4150 6206
469 337 580 395 διε

467 458 529 513 δὲ
562 453 636 516 ὡς
682 458 900 513 πλείονα
947 458 1047 530 τὴν
1076 461 1202 532 περὶ
1244 463 1405 518 αὐτὸν
1437 465 1876 540 ἐπιδεικνύμενος
1916 469 2047 539 ’πρό⁴

467 559 641 608 νοιαν,
674 543 928 614 ἀφορμάς
963 544 1113 614 αύτῷ
1139 546 1458 602 καταλιπεῖν
1488 551 1807 616 σπουδάζεις
1831 552 1930 616 τὰς
1955 554 2045 606 δυ-

468 627 707 696 ναμένας
733 625 1058 705 ὑποϐρύχιον
1087 628 1254 683 αὐτοῦ
1280 629 1377 701 τὴν
1401 631 1575 705 ψυχὴν
1603 635 1972 704 ἐργάσασθαι;

543 709 610 760 Ἢ
651 709 749 760 ούκ
801 704 955 762 οἶσθα
996 710 1078 762 ὅτι
1110 713 1142 782 ή
1179 713 1368 783 νεότης
1413 717 1506 768 καὶ
1537 704 1675 771 καθ’
1705 719 1904 786 ἑαυτὴν
1944 719 2043 788 μὲν

468 791 738 844 εὐόλισθόν
765 790 880 843 ἐστι
907 793 1140 862 πρᾶγμα
1178 793 1273 847 καὶ
1301 795 1598 868 ὀξύρροπον
1632 800 1770 871 πρὸς
1803 800 2036 864 κακίαν;

471 875 636 927 Ὅταν
655 873 711 925 δέ
736 874 827 926 καὶ
846 890 949 944 χρη
958 874 1142 944 μάτων
1160 879 1472 946 περιουσίαν
1493 881 1773 954 προσλάϐῃ
1787 894 1836 942 ι,
1859 883 2040 954 πολλῷ

469 955 667 1024 μᾶλλον
698 955 1159 1028 ἐπιρῤεπέστερον
1189 958 1249 1011 τὸ
1297 961 1466 1014 κακὸν
1497 962 1724 1029 γίνεται.
1778 962 2039 1036 Καθάπερ

466 1039 576 1109 γὰρ
600 1037 712 1109 πῦρ
737 1039 867 1110 ὓλην
899 1040 1203 1110 προσλαϐὸν
1221 1083 1236 1106 ,
1274 1044 1636 1116 σφοδροτέραν
1665 1048 1894 1101 ἀνάπτει
1941 1051 2041 1121 τὴν

463 1122 668 1192 φλόγα·
711 1122 854 1176 οὕτω
879 1123 972 1177 καὶ
1000 1125 1034 1195 ἠ
1068 1125 1258 1192 νεότης
1289 1127 1540 1200 καθάπερ
1571 1130 1748 1200 πυρὰν
1780 1133 1878 1203 τὴν
1909 1133 2040 1202 ὓλην

463 1205 574 1258 τῶν
605 1207 899 1278 χρημάτων
923 1207 1217 1279 δεξαμένη,
1260 1211 1530 1282 τοσαύτην
1556 1214 1784 1269 ἀνάπτει
1814 1215 1911 1288 τὴν
1945 1217 2042 1270 κά-

467 1308 620 1360 μινον
639 1331 652 1354 ,
679 1291 754 1354 ὼς
786 1291 1077 1363 ὁλόκληρον
1111 1294 1397 1366 ἐμπρῆσαι
1427 1296 1522 1350 τοῦ
1547 1297 1668 1351 νέου
1695 1299 1795 1370 τὴν
1838 1299 2038 1370 ψυχήν.

462 1374 600 1427 Πότε
631 1374 739 1445 γάρ
758 1376 787 1428 6
803 1373 1042 1439 τοιοῦτος
1072 1376 1363 1447 δυνήσεται
1396 1379 1752 1451 σωφροσύνης
1774 1383 2041 1451 ἐπιμελή-

462 1457 656 1512 σασθαι
681 1497 696 1521 ,
741 1459 834 1511 καὶ
882 1458 1177 1512 ἀκολασίαν
1218 1463 1410 1528 φυγεῖν
1434 1501 1450 1526 ,
1486 1462 1581 1515 καὶ
1613 1465 1738 1528 τοὺς
1769 1464 1906 1534 ὑπὲρ
1937 1465 2039 1534 τῆς

456 1542 657 1612 ἀρετῆς
682 1541 874 1604 πόνους
897 1540 1276 1605 ἀναδέξασθαι,
1295 1544 1329 1613 ἡ
1357 1561 1411 1597 τι
1435 1544 1622 1616 ἕτερον
1645 1548 2034 1616 πνευματικόν;

530 1623 595 1694 β’.
622 1626 690 1677 Ἦ
710 1625 810 1678 ούκ
841 1623 1056 1687 ἀκούεις
1083 1623 1176 1676 τοῦ
1194 1625 1456 1694 Χριστοῦ,
1477 1628 1560 1681 ὅτι
1585 1629 1643 1684 Ἡ
1663 1630 1914 1698 μέριμνα
1930 1631 2036 1685 τοῦ

454 1705 670 1771 αἰῶνος
698 1707 913 1759 τούτου
943 1704 1040 1758 καὶ
1068 1706 1106 1774 ἡ
1139 1705 1338 1775 ἀπάτη
1356 1709 1460 1762 τοῦ
1483 1712 1753 1764 πλούτου
1775 1712 2036 1780 συμπνί-

452 1810 545 1862 γει
594 1792 703 1845 τὸν
738 1791 1060 1859 λογισμὸν,
1094 1791 1191 1844 καὶ
1219 1791 1487 1861 ἄκαρπος
1533 1797 1759 1864 γίνεται
1784 1813 1796 1826 ·
1836 1798 1904 1861 ἀς
1939 1800 2035 1853 καὶ

455 1873 700 1935 ἀκάνθας
724 1872 1037 1942 ὼνόμασεν;
1069 1872 1252 1927 Εἰπὼν
1282 1875 1390 1945 γὰρ
1410 1877 1470 1930 τὸ
1498 1878 1556 1929 ἐν
1588 1878 1686 1946 μὲν
1710 1878 1804 1932 τοῦ
1831 1881 2034 1949 σπόρου

453 1958 537 2018 είς
566 1957 666 2018 τάς
694 1954 932 2018 ἀκάνθας
960 1958 1404 2026 ἐμπεπτωκέναι,
1432 1956 1552 2016 εἶτα
1579 1963 1898 2033 ἑρμηνεύων
1921 1966 2035 2028 τοῖς

456 2038 725 2109 μαθηταῖς
750 2037 896 2100 τίνες
925 2040 1061 2092 εἰσὶν
1089 2043 1147 2094 al
1169 2041 1419 2106 ἄκανθαι,
1449 2045 1614 2114 φησίν
1636 2062 1650 2075 ⁸
1693 2045 1756 2102 Ἠ
1772 2045 2030 2116 μέριμνα

451 2123 559 2177 τοῦ
598 2121 813 2188 αἰῶνος
853 2123 1068 2177 τούτου
1094 2165 1110 2188 ,
1144 2124 1244 2178 καί
1297 2127 1335 2194 ἡ
1373 2126 1571 2194 ἀπάτη
1611 2128 1718 2182 τοῦ
1761 2130 2030 2183 πλούτου

448 2205 852 2274 συμπνίγει
881 2205 988 2259 τὸν
1013 2207 1392 2276 λογισμὸν,
1412 2210 1509 2263 καὶ
1531 2210 1856 2281 ἄκαρπος
1880 2213 2032 2282 τίνε-

450 2305 565 2343 ται.
595 2289 704 2341 Kal
723 2287 903 2350 καλῶς
920 2289 1183 2354 ἀκάνθαις
1200 2291 1500 2363 παρείκασε
1519 2293 1619 2362 τὴν
1645 2293 1913 2365 μέριμναν
1932 2295 2028 2348 τοῦ

445 2369 644 2432 αἰῶνος
665 2369 877 2423 τούτου.
895 2370 1159 2442 Καθάπερ
1179 2373 1286 2442 γὰρ
1309 2374 1365 2425 αἱ
1381 2374 1614 2428 ἄκανθαι
1628 2378 1729 2429 οὐκ
1746 2377 1876 2430 ἐῶσι
1898 2394 2032 2449 προ-

450 2454 617 2523 κύψαι
655 2453 744 2506 τὸν
785 2453 986 2523 σπόρον
1011 2493 1026 2516 ,
1059 2453 1196 2508 ἀλλὰ
1225 2459 1291 2525 τῇ
1324 2459 1619 2527 πυκνότητι
1663 2460 2026 2529 συμπνίγουσι

443 2537 508 2588 τὸ
541 2534 912 2605 καταϐληθὲν·
965 2534 1107 2588 οὕτω
1137 2537 1231 2590 καὶ
1279 2538 1335 2590 al
1369 2539 1628 2610 μέριμναι
1671 2543 1727 2594 αἱ
1778 2541 2027 2610 βιωτικαὶ

441 2620 537 2674 τὸν
563 2620 761 2691 σπόρον
794 2620 885 2673 τὸν
916 2621 1302 2690 πνευματικὸν,
1347 2622 1568 2675 ἐπειδάν
1608 2625 1688 2688 είς
1721 2623 1820 2694 τὴν
1849 2625 2027 2696 ψυχὴν

442 2703 757 2773 καταϐληθῇ
785 2743 798 2766 ,
833 2704 932 2756 ούκ
961 2703 1150 2770 ἀφιᾶσι
1177 2705 1389 2778 καρπὸν
1421 2707 1686 2774 ἐνεγκεῖν,
1719 2707 1853 2760 ἀλλά
1893 2725 2021 2777 συγο

443 2787 692 2841 καίουσαι
725 2786 818 2838 καὶ
841 2786 1258 2855 συμπνίγουσαι,
1286 2787 1536 2859 καθάπερ
1569 2792 1624 2842 al
1648 2789 1902 2854 ἄκανθαι,
1924 2791 2024 2845 οὐκ

442 2870 574 2922 ἐῶσι
607 2867 882 2939 προκύψαι
932 2868 1023 2920 τὸν
1060 2869 1260 2939 σπόρον
1285 2870 1374 2923 τὸν
1419 2873 1808 2941 πνευματικόν.
1839 2872 1948 2926 Kal
1983 2875 2021 2942 ἡ

440 2950 673 3016 ἀπάτη,
706 2943 874 3019 φησι,
918 2950 1024 3003 τοῦ
1061 2952 1349 3004 πλούτου.
1387 2952 1581 3014 Καλῶς
1608 2949 1761 3007 εἶπεν
1805 2955 2023 3024 ἀπάτην

441 3032 537 3085 τοῦ
585 3031 849 3085 πλούτου’
883 3033 978 3084 καὶ
1027 3031 1136 3102 γὰρ
1184 3034 1348 3096 ὅντως
1399 3034 1581 3102 ἀπάτη
1628 3036 1762 3090 ἐστί.
1801 3037 1866 3089 Τί
1913 3038 2022 3105 γάρ

440 3117 636 3186 ὄφελος
667 3116 774 3169 τῶν
807 3115 1076 3169 τοσούτων
1111 3116 1388 3170 ταλάντων
1409 3158 1424 3182 ,
1476 3117 1569 3170 xal
1619 3118 1722 3189 τῆς
1751 3120 2021 3192 τοσαύτης

438 3200 551 3253 τῶν
597 3198 896 3270 χρημάτων
947 3199 1272 3268 περιϐολῆςς
1303 3201 1448 3263 Ναὶ,
1486 3201 1651 3272 φησί’
1681 3202 1882 3275 πολλὴν
1921 3205 2022 3275 τὴν

437 3281 779 3353 εὐφροσύνην
804 3282 1029 3352 παρέχει
1048 3283 1109 3335 τὸ
1129 3282 1444 3353 κεκτῆσθαι.
1462 3283 1626 3337 Ποίαν
1647 3285 2016 3358 εύφροσύνην;

438 3367 550 3420 Kal
594 3366 647 3418 τί
694 3365 836 3433 λέγω
883 3366 1263 3436 εύφροσύνηνξ
1310 3367 1445 3436 Ούχὶ
1471 3367 1628 3422 τοῦτο
1661 3369 1893 3439 μάλιστα
1920 3371 2020 3436 τάς

437 3450 702 3522 ἀκαίρους
731 3449 967 3519 ἀθυμίας
986 3490 1002 3511 .
1034 3451 1133 3513 τάς
1171 3449 1369 3513 πολλὰς
1394 3451 1586 3522 ἀηδίας
1606 3453 1884 3508 τίκτεσθαι
1915 3472 2020 3508 πα-

439 3530 802 3602 ρασκευάζεις
833 3533 943 3586 Kal
988 3531 1141 3586 οὔπω
1165 3532 1309 3601 λέγω
1355 3532 1452 3602 τὴν
1477 3534 1564 3588 διὰ
1596 3535 1768 3590 ταῦτα
1799 3537 2018 3591 κόλασιν

435 3615 846 3688 ἐπηρτημένην,
879 3615 995 3669 ἀλλ’
1027 3616 1211 3679 ἁπλῶς
1242 3616 1312 3668 τά
1345 3618 1401 3668 ἐν
1420 3616 1497 3686 τῷ
1526 3620 1752 3690 παρόντι
1782 3621 1902 3691 βίῳ,
1936 3623 2019 3675 ὅτι

434 3699 556 3752 οὐδὲ
581 3698 847 3769 ἡδονὴντὸ
870 3700 1100 3770 πρᾶγμα
1125 3699 1267 3767 ἔχειν
1299 3697 1522 3752 δύναται
1544 3739 1558 3761 ,
1600 3703 1734 3755 ἀλλά
1767 3703 2014 3773 καθημε-

437 3781 592 3852 ρινὰς
615 3781 859 3852 ταραχὰς
889 3783 982 3834 καὶ
1002 3781 1214 3851 ἀηδίας.
1251 3785 1358 3836 Kal
1389 3785 1486 3854 οὐχ
1523 3785 1662 3837 οὓτω
1691 3786 1788 3856 τὴν
1817 3786 2016 3840 θάλατ-

432 3881 536 3918 ταν
560 3865 706 3918 ἐστιν
747 3864 874 3918 ίδεῖν
922 3865 1058 3934 πρὸς
1091 3864 1160 3917 τὰ
1206 3865 1426 3935 κύματα
1469 3867 1914 3938 κορυφουμένην,
1939 3869 2016 3934 ὼς

432 3947 534 4009 τὴν
560 3946 809 4017 τοιαύτην
835 3947 1011 4017 ψυχὴν
1032 3947 1136 4000 ὑπὸ
1157 3947 1263 4002 τῶν
1287 3949 1560 4020 λογισμῶν
1583 3951 1674 4003 καὶ
1699 3950 1807 4003 τῶν
1829 3951 2015 4006 παθῶν

433 4029 915 4101 πολιορκουμένην,
954 4031 1048 4082 καὶ
1077 4031 1210 4102 πρὸς
1248 4035 1493 4096 ἅπαντας
1519 4034 1611 4086 καὶ
1642 4032 1875 4098 οἰκείους
1921 4036 2013 4089 καὶ

432 4111 741 4182 ἀλλοτρίους
771 4113 950 4183 ἀηδῶς
981 4112 1344 4187 διακειμένην.
1375 4117 1484 4169 Kal
1510 4117 1604 4170 ἐάν
1631 4132 1758 4170 ποτε
1790 4117 1894 4170 κᾶν
1918 4119 2006 4188 μέ-

433 4211 528 4266 ρος
567 4211 617 4248 τι
650 4195 854 4248 τούτων
887 4196 1149 4267 ύφέληταί
1198 4215 1280 4261 τις
1325 4199 1343 4268 (
1372 4199 1538 4252 πολλά
1567 4199 1676 4270 γὰρ
1708 4198 1777 4252 τὰ
1809 4200 2012 4270 συμπί-

431 4293 635 4331 πτοντα
660 4317 674 4341 ,
731 4280 824 4331 καὶ
863 4278 1044 4332 πολλοὶ
1079 4280 1128 4332 οἱ
1183 4280 1562 4352 ἐφεδρεύοντες
1583 4321 1598 4342 ,
1652 4282 1748 4335 καὶ
1784 4283 2011 4336 οἰκετῶν

431 4362 788 4431 κακουργίαι,
819 4365 912 4416 καὶ
937 4363 1368 4417 δυναστευόντων
1405 4367 1661 4439 ἐπήρειαι
1683 4369 1698 4434 )
1723 4408 1738 4428 ,
1768 4367 1890 4419 τότε
1921 4366 2008 4438 δὴ,

428 4445 550 4496 τότε
576 4445 825 4515 εὑρήσεις
850 4447 976 4509 τοὺς
998 4446 1271 4510 τοιούτους
1301 4447 1533 4502 ἀϐίωτον
1567 4449 1658 4502 τὸν
1699 4449 1812 4520 βίον
1847 4452 2012 4520 ἡγου-

431 4526 648 4596 μένους.
671 4528 841 4580 Ποίων
874 4525 966 4581 οὖν
989 4530 1088 4582 ούκ
1121 4527 1185 4581 ἂν
1213 4525 1323 4583 εἷεν
1343 4530 1494 4603 [57;]
1525 4532 1739 4603 θρήνων
1762 4533 1812 4585 οἱ
1839 4531 2012 4586 τοιού-

427 4626 512 4662 τοι
545 4609 718 4674 ἄξιοι,
753 4612 800 4661 οἱ
840 4612 960 4663 καθ’
987 4613 1193 4665 ἐαυτῶν
1239 4615 1452 4667 ἅπαντα
1493 4617 1751 4686 πράττειν
1788 4617 2013 4670 σπουδά-

429 4691 614 4756 ζοντες
636 4731 650 4752 ,
690 4692 783 4744 καὶ
813 4693 906 4745 ἐπὶ
950 4694 1092 4763 λύμῃ
1128 4697 1224 4765 τῆς
1250 4697 1456 4749 ἑαυτῶν
1483 4698 1662 4767 ψυχῆς
1689 4698 1864 4752 ταῦτα
1894 4699 2013 4751 συλο

428 4773 607 4840 λέγειν
645 4771 990 4842 βουλόμενοι;
1028 4775 1188 4839 Ἀλλ’,
1226 4779 1274 4828 εί
1315 4777 1496 4840 δοκεῖ,
1538 4779 1758 4843 τούτους
1787 4781 2010 4834 καταλι-

431 4853 623 4916 πόντες
645 4891 660 4915 ,
684 4853 777 4906 ἐπὶ
798 4852 895 4922 τὴν
916 4855 1056 4907 κατά
1083 4856 1171 4908 τὸν
1207 4856 1414 4910 δίκαιον
1442 4859 1678 4930 ἱστορίαν
1709 4863 2012 4918 ἐπανέλθω-

432 4949 554 5000 μεν,
581 4932 674 4985 καὶ
703 4932 902 5002 ἴδωμεν
925 4932 1034 4986 τῶν
1061 4934 1186 5004 ἑξῆς
1222 4936 1320 5006 τὴν
1348 4937 1682 4991 ἀκολουθίαν.
1721 4941 2008 5009 Ἔστησε,

430 5013 600 5080 φησὶ,
632 5013 1068 5082 θυσιαστήριον
1115 5015 1172 5066 ἐν
1210 5017 1274 5085 τῇ
1322 5015 1497 5086 μερίδι
1546 5017 1638 5070 τοῦ
1675 5017 1876 5090 ἀγροῦ,
1916 5021 2016 5075 καὶ

427 5090 838 5146 ἐπεκαλέσατο
869 5095 976 5146 τὸν
1006 5095 1156 5148 Θεὸν
1197 5094 1457 5162 Ἰσραὴλ,
1489 5097 1581 5149 καὶ
1610 5097 1797 5152 λοιπὸν
1829 5102 1886 5153 ἐν
1907 5102 2016 5169 Ση-

428 5170 612 5239 κίμοις
669 5171 766 5241 τὴν
801 5172 1013 5239 οἴκησιν
1063 5173 1420 5227 ἐϐουλεύσατο
1473 5176 1820 5246 ποιήσασθαι.
1876 5179 2014 5232 Ἀλλ’

426 5249 528 5319 δρα
579 5248 739 5302 πάλιν
785 5249 931 5312 ὅπως
968 5253 995 5302 ό
1042 5253 1249 5316 δίκαιος
1287 5254 1381 5306 καὶ
1414 5253 1648 5320 ἐνταῦθα
1682 5255 1780 5326 τὴν
1808 5259 2014 5312 οἰκείαν

435 5326 728 5406 ἐπιείκειαν
783 5328 1168 5406 ἐπιδείκνυται.
1212 5332 1276 5384 Τί
1325 5332 1483 5404 γάρ;
1529 5333 1822 5402 Ἐξῆλθε,
1859 5338 2014 5406 φησὶ,

427 5405 601 5458 Δεῖνα
633 5405 670 5470 η
695 5405 957 5474 θυγάτηρ
996 5410 1170 5475 Λείας
1189 5451 1201 5466 .
1232 5411 1381 5464 ἰδεῖν
1406 5412 1512 5478 τὰς
1539 5414 1861 5482 θυγατέρας
1897 5405 2017 5468 τῶν

429 5485 748 5552 ἐγχωρίων.
784 5486 891 5538 Kal
917 5487 1058 5539 ἰδὼν
1078 5487 1273 5552 αὐτὴν
1312 5489 1511 5558 Συχέμ
1550 5494 1583 5545 ό
1627 5491 1756 5557 υἱός
1803 5494 2010 5562 Ἔμὼρ,

427 5561 712 5630 ἐκοιμήθη
734 5563 861 5631 μετ’
882 5564 1071 5632 αὐτῆς
1090 5607 1103 5628 ,
1129 5566 1226 5619 καὶ
1251 5567 1549 5636 ἠγάπησε,
1569 5573 1724 5640 φησὶ.
1740 5561 2016 5640 τὴνίπαρ-

431 5639 630 5700 θένον.
654 5643 749 5695 καί
781 5643 1089 5709 ἐλάλησεν
1119 5646 1276 5714 αὐτῇ
1303 5648 1453 5701 κατὰ
1476 5649 1589 5717 τὴν
1614 5639 1885 5706 διάνοιαν
1905 5652 2014 5719 τῆς

429 5721 750 5788 παρθένου.
783 5721 933 5784 Elii;
963 5726 1084 5778 ὅσον
1117 5728 1262 5780 ἐστὶν
1298 5729 1330 5798 ἡ
1366 5729 1554 5801 νεότης
1587 5731 1776 5796 κακὸν,
1809 5732 1835 5772 ι»
1866 5731 1959 5785 ἐπε
1972 5751 2046 5797 ιε·-

495 5876 532 5949 1
542 5872 759 5949 Savinlzel
781 5889 873 5946 σεξ
896 5890 1008 5949 πιξξ.
1024 5877 1136 5949 ὅταν
1157 5880 1207 5949 δὲ
1227 5882 1309 5949 καὶ
1320 5883 1576 5949 χρημάτων
1599 5885 1846 5949 περιουσία
1865 5902 2015 5949 προσ·

496 5900 519 5903 ν-
543 5900 627 5922 σιμ
642 5900 691 5922 u.
706 5900 759 5923 cl.
781 5900 866 5922 au:
896 5900 1008 5924 mna.
1024 5900 1136 5925 οταν
1157 5900 1207 5928 οε
1229 5900 1309 5928 και
1320 5900 1576 5983 χρημάτων
1599 5902 1846 5949 περιουσια
1865 5902 1899 5933 π
1931 5903 2008 5932 Οση

432 5938 560 6008 τεθῆ,
583 5937 791 5999 καθάπερ
814 5936 922 6000 πῦρ.
948 5938 1065 5987 Mor.
1083 5946 1138 5988 ιιι
1157 5941 1206 5989 in
1223 5947 1378 5991 lexlu.
1397 5902 2008 6008 llramlelﬂclioquatfral.

487 6006 516 6049 ιι
541 6008 623 6060 Sic
643 6022 673 6061 e
693 6011 837 6064 Cum.
855 6018 907 6063 el
927 6012 1020 6064 Sav
1061 6017 1384 6070 correximus.
1401 6006 1654 6072 Edcbalur
1676 6006 1852 6079 ἐπειδή.
1871 6019 2006 6070 Eunt.

1515 343 1581 400 IN
1612 343 1764 402 CAP.
1807 342 2026 400 XXXIII
2065 344 2309 402 GENES.
2352 345 2584 404 HOMIL.
2622 347 2758 404 LIX.
3630 353 3728 411 5Ιῦ

2154 469 2250 524 δάν
2317 470 2392 542 μὴ
2441 469 2539 541 ἔχῃ
2573 468 2820 540 χαλινὸν,
2883 466 2974 520 τδν
3027 467 3225 541 εὖσεϐἧ
3275 470 3567 540 λογισμόν;
3610 472 3731 527 Εῐδε

2155 551 2295 622 γάρ,
2327 553 2480 624 φησὶ,
2512 553 2610 623 τὴν
2639 551 2828 622 κόρην,
2866 551 2960 605 καὶ
2983 550 3100 614 ὅλος
3131 553 3236 605 ύπδ
3261 555 3360 624 τῆς
3385 554 3560 622 ὂψεως
3594 554 3734 625 ἔρω-

2154 651 2244 697 τος
2273 634 2509 703 γεγονὼς
2527 675 2542 698 ,
2567 635 2666 703 τὴν
2697 633 2994 702 ἐπιθυμίαν
3019 635 3099 697 εἰς
3128 633 3288 704 ἔργον
3317 634 3552 704 ἐξήγαγε
3575 677 3590 701 ,
3619 637 3729 690 Kal

2152 716 2460 784 ἐλάλησεν
2477 716 2635 785 αὐτῇ
2662 718 2811 770 κατὰ
2835 717 2949 783 τὴν
2976 715 3249 770 διάνοιαν
3271 715 3382 784 τῆς
3406 719 3728 786 παρθένου.

2155 800 2220 852 Τί
2241 801 2378 865 ἐστι,
2405 801 2565 854 Κατά
2587 801 2703 868 τὴν
2728 797 3000 853 διάνοιαν
3018 797 3124 865 τῆς
3151 799 3486 866 παρθένους
3513 801 3728 873 Ἐπειδὴ

2155 883 2250 935 νέα
2286 879 2354 953 ἦν
2393 885 2427 954 ὴ
2474 883 2609 953 κόρη
2637 923 2651 945 ,
2687 883 2903 944 ἐκεῖνα,
2942 881 3140 950 φησὶν,
3195 881 3332 950 αὐτῇ
3376 881 3652 952 διελέχθη.
3691 883 3729 936 ἃ

2152 960 2220 1036 ἦν
2277 966 2437 1018 ίκανά
2484 963 2890 1018 ἐπισπάσασθαι
2933 963 3028 1016 καὶ
3062 963 3200 1014 ἐλεῖν
3232 964 3422 1032 αύτὴν.
3455 964 3562 1017 Καί
3597 981 3728 1034 φησι

2153 1046 2289 1118 πρὸς
2336 1047 2428 1099 τὸν
2460 1047 2672 1117 πατέρα
2695 1063 2708 1076 ’
2759 1045 2914 1100 Λάϐε
2945 1062 3047 1116 μοι
3085 1045 3199 1114 τὴν
3230 1045 3560 1114 παιδίσκην
3590 1048 3730 1101 ταύ-

2155 1146 2270 1196 την
2305 1132 2392 1196 είς
2424 1129 2698 1199 γυναῖκα.
2743 1129 2977 1182 Ἤκουσε
3004 1127 3060 1180 δὲ
3093 1128 3122 1179 6
3163 1125 3369 1181 Ἰακὼϐ-
3392 1126 3453 1180 τὺ
3483 1129 3726 1196 γεγονὸς,

2152 1211 2245 1263 καὶ
2271 1211 2402 1274 τέως
2434 1211 2619 1282 πράως
2647 1210 2860 1281 ἔφερεν,
2907 1209 3191 1280 ἀναμένων
3225 1209 3329 1262 τῶν
3363 1209 3605 1279 ἀδελφῶν
3639 1212 3730 1263 αύ-

2151 1295 2251 1363 τῆς
2297 1292 2395 1363 τὴν
2446 1293 2766 1363 παρουσίαν.
2799 1288 2982 1345 ’Ἦσαν
3025 1291 3135 1363 γὰρ
3185 1293 3243 1344 ὲν
3292 1293 3404 1356 τοῖς
3439 1292 3725 1361 ποιμνίοις.

2151 1374 2258 1426 Kal
2289 1373 2746 1442 παρεσιώπησε,
2780 1374 2944 1444 φησὶν
2969 1412 2984 1437 ,
3024 1373 3224 1427 Ἰακὼϐ
3247 1373 3358 1440 ἕως
3397 1373 3505 1429 τοῦ
3533 1374 3732 1428 ἐλθεῖν

2151 1456 2393 1521 αὐτούς.
2425 1447 3016 1525 Παραγενομένου’δὲ
3064 1454 3170 1508 τοῦ
3214 1455 3396 1524 Ἐμὼρ
3440 1455 3590 1523 πρὸς
3624 1455 3732 1508 τὸν

2163 1537 2363 1591 Ἰακὼϐ
2385 1578 2400 1602 ,
2433 1533 2622 1607 ἦλθον
2669 1538 2768 1591 καὶ
2811 1540 2864 1591 οἱ
2905 1535 3155 1605 ἀδελφοὶ
3196 1535 3308 1604 τῆς
3346 1537 3555 1601 Δείνας
3580 1554 3592 1568 ο
3630 1537 3730 1590 καί

2149 1619 2524 1686 ἀκούσαντες
2553 1620 2624 1673 τὰ
2651 1619 3016 1690 γεγενημένα
3045 1622 3134 1685 είς
3172 1617 3288 1687 τὴν
3311 1618 3588 1689 ἀδελφὴν
3623 1621 3730 1674 αὺ-

2147 1701 2283 1766 τῶν,
2308 1703 2744 1772 κατενύγησαν.
2769 1703 2834 1755 Τί
2855 1705 2994 1768 ἐστι,
3015 1703 3474 1770 Κατενύγησαν;
3503 1702 3730 1774 Ἐλυπή-

2149 1782 2340 1852 θησαν,
2370 1785 2470 1837 οὐκ
2496 1784 2720 1837 ἀνεκτὸν
2752 1785 2937 1848 αὐτοῖς
2967 1783 3122 1855 ὤφθη
3141 1826 3154 1844 ,
3181 1784 3316 1838 ἀλλά
3341 1785 3434 1838 καὶ
3459 1784 3599 1839 πάνυ
3629 1802 3729 1854 xa-

2147 1864 2340 1930 λεπτὸν,
2365 1869 2458 1920 καὶ
2488 1865 2662 1937 λύπης
2699 1867 2880 1930 αὐτοῖς
2913 1867 3169 1930 ὑπόθεσις
3200 1867 3409 1936 γέγονε.
3442 1868 3730 1935 Λυπηρὸν

2146 1947 2275 2017 γάρ,
2305 1949 2489 2018 φησὶν,
2509 1945 2587 2018 ἦν
2605 1949 2810 2014 αὐτοῖς
2832 1949 3089 2018 σφόδρα,
3111 1949 3197 2002 ὅτι
3221 1951 3501 2019 ἄσχημον
3523 1951 3729 2019 ἐποίη-

2145 2047 2261 2084 σεν
2297 2030 2367 2085 ἐν
2403 2031 2641 2100 Ἰσραὴλ
2661 2031 2883 2100 Συχὲμ,
2911 2033 3217 2101 κοιμηθεὶς
3232 2035 3382 2102 μετὰ
3410 2032 3515 2101 τῆς
3545 2036 3726 2102 θυγα-

2146 2116 2281 2180 τρὸς
2318 2113 2531 2168 Ἰακώϐ.
2581 2113 2744 2185 Ὁρᾷς
2788 2113 2896 2167 τῶν
2946 2114 3153 2168 παίδων
3201 2117 3300 2186 τὴν
3336 2116 3725 2186 σωφροσύνηνς

2145 2197 2426 2266 Μεγίστην
2461 2194 2616 2266 ὓϐριν
2662 2197 2725 2248 τὸ
2772 2196 3002 2266 πρᾶγμα
3053 2195 3385 2265 ἐλογίσαντο.
3415 2195 3567 2261 Εἶδες
3609 2197 3727 2262 πῶς

2149 2280 2246 2349 μὲν
2279 2280 2308 2332 6
2331 2278 2535 2342 δίκαιος
2560 2278 2687 2342 τοὺς
2711 2277 2904 2332 ἑαυτοῦ
2948 2280 3145 2342 παῖδας
3176 2281 3490 2334 ἐπαίδευσεν
3521 2283 3601 2345 είς
3626 2282 3727 2352 τὴν

2145 2363 2376 2432 ἀρετήνς
2409 2361 2526 2423 πῶς
2561 2361 2617 2413 δὲ
2644 2360 2673 2414 ό
2709 2361 2801 2414 τοῦ
2849 2361 3034 2431 Ἐμὼρ
3069 2363 3185 2428 υίὸς
3216 2365 3296 2427 είς
3320 2364 3479 2434 ἔργον
3501 2364 3726 2432 ἀγαγὼν

2144 2442 2308 2496 αὐτοῦ
2350 2443 2448 2512 τὴν
2479 2442 2772 2513 ἐπιθυμίαν
2795 2484 2811 2507 ,
2845 2443 2926 2514 τῷ
2958 2445 3128 2513 πατρὶ
3159 2447 3252 2498 καὶ
3283 2447 3432 2518 πάσῃ
3462 2449 3529 2518 τῇ
3571 2447 3726 2500 πόλει

2142 2525 2364 2595 ὀλέθρου
2393 2524 2649 2587 ὑπόθεσις
2685 2525 2934 2592 γίνεται;
2982 2525 3142 2580 Ἀλλά
3181 2528 3446 2598 πρότερον
3474 2529 3723 2582 ἀκούσω-

2145 2623 2244 2675 μεν
2266 2604 2336 2658 τά
2365 2605 2517 2676 παρά
2536 2605 2631 2658 τοῦ
2679 2605 2863 2677 Ἐμὼρ
2892 2607 3030 2678 πρὸς
3065 2609 3264 2673 αὐτοὺς
3293 2609 3582 2680 λεγόμενα,
3632 2614 3727 2666 καὶ

2144 2687 2280 2758 μετά
2295 2686 2466 2740 ταῦτα
2491 2687 2700 2741 εἴσεσθε
2719 2687 2825 2742 τῶν
2854 2689 3099 2759 ἀδελφῶν
3126 2691 3226 2762 τῆς
3247 2692 3432 2756 Δείνας
3455 2693 3554 2764 τὴν
3585 2711 3725 2748 παν-

2142 2771 2365 2842 ουργίαν
2398 2811 2413 2836 ,
2465 2772 2560 2825 καὶ
2611 2773 2759 2836 ὅπως
2793 2773 3077 2843 ἐκδικῆσαι
3131 2773 3200 2828 τά
3237 2777 3315 2838 είς
3348 2775 3444 2847 τὴν
3490 2777 3726 2849 ἀδελφὴν

2142 2855 2485 2925 γεγενημένα
2516 2855 2748 2924 σπουδὴν
2786 2857 3124 2928 ἐποιήσαντο.
3155 2857 3266 2911 Kal
3297 2858 3585 2926 é..ld.1n¢78,
3623 2879 3728 2931 φη-

2142 2939 2268 3003 σὶν,
2309 2937 2516 3001 αὐτοῖς
2587 2937 2768 3007 Ἐμὼρ
2823 2938 3050 3008 λέγων·
3111 2941 3370 3009 Συχέμό
3437 2944 3566 3007 υἱός
3603 2961 3726 3012 μου

2140 3020 2446 3088 προείλετο
2472 3019 2545 3087 τῇ
2568 3019 2741 3090 ψυχῇ
2775 3020 2890 3088 τὴν
2915 3020 3205 3089 θυγατέρα
3228 3021 3411 3091 ὑμῶν.
3435 3025 3576 3096 Ὅρα
3607 3027 3726 3090 πῶς

2141 3105 2242 3174 ἥδη
2275 3103 2368 3157 τὸν
2415 3101 2679 3174 μέλλοντα
2711 3103 3121 3174 καταλήψεσθαι
3169 3106 3334 3159 αὐτὸν
3367 3108 3585 3178 όλεθρον
3615 3127 3724 3180 μη-

2143 3187 2278 3240 νύει.
2311 3187 2646 3254 "posuero,
2679 3187 2832 3256 φησὶ,
2867 3190 2934 3258 τῇ
2963 3187 3109 3258 ψυχῇ
3134 3230 3148 3252 ,
3183 3189 3304 3242 ἀντὶ
3334 3192 3446 3254 τοῦ,
3482 3193 3587 3262 Τὴν
3620 3193 3724 3263 ψυ-

2141 3269 2242 3341 χὴν
2267 3268 2432 3323 αὐτοῦ
2457 3269 2718 3335 ἐξέδωκεν
2750 3271 2889 3343 ὑπὲρ
2915 3271 3015 3341 τῆς
3048 3272 3317 3342 θυγατρὸς
3352 3274 3526 3347 ὑμῶν.
3557 3278 3726 3332 Ἐκεῖ-

2140 3372 2228 3418 νος
2262 3353 2359 3424 μὲν
2379 3353 2560 3422 ἔλεγε,
2589 3353 2689 3422 τὴν
2722 3353 3019 3423 ἐπιθυμίαν
3053 3353 3220 3407 αὑτοῦ
3245 3357 3344 3427 τὴν
3377 3359 3473 3411 ἐπὶ
3505 3358 3602 3430 τὴν
3632 3362 3727 3414 κό-

2144 3455 2242 3507 ρην
2265 3437 2439 3508 δηλῶν
2463 3454 2477 3467 ο
2515 3437 2653 3508 μετά
2689 3435 2861 3508 βραχὺ
2894 3439 2951 3491 δέ
2978 3439 3299 3509 ἐμάνθανεν,
3331 3442 3413 3495 ὅτι
3465 3443 3562 3513 τῆς
3613 3445 3724 3500 ἀπο

2138 3519 2334 3583 ωλείας
2355 3520 2448 3572 καὶ
2469 3517 2664 3572 ἐαυτοῦ
2683 3520 2776 3572 καὶ
2804 3521 3018 3574 πάντων
3037 3521 3147 3576 τῶν
3177 3522 3361 3577 αὐτόθι
3386 3524 3543 3578 τοῦτο
3569 3525 3723 3582 ἔσται

2137 3603 2413 3666 ὑπόθεσις.
2455 3603 2605 3656 Ἐπεὶ
2655 3601 2770 3668 οὖν,
2811 3604 2996 3675 φησὶν,
3049 3605 3222 3669 οὕτως
3282 3608 3564 3662 ἐκκαίεται
3621 3611 3725 3681 τῆς

2136 3686 2324 3755 κόρης,
2387 3686 2525 3739 Δότε
2586 3685 2780 3753 αὐτὴν
2807 3686 2969 3751 αὐτῷ
3004 3687 3280 3754 γυναῖκα,
3334 3689 3431 3742 καὶ
3479 3691 3726 3762 ἐπιγαμ-

2136 3768 2422 3834 ϐρεύσατε
2454 3767 2620 3836 ἡμῖν.
2673 3769 2781 3833 Τὰς
2810 3767 3136 3837 θυγατέρας
3162 3769 3330 3839 ὑμῶν
3353 3772 3488 3826 δότε
3538 3773 3684 3841 ἡμῖν
3703 3793 3718 3807 ο

2135 3850 2232 3902 καὶ
2262 3849 2369 3915 τὰς
2401 3851 2730 3918 θυγατέρας
2761 3848 2933 3917 ἡμῶν
2958 3849 3172 3904 λάϐετε
3199 3852 3323 3917 τοῖς
3356 3857 3508 3920 υἱοῖς
3527 3855 3718 3924 ὑμῶν,

2135 3933 2232 3986 καί
2271 3932 2339 3985 ἐν
2368 3931 2513 4000 ἡμῖν
2541 3931 2883 3985 κατοικεῖτε.
2920 3932 3032 3986 Kal
3079 3934 3204 3989 ἰδοὺ
3243 3935 3282 4002 τι
3330 3935 3404 4005 γῆ
3467 3939 3720 3994 πλατεῖα

2133 4015 2409 4068 ἐναντίον
2440 4012 2607 4083 ὑμῶν
2634 4053 2649 4077 ,
2698 4015 3025 4068 κατοικεῖτε
3062 4017 3160 4069 καὶ
3196 4017 3597 4086 ἐμπορεύεσθε
3624 4023 3718 4074 ἐπ’

2131 4095 2352 4164 αὐτῆς,
2399 4097 2500 4149 καί
2536 4096 2844 4162 κτήσασθε
2883 4097 2955 4150 ἐν
2981 4097 3159 4167 αὐτῇ.
3205 4100 3346 4170 Ὅρα
3379 4102 3470 4155 τὸν
3506 4105 3719 4176 πατέρα

2138 4178 2228 4232 διὰ
2252 4178 2350 4249 τὴν
2387 4178 2516 4248 περὶ
2545 4178 2636 4231 τὸν
2666 4178 2826 4232 παῖδα
2878 4179 3258 4251 φιλοστοργίαν
3293 4184 3426 4256 ὅσην
3482 4189 3718 4242 ποιεῖται

2134 4260 2283 4334 [575]
2319 4261 2455 4332 πρὸς
2483 4262 2607 4326 τοὺς
2638 4262 2821 4327 ξένους
2854 4264 2952 4335 τὴν
2974 4264 3374 4336 φιλοφροσύνην
3400 4310 3415 4332 ,
3440 4270 3536 4323 καὶ
3567 4272 3717 4337 ὅπως

2135 4344 2331 4407 αὐτοὺς
2374 4344 2772 4412 ἐφελκύσασθαι
2829 4345 3109 4416 βούλεται,
3167 4348 3346 4418 πάσης
3380 4352 3563 4417 αὐτοῖς
3615 4356 3717 4425 τῆς

2130 4425 2315 4498 χώρας
2339 4427 2437 4499 τὴν
2469 4427 2719 4492 ἐξουσίαν
2740 4429 2934 4493 διδούς.
2979 4430 3086 4483 Kal
3110 4430 3280 4484 ταῦτα
3321 4433 3418 4503 μὲν
3442 4435 3470 4487 6
3501 4438 3710 4506 πατήρ·

2128 4512 2156 4562 ὁ
2176 4510 2230 4562 δὲ
2254 4512 2384 4574 παῖς
2412 4510 2748 4582 θεασάμενος
2772 4512 2867 4566 τοῦ
2907 4513 3112 4584 πατρὸς
3139 4514 3238 4584 τὴν
3275 4517 3401 4586 περὶ
3429 4518 3591 4571 αὑτὸν
3617 4537 3715 4590 κη-

2129 4591 2381 4662 δεμονίαν
2401 4633 2416 4656 ,
2445 4593 2541 4648 καὶ
2592 4595 2739 4659 ὅπως
2769 4596 2947 4650 πάντα
2985 4599 3159 4649 ποιεῖν
3205 4598 3422 4670 ἕτοιμος
3451 4595 3538 4672 ἦν,
3572 4602 3714 4656 ὥστε

2127 4677 2277 4747 αύτῷ
2309 4679 2390 4742 είς
2418 4677 2577 4749 ἔργον
2623 4680 2849 4747 ἀγαγεῖν
2869 4680 2930 4733 τὸ
2970 4681 3305 4735 σπυδασθέν
3327 4726 3341 4748 ,
3393 4687 3714 4757 προστίθησι

2127 4762 2222 4812 καὶ
2254 4763 2381 4832 παρ’
2403 4761 2617 4826 ἐαυτοῦ,
2650 4761 2741 4815 καί
2769 4779 2900 4833 φησι
2928 4763 3008 4834 τῷ
3056 4763 3254 4818 Ἰακὼϐ
3291 4767 3389 4822 καὶ
3428 4769 3561 4837 πρὸς
3587 4771 3712 4832 τοὺς

2126 4843 2390 4911 ἀδελφοὺς
2419 4845 2516 4914 τῆς
2545 4845 2715 4914 κόρης
2733 4861 2748 4876 ⁸
2773 4845 3016 4915 Εῦροιμι
3034 4847 3214 4915 χάριν
3231 4849 3509 4901 ἐναντίον
3522 4847 3710 4917 ὑμῶν,

2127 4925 2222 4978 καὶ
2260 4926 2290 4979 6
2329 4926 2437 4980 ἐὰν
2459 4926 2687 4994 ειπητε,
2719 4926 3010 4997 δώσομεν.
3039 4931 3391 4998 Πληθύνατε
3425 4930 3539 4998 τὴν
3571 4949 3714 4999 φερ-

2128 5008 2266 5074 νὴν,
2294 5008 2392 5062 καί
2431 5007 2627 5071 δώσω,
2673 5010 2800 5063 καθ’
2839 5010 2873 5063 ὅ
2905 5028 2957 5062 τι
2987 5011 3064 5065 ἂν
3080 5011 3288 5078 εἴπητέ
3323 5029 3445 5080 μοι,
3485 5013 3711 5067 καὶδώ-

2129 5090 2271 5146 σετέ
2290 5109 2392 5160 μοι
2427 5091 2540 5159 τὴν
2567 5092 2748 5146 παῖδα
2773 5095 3002 5162 ταύτην
3032 5095 3119 5159 είς
3139 5095 3407 5163 γυναῖκα.
3445 5091 3598 5159 Εἶδες
3618 5101 3711 5151 καὶ

2129 5174 2220 5226 τὸν
2244 5174 2456 5244 πατέρα
2479 5173 2567 5226 διά
2587 5175 2687 5245 τὴν
2712 5177 2840 5244 περὶ⁸
2861 5177 2951 5230 τὸν
2973 5178 3138 5230 παῖδα
3165 5177 3486 5248 κηδεμονίαν
3511 5180 3709 5250 πολλὴν

2126 5256 2226 5327 τὴν
2262 5257 2610 5328 παράκλησιν
2659 5258 3001 5326 ποιούμενον,
3043 5261 3136 5312 καὶ
3163 5261 3253 5314 τὸν
3304 5261 3424 5315 νέον
3476 5264 3708 5334 ἑτοίμως

2126 5338 2344 5393 ἅπαντα
2381 5339 2701 5410 προϊέμενον
2731 5340 2872 5410 ὑπὲρ
2903 5338 2996 5392 τοῦ
3026 5342 3124 5411 τῆς
3157 5342 3326 5414 κόρης
3366 5345 3665 5416 ἐπιτυχεῖν;

2196 5430 2263 5493 γ’.
2282 5423 2450 5476 Τοῦτο
2470 5424 2596 5494 γὰρ,
2619 5423 2775 5476 τοῦτο
2791 5423 2852 5476 τὸ
2870 5423 3110 5496 ὀλέθριον
3133 5427 3301 5490 πάθος
3321 5429 3499 5482 πάντα
3530 5432 3706 5488 πείθει

2126 5509 2217 5562 τὸν
2245 5507 2439 5560 ἁλόντα
2469 5507 2884 5572 καταδέξασθαι,
2931 5507 3122 5580 μέχρις
3148 5510 3214 5565 ἀν
3246 5512 3408 5568 αὐτὸν
3436 5515 3514 5577 είς
3544 5515 3712 5575 αύτίν

2126 5593 2305 5662 ἀγάγῃ
2352 5590 2447 5644 τοῦ
2482 5590 2606 5662 ᾅδου
2635 5591 2727 5645 τὸν
2773 5592 3040 5662 πυθμένα.
3093 5595 3203 5647 Καὶ
3232 5594 3331 5647 θέα
3364 5613 3453 5664 μοι
3476 5611 3491 5626 ·
3523 5597 3552 5648 ὁ
3605 5600 3710 5668 μὲν

2125 5673 2439 5744 πρεσϐύτης
2496 5673 2693 5728 Ἰακὼϐ
2733 5673 2906 5728 ταῦτα
2949 5674 3163 5731 ἀκούων
3191 5679 3338 5747 σιγᾷ,
3367 5680 3458 5732 καὶ
3496 5679 3593 5751 την
3625 5691 3704 5735 οι-

2123 5753 2277 5806 κείαν
2321 5752 2619 5807 ἐπιείκειαν
2649 5752 2982 5823 μιμούμενος
3032 5755 3182 5809 οὐδὲν
3220 5756 3536 5826 φθέγγεται,
3567 5760 3706 5816 ἀλλὰ

2125 5837 2312 5906 πράως
2335 5836 2488 5907 φέρει
2510 5837 2608 5906 τὴν
2631 5839 2708 5900 είς
2731 5837 2828 5908 τὴν
2862 5836 3134 5910 θυγατέρα
3167 5842 3536 5914 γεγενημένην
3561 5845 3701 5915 ἐπή-

2122 5933 2288 5986 ρειαν.
2318 5921 2382 5971 Οἱ
2410 5918 2477 5971 δὲ
2499 5919 2609 5972 υἱοὶ
2639 5921 2837 5974 Ἰακὼϐ
2861 5917 3059 5986 εἶπαν,
3085 5924 3239 5996 φησὶ,
3270 5926 3350 5992 τῷ
3379 5927 3577 5996 Συχὲμ
3599 5933 3700 5980 καὶ

2131 5999 2316 6071 ἐιιὼρ
2345 5999 2419 6066 τῷ
2441 6001 2612 6073 πατρὶ
2644 6005 2827 6061 αὐτοῦ
2849 6008 3001 6076 μετὰ
3032 6011 3237 6078 δόλου,
3261 6013 3356 6068 καὶ
3387 6012 3700 6080 ἐυίὲλησαν
3727 6073 3737 6084 η
