4142 6206
345 309 349 312 ’
414 300 517 357 ιιιτ

412 415 871 484 intemperantiam
901 413 1130 468 universi
1155 415 1424 470 civitatem
1458 415 1758 472 hibitantes
1794 432 1981 486 ptena-

414 520 532 558 rum
559 505 688 560 Socii
715 506 862 558 fiant.
903 505 1047 560 Sicut
1077 506 1218 563 enim
1249 521 1470 560 accensa
1503 523 1628 578 pyra
1660 549 1675 573 ,
1703 507 1791 577 qui
1821 521 1986 576 prope

413 594 648 648 Iubitant
671 595 890 664 periculi
914 606 1038 649 sunt
1069 596 1352 664 participes
1378 638 1391 658 ,
1445 597 1564 666 igne
1608 598 1783 650 omnia
1821 597 1986 666 depa-

421 694 605 738 δςιυιιω
635 703 646 736 :
673 685 859 740 eodem
891 685 1049 738 niodo
1093 695 1146 740 et
1175 703 1314 740 nunc
1339 687 1687 741 adolescentis
1729 687 1988 756 intempe-

419 777 586 832 rantia
632 793 735 830 non
780 776 949 829 solum
981 787 1222 845 patrem,
1252 776 1346 832 sed
1376 787 1431 832 et
1457 794 1641 832 omnes
1672 779 1815 833 urbis
1839 780 1985 833 cives

409 869 564 921 simul
593 866 839 937 perdidit.
871 866 1007 932 Quid
1031 866 1188 936 igitur
1209 867 1297 920 lilii
1318 866 1523 921 Iacob?
1550 868 1738 922 Dolose
1779 869 1858 922 eis
1899 884 1983 922 rc-

408 960 758 1028 spondernnt.
807 959 1028 1029 Dignum
1056 969 1138 1012 est
1174 958 1378 1022 auditu,
1406 969 1460 1011 ut
1489 957 1701 1012 discatis
1726 967 1980 1023 quantum

409 1057 624 1117 propter
646 1065 884 1103 sororem
913 1047 1216 1102 doluerunt.
1239 1049 1324 1101 Ii.
1357 1045 1977 1115 Dixeruutenim,'inquit,

408 1141 632 1210 Syineou
673 1148 719 1193 et
754 1138 872 1192 Levi
899 1143 1081 1209 fratres
1115 1137 1260 1190 Dirue
1283 1179 1296 1198 ,
1326 1138 1421 1205 [illi
1471 1147 1633 1190 autem
1676 1136 1782 1189 Lia:
1814 1153 1834 1189 :
1863 1135 1980 1190 Non

409 1234 682 1302 poterimus
711 1235 877 1303 facere
923 1231 1122 1284 verbum
1167 1231 1260 1284 hoc
1286 1271 1299 1293 ,
1334 1241 1384 1282 ut
1421 1231 1595 1282 demus
1625 1245 1844 1281 sororem
1883 1246 1977 1280 no-

403 1337 561 1378 stram
591 1323 779 1376 homini
809 1322 894 1390 qui
918 1322 1061 1374 habet
1105 1323 1434 1392 prarputium.
1471 1320 1550 1374 I5.
1586 1320 1647 1373 Si
1697 1318 1848 1388 igitur
1883 1320 1980 1370 cir-

403 1413 758 1467 cumcidamini
782 1428 933 1465 carne
956 1410 1190 1478 prwputii
1215 1411 1363 1463 vestri
1385 1451 1398 1473 ,
1438 1411 1524 1462 16.
1574 1409 1802 1461 dabimus
1845 1406 1979 1473 ﬁlias

407 1517 601 1560 nostras
639 1505 795 1568 vobis,
826 1515 874 1556 et
918 1503 980 1556 de
1011 1502 1214 1571 ﬁliabus
1245 1501 1417 1554 vestris
1450 1501 1784 1568 accipiemus,
1807 1509 1850 1551 et
1881 1499 1953 1550 eri

404 1613 514 1650 mus
542 1596 684 1665 quasi
711 1611 867 1665 genus
889 1611 1062 1646 unum.
1095 1593 1224 1647 lliec
1253 1592 1462 1660 quidem
1503 1589 1790 1658 propositio
1823 1589 1978 1642 hone-

401 1699 479 1740 δίει
506 1696 640 1746 erat.
669 1695 717 1739 ct
741 1683 930 1738 rationi
961 1689 1335 1745 eousentattea,
1355 1680 1447 1733 sed
1476 1696 1596 1733 cum
1620 1679 1765 1741 dolo,
1785 1678 1973 1746 inquit,

401 1778 540 1831 dicta
570 1785 670 1831 est.
701 1776 785 1828 I7.
818 1774 881 1828 Et
911 1774 955 1827 si
996 1771 1278 1834 nolueritis,
1307 1770 1512 1837 inquit,
1543 1770 1634 1820 hoc
1659 1772 1824 1839 facere
1846 1806 1860 1832 ,
1886 1783 1974 1821 ac-

399 1881 544 1938 cepta
580 1869 686 1936 ﬁlia
730 1876 902 1920 nostra
942 1864 1206 1917 abibimus.
1253 1861 1376 1916 Hac
1413 1861 1624 1930 quidetn
1668 1859 1894 1930 Symeon
1923 1869 1976 1913 et

403 1961 527 2016 Levi
572 1959 772 2012 ra'dem
817 1957 1052 2010 omnium
1095 1969 1274 2009 secum
1332 1954 1650 2006 meditantes
1697 1966 1976 2021 proposuec

402 2064 542 2108 runt.
589 2053 661 2106 Illi
693 2062 868 2104 autem
917 2049 1262 2118 respicientes
1288 2045 1353 2100 ad
1397 2045 1534 2116 quod
1577 2044 1970 2112 exspectabant,

401 2144 737 2214 puellamque
760 2140 959 2195 habere
984 2139 1278 2203 capientes,
1311 2144 1694 2190 Consenserunt
1723 2134 1774 2187 in
1798 2133 1970 2198 dicta,

399 2246 448 2288 et
481 2235 793 2305 placuerunt
835 2232 914 2286 eis
945 2231 1238 2300 proposita.
1266 2228 1395 2282 Dicit
1428 2228 1569 2279 enim
1601 2243 1614 2278 :
1651 2225 1735 2279 l8.
1772 2222 1974 2276 Placuit

401 2345 573 2382 caram
603 2327 672 2380 eis
700 2343 882 2390 sermo,
913 2325 998 2378 19.
1051 2333 1094 2376 et
1141 2339 1236 2376 non
1287 2319 1501 2373 tardavit
1541 2317 1817 2383 adimplere
1840 2315 1974 2367 dicta

399 2419 711 2471 adolescens.
742 2415 1010 2485 Depcribat
1035 2414 1164 2466 enim
1192 2413 1354 2482 filiam
1382 2408 1561 2462 Iac'ob.
1594 2408 1703 2462 Hoc
1732 2414 1815 2460 cst
1833 2447 1848 2469 ,
1889 2414 1972 2458 Io-

399 2522 509 2564 tnm
539 2525 597 2562 se
621 2509 671 2562 in
702 2508 886 2576 puella!
915 2521 1151 2560 amorem
1175 2503 1466 2559 dediderat.
1499 2500 1588 2554 20.
1615 2498 1679 2552 Et
1714 2507 1969 2562 venerunt,

400 2601 588 2670 inquit,
613 2600 716 2667 ipse
736 2609 783 2652 et
813 2609 953 2668 pater
967 2597 1076 2668 ejus
1095 2596 1162 2648 ad
1189 2604 1407 2665 portam,
1436 2601 1480 2644 et
1507 2589 1698 2660 loqauti
1725 2595 1840 2642 sunt
1865 2603 1974 2639 om-

400 2694 544 2746 nibus
594 2691 678 2761 qui
731 2689 781 2742 in
820 2687 1015 2741 civitate
1054 2684 1386 2749 habitabant,
1412 2691 1466 2737 el.
1500 2678 1880 2735 consuluerunt
1916 2685 1974 2731 ut

399 2783 855 2838 rircuiucisioiiem
907 2779 1239 2849 susciperent
1294 2773 1584 2831 Secundum
1625 2771 1860 2827 oblatam
1905 2768 1973 2823 ab

401 2879 502 2930 illis
525 2875 906 2938 conditionem,
937 2882 990 2927 et
1017 2881 1074 2927 ut
1103 2872 1219 2925 illos
1267 2869 1332 2923 ad
1361 2865 1806 2923 eohabitationem
1833 2860 1974 2916 acci-

400 2978 602 3039 pereut.
620 2965 914 3036 lmplebant
945 2964 1014 3018 illi
1047 2963 1222 3016 statim
1249 2977 1369 3030 qua:
1385 2960 1451 3014 ab
1479 2959 1640 3012 Ειιιοι·
1660 2965 1713 3010 et
1743 2955 1971 3026 Sychem

399 3059 539 3111 dicta
571 3067 716 3120 sunt,
749 3066 800 3110 ct
828 3070 1016 3108 omnes
1057 3053 1210 3106 simul
1239 3047 1660 3105 circumcisionis
1683 3047 1890 3115 signum
1921 3045 1970 3098 in

399 3163 624 3216 corpore
647 3144 998 3214 accipiebant.
1045 3142 1157 3196 lloe
1186 3140 1272 3194 ubi
1297 3136 1876 3207 resciveruutSyutcon
1908 3147 1971 3187 ac

401 3239 550 3303 Levi,
583 3254 701 3306 qua:
745 3234 856 3305 jam
883 3233 1082 3288 dudum
1122 3247 1301 3286 secum
1349 3227 1739 3284 meditabantur
1761 3265 1776 3289 ,
1812 3238 1973 3292 opere

397 3332 798 3401 compleverunt
817 3345 832 3387 ;
853 3327 944 3382 '25.
974 3326 1037 3380 Et
1071 3324 1285 3393 acceptis
1327 3321 1514 3392 singuli
1540 3319 1722 3390 gladiis
1749 3317 1875 3382 suis,
1895 3315 1975 3368 in-

399 3424 556 3495 gressi
578 3434 691 3477 sunt
717 3423 766 3474 in
794 3421 1042 3474 civitatem
1081 3433 1272 3472 secure.
1303 3414 1437 3484 Quid
1465 3422 1577 3479 est,
1623 3409 1685 3465 In
1723 3411 1973 3464 civitatem

399 3532 568 3568 secure
587 3517 612 3569 ι
631 3514 762 3581 Quia
802 3528 922 3567 cum
951 3511 1122 3564 solum
1150 3509 1257 3563 duo
1282 3516 1464 3561 essent
1494 3547 1508 3571 ,
1537 3514 1693 3559 tantzc
1726 3503 1970 3558 multitu-

399 3606 508 3660 dini
551 3621 609 3660 se
636 3612 999 3674 opposuerunt
1036 3601 1171 3655 :sed
1215 3615 1456 3668 magnam
1505 3598 1583 3653 eis
1630 3596 1971 3649 securitatem

402 3697 676 3766 pra-stitit,
707 3694 847 3764 quod
894 3707 1081 3746 omnes
1118 3691 1190 3744 illi
1235 3690 1400 3743 saucii
1447 3688 1706 3757 jacerent.
1738 3685 1888 3752 Quod
1917 3693 1974 3738 ut

401 3789 554 3842 nobis
586 3785 947 3840 Inauifestaret
971 3783 1146 3838 divina
1174 3782 1472 3849 Scriptura,
1507 3778 1717 3830 Factum
1757 3787 1850 3840 est,
1894 3777 1973 3829 in-

400 3880 532 3947 quit,
565 3879 616 3930 in
663 3877 744 3930 die
794 3877 958 3938 tertio,
987 3874 1188 3944 quando
1236 3880 1374 3926 erant
1416 3871 1466 3922 in
1493 3869 1686 3922 dolore.
1715 3867 1825 3921 lloc
1856 3867 1974 3920 illos

401 3986 619 4024 securos
652 3967 900 4031 reddidit,
932 3977 984 4019 et
1014 3966 1147 4018 duos
1175 3964 1424 4017 fortiores
1453 3960 1630 4014 multis
1654 3958 1794 4013 fecit.
1828 3957 1975 4011 Occi-

401 4066 598 4125 derunt,
625 4061 812 4127 inquit,
833 4075 976 4112 oniuc
997 4056 1352 4115 masculinum,
1372 4054 1470 4107 hoc
1487 4062 1588 4113 est,
1608 4065 1792 4104 omnes
1807 4051 1970 4112 virus,

401 4154 490 4222 qui
558 4161 773 4222 propter
831 4147 1289 4204 circnincisionem
1347 4143 1630 4214 jaeehant,
1696 4142 1972 4209 paratique

401 4253 569 4305 erant,
593 4251 647 4294 ut
668 4243 734 4294 ita
757 4240 949 4300 dicam,
971 4248 1025 4290 ut
1050 4237 1414 4290 occiderentur
1431 4252 1445 4289 :
1463 4242 1515 4288 et
1536 4247 1656 4287 cum
1679 4231 1794 4283 aliis
1815 4229 1973 4284 etiam

403 4337 650 4406 juvenem
703 4333 794 4386 ulti
845 4339 988 4390 sunt,
1018 4330 1105 4399 qui
1137 4327 1366 4398 puellam
1407 4326 1704 4380 vitiaverat.
1758 4322 1823 4376 Et
1871 4338 1972 4374 non

403 4435 638 4478 H‘IIII'IIlI
679 4425 774 4475 hac
806 4421 1056 4484 vindicta,
1079 4421 1236 4474 etiam
1265 4431 1394 4472 oves
1417 4458 1430 4479 ,
1464 4415 1666 4486 inquit,
1695 4429 1879 4469 eorum
1922 4420 1974 4466 et

404 4519 581 4572 omnia
626 4532 813 4585 pecora
839 4557 854 4580 ,
900 4513 1181 4582 omniaque
1235 4527 1457 4582 corpora
1517 4511 1570 4563 in
1615 4508 1974 4577 captivitatem

406 4611 709 4668 duxerunt,
737 4622 799 4659 ac
825 4605 1038 4658 civitate
1068 4604 1192 4656 viris
1221 4602 1470 4657 destituta
1504 4611 1556 4655 et
1597 4600 1800 4668 direpta
1851 4596 1975 4652 red-

410 4702 605 4753 ierunt.
631 4696 816 4749 Vidisti
837 4737 849 4755 ,
877 4694 1096 4756 dilecte,
1131 4702 1381 4760 quantmu
1421 4691 1617 4745 malum
1660 4699 1875 4758 Operata
1907 4688 1975 4742 sit

411 4792 562 4842 unitas
585 4787 794 4856 juvenis
825 4783 1126 4837 temeritas?
1156 4782 1342 4834 Vidisti
1372 4791 1618 4850 quantatn
1647 4781 1821 4834 attulit
1853 4795 1974 4847 per-

411 4882 600 4936 niciem
624 4879 871 4934 omnibus
895 4876 1160 4930 civitatem
1192 4867 1582 4926 habitantibus?
1614 4872 1734 4926 lla-c
1750 4872 1977 4926 scientes

413 4973 735 5028 refrenemus
762 4971 988 5024 filiorum
1029 4977 1326 5020 nostrorum
1355 4964 1600 5032 impetus,
1628 4977 1978 5032 magnumque

415 5069 643 5119 furorem
678 5061 1026 5119 absterrendo
1057 5068 1110 5114 et
1155 5056 1486 5112 admonendo
1529 5069 1929 5124 compescamus
1959 5068 1974 5106 :

413 5171 466 5213 et
495 5173 740 5210 curemus
767 5171 950 5208 eorum
981 5152 1279 5206 castitatem
1307 5190 1320 5211 ,
1350 5148 1630 5216 omniaque
1656 5148 1907 5202 faciamus
1927 5157 1980 5202 et

413 5259 720 5304 tractemus.
752 5256 802 5300 nt
825 5245 1078 5299 ahsurdas
1098 5241 1550 5309 concupiscentias
1570 5239 1818 5307 juvenilis
1851 5250 1981 5295 :etas

415 5341 648 5408 effugere
678 5337 861 5406 possit.
893 5334 1020 5388 Nam
1048 5345 1262 5402 propter
1287 5331 1387 5384 hoc
1413 5342 1464 5384 et
1489 5331 1784 5384 communis
1805 5329 1982 5383 Domi-

418 5447 517 5486 nus
543 5440 722 5483 noster
747 5428 920 5479 sciens
947 5425 1190 5478 humanzc
1221 5435 1422 5476 natnrze
1459 5421 1817 5474 infirmitatem
1839 5460 1854 5484 ,
1879 5436 1980 5472 nn-

418 5532 549 5591 pttas
579 5519 728 5574 dedit
757 5529 807 5572 ct
847 5516 1100 5581 sancivit,
1131 5523 1184 5568 ut
1204 5516 1270 5568 ah
1302 5514 1482 5569 illicito
1508 5510 1789 5567 concubitu
1816 5511 1981 5564 absti-

414 5622 647 5666 IICI'CIIII'.

485 5701 700 5756 luentes
724 5698 959 5753 uxoribus
977 5697 1243 5769 jungmdi.
1276 5727 1346 5736 —
1374 5695 1449 5751 Ne
1476 5695 1633 5766 igitur
1660 5693 1986 5764 negliganms

1255 305 1319 359 IN
1358 304 1506 360 CAP.
1549 304 1788 361 XXXIV.
1829 305 1917 362 ΕΤ
1957 306 2173 364 XXXV.
2205 310 2446 369 CENES.
2490 314 2717 371 llOlllL’.
2761 317 2892 374 LIX.

2087 418 2330 486 juvenes,
2359 423 2452 477 sed
2479 425 2707 482 scientes
2739 427 2967 484 fornacis
2998 432 3297 488 incendium
3316 473 3334 500 ,
3358 437 3659 508 priusquam

2092 509 2144 562 in
2177 509 2383 565 luxuria
2416 514 2774 585 implicentur,
2807 520 3114 578 Studeamus
3136 539 3230 579 eos
3263 529 3556 585 secundum
3582 531 3654 585 le-

2087 613 2210 668 gem
2237 601 2326 656 Dei
2362 606 2558 672 nuptiis
2586 610 2834 676 copulare
2857 651 2871 672 ,
2903 620 2961 665 ut
2992 623 3044 665 et
3091 616 3469 673 continentiam
3509 635 3659 678 suam

2088 693 2407 760 Custodiant,
2463 699 2773 768 nullumque
2830 702 3082 759 damnum
3124 705 3352 764 lascivia:
3405 726 3516 766 suae
3564 713 3658 767 ha-

2091 785 2270 852 beant,
2305 792 2538 847 remedio
2577 794 2720 851 illinc
2747 807 2980 866 smnpm,
3003 810 3056 852 ut
3089 801 3480 866 possintearnis
3505 804 3657 859 indo-

2088 877 2245 930 mitos
2271 890 2446 935 motus
2476 884 2786 952 reprimere,
2828 898 2880 941 et
2927 905 3138 957 pu‘nam
3175 893 3427 961 effugere.
3454 895 3560 948 Sed
3586 898 3658 949 vi-

2086 964 2305 1020 deamus
2339 973 2608 1038 quomodo
2627 989 2688 1028 ea
2714 992 2832 1044 qua:
2867 994 2892 1030 a
2923 979 3099 1044 pueris
3127 980 3258 1034 facta
3287 994 3409 1037 sunt
3429 1023 3444 1044 .
3473 1000 3656 1039 senem

2084 1055 2376 1112 affecerint.
2408 1061 2495 1116 50.
2526 1062 2669 1117 Dixit
2698 1066 2870 1130 enim,
2901 1068 3087 1136 inquit,
3118 1068 3320 1126 Iacob:
3359 1073 3582 1142 Symeou
3611 1085 3658 1128 ιι

2085 1144 2225 1210 Leri,
2249 1166 2456 1204 exosum
2479 1170 2556 1207 me
2577 1156 2763 1226 {cristis
2787 1199 2802 1222 ,
2827 1168 2881 1211 ut
2915 1161 3150 1215 molestus
3181 1179 3272 1232 ego
3291 1163 3386 1216 sint
3413 1165 3656 1220 habitato-

2085 1237 2219 1288 ribus
2246 1247 2412 1293 εει-τω.
2437 1241 2636 1310 Quare,
2667 1245 2857 1315 inquit,
2886 1257 3090 1304 tantam
3121 1251 3319 1308 fecistis
3337 1255 3655 1311 vindictam?

2082 1324 2215 1380 Nam
2246 1344 2364 1397 qua:
2390 1346 2419 1384 a
2447 1333 2597 1389 vobis
2633 1335 2767 1390 facta
2795 1350 2956 1404 sunt,
2987 1341 3168 1397 odium
3210 1346 3336 1398 mihi
3368 1349 3656 1405 maximum

2083 1417 2291 1486 parient
2323 1421 2460 1488 apud
2492 1438 2679 1479 omnes
2715 1427 3032 1485 habitatores
3061 1443 3215 1486 terra:
3246 1435 3421 1504 hujus.
3453 1438 3654 1493 Deinde

2081 1519 2386 1564 monstrans
2408 1513 2650 1569 timorem
2680 1517 2730 1570 in
2757 1534 2862 1587 quo
2887 1531 3002 1574 erat
3024 1524 3362 1589 constitutus,
3394 1525 3525 1580 Mihi
3551 1545 3648 1581 au-

2082 1607 2199 1664 tem,
2228 1600 2432 1671 inquit,
2457 1621 2638 1672 pawus
2686 1624 2922 1663 numerus
2947 1623 3039 1676 est,
3088 1623 3134 1666 et
3158 1618 3444 1686 congregati
3478 1631 3653 1672 contra

2078 1705 2157 1741 nte
2184 1730 2200 1754 ,
2239 1694 2515 1758 percutieut
2547 1712 2624 1750 me
2648 1740 2662 1762 ,
2696 1710 2741 1750 et
2771 1709 2964 1753 exterar
2984 1717 3004 1753 :
3043 1704 3190 1772 quasi
3212 1704 3412 1760 diceret
3440 1706 3655 1764 :Ncsci-

2080 1778 2146 1833 tis
2168 1781 2310 1849 quod
2335 1786 2484 1852 pauci
2515 1789 2737 1841 sunms?
2765 1788 2914 1844 facile
2943 1792 3132 1847 eadem
3160 1801 3216 1848 et
3239 1810 3338 1850 nos
3370 1798 3649 1865 patiemur,

2077 1870 2268 1938 quibus
2306 1875 2456 1928 vobis
2503 1876 2620 1930 illos
2672 1880 2890 1934 afficere
2926 1880 3139 1949 placuit.
3173 1885 3236 1937 Et
3262 1886 3397 1939 sicut
3422 1887 3649 1956 Sycln-in

2076 1963 2208 2030 patri
2237 1974 2289 2018 et
2315 1967 2560 2021 omnibus
2585 1968 2850 2025 civitatem
2877 1971 3234 2030 habitantibus
3274 1977 3428 2045 hujus
3474 1981 3640 2035 inter-

2076 2051 2178 2108 itus
2206 2053 2300 2108 fuit
2325 2067 2531 2123 auctor,
2560 2059 2628 2112 ita
2668 2069 2722 2114 et
2745 2077 2838 2114 vos
2869 2063 3018 2116 mihi.
3068 2064 3198 2118 Nam
3229 2080 3443 2136 propter
3473 2085 3568 2123 vos
3594 2081 3648 2125 et

2074 2159 2174 2212 ego
2211 2160 2403 2200 exosus
2431 2157 2525 2201 ιιι-ιι
2546 2189 2560 2212 ,
2593 2160 2646 2203 et
2681 2150 2812 2203 nihil
2855 2152 3101 2219 prohibet
3145 2156 3272 2224 quin
3315 2157 3495 2212 ilclcar
3524 2176 3653 2228 pro-

2078 2242 2194 2302 pter
2246 2245 2473 2290 vcstram
2503 2238 2796 2294 audaciam.
2848 2243 2935 2296 51.
2967 2241 3060 2297 Illi
3083 2256 3253 2300 autem
3275 2248 3527 2312 dixerunt,
3565 2251 3649 2304 in-

2075 2323 2223 2391 quit,
2278 2325 2542 2396 Numquid
2586 2341 2638 2382 ut
2692 2341 2854 2384 scorto
2901 2333 3165 2387 abutantur
3206 2352 3378 2390 sorore
3427 2349 3596 2392 nostra
3625 2343 3650 2394 .’

2077 2413 2208 2470 Vide
2235 2431 2428 2486 pueros
2454 2422 2793 2474 CtIIIlIIIL‘lIllzl}
2819 2427 2989 2493 gratia
3033 2425 3290 2481 ultionem
3319 2432 3608 2500 sumpsisse
3631 2449 3644 2485 :

2073 2517 2326 2561 excusant
2346 2509 2490 2563 enim
2514 2526 2571 2564 sc
2604 2512 2734 2579 ρέιηί
2755 2551 2778 2577 ,
2821 2523 2873 2566 et
2911 2514 3135 2569 dicunt:
3164 2514 3379 2572 Infamia
3413 2534 3508 2573 nos
3531 2521 3650 2577 alle-

2073 2605 2264 2654 ccrunt
2294 2637 2310 2663 ,
2339 2598 2500 2651 veluti
2527 2610 2711 2654 scorto
2740 2601 2890 2655 abusi
2916 2615 3036 2657 sunt
3066 2618 3250 2660 sorore
3273 2617 3494 2662 nostra:
3529 2625 3650 2680 pro-

2075 2693 2257 2755 pterea
2288 2686 2390 2742 hoc
2430 2687 2605 2744 facere
2629 2691 2796 2745 coacti
2836 2706 3042 2760 sumus,
3085 2704 3143 2749 ut
3182 2705 3238 2752 et
3273 2699 3450 2754 cancri
3479 2699 3650 2757 disce-

2075 2787 2214 2842 rent,
2245 2780 2436 2834 similia
2463 2797 2566 2835 non
2587 2781 2806 2838 audere.

2133 2869 2186 2924 ι.
2210 2869 2314 2925 Sed
2336 2871 2477 2936 vide,
2497 2871 2740 2938 obsecro,
2763 2873 2850 2929 hic
2877 2874 3195 2931 ineffabilem
3221 2877 3310 2934 Dei
3326 2895 3506 2935 curam
3524 2898 3665 2953 erga.

2070 2958 2295 3028 ju~tum.
2349 2961 2481 3016 Nam
2511 2963 2630 3031 quia
2660 2964 2789 3019 vidit
2825 2981 2947 3021 eum
2999 2969 3371 3026 formidantem
3419 2975 3648 3042 regionis

2077 3052 2278 3107 ineolas
2322 3066 2533 3123 propter
2560 3056 2787 3110 filiorum
2815 3057 3066 3122 facinora,
3099 3063 3148 3115 I.
3183 3061 3327 3116 Dixit
3367 3065 3412 3118 αἱ
3457 3066 3590 3120 Deus
3618 3085 3638 3124 :

2077 3143 2264 3215 Surge,
2285 3155 2333 3198 et
2366 3147 2579 3200 ascende
2605 3149 2656 3201 iu
2701 3149 2862 3202 locum
2906 3150 3099 3206 Ba'thel
3119 3193 3133 3216 ,
3161 3166 3206 3207 et
3229 3157 3296 3208 ibi
3323 3157 3489 3210 habits
3511 3158 3644 3228 (Ca-

2075 3247 2165 3307 put
2194 3237 2262 3292 55
2294 3239 2334 3306 ).
2361 3239 2514 3306 Quia,
2546 3239 2733 3310 inquit,
2766 3257 2858 3296 eos
2884 3244 2970 3313 qui
3002 3244 3087 3300 hic
3117 3245 3352 3300 habitant
3376 3250 3647 3314 times,rc-

2079 3328 2213 3384 Cede
2244 3330 2387 3396 hinc,
2418 3342 2469 3386 et
2503 3332 2676 3386 habita
2707 3333 2756 3386 in
2783 3333 2999 3401 Batthel,
3026 3335 3090 3389 Et
3119 3337 3203 3407 {ac
3239 3339 3343 3391 illic
3362 3340 3522 3394 altare
3539 3340 3644 3394 Do-

2078 3421 2233 3482 mino,
2261 3422 2349 3489 qui
2371 3424 2606 3492 apparuit
2628 3424 2715 3476 tibi
2739 3441 2851 3477 eum
2881 3429 3078 3496 fugeres
3101 3443 3132 3478 a
3155 3429 3284 3498 facie
3312 3428 3446 3483 Esau
3477 3433 3649 3501 [miris

2078 3512 2171 3563 tui.
2195 3511 2252 3564 2.
2279 3511 2342 3564 Et
2363 3511 2490 3565 dixit
2511 3510 2669 3566 Iacob
2690 3514 2863 3567 domui
2880 3531 3007 3580 sate,
3037 3526 3084 3569 et
3103 3517 3332 3571 omnibus
3357 3521 3461 3573 suis
3484 3536 3502 3573 :
3524 3519 3646 3573 Tol-

2077 3601 2164 3656 lite
2193 3603 2311 3657 dcos
2330 3603 2520 3657 alienos
2551 3619 2579 3657 ε
2609 3605 2772 3659 medio
2803 3607 2971 3670 vestri,
2992 3616 3038 3660 et
3066 3609 3424 3678 puri/immitti,
3454 3621 3498 3662 et
3539 3628 3650 3663 mu-

2079 3703 2179 3748 tate
2212 3695 2368 3748 stolas
2395 3704 2602 3761 vcstras,
2634 3696 2687 3750 3.
2711 3706 2758 3749 et
2785 3698 2975 3766 surgite
2996 3739 3011 3762 ,
3032 3709 3080 3750 et
3109 3700 3438 3754 ascendamus
3459 3701 3507 3752 in
3527 3699 3645 3753 Bir-

2077 3783 2199 3847 thel,
2229 3795 2273 3837 et
2291 3785 2537 3853 faciamus
2583 3784 2690 3836 illic
2718 3785 2879 3838 altare
2897 3784 3139 3852 Domino,
3168 3788 3251 3856 qui
3282 3789 3532 3842 exauditu't
3564 3807 3641 3841 me

2077 3874 2130 3927 in
2161 3875 2243 3927 die
2283 3873 2582 3944 aﬂlirtiouis,
2614 3874 2698 3940 qui
2726 3875 2822 3944 fuit
2844 3891 3060 3942 mecum,
3082 3886 3131 3930 et
3151 3877 3358 3931 sall'arit
3386 3896 3462 3932 me
3484 3881 3538 3933 in
3566 3881 3653 3937 viai

2077 3981 2176 4033 qua
2219 3963 2490 4016 ambulavi.
2522 3963 2896 4018 Animadverte
2926 3963 3011 4018 hic
3041 3965 3166 4033 justi
3201 3967 3556 4022 obedientiam
3595 3983 3649 4026 et

2081 4056 2330 4124 pietatem
2361 4055 2412 4108 iu
2444 4056 2627 4108 Deum.
2658 4056 2790 4120 Quia
2817 4055 3018 4109 audivit
3044 4073 3058 4109 :
3084 4057 3310 4111 Ascende
3354 4059 3404 4112 in
3427 4059 3640 4123 b‘wtbcl,

2078 4157 2123 4200 ct
2150 4151 2232 4216 {ae
2275 4147 2434 4201 altare
2464 4162 2484 4200 :
2512 4147 2744 4210 vocatis,
2776 4147 2975 4216 inquit,
3007 4149 3253 4203 onmibus
3295 4151 3440 4216 suis,
3467 4151 3599 4206 dixit
3627 4195 3644 4219 ,

2079 4237 2262 4293 Tollite
2291 4239 2429 4292 deos.
2483 4239 2677 4306 Quales
2698 4281 2711 4302 ,
2736 4239 2928 4294 dixerit
2968 4241 3086 4309 quis
3106 4283 3121 4305 ,
3150 4240 3322 4296 deos?
3379 4243 3644 4313 Nusquam

2079 4331 2222 4384 enim
2253 4331 2490 4384 \idemns
2519 4331 2688 4399 ipsum
2721 4332 2967 4386 habuisse
3003 4333 3132 4386 deos
3173 4348 3186 4383 :
3227 4333 3294 4384 ab
3330 4333 3476 4386 initio
3505 4335 3648 4388 enim

2084 4422 2177 4476 Dei
2207 4423 2382 4476 culter
2413 4421 2511 4475 fuit
2534 4422 2728 4490 justus.
2775 4422 3092 4489 Significans
3122 4420 3258 4474 forte
3279 4422 3408 4476 deos
3445 4422 3647 4487 Laban,

2080 4528 2214 4582 quos
2241 4512 2437 4567 Rachel
2467 4513 2818 4576 subtraxerat,
2852 4513 2969 4567 ideo
2993 4513 3153 4566 dixit:
3183 4513 3442 4580 Quoniam
3457 4515 3670 4584 gratias.

2082 4605 2250 4658 acturi
2279 4620 2463 4659 sumus
2486 4621 2612 4658 vero
2655 4605 2761 4658 Deo
2784 4646 2798 4667 ,
2830 4603 2919 4674 qui
2949 4621 3160 4674 semper
3189 4615 3385 4659 tantam
3427 4607 3528 4661 mei
3552 4623 3647 4660 cu-

2083 4712 2196 4751 ram
2223 4697 2406 4765 gessit,
2436 4696 2638 4749 anfcrtc
2665 4695 2707 4748 si
2738 4711 2838 4762 qua
2867 4705 2989 4748 sunt
3017 4696 3067 4749 in
3094 4696 3243 4748 vobis
3273 4695 3434 4759 idola,
3467 4697 3528 4749 Et
3557 4715 3652 4764 ριιο

2083 4787 2370 4857 rificamini,
2397 4797 2442 4841 et
2470 4797 2656 4840 mutate
2683 4786 2836 4840 stolas
2866 4797 3071 4849 vestras,
3102 4797 3156 4841 et
3185 4787 3260 4840 sic
3287 4787 3352 4839 ad
3383 4788 3654 4841 civitatem

2085 4893 2396 4947 pergemus,
2427 4886 2481 4929 et
2535 4877 2678 4928 intus
2725 4884 2778 4928 ct
2828 4875 2957 4928 foris
3012 4875 3247 4930 mundati
3294 4875 3450 4930 simul
3483 4873 3646 4927 ibitis.

2083 4967 2199 5024 Non
2231 4968 2403 5022 solum
2430 4969 2652 5020 vestium
2697 4966 2868 5018 nitore
2899 4967 3180 5034 puritatem
3222 4967 3484 5019 declarato
3507 5004 3520 5025 ,
3553 4963 3654 5017 scil

2085 5076 2205 5117 cum
2241 5059 2538 5128 abjectionc
2585 5056 2842 5110 idolorum
2903 5055 3193 5123 purificatis
3251 5055 3657 5122 cogitationibus

2085 5155 2278 5208 mentis
2320 5149 2668 5205 ascendantus
2705 5148 2769 5200 ad
2805 5148 3028 5201 Banhcl.
3055 5148 3108 5201 ι.
3157 5146 3524 5207 lftdcderuut,
3571 5146 3654 5198 in-

2086 5244 2221 5310 quit,
2251 5240 2408 5293 Iacob
2428 5241 2546 5292 deos
2570 5240 2759 5290 alienas
2784 5239 2913 5305 (nim
2946 5238 3087 5291 enim
3113 5246 3261 5289 erant
3289 5236 3524 5303 ipsorum
3542 5241 3579 5297 I,
3607 5245 3656 5287 ct

2087 5336 2288 5387 inaures
2329 5345 2442 5398 qua:
2481 5329 2531 5380 in
2585 5329 2788 5379 auribus
2827 5343 3016 5380 eorum.
3050 5324 3205 5378 Forte
3245 5326 3393 5380 enim
3439 5337 3492 5380 et
3545 5325 3657 5378 Ita-c

2088 5425 2234 5493 signa
2269 5419 2509 5490 quaedam
2529 5427 2679 5472 erant
2707 5417 2925 5470 istorum
2965 5415 3226 5468 idolorum
3245 5457 3259 5478 ,
3310 5415 3430 5468 ideo
3457 5424 3508 5467 et
3545 5416 3658 5467 Iure

2089 5529 2210 5566 cum
2235 5512 2337 5565 diis
2375 5511 2602 5564 afferunt
2629 5506 2815 5562 Iacob.
2846 5504 2917 5558 Ιίιι
2937 5506 3195 5557 abscondit
3238 5522 3295 5557 ea
3329 5506 3498 5559 subter
3527 5516 3653 5557 terc-

2090 5604 2316 5657 biuthum
2343 5602 2392 5652 in
2421 5599 2651 5662 Secimis,
2691 5607 2737 5650 et
2767 5596 2984 5666 perdidit
3011 5611 3068 5647 ea
3098 5611 3250 5663 usque
3285 5595 3336 5647 in
3366 5606 3656 5663 pra‘seutem

2100 5695 2251 5748 dii-iu.
2279 5690 2565 5752 Abscondit,
2598 5687 2785 5758 itulnit,
2817 5701 2895 5753 ea,
2929 5698 2973 5742 et
3002 5684 3254 5755 perdidit,
3288 5695 3342 5738 ut
3379 5685 3474 5755 ipsi
3506 5700 3658 5738 erie-
