  <div class='ocr_page' id='page_1' title='image "/cluster/home/n/w/nwhite01/storage/ocr_20150623/54/hvd.32044073501926/152.png"; bbox 0 0 4142 6206; ppageno 0'>
   <div class='ocr_carea' id='block_1_1' title="bbox 327 285 434 343">
    <p class='ocr_par' dir='ltr' id='par_1_1' title="bbox 327 285 434 343">
     <span class='ocr_line' id='line_1_1' title="bbox 327 285 434 343; baseline 0.037 -4"><span class='ocrx_word' id='word_1_1' title='bbox 327 285 434 343; x_wconf 77' lang='lat'>533</span> 
     </span>
    </p>
   </div>
   <div class='ocr_carea' id='block_1_2' title="bbox 321 405 1911 478">
    <p class='ocr_par' dir='ltr' id='par_1_2' title="bbox 321 405 1911 478">
     <span class='ocr_line' id='line_1_2' title="bbox 321 405 1911 478; baseline -0.003 -16"><span class='ocrx_word' id='word_1_2' title='bbox 321 407 412 462; x_wconf 80' lang='grc' dir='ltr'>ὑπ’</span> <span class='ocrx_word' id='word_1_3' title='bbox 443 406 610 460; x_wconf 87' lang='grc' dir='ltr'>αὐτοῦ</span> <span class='ocrx_word' id='word_1_4' title='bbox 643 405 967 478; x_wconf 88' lang='grc' dir='ltr'>τεχθέντων.</span> <span class='ocrx_word' id='word_1_5' title='bbox 1001 406 1158 468; x_wconf 85' lang='grc' dir='ltr'>Τότε,</span> <span class='ocrx_word' id='word_1_6' title='bbox 1210 407 1395 477; x_wconf 58' lang='lat' dir='ltr'><strong><em>mal»,</em></strong></span> <span class='ocrx_word' id='word_1_7' title='bbox 1438 406 1837 472; x_wconf 74' lang='grc' dir='ltr'>ἐτελεύτησεν</span> <span class='ocrx_word' id='word_1_8' title='bbox 1878 407 1911 458; x_wconf 86' lang='grc' dir='ltr'><em>ὀ</em></span> 
     </span>
    </p>
   </div>
   <div class='ocr_carea' id='block_1_3' title="bbox 330 487 1912 558">
    <p class='ocr_par' dir='ltr' id='par_1_3' title="bbox 330 487 1912 558">
     <span class='ocr_line' id='line_1_3' title="bbox 330 487 1912 558; baseline -0.003 -14"><span class='ocrx_word' id='word_1_9' title='bbox 330 489 530 544; x_wconf 81' lang='grc' dir='ltr'>Ἰσαὰκ</span> <span class='ocrx_word' id='word_1_10' title='bbox 563 491 924 558; x_wconf 80' lang='grc' dir='ltr'>πρεσϐύτης,</span> <span class='ocrx_word' id='word_1_11' title='bbox 973 488 1071 543; x_wconf 76' lang='grc' dir='ltr'>καί</span> <span class='ocrx_word' id='word_1_12' title='bbox 1127 489 1363 556; x_wconf 74' lang='grc' dir='ltr'>πλήρης</span> <span class='ocrx_word' id='word_1_13' title='bbox 1416 487 1670 558; x_wconf 72' lang='grc' dir='ltr'>ἡμερῶν.</span> <span class='ocrx_word' id='word_1_14' title='bbox 1709 489 1772 542; x_wconf 76' lang='lat' dir='ltr'><strong><em>El</em></strong></span> <span class='ocrx_word' id='word_1_15' title='bbox 1803 488 1912 557; x_wconf 86' lang='lat'>7&amp;9</span> 
     </span>
    </p>
   </div>
   <div class='ocr_carea' id='block_1_4' title="bbox 319 571 1910 647">
    <p class='ocr_par' dir='ltr' id='par_1_4' title="bbox 319 571 1910 647">
     <span class='ocr_line' id='line_1_4' title="bbox 319 571 1910 647; baseline -0.003 -19"><span class='ocrx_word' id='word_1_16' title='bbox 319 577 484 647; x_wconf 74' lang='grc' dir='ltr'>ἡνίκα</span> <span class='ocrx_word' id='word_1_17' title='bbox 524 575 624 644; x_wconf 82' lang='grc' dir='ltr'>τῆς</span> <span class='ocrx_word' id='word_1_18' title='bbox 685 574 938 642; x_wconf 80' lang='grc' dir='ltr'>εὐλογίας</span> <span class='ocrx_word' id='word_1_19' title='bbox 983 573 1082 645; x_wconf 70' lang='grc' dir='ltr'>τὴν</span> <span class='ocrx_word' id='word_1_20' title='bbox 1117 573 1322 645; x_wconf 82' lang='grc' dir='ltr'>κλοπὴν</span> <span class='ocrx_word' id='word_1_21' title='bbox 1364 575 1599 627; x_wconf 76' lang='grc' dir='ltr'>ἐποιεῖτο</span> <span class='ocrx_word' id='word_1_22' title='bbox 1629 575 1657 626; x_wconf 85' lang='grc' dir='ltr'>ὁ</span> <span class='ocrx_word' id='word_1_23' title='bbox 1691 571 1910 635; x_wconf 86' lang='grc' dir='ltr'>Ἰακὼϐ,</span> 
     </span>
    </p>
   </div>
   <div class='ocr_carea' id='block_1_5' title="bbox 319 655 1914 737">
    <p class='ocr_par' dir='ltr' id='par_1_5' title="bbox 319 655 1914 737">
     <span class='ocr_line' id='line_1_5' title="bbox 319 655 1914 737; baseline 0 -29"><span class='ocrx_word' id='word_1_24' title='bbox 319 656 711 729; x_wconf 71' lang='grc' dir='ltr'>ἠμϐλύνθησαν</span> <span class='ocrx_word' id='word_1_25' title='bbox 738 659 785 710; x_wconf 87' lang='grc' dir='ltr'>οί</span> <span class='ocrx_word' id='word_1_26' title='bbox 813 657 1084 737; x_wconf 74' lang='grc' dir='ltr'>ὀφθαλμοὶ</span> <span class='ocrx_word' id='word_1_27' title='bbox 1109 656 1297 719; x_wconf 83' lang='grc' dir='ltr'>αὐτοῦ,</span> <span class='ocrx_word' id='word_1_28' title='bbox 1327 656 1512 727; x_wconf 71' lang='grc' dir='ltr'>φησὶν,</span> <span class='ocrx_word' id='word_1_29' title='bbox 1555 656 1677 709; x_wconf 80' lang='grc' dir='ltr'>ὅθεν</span> <span class='ocrx_word' id='word_1_30' title='bbox 1719 656 1815 709; x_wconf 73' lang='grc' dir='ltr'>καὶ</span> <span class='ocrx_word' id='word_1_31' title='bbox 1845 655 1914 737; x_wconf 70' lang='grc' dir='ltr'>τά</span> 
     </span>
    </p>
   </div>
   <div class='ocr_carea' id='block_1_6' title="bbox 318 735 1916 811">
    <p class='ocr_par' dir='ltr' id='par_1_6' title="bbox 318 735 1916 811">
     <span class='ocr_line' id='line_1_6' title="bbox 318 735 1916 811; baseline -0.002 -19"><span class='ocrx_word' id='word_1_32' title='bbox 318 741 420 810; x_wconf 83' lang='grc' dir='ltr'>τῆς</span> <span class='ocrx_word' id='word_1_33' title='bbox 439 740 656 808; x_wconf 75' lang='grc' dir='ltr'>ἀπάτης</span> <span class='ocrx_word' id='word_1_34' title='bbox 675 739 823 809; x_wconf 83' lang='grc' dir='ltr'>αὐτῷ</span> <span class='ocrx_word' id='word_1_35' title='bbox 845 735 1254 811; x_wconf 80' lang='grc' dir='ltr'>προεχώρησεν,</span> <span class='ocrx_word' id='word_1_36' title='bbox 1284 740 1538 808; x_wconf 72' lang='grc' dir='ltr'>ἐννόησον</span> <span class='ocrx_word' id='word_1_37' title='bbox 1568 737 1709 808; x_wconf 82' lang='grc' dir='ltr'>μετὰ</span> <span class='ocrx_word' id='word_1_38' title='bbox 1734 735 1916 790; x_wconf 83' lang='grc' dir='ltr'>τοσού-</span> 
     </span>
    </p>
   </div>
   <div class='ocr_carea' id='block_1_7' title="bbox 317 819 1916 894">
    <p class='ocr_par' dir='ltr' id='par_1_7' title="bbox 317 819 1916 894">
     <span class='ocr_line' id='line_1_7' title="bbox 317 819 1916 894; baseline -0.003 -18"><span class='ocrx_word' id='word_1_39' title='bbox 317 841 429 876; x_wconf 85' lang='grc' dir='ltr'>των</span> <span class='ocrx_word' id='word_1_40' title='bbox 457 823 594 876; x_wconf 81' lang='grc' dir='ltr'>ἑτῶν</span> <span class='ocrx_word' id='word_1_41' title='bbox 621 822 853 893; x_wconf 77' lang='grc' dir='ltr'>ἀριθμὸν</span> <span class='ocrx_word' id='word_1_42' title='bbox 882 824 1030 886; x_wconf 84' lang='grc' dir='ltr'>ὃπως</span> <span class='ocrx_word' id='word_1_43' title='bbox 1057 819 1124 894; x_wconf 83' lang='grc' dir='ltr'>ἦν</span> <span class='ocrx_word' id='word_1_44' title='bbox 1158 821 1506 893; x_wconf 88' lang='grc' dir='ltr'>γεγηρακώς.</span> <span class='ocrx_word' id='word_1_45' title='bbox 1537 822 1648 875; x_wconf 79' lang='grc' dir='ltr'>Καὶ</span> <span class='ocrx_word' id='word_1_46' title='bbox 1677 822 1916 889; x_wconf 68' lang='grc' dir='ltr'>ἔθαψαν</span> 
     </span>
    </p>
   </div>
   <div class='ocr_carea' id='block_1_8' title="bbox 318 903 1914 974">
    <p class='ocr_par' dir='ltr' id='par_1_8' title="bbox 318 903 1914 974">
     <span class='ocr_line' id='line_1_8' title="bbox 318 903 1914 974; baseline -0.003 -16"><span class='ocrx_word' id='word_1_47' title='bbox 318 904 526 968; x_wconf 77' lang='grc' dir='ltr'>αὐτὸν,</span> <span class='ocrx_word' id='word_1_48' title='bbox 561 905 744 974; x_wconf 79' lang='grc' dir='ltr'>φησὶν,</span> <span class='ocrx_word' id='word_1_49' title='bbox 780 903 973 958; x_wconf 84' lang='grc' dir='ltr'>Ἠσαῦ</span> <span class='ocrx_word' id='word_1_50' title='bbox 1004 904 1101 958; x_wconf 79' lang='grc' dir='ltr'>καὶ</span> <span class='ocrx_word' id='word_1_51' title='bbox 1143 905 1356 958; x_wconf 76' lang='grc' dir='ltr'>Ἰακώϐ.</span> <span class='ocrx_word' id='word_1_52' title='bbox 1396 905 1556 957; x_wconf 83' lang='grc' dir='ltr'>Ἀλλά</span> <span class='ocrx_word' id='word_1_53' title='bbox 1588 904 1774 958; x_wconf 70' lang='grc' dir='ltr'>λοιπὸν</span> <span class='ocrx_word' id='word_1_54' title='bbox 1816 903 1914 972; x_wconf 84' lang='grc' dir='ltr'>τῆς</span> 
     </span>
    </p>
   </div>
   <div class='ocr_carea' id='block_1_9' title="bbox 320 986 1915 1059">
    <p class='ocr_par' dir='ltr' id='par_1_9' title="bbox 320 986 1915 1059">
     <span class='ocr_line' id='line_1_9' title="bbox 320 986 1915 1059; baseline -0.001 -19"><span class='ocrx_word' id='word_1_55' title='bbox 320 987 575 1057; x_wconf 76' lang='grc' dir='ltr'>τελευτῆς</span> <span class='ocrx_word' id='word_1_56' title='bbox 615 987 712 1040; x_wconf 83' lang='grc' dir='ltr'>τοῦ</span> <span class='ocrx_word' id='word_1_57' title='bbox 751 989 959 1059; x_wconf 73' lang='grc' dir='ltr'>πατρὸς</span> <span class='ocrx_word' id='word_1_58' title='bbox 1007 988 1322 1059; x_wconf 87' lang='grc' dir='ltr'>γενομένης,</span> <span class='ocrx_word' id='word_1_59' title='bbox 1357 986 1588 1055; x_wconf 82' lang='grc' dir='ltr'>Λαϐὼν,</span> <span class='ocrx_word' id='word_1_60' title='bbox 1623 987 1778 1057; x_wconf 74' lang='grc' dir='ltr'>φησὶ,</span> <span class='ocrx_word' id='word_1_61' title='bbox 1807 987 1915 1051; x_wconf 84' lang='grc' dir='ltr'>τὰς</span> 
     </span>
    </p>
   </div>
   <div class='ocr_carea' id='block_1_10' title="bbox 320 1069 1911 1140">
    <p class='ocr_par' dir='ltr' id='par_1_10' title="bbox 320 1069 1911 1140">
     <span class='ocr_line' id='line_1_10' title="bbox 320 1069 1911 1140; baseline -0.001 -16"><span class='ocrx_word' id='word_1_62' title='bbox 320 1071 608 1140; x_wconf 74' lang='grc' dir='ltr'>γυναῖκας</span> <span class='ocrx_word' id='word_1_63' title='bbox 637 1072 824 1125; x_wconf 81' lang='grc' dir='ltr'>αὑτοῦ</span> <span class='ocrx_word' id='word_1_64' title='bbox 859 1070 1062 1134; x_wconf 83' lang='grc' dir='ltr'>Ἠσαῦ,</span> <span class='ocrx_word' id='word_1_65' title='bbox 1095 1074 1191 1126; x_wconf 81' lang='grc' dir='ltr'>καί</span> <span class='ocrx_word' id='word_1_66' title='bbox 1223 1073 1365 1138; x_wconf 81' lang='grc' dir='ltr'>τοὺς</span> <span class='ocrx_word' id='word_1_67' title='bbox 1398 1072 1588 1138; x_wconf 82' lang='grc' dir='ltr'>υἱοὺς,</span> <span class='ocrx_word' id='word_1_68' title='bbox 1627 1071 1726 1125; x_wconf 82' lang='grc' dir='ltr'>καὶ</span> <span class='ocrx_word' id='word_1_69' title='bbox 1764 1069 1911 1123; x_wconf 82' lang='grc' dir='ltr'>πάν-</span> 
     </span>
    </p>
   </div>
   <div class='ocr_carea' id='block_1_11' title="bbox 321 1150 1914 1222">
    <p class='ocr_par' dir='ltr' id='par_1_11' title="bbox 321 1150 1914 1222">
     <span class='ocr_line' id='line_1_11' title="bbox 321 1150 1914 1222; baseline 0 -16"><span class='ocrx_word' id='word_1_70' title='bbox 321 1171 429 1219; x_wconf 83' lang='grc' dir='ltr'>τας</span> <span class='ocrx_word' id='word_1_71' title='bbox 462 1153 604 1220; x_wconf 84' lang='grc' dir='ltr'>τοὺς</span> <span class='ocrx_word' id='word_1_72' title='bbox 635 1155 842 1215; x_wconf 85' lang='grc' dir='ltr'>αὑτοῦ,</span> <span class='ocrx_word' id='word_1_73' title='bbox 877 1154 974 1208; x_wconf 81' lang='grc' dir='ltr'>καί</span> <span class='ocrx_word' id='word_1_74' title='bbox 1008 1154 1206 1208; x_wconf 78' lang='grc' dir='ltr'>πάντα</span> <span class='ocrx_word' id='word_1_75' title='bbox 1241 1155 1357 1210; x_wconf 80' lang='grc' dir='ltr'>ὅσα</span> <span class='ocrx_word' id='word_1_76' title='bbox 1394 1155 1692 1222; x_wconf 76' lang='grc' dir='ltr'>ἐκτήσατο</span> <span class='ocrx_word' id='word_1_77' title='bbox 1731 1153 1800 1206; x_wconf 82' lang='grc' dir='ltr'>ἐν</span> <span class='ocrx_word' id='word_1_78' title='bbox 1835 1150 1914 1222; x_wconf 77' lang='grc' dir='ltr'>γῇ</span> 
     </span>
    </p>
   </div>
   <div class='ocr_carea' id='block_1_12' title="bbox 321 1233 1911 1308">
    <p class='ocr_par' dir='ltr' id='par_1_12' title="bbox 321 1233 1911 1308">
     <span class='ocr_line' id='line_1_12' title="bbox 321 1233 1911 1308; baseline 0.002 -19"><span class='ocrx_word' id='word_1_79' title='bbox 321 1235 586 1298; x_wconf 75' lang='grc' dir='ltr'>Χαναὰν,</span> <span class='ocrx_word' id='word_1_80' title='bbox 606 1236 919 1305; x_wconf 82' lang='grc' dir='ltr'>ἐπορεύθη.</span> <span class='ocrx_word' id='word_1_81' title='bbox 955 1240 1076 1290; x_wconf 82' lang='grc' dir='ltr'>Οὐκ</span> <span class='ocrx_word' id='word_1_82' title='bbox 1101 1239 1365 1306; x_wconf 84' lang='grc' dir='ltr'>ἠδύνατο</span> <span class='ocrx_word' id='word_1_83' title='bbox 1387 1239 1516 1308; x_wconf 77' lang='grc' dir='ltr'>γὰρ,</span> <span class='ocrx_word' id='word_1_84' title='bbox 1551 1239 1735 1308; x_wconf 75' lang='grc' dir='ltr'>φησὶν,</span> <span class='ocrx_word' id='word_1_85' title='bbox 1764 1235 1802 1302; x_wconf 79' lang='grc' dir='ltr'>ἡ</span> <span class='ocrx_word' id='word_1_86' title='bbox 1837 1233 1911 1304; x_wconf 79' lang='grc' dir='ltr'>γῆ</span> 
     </span>
    </p>
   </div>
   <div class='ocr_carea' id='block_1_13' title="bbox 320 1317 1911 1389">
    <p class='ocr_par' dir='ltr' id='par_1_13' title="bbox 320 1317 1911 1389">
     <span class='ocr_line' id='line_1_13' title="bbox 320 1317 1911 1389; baseline 0 -19"><span class='ocrx_word' id='word_1_87' title='bbox 320 1318 432 1386; x_wconf 82' lang='grc' dir='ltr'>τῆς</span> <span class='ocrx_word' id='word_1_88' title='bbox 473 1319 890 1388; x_wconf 79' lang='grc' dir='ltr'>παροικήσεως</span> <span class='ocrx_word' id='word_1_89' title='bbox 937 1321 1144 1389; x_wconf 68' lang='grc' dir='ltr'>φέρειν</span> <span class='ocrx_word' id='word_1_90' title='bbox 1175 1321 1398 1388; x_wconf 75' lang='grc' dir='ltr'>αὐτοὺς</span> <span class='ocrx_word' id='word_1_91' title='bbox 1447 1320 1565 1376; x_wconf 77' lang='grc' dir='ltr'>ἀπὸ</span> <span class='ocrx_word' id='word_1_92' title='bbox 1603 1320 1710 1374; x_wconf 81' lang='grc' dir='ltr'>τοῦ</span> <span class='ocrx_word' id='word_1_93' title='bbox 1753 1317 1911 1384; x_wconf 79' lang='grc' dir='ltr'>πλή-</span> 
     </span>
    </p>
   </div>
   <div class='ocr_carea' id='block_1_14' title="bbox 320 1399 1912 1472">
    <p class='ocr_par' dir='ltr' id='par_1_14' title="bbox 320 1399 1912 1472">
     <span class='ocr_line' id='line_1_14' title="bbox 320 1399 1912 1472; baseline -0.002 -17"><span class='ocrx_word' id='word_1_94' title='bbox 320 1406 464 1469; x_wconf 84' lang='grc' dir='ltr'>θους</span> <span class='ocrx_word' id='word_1_95' title='bbox 495 1401 613 1455; x_wconf 79' lang='grc' dir='ltr'>τῶν</span> <span class='ocrx_word' id='word_1_96' title='bbox 643 1405 1056 1472; x_wconf 70' lang='grc' dir='ltr'>ὑπαρχόντων.</span> <span class='ocrx_word' id='word_1_97' title='bbox 1095 1405 1203 1458; x_wconf 76' lang='grc' dir='ltr'>Καὶ</span> <span class='ocrx_word' id='word_1_98' title='bbox 1234 1404 1435 1472; x_wconf 78' lang='grc' dir='ltr'>ᾤκησε</span> <span class='ocrx_word' id='word_1_99' title='bbox 1471 1403 1690 1458; x_wconf 73' lang='grc' dir='ltr'>λοιπὸν</span> <span class='ocrx_word' id='word_1_100' title='bbox 1725 1403 1795 1453; x_wconf 87' lang='grc' dir='ltr'>ἐν</span> <span class='ocrx_word' id='word_1_101' title='bbox 1833 1399 1912 1465; x_wconf 80' lang='grc' dir='ltr'>τῷ</span> 
     </span>
    </p>
   </div>
   <div class='ocr_carea' id='block_1_15' title="bbox 321 1484 1912 1558">
    <p class='ocr_par' dir='ltr' id='par_1_15' title="bbox 321 1484 1912 1558">
     <span class='ocr_line' id='line_1_15' title="bbox 321 1484 1912 1558; baseline 0.002 -23"><span class='ocrx_word' id='word_1_102' title='bbox 321 1485 440 1550; x_wconf 64' lang='grc' dir='ltr'>ὄρει</span> <span class='ocrx_word' id='word_1_103' title='bbox 484 1486 681 1553; x_wconf 86' lang='grc' dir='ltr'>ΣηεΙρ.</span> <span class='ocrx_word' id='word_1_104' title='bbox 734 1487 842 1539; x_wconf 91' lang='lat' dir='ltr'>Kal</span> <span class='ocrx_word' id='word_1_105' title='bbox 873 1486 1248 1558; x_wconf 77' lang='grc' dir='ltr'>διηγησαμένη</span> <span class='ocrx_word' id='word_1_106' title='bbox 1285 1490 1417 1558; x_wconf 81' lang='grc' dir='ltr'>ἡμῖν</span> <span class='ocrx_word' id='word_1_107' title='bbox 1474 1489 1507 1558; x_wconf 80' lang='grc' dir='ltr'>ἡ</span> <span class='ocrx_word' id='word_1_108' title='bbox 1551 1487 1671 1538; x_wconf 89' lang='grc' dir='ltr'>θεία</span> <span class='ocrx_word' id='word_1_109' title='bbox 1722 1484 1912 1554; x_wconf 77' lang='grc' dir='ltr'>Γραφὴ</span> 
     </span>
    </p>
   </div>
   <div class='ocr_carea' id='block_1_16' title="bbox 319 1565 1912 1641">
    <p class='ocr_par' dir='ltr' id='par_1_16' title="bbox 319 1565 1912 1641">
     <span class='ocr_line' id='line_1_16' title="bbox 319 1565 1912 1641; baseline 0.001 -22"><span class='ocrx_word' id='word_1_110' title='bbox 319 1568 446 1631; x_wconf 80' lang='grc' dir='ltr'>τοὺς</span> <span class='ocrx_word' id='word_1_111' title='bbox 490 1570 552 1622; x_wconf 80' lang='grc' dir='ltr'>ἐκ</span> <span class='ocrx_word' id='word_1_112' title='bbox 598 1569 691 1623; x_wconf 89' lang='grc' dir='ltr'>τοῦ</span> <span class='ocrx_word' id='word_1_113' title='bbox 728 1570 898 1624; x_wconf 85' lang='grc' dir='ltr'>Ἡσαῦ</span> <span class='ocrx_word' id='word_1_114' title='bbox 945 1571 1238 1641; x_wconf 88' lang='grc' dir='ltr'>τεχθέντας</span> <span class='ocrx_word' id='word_1_115' title='bbox 1286 1571 1380 1623; x_wconf 78' lang='grc' dir='ltr'>καὶ</span> <span class='ocrx_word' id='word_1_116' title='bbox 1432 1570 1502 1622; x_wconf 92' lang='lat' dir='ltr'>r&amp;</span> <span class='ocrx_word' id='word_1_117' title='bbox 1545 1568 1671 1638; x_wconf 77' lang='grc' dir='ltr'>ἔθνη</span> <span class='ocrx_word' id='word_1_118' title='bbox 1717 1567 1785 1620; x_wconf 84' lang='grc' dir='ltr'>τὰ</span> <span class='ocrx_word' id='word_1_119' title='bbox 1820 1565 1912 1620; x_wconf 85' lang='grc' dir='ltr'>ὐπ’</span> 
     </span>
    </p>
   </div>
   <div class='ocr_carea' id='block_1_17' title="bbox 319 1648 1914 1723">
    <p class='ocr_par' dir='ltr' id='par_1_17' title="bbox 319 1648 1914 1723">
     <span class='ocr_line' id='line_1_17' title="bbox 319 1648 1914 1723; baseline 0.001 -23"><span class='ocrx_word' id='word_1_120' title='bbox 319 1649 484 1702; x_wconf 86' lang='grc' dir='ltr'>αὐτοῦ</span> <span class='ocrx_word' id='word_1_121' title='bbox 525 1653 886 1723; x_wconf 85' lang='grc' dir='ltr'>γεγενημένα.</span> <span class='ocrx_word' id='word_1_122' title='bbox 920 1653 1082 1723; x_wconf 76' lang='grc' dir='ltr'>φησί’</span> <span class='ocrx_word' id='word_1_123' title='bbox 1136 1651 1463 1720; x_wconf 80' lang='grc' dir='ltr'>Παρῴκησε</span> <span class='ocrx_word' id='word_1_124' title='bbox 1505 1650 1572 1703; x_wconf 82' lang='grc' dir='ltr'>δὲ</span> <span class='ocrx_word' id='word_1_125' title='bbox 1604 1649 1806 1704; x_wconf 77' lang='grc' dir='ltr'>Ἰακὼϐ</span> <span class='ocrx_word' id='word_1_126' title='bbox 1843 1648 1914 1701; x_wconf 90' lang='grc' dir='ltr'>ἐν</span> 
     </span>
    </p>
   </div>
   <div class='ocr_carea' id='block_1_18' title="bbox 321 1731 1914 1802">
    <p class='ocr_par' dir='ltr' id='par_1_18' title="bbox 321 1731 1914 1802">
     <span class='ocr_line' id='line_1_18' title="bbox 321 1731 1914 1802; baseline -0.011 -1"><span class='ocrx_word' id='word_1_127' title='bbox 321 1731 397 1800; x_wconf 68' lang='grc' dir='ltr'><em>τᾶ</em></span> <span class='ocrx_word' id='word_1_128' title='bbox 436 1732 532 1802; x_wconf 72' lang='grc' dir='ltr'>τῇ.</span> <span class='ocrx_word' id='word_1_129' title='bbox 561 1731 632 1789; x_wconf 82' lang='grc' dir='ltr'>οὗ</span> <span class='ocrx_word' id='word_1_130' title='bbox 664 1735 1027 1802; x_wconf 76' lang='grc' dir='ltr'>παρῴκησεν</span> <span class='ocrx_word' id='word_1_131' title='bbox 1059 1737 1092 1787; x_wconf 82' lang='grc' dir='ltr'><em>ὁ</em></span> <span class='ocrx_word' id='word_1_132' title='bbox 1127 1734 1324 1802; x_wconf 79' lang='grc' dir='ltr'>πατὴρ</span> <span class='ocrx_word' id='word_1_133' title='bbox 1351 1734 1561 1797; x_wconf 82' lang='grc' dir='ltr'>αὐτοῦ,</span> <span class='ocrx_word' id='word_1_134' title='bbox 1585 1733 1655 1787; x_wconf 81' lang='grc' dir='ltr'>ἐν</span> <span class='ocrx_word' id='word_1_135' title='bbox 1700 1731 1775 1802; x_wconf 76' lang='grc' dir='ltr'>γῇ</span> <span class='ocrx_word' id='word_1_136' title='bbox 1804 1734 1914 1784; x_wconf 86' lang='grc' dir='ltr'>Χα-</span> 
     </span>
    </p>
   </div>
   <div class='ocr_carea' id='block_1_19' title="bbox 319 1815 1912 1885">
    <p class='ocr_par' dir='ltr' id='par_1_19' title="bbox 319 1815 1912 1885">
     <span class='ocr_line' id='line_1_19' title="bbox 319 1815 1912 1885; baseline 0.001 -20"><span class='ocrx_word' id='word_1_137' title='bbox 319 1815 492 1870; x_wconf 82' lang='grc' dir='ltr'>ναάν.</span> <span class='ocrx_word' id='word_1_138' title='bbox 537 1816 675 1869; x_wconf 81' lang='grc' dir='ltr'>Ἀλλ’</span> <span class='ocrx_word' id='word_1_139' title='bbox 705 1817 955 1869; x_wconf 76' lang='grc' dir='ltr'>ἐντεῦθεν</span> <span class='ocrx_word' id='word_1_140' title='bbox 993 1815 1177 1870; x_wconf 79' lang='grc' dir='ltr'>λοιπὸν</span> <span class='ocrx_word' id='word_1_141' title='bbox 1231 1817 1392 1869; x_wconf 81' lang='grc' dir='ltr'>πάλιν</span> <span class='ocrx_word' id='word_1_142' title='bbox 1430 1816 1729 1885; x_wconf 76' lang='grc' dir='ltr'>διαδέχεται</span> <span class='ocrx_word' id='word_1_143' title='bbox 1765 1815 1912 1885; x_wconf 75' lang='grc' dir='ltr'>ἡμᾶς</span> 
     </span>
    </p>
   </div>
   <div class='ocr_carea' id='block_1_20' title="bbox 318 1895 1819 1971">
    <p class='ocr_par' dir='ltr' id='par_1_20' title="bbox 318 1895 1819 1971">
     <span class='ocr_line' id='line_1_20' title="bbox 318 1895 1819 1971; baseline 0.002 -23"><span class='ocrx_word' id='word_1_144' title='bbox 318 1895 482 1969; x_wconf 85' lang='grc' dir='ltr'>ἑτέρα</span> <span class='ocrx_word' id='word_1_145' title='bbox 515 1899 868 1970; x_wconf 74' lang='grc' dir='ltr'>πραγματεία</span> <span class='ocrx_word' id='word_1_146' title='bbox 897 1901 930 1970; x_wconf 76' lang='grc' dir='ltr'>ὴ</span> <span class='ocrx_word' id='word_1_147' title='bbox 970 1901 1110 1952; x_wconf 87' lang='grc' dir='ltr'>κατά</span> <span class='ocrx_word' id='word_1_148' title='bbox 1141 1899 1232 1952; x_wconf 76' lang='grc' dir='ltr'>τὸν</span> <span class='ocrx_word' id='word_1_149' title='bbox 1262 1899 1563 1971; x_wconf 80' lang='grc' dir='ltr'>Θαυμάσιον</span> <span class='ocrx_word' id='word_1_150' title='bbox 1601 1901 1819 1969; x_wconf 80' lang='grc' dir='ltr'>Ἰωσήφ.</span> 
     </span>
    </p>
   </div>
   <div class='ocr_carea' id='block_1_21' title="bbox 391 1989 1910 2061">
    <p class='ocr_par' dir='ltr' id='par_1_21' title="bbox 391 1989 1910 2061">
     <span class='ocr_line' id='line_1_21' title="bbox 391 1989 1910 2061; baseline 0.001 -19"><span class='ocrx_word' id='word_1_151' title='bbox 391 1989 617 2058; x_wconf 88' lang='grc' dir='ltr'>γ’.Ἀλλ’</span> <span class='ocrx_word' id='word_1_152' title='bbox 647 1991 695 2042; x_wconf 89' lang='grc' dir='ltr'>εί</span> <span class='ocrx_word' id='word_1_153' title='bbox 725 1989 1004 2061; x_wconf 80' lang='grc' dir='ltr'>βούλεσθε,</span> <span class='ocrx_word' id='word_1_154' title='bbox 1035 1989 1271 2043; x_wconf 75' lang='grc' dir='ltr'>ἐνταῦθα</span> <span class='ocrx_word' id='word_1_155' title='bbox 1304 1991 1603 2060; x_wconf 81' lang='grc' dir='ltr'>στήσαντες</span> <span class='ocrx_word' id='word_1_156' title='bbox 1634 1991 1724 2042; x_wconf 68' lang='grc' dir='ltr'>τὸν</span> <span class='ocrx_word' id='word_1_157' title='bbox 1754 1989 1910 2059; x_wconf 85' lang='grc' dir='ltr'>λόγον</span> 
     </span>
    </p>
   </div>
   <div class='ocr_carea' id='block_1_22' title="bbox 317 2072 1911 2145">
    <p class='ocr_par' dir='ltr' id='par_1_22' title="bbox 317 2072 1911 2145">
     <span class='ocr_line' id='line_1_22' title="bbox 317 2072 1911 2145; baseline 0.001 -21"><span class='ocrx_word' id='word_1_158' title='bbox 317 2073 399 2136; x_wconf 87' lang='grc' dir='ltr'>είς</span> <span class='ocrx_word' id='word_1_159' title='bbox 427 2073 618 2145; x_wconf 78' lang='grc' dir='ltr'>ἑτέραν</span> <span class='ocrx_word' id='word_1_160' title='bbox 654 2072 830 2144; x_wconf 80' lang='grc' dir='ltr'>ἀρχὴν</span> <span class='ocrx_word' id='word_1_161' title='bbox 867 2072 1273 2144; x_wconf 87' lang='grc' dir='ltr'>ταμιευσόμεθα</span> <span class='ocrx_word' id='word_1_162' title='bbox 1312 2074 1410 2143; x_wconf 83' lang='grc' dir='ltr'>τὴν</span> <span class='ocrx_word' id='word_1_163' title='bbox 1441 2074 1582 2126; x_wconf 73' lang='grc' dir='ltr'>κατὰ</span> <span class='ocrx_word' id='word_1_164' title='bbox 1616 2073 1706 2126; x_wconf 79' lang='grc' dir='ltr'>τὸν</span> <span class='ocrx_word' id='word_1_165' title='bbox 1745 2073 1911 2126; x_wconf 81' lang='grc' dir='ltr'>παῖδα</span> 
     </span>
    </p>
   </div>
   <div class='ocr_carea' id='block_1_23' title="bbox 315 2154 1908 2228">
    <p class='ocr_par' dir='ltr' id='par_1_23' title="bbox 315 2154 1908 2228">
     <span class='ocr_line' id='line_1_23' title="bbox 315 2154 1908 2228; baseline 0 -22"><span class='ocrx_word' id='word_1_166' title='bbox 315 2155 412 2208; x_wconf 88' lang='grc' dir='ltr'>τοῦ</span> <span class='ocrx_word' id='word_1_167' title='bbox 446 2154 638 2208; x_wconf 88' lang='grc' dir='ltr'>Ἰακὼϐ</span> <span class='ocrx_word' id='word_1_168' title='bbox 670 2155 932 2225; x_wconf 80' lang='grc' dir='ltr'>ἱστορίαν,</span> <span class='ocrx_word' id='word_1_169' title='bbox 967 2157 1143 2210; x_wconf 78' lang='grc' dir='ltr'>έκεῖνο</span> <span class='ocrx_word' id='word_1_170' title='bbox 1173 2155 1606 2228; x_wconf 87' lang='grc' dir='ltr'>παραινέσαντες</span> <span class='ocrx_word' id='word_1_171' title='bbox 1642 2155 1796 2225; x_wconf 86' lang='grc' dir='ltr'>ὐμῶν</span> <span class='ocrx_word' id='word_1_172' title='bbox 1841 2156 1908 2226; x_wconf 81' lang='grc' dir='ltr'>τῇ</span> 
     </span>
    </p>
   </div>
   <div class='ocr_carea' id='block_1_24' title="bbox 316 2238 1907 2311">
    <p class='ocr_par' dir='ltr' id='par_1_24' title="bbox 316 2238 1907 2311">
     <span class='ocr_line' id='line_1_24' title="bbox 316 2238 1907 2311; baseline -0.001 -19"><span class='ocrx_word' id='word_1_173' title='bbox 316 2238 530 2311; x_wconf 82' lang='grc' dir='ltr'>ἀγάπῃ.</span> <span class='ocrx_word' id='word_1_174' title='bbox 566 2239 706 2310; x_wconf 88' lang='grc' dir='ltr'>μετά</span> <span class='ocrx_word' id='word_1_175' title='bbox 747 2239 1032 2310; x_wconf 86' lang='grc' dir='ltr'>ἀκριϐείας</span> <span class='ocrx_word' id='word_1_176' title='bbox 1082 2241 1372 2310; x_wconf 80' lang='grc' dir='ltr'>προσέχειν</span> <span class='ocrx_word' id='word_1_177' title='bbox 1412 2242 1524 2303; x_wconf 85' lang='grc' dir='ltr'>τοῖς</span> <span class='ocrx_word' id='word_1_178' title='bbox 1572 2238 1907 2308; x_wconf 79' lang='grc' dir='ltr'>λεγομένοις,</span> 
     </span>
    </p>
   </div>
   <div class='ocr_carea' id='block_1_25' title="bbox 317 2322 1912 2394">
    <p class='ocr_par' dir='ltr' id='par_1_25' title="bbox 317 2322 1912 2394">
     <span class='ocr_line' id='line_1_25' title="bbox 317 2322 1912 2394; baseline -0.001 -18"><span class='ocrx_word' id='word_1_179' title='bbox 317 2325 415 2376; x_wconf 79' lang='grc' dir='ltr'>καὶ</span> <span class='ocrx_word' id='word_1_180' title='bbox 445 2323 504 2387; x_wconf 75' lang='grc' dir='ltr'><strong>ἐξ</strong></span> <span class='ocrx_word' id='word_1_181' title='bbox 546 2322 778 2376; x_wconf 75' lang='grc' dir='ltr'>ἑκάστου</span> <span class='ocrx_word' id='word_1_182' title='bbox 805 2322 912 2375; x_wconf 90' lang='grc' dir='ltr'>τῶν</span> <span class='ocrx_word' id='word_1_183' title='bbox 941 2325 999 2375; x_wconf 84' lang='grc' dir='ltr'>ἑν</span> <span class='ocrx_word' id='word_1_184' title='bbox 1031 2326 1098 2393; x_wconf 81' lang='grc' dir='ltr'>τῇ</span> <span class='ocrx_word' id='word_1_185' title='bbox 1131 2323 1253 2392; x_wconf 81' lang='grc' dir='ltr'>θείᾳ</span> <span class='ocrx_word' id='word_1_186' title='bbox 1277 2324 1469 2394; x_wconf 73' lang='grc' dir='ltr'>Γραφῇ</span> <span class='ocrx_word' id='word_1_187' title='bbox 1514 2323 1780 2393; x_wconf 77' lang='grc' dir='ltr'>κειμένων</span> <span class='ocrx_word' id='word_1_188' title='bbox 1818 2338 1912 2391; x_wconf 83' lang='grc' dir='ltr'>με·</span> 
     </span>
    </p>
   </div>
   <div class='ocr_carea' id='block_1_26' title="bbox 315 2403 1912 2476">
    <p class='ocr_par' dir='ltr' id='par_1_26' title="bbox 315 2403 1912 2476">
     <span class='ocr_line' id='line_1_26' title="bbox 315 2403 1912 2476; baseline -0.001 -18"><span class='ocrx_word' id='word_1_189' title='bbox 315 2405 512 2476; x_wconf 77' lang='grc' dir='ltr'>τίστην</span> <span class='ocrx_word' id='word_1_190' title='bbox 544 2405 888 2476; x_wconf 81' lang='grc' dir='ltr'>καρποῦσθαι</span> <span class='ocrx_word' id='word_1_191' title='bbox 925 2405 1022 2475; x_wconf 81' lang='grc' dir='ltr'>τὴν</span> <span class='ocrx_word' id='word_1_192' title='bbox 1055 2406 1346 2475; x_wconf 77' lang='grc' dir='ltr'>ὠφέλειαν,</span> <span class='ocrx_word' id='word_1_193' title='bbox 1386 2407 1482 2458; x_wconf 71' lang='grc' dir='ltr'>καὶ</span> <span class='ocrx_word' id='word_1_194' title='bbox 1523 2405 1690 2476; x_wconf 74' lang='grc' dir='ltr'>μηδὲν</span> <span class='ocrx_word' id='word_1_195' title='bbox 1725 2403 1912 2467; x_wconf 85' lang='grc' dir='ltr'>ἁπλῶς</span> 
     </span>
    </p>
   </div>
   <div class='ocr_carea' id='block_1_27' title="bbox 317 2484 1913 2558">
    <p class='ocr_par' dir='ltr' id='par_1_27' title="bbox 317 2484 1913 2558">
     <span class='ocr_line' id='line_1_27' title="bbox 317 2484 1913 2558; baseline -0.001 -20"><span class='ocrx_word' id='word_1_196' title='bbox 317 2487 709 2558; x_wconf 74' lang='grc' dir='ltr'>παρατρέχειν.</span> <span class='ocrx_word' id='word_1_197' title='bbox 763 2487 1048 2558; x_wconf 78' lang='grc' dir='ltr'>Θησαυρὸς</span> <span class='ocrx_word' id='word_1_198' title='bbox 1095 2487 1204 2558; x_wconf 85' lang='grc' dir='ltr'>γάρ</span> <span class='ocrx_word' id='word_1_199' title='bbox 1254 2489 1372 2541; x_wconf 88' lang='grc' dir='ltr'>ἑστι</span> <span class='ocrx_word' id='word_1_200' title='bbox 1424 2486 1790 2558; x_wconf 75' lang='grc' dir='ltr'>πνευματικὸς</span> <span class='ocrx_word' id='word_1_201' title='bbox 1844 2484 1913 2537; x_wconf 78' lang='grc' dir='ltr'>τὰ.</span> 
     </span>
    </p>
   </div>
   <div class='ocr_carea' id='block_1_28' title="bbox 317 2569 1910 2641">
    <p class='ocr_par' dir='ltr' id='par_1_28' title="bbox 317 2569 1910 2641">
     <span class='ocr_line' id='line_1_28' title="bbox 317 2569 1910 2641; baseline -0.001 -19"><span class='ocrx_word' id='word_1_202' title='bbox 317 2569 438 2622; x_wconf 85' lang='grc' dir='ltr'>θεῖα</span> <span class='ocrx_word' id='word_1_203' title='bbox 472 2569 656 2638; x_wconf 84' lang='grc' dir='ltr'>λόγια⁹</span> <span class='ocrx_word' id='word_1_204' title='bbox 697 2571 790 2623; x_wconf 76' lang='grc' dir='ltr'>καὶ</span> <span class='ocrx_word' id='word_1_205' title='bbox 833 2570 1081 2641; x_wconf 87' lang='grc' dir='ltr'>καθάπερ</span> <span class='ocrx_word' id='word_1_206' title='bbox 1122 2571 1231 2624; x_wconf 82' lang='grc' dir='ltr'>ἀπὸ</span> <span class='ocrx_word' id='word_1_207' title='bbox 1271 2569 1366 2624; x_wconf 85' lang='grc' dir='ltr'>τοῦ</span> <span class='ocrx_word' id='word_1_208' title='bbox 1407 2569 1669 2640; x_wconf 85' lang='grc' dir='ltr'>αίσθητοῦ</span> <span class='ocrx_word' id='word_1_209' title='bbox 1704 2569 1910 2639; x_wconf 86' lang='grc' dir='ltr'>θησαυ-</span> 
     </span>
    </p>
   </div>
   <div class='ocr_carea' id='block_1_29' title="bbox 321 2652 1912 2724">
    <p class='ocr_par' dir='ltr' id='par_1_29' title="bbox 321 2652 1912 2724">
     <span class='ocr_line' id='line_1_29' title="bbox 321 2652 1912 2724; baseline 0.001 -21"><span class='ocrx_word' id='word_1_210' title='bbox 321 2652 415 2722; x_wconf 80' lang='grc' dir='ltr'>ροῦ</span> <span class='ocrx_word' id='word_1_211' title='bbox 462 2655 555 2706; x_wconf 74' lang='grc' dir='ltr'>καὶ</span> <span class='ocrx_word' id='word_1_212' title='bbox 587 2652 730 2706; x_wconf 88' lang='grc' dir='ltr'>λίθον</span> <span class='ocrx_word' id='word_1_213' title='bbox 765 2653 862 2706; x_wconf 84' lang='grc' dir='ltr'>ἑνα</span> <span class='ocrx_word' id='word_1_214' title='bbox 905 2653 1164 2718; x_wconf 80' lang='grc' dir='ltr'>πολλάκις</span> <span class='ocrx_word' id='word_1_215' title='bbox 1212 2653 1544 2724; x_wconf 65' lang='grc' dir='ltr'>ὐςοελόμενός</span> <span class='ocrx_word' id='word_1_216' title='bbox 1591 2671 1694 2716; x_wconf 85' lang='grc' dir='ltr'>τις,</span> <span class='ocrx_word' id='word_1_217' title='bbox 1743 2652 1912 2706; x_wconf 83' lang='grc' dir='ltr'>πολὺν</span> 
     </span>
    </p>
   </div>
   <div class='ocr_carea' id='block_1_30' title="bbox 317 2735 1912 2807">
    <p class='ocr_par' dir='ltr' id='par_1_30' title="bbox 317 2735 1912 2807">
     <span class='ocr_line' id='line_1_30' title="bbox 317 2735 1912 2807; baseline -0.001 -19"><span class='ocrx_word' id='word_1_218' title='bbox 317 2735 496 2806; x_wconf 72' lang='grc' dir='ltr'>ἑαυτῷ</span> <span class='ocrx_word' id='word_1_219' title='bbox 533 2737 823 2807; x_wconf 79' lang='grc' dir='ltr'>ἐργάζεται</span> <span class='ocrx_word' id='word_1_220' title='bbox 864 2736 956 2790; x_wconf 81' lang='grc' dir='ltr'>τὸν</span> <span class='ocrx_word' id='word_1_221' title='bbox 994 2736 1256 2790; x_wconf 74' lang='grc' dir='ltr'>πλοῦτονο</span> <span class='ocrx_word' id='word_1_222' title='bbox 1297 2736 1440 2790; x_wconf 82' lang='grc' dir='ltr'>οὓτω</span> <span class='ocrx_word' id='word_1_223' title='bbox 1469 2738 1564 2790; x_wconf 77' lang='grc' dir='ltr'>καὶ</span> <span class='ocrx_word' id='word_1_224' title='bbox 1596 2735 1831 2790; x_wconf 79' lang='grc' dir='ltr'>ἐνταῦθα</span> <span class='ocrx_word' id='word_1_225' title='bbox 1854 2735 1912 2788; x_wconf 89' lang='grc' dir='ltr'>αί</span> 
     </span>
    </p>
   </div>
   <div class='ocr_carea' id='block_1_31' title="bbox 316 2817 1913 2892">
    <p class='ocr_par' dir='ltr' id='par_1_31' title="bbox 316 2817 1913 2892">
     <span class='ocr_line' id='line_1_31' title="bbox 316 2817 1913 2892; baseline -0.001 -21"><span class='ocrx_word' id='word_1_226' title='bbox 316 2818 426 2871; x_wconf 87' lang='grc' dir='ltr'>τῶν</span> <span class='ocrx_word' id='word_1_227' title='bbox 452 2820 677 2873; x_wconf 88' lang='grc' dir='ltr'>δικαίων</span> <span class='ocrx_word' id='word_1_228' title='bbox 708 2821 920 2892; x_wconf 70' lang='grc' dir='ltr'>ἀρεταὶ,</span> <span class='ocrx_word' id='word_1_229' title='bbox 953 2821 1002 2874; x_wconf 85' lang='grc' dir='ltr'>εἰ</span> <span class='ocrx_word' id='word_1_230' title='bbox 1031 2821 1321 2892; x_wconf 81' lang='grc' dir='ltr'>προσέχειν</span> <span class='ocrx_word' id='word_1_231' title='bbox 1351 2820 1696 2891; x_wconf 81' lang='grc' dir='ltr'>βουλοίμεθα,</span> <span class='ocrx_word' id='word_1_232' title='bbox 1723 2817 1913 2871; x_wconf 90' lang='grc' dir='ltr'>τοσαύ-</span> 
     </span>
    </p>
   </div>
   <div class='ocr_carea' id='block_1_32' title="bbox 316 2902 1913 2974">
    <p class='ocr_par' dir='ltr' id='par_1_32' title="bbox 316 2902 1913 2974">
     <span class='ocr_line' id='line_1_32' title="bbox 316 2902 1913 2974; baseline 0.001 -22"><span class='ocrx_word' id='word_1_233' title='bbox 316 2919 419 2973; x_wconf 89' lang='grc' dir='ltr'>την</span> <span class='ocrx_word' id='word_1_234' title='bbox 443 2905 575 2972; x_wconf 74' lang='grc' dir='ltr'>ἡμῖν</span> <span class='ocrx_word' id='word_1_235' title='bbox 614 2903 714 2974; x_wconf 72' lang='grc' dir='ltr'>τὴν</span> <span class='ocrx_word' id='word_1_236' title='bbox 743 2904 1010 2972; x_wconf 70' lang='grc' dir='ltr'>ὠφέλειαν</span> <span class='ocrx_word' id='word_1_237' title='bbox 1037 2904 1297 2974; x_wconf 85' lang='grc' dir='ltr'>παρέχειν</span> <span class='ocrx_word' id='word_1_238' title='bbox 1340 2904 1683 2974; x_wconf 82' lang='grc' dir='ltr'>δυνήσονται,</span> <span class='ocrx_word' id='word_1_239' title='bbox 1713 2902 1788 2965; x_wconf 91' lang='grc' dir='ltr'>ώς</span> <span class='ocrx_word' id='word_1_240' title='bbox 1820 2902 1913 2954; x_wconf 76' lang='grc' dir='ltr'>καὶ</span> 
     </span>
    </p>
   </div>
   <div class='ocr_carea' id='block_1_33' title="bbox 319 2985 1912 3057">
    <p class='ocr_par' dir='ltr' id='par_1_33' title="bbox 319 2985 1912 3057">
     <span class='ocr_line' id='line_1_33' title="bbox 319 2985 1912 3057; baseline 0.001 -21"><span class='ocrx_word' id='word_1_241' title='bbox 319 2985 458 3053; x_wconf 77' lang='grc' dir='ltr'>πρὸς</span> <span class='ocrx_word' id='word_1_242' title='bbox 491 2986 582 3038; x_wconf 72' lang='grc' dir='ltr'>τὸν</span> <span class='ocrx_word' id='word_1_243' title='bbox 611 2987 795 3056; x_wconf 83' lang='grc' dir='ltr'>ὅμοιον</span> <span class='ocrx_word' id='word_1_244' title='bbox 822 2987 1004 3041; x_wconf 89' lang='grc' dir='ltr'>αὐτῶν</span> <span class='ocrx_word' id='word_1_245' title='bbox 1028 2986 1374 3057; x_wconf 82' lang='grc' dir='ltr'>διεγερθῆναι</span> <span class='ocrx_word' id='word_1_246' title='bbox 1399 2985 1589 3056; x_wconf 63' lang='grc' dir='ltr'>ζῆλον.</span> <span class='ocrx_word' id='word_1_247' title='bbox 1622 2985 1778 3038; x_wconf 85' lang='grc' dir='ltr'>Οῦτω</span> <span class='ocrx_word' id='word_1_248' title='bbox 1805 2985 1912 3056; x_wconf 85' lang='lat'>7&amp;9</span> 
     </span>
    </p>
   </div>
   <div class='ocr_carea' id='block_1_34' title="bbox 315 3068 1914 3141">
    <p class='ocr_par' dir='ltr' id='par_1_34' title="bbox 315 3068 1914 3141">
     <span class='ocr_line' id='line_1_34' title="bbox 315 3068 1914 3141; baseline -0.001 -19"><span class='ocrx_word' id='word_1_249' title='bbox 315 3069 666 3140; x_wconf 73' lang='grc' dir='ltr'>δυνησόμεθα</span> <span class='ocrx_word' id='word_1_250' title='bbox 699 3071 794 3123; x_wconf 72' lang='grc' dir='ltr'>καὶ</span> <span class='ocrx_word' id='word_1_251' title='bbox 824 3071 988 3141; x_wconf 80' lang='grc' dir='ltr'>ἡμεῖς</span> <span class='ocrx_word' id='word_1_252' title='bbox 1018 3071 1118 3140; x_wconf 81' lang='grc' dir='ltr'>τῆς</span> <span class='ocrx_word' id='word_1_253' title='bbox 1148 3069 1320 3139; x_wconf 80' lang='grc' dir='ltr'>αὐτῆς</span> <span class='ocrx_word' id='word_1_254' title='bbox 1352 3071 1464 3132; x_wconf 77' lang='grc' dir='ltr'>τοῖς</span> <span class='ocrx_word' id='word_1_255' title='bbox 1500 3068 1732 3131; x_wconf 88' lang='grc' dir='ltr'>δικαίοις</span> <span class='ocrx_word' id='word_1_256' title='bbox 1779 3070 1914 3121; x_wconf 87' lang='grc' dir='ltr'>ἀπο-</span> 
     </span>
    </p>
   </div>
   <div class='ocr_carea' id='block_1_35' title="bbox 317 3151 1915 3223">
    <p class='ocr_par' dir='ltr' id='par_1_35' title="bbox 317 3151 1915 3223">
     <span class='ocr_line' id='line_1_35' title="bbox 317 3151 1915 3223; baseline 0 -19"><span class='ocrx_word' id='word_1_257' title='bbox 317 3151 517 3205; x_wconf 88' lang='grc' dir='ltr'>λαῦσαι</span> <span class='ocrx_word' id='word_1_258' title='bbox 548 3153 700 3223; x_wconf 83' lang='grc' dir='ltr'>παρά</span> <span class='ocrx_word' id='word_1_259' title='bbox 733 3152 826 3206; x_wconf 87' lang='grc' dir='ltr'>τοῦ</span> <span class='ocrx_word' id='word_1_260' title='bbox 851 3153 988 3206; x_wconf 87' lang='grc' dir='ltr'>Θεοῦ</span> <span class='ocrx_word' id='word_1_261' title='bbox 1013 3153 1245 3215; x_wconf 81' lang='grc' dir='ltr'>εὐνοίας.</span> <span class='ocrx_word' id='word_1_262' title='bbox 1278 3151 1434 3205; x_wconf 78' lang='grc' dir='ltr'>Οὐδὲ</span> <span class='ocrx_word' id='word_1_263' title='bbox 1460 3152 1574 3221; x_wconf 75' lang='grc' dir='ltr'>γὰρ</span> <span class='ocrx_word' id='word_1_264' title='bbox 1604 3165 1915 3219; x_wconf 75' lang='grc' dir='ltr'>προσωπο-</span> 
     </span>
    </p>
   </div>
   <div class='ocr_carea' id='block_1_36' title="bbox 318 3234 1914 3302">
    <p class='ocr_par' dir='ltr' id='par_1_36' title="bbox 318 3234 1914 3302">
     <span class='ocr_line' id='line_1_36' title="bbox 318 3234 1914 3302; baseline -0.002 -12"><span class='ocrx_word' id='word_1_265' title='bbox 318 3236 559 3302; x_wconf 55' lang='lat' dir='ltr'>misum;</span> <span class='ocrx_word' id='word_1_266' title='bbox 591 3236 764 3290; x_wconf 77' lang='grc' dir='ltr'>ἐστὶν</span> <span class='ocrx_word' id='word_1_267' title='bbox 796 3241 829 3291; x_wconf 83' lang='grc' dir='ltr'>ό</span> <span class='ocrx_word' id='word_1_268' title='bbox 866 3238 1030 3302; x_wconf 79' lang='grc' dir='ltr'>Θεὸς,</span> <span class='ocrx_word' id='word_1_269' title='bbox 1070 3235 1210 3290; x_wconf 72' lang='grc' dir='ltr'>ἀλλ’</span> <span class='ocrx_word' id='word_1_270' title='bbox 1236 3235 1306 3287; x_wconf 81' lang='grc' dir='ltr'>ἐν</span> <span class='ocrx_word' id='word_1_271' title='bbox 1337 3235 1516 3288; x_wconf 76' lang='grc' dir='ltr'>παντί</span> <span class='ocrx_word' id='word_1_272' title='bbox 1549 3234 1709 3289; x_wconf 78' lang='grc' dir='ltr'>ἔθνει</span> <span class='ocrx_word' id='word_1_273' title='bbox 1738 3237 1772 3288; x_wconf 88' lang='lat' dir='ltr'>o&#39;</span> <span class='ocrx_word' id='word_1_274' title='bbox 1808 3251 1914 3302; x_wconf 69' lang='grc' dir='ltr'>φο-</span> 
     </span>
    </p>
   </div>
   <div class='ocr_carea' id='block_1_37' title="bbox 320 3316 1910 3388">
    <p class='ocr_par' dir='ltr' id='par_1_37' title="bbox 320 3316 1910 3388">
     <span class='ocr_line' id='line_1_37' title="bbox 320 3316 1910 3388; baseline -0.002 -15"><span class='ocrx_word' id='word_1_275' title='bbox 320 3319 610 3388; x_wconf 83' lang='grc' dir='ltr'>ϐούμενος</span> <span class='ocrx_word' id='word_1_276' title='bbox 659 3320 848 3373; x_wconf 82' lang='grc' dir='ltr'>αὐτὸν</span> <span class='ocrx_word' id='word_1_277' title='bbox 897 3318 996 3372; x_wconf 78' lang='grc' dir='ltr'>καί</span> <span class='ocrx_word' id='word_1_278' title='bbox 1051 3316 1440 3388; x_wconf 67' lang='grc' dir='ltr'>ἐρταῦὅμενος</span> <span class='ocrx_word' id='word_1_279' title='bbox 1496 3316 1910 3385; x_wconf 79' lang='grc' dir='ltr'>δικαιοσύνην,</span> 
     </span>
    </p>
   </div>
   <div class='ocr_carea' id='block_1_38' title="bbox 320 3400 1914 3471">
    <p class='ocr_par' dir='ltr' id='par_1_38' title="bbox 320 3400 1914 3471">
     <span class='ocr_line' id='line_1_38' title="bbox 320 3400 1914 3471; baseline 0 -17"><span class='ocrx_word' id='word_1_280' title='bbox 320 3402 532 3468; x_wconf 76' lang='grc' dir='ltr'>δεκτὸς</span> <span class='ocrx_word' id='word_1_281' title='bbox 569 3402 732 3468; x_wconf 81' lang='grc' dir='ltr'>αὐτῷ</span> <span class='ocrx_word' id='word_1_282' title='bbox 768 3403 973 3456; x_wconf 80' lang='grc' dir='ltr'>ἐστιν’</span> <span class='ocrx_word' id='word_1_283' title='bbox 1002 3401 1167 3464; x_wconf 82' lang='grc' dir='ltr'>ὥστε,</span> <span class='ocrx_word' id='word_1_284' title='bbox 1207 3402 1256 3454; x_wconf 86' lang='grc' dir='ltr'>εί</span> <span class='ocrx_word' id='word_1_285' title='bbox 1293 3400 1638 3471; x_wconf 84' lang='grc' dir='ltr'>βουλοίμεθα,</span> <span class='ocrx_word' id='word_1_286' title='bbox 1670 3400 1820 3454; x_wconf 72' lang='grc' dir='ltr'>οὐδὲν</span> <span class='ocrx_word' id='word_1_287' title='bbox 1853 3401 1914 3454; x_wconf 82' lang='lat' dir='ltr'>rb</span> 
     </span>
    </p>
   </div>
   <div class='ocr_carea' id='block_1_39' title="bbox 323 3482 1912 3557">
    <p class='ocr_par' dir='ltr' id='par_1_39' title="bbox 323 3482 1912 3557">
     <span class='ocr_line' id='line_1_39' title="bbox 323 3482 1912 3557; baseline -0.003 -18"><span class='ocrx_word' id='word_1_288' title='bbox 323 3485 529 3540; x_wconf 86' lang='grc' dir='ltr'>κωλύον</span> <span class='ocrx_word' id='word_1_289' title='bbox 558 3485 827 3557; x_wconf 76' lang='grc' dir='ltr'>τοσαύτης</span> <span class='ocrx_word' id='word_1_290' title='bbox 850 3486 884 3556; x_wconf 77' lang='grc' dir='ltr'>ἢ</span> <span class='ocrx_word' id='word_1_291' title='bbox 912 3485 1006 3538; x_wconf 72' lang='grc' dir='ltr'>καὶ</span> <span class='ocrx_word' id='word_1_292' title='bbox 1036 3484 1278 3547; x_wconf 84' lang='grc' dir='ltr'>πλείονος</span> <span class='ocrx_word' id='word_1_293' title='bbox 1304 3487 1338 3554; x_wconf 76' lang='grc' dir='ltr'><strong>ἡ</strong></span> <span class='ocrx_word' id='word_1_294' title='bbox 1347 3485 1452 3554; x_wconf 82' lang='grc' dir='ltr'>μᾶς</span> <span class='ocrx_word' id='word_1_295' title='bbox 1483 3482 1790 3537; x_wconf 87' lang='grc' dir='ltr'>ἀπολαῦσαι</span> <span class='ocrx_word' id='word_1_296' title='bbox 1817 3482 1912 3553; x_wconf 82' lang='grc' dir='ltr'>τῆς</span> 
     </span>
    </p>
   </div>
   <div class='ocr_carea' id='block_1_40' title="bbox 321 3565 1913 3639">
    <p class='ocr_par' dir='ltr' id='par_1_40' title="bbox 321 3565 1913 3639">
     <span class='ocr_line' id='line_1_40' title="bbox 321 3565 1913 3639; baseline -0.001 -18"><span class='ocrx_word' id='word_1_297' title='bbox 321 3568 528 3621; x_wconf 83' lang='grc' dir='ltr'>ἀνωθεν</span> <span class='ocrx_word' id='word_1_298' title='bbox 574 3569 765 3639; x_wconf 74' lang='grc' dir='ltr'>ῥοπῆς.</span> <span class='ocrx_word' id='word_1_299' title='bbox 805 3569 928 3622; x_wconf 81' lang='grc' dir='ltr'>Ἐάν</span> <span class='ocrx_word' id='word_1_300' title='bbox 972 3569 1081 3638; x_wconf 81' lang='lat'>7&amp;9</span> <span class='ocrx_word' id='word_1_301' title='bbox 1132 3567 1290 3638; x_wconf 89' lang='grc' dir='ltr'>μόνον</span> <span class='ocrx_word' id='word_1_302' title='bbox 1335 3565 1482 3638; x_wconf 81' lang='grc'>[581]</span> <span class='ocrx_word' id='word_1_303' title='bbox 1531 3567 1677 3637; x_wconf 75' lang='grc' dir='ltr'>ἡμᾶς</span> <span class='ocrx_word' id='word_1_304' title='bbox 1711 3567 1796 3638; x_wconf 74' lang='grc' dir='ltr'>ἴδη</span> <span class='ocrx_word' id='word_1_305' title='bbox 1844 3565 1913 3619; x_wconf 83' lang='grc' dir='ltr'>τὰ</span> 
     </span>
    </p>
   </div>
   <div class='ocr_carea' id='block_1_41' title="bbox 323 3647 1913 3722">
    <p class='ocr_par' dir='ltr' id='par_1_41' title="bbox 323 3647 1913 3722">
     <span class='ocr_line' id='line_1_41' title="bbox 323 3647 1913 3722; baseline -0.002 -19"><span class='ocrx_word' id='word_1_306' title='bbox 323 3650 454 3721; x_wconf 79' lang='grc' dir='ltr'>παρ’</span> <span class='ocrx_word' id='word_1_307' title='bbox 501 3651 708 3704; x_wconf 78' lang='grc' dir='ltr'>ἑαυτῶν</span> <span class='ocrx_word' id='word_1_308' title='bbox 758 3651 1142 3722; x_wconf 77' lang='grc' dir='ltr'>εἰσφέροντας,</span> <span class='ocrx_word' id='word_1_309' title='bbox 1200 3650 1293 3703; x_wconf 69' lang='grc' dir='ltr'>κα)⁸</span> <span class='ocrx_word' id='word_1_310' title='bbox 1339 3649 1409 3702; x_wconf 90' lang='lat' dir='ltr'>r&amp;</span> <span class='ocrx_word' id='word_1_311' title='bbox 1458 3649 1607 3719; x_wconf 85' lang='grc' dir='ltr'>αὐτῴ</span> <span class='ocrx_word' id='word_1_312' title='bbox 1653 3647 1913 3701; x_wconf 85' lang='grc' dir='ltr'>δοκοῦντα</span> 
     </span>
    </p>
   </div>
   <div class='ocr_carea' id='block_1_42' title="bbox 323 3729 1912 3805">
    <p class='ocr_par' dir='ltr' id='par_1_42' title="bbox 323 3729 1912 3805">
     <span class='ocr_line' id='line_1_42' title="bbox 323 3729 1912 3805; baseline -0.002 -19"><span class='ocrx_word' id='word_1_313' title='bbox 323 3734 706 3805; x_wconf 75' lang='grc' dir='ltr'>προτιμῶντας</span> <span class='ocrx_word' id='word_1_314' title='bbox 737 3733 844 3786; x_wconf 87' lang='grc' dir='ltr'>τῶν</span> <span class='ocrx_word' id='word_1_315' title='bbox 893 3733 1268 3804; x_wconf 78' lang='grc' dir='ltr'>ἀνθρωπίνων,</span> <span class='ocrx_word' id='word_1_316' title='bbox 1303 3731 1568 3801; x_wconf 89' lang='grc' dir='ltr'>τοσαύτην</span> <span class='ocrx_word' id='word_1_317' title='bbox 1608 3732 1702 3783; x_wconf 75' lang='grc' dir='ltr'>καὶ</span> <span class='ocrx_word' id='word_1_318' title='bbox 1751 3729 1912 3794; x_wconf 82' lang='grc' dir='ltr'>αὐτὸς</span> 
     </span>
    </p>
   </div>
   <div class='ocr_carea' id='block_1_43' title="bbox 324 3813 1912 3887">
    <p class='ocr_par' dir='ltr' id='par_1_43' title="bbox 324 3813 1912 3887">
     <span class='ocr_line' id='line_1_43' title="bbox 324 3813 1912 3887; baseline -0.003 -18"><span class='ocrx_word' id='word_1_319' title='bbox 324 3815 647 3881; x_wconf 69' lang='grc' dir='ltr'>ἐπιδείξεται</span> <span class='ocrx_word' id='word_1_320' title='bbox 689 3816 788 3887; x_wconf 76' lang='grc' dir='ltr'>τὴν</span> <span class='ocrx_word' id='word_1_321' title='bbox 832 3815 1178 3887; x_wconf 77' lang='grc' dir='ltr'>κηδεμονίαν,</span> <span class='ocrx_word' id='word_1_322' title='bbox 1229 3815 1302 3877; x_wconf 83' lang='grc' dir='ltr'>ὼς</span> <span class='ocrx_word' id='word_1_323' title='bbox 1336 3817 1394 3868; x_wconf 87' lang='grc' dir='ltr'>ἑν</span> <span class='ocrx_word' id='word_1_324' title='bbox 1435 3815 1639 3868; x_wconf 76' lang='grc' dir='ltr'>ἅπασιν</span> <span class='ocrx_word' id='word_1_325' title='bbox 1681 3813 1912 3883; x_wconf 84' lang='grc' dir='ltr'>ἀχειρώ-</span> 
     </span>
    </p>
   </div>
   <div class='ocr_carea' id='block_1_44' title="bbox 325 3897 1914 3971">
    <p class='ocr_par' dir='ltr' id='par_1_44' title="bbox 325 3897 1914 3971">
     <span class='ocr_line' id='line_1_44' title="bbox 325 3897 1914 3971; baseline -0.003 -18"><span class='ocrx_word' id='word_1_326' title='bbox 325 3917 450 3963; x_wconf 85' lang='grc' dir='ltr'>τους</span> <span class='ocrx_word' id='word_1_327' title='bbox 492 3902 641 3971; x_wconf 73' lang='grc' dir='ltr'>ἡμᾶς</span> <span class='ocrx_word' id='word_1_328' title='bbox 687 3898 1048 3971; x_wconf 71' lang='grc' dir='ltr'>ἐργάσασθαι.</span> <span class='ocrx_word' id='word_1_329' title='bbox 1105 3898 1214 3952; x_wconf 90' lang='lat' dir='ltr'>Kal</span> <span class='ocrx_word' id='word_1_330' title='bbox 1257 3899 1367 3970; x_wconf 67' lang='grc' dir='ltr'>γὰρ</span> <span class='ocrx_word' id='word_1_331' title='bbox 1407 3898 1670 3967; x_wconf 86' lang='grc' dir='ltr'>πολέμιον</span> <span class='ocrx_word' id='word_1_332' title='bbox 1717 3897 1914 3966; x_wconf 73' lang='grc' dir='ltr'>ἔχομεν</span> 
     </span>
    </p>
   </div>
   <div class='ocr_carea' id='block_1_45' title="bbox 324 3979 1914 4054">
    <p class='ocr_par' dir='ltr' id='par_1_45' title="bbox 324 3979 1914 4054">
     <span class='ocr_line' id='line_1_45' title="bbox 324 3979 1914 4054; baseline -0.003 -17"><span class='ocrx_word' id='word_1_333' title='bbox 324 3982 544 4054; x_wconf 86' lang='grc' dir='ltr'>διηνεκῆ</span> <span class='ocrx_word' id='word_1_334' title='bbox 576 3984 669 4037; x_wconf 80' lang='grc' dir='ltr'>καὶ</span> <span class='ocrx_word' id='word_1_335' title='bbox 701 3983 965 4038; x_wconf 73' lang='grc' dir='ltr'>ἄσπονδον</span> <span class='ocrx_word' id='word_1_336' title='bbox 1000 3981 1100 4050; x_wconf 75' lang='grc' dir='ltr'>τὴν</span> <span class='ocrx_word' id='word_1_337' title='bbox 1135 3981 1266 4053; x_wconf 71' lang='grc' dir='ltr'>πρδς</span> <span class='ocrx_word' id='word_1_338' title='bbox 1305 3982 1452 4051; x_wconf 74' lang='grc' dir='ltr'>ἡμᾶς</span> <span class='ocrx_word' id='word_1_339' title='bbox 1484 3979 1684 4051; x_wconf 79' lang='grc' dir='ltr'>ἔχθραν</span> <span class='ocrx_word' id='word_1_340' title='bbox 1717 3996 1914 4050; x_wconf 89' lang='grc' dir='ltr'>κεκτη-</span> 
     </span>
    </p>
   </div>
   <div class='ocr_carea' id='block_1_46' title="bbox 329 4063 1915 4136">
    <p class='ocr_par' dir='ltr' id='par_1_46' title="bbox 329 4063 1915 4136">
     <span class='ocr_line' id='line_1_46' title="bbox 329 4063 1915 4136; baseline -0.003 -18"><span class='ocrx_word' id='word_1_341' title='bbox 329 4065 506 4136; x_wconf 89' lang='grc' dir='ltr'>μένον.</span> <span class='ocrx_word' id='word_1_342' title='bbox 535 4066 625 4118; x_wconf 74' lang='grc' dir='ltr'>Διὸ</span> <span class='ocrx_word' id='word_1_343' title='bbox 650 4065 850 4135; x_wconf 81' lang='grc' dir='ltr'>πολλῆς</span> <span class='ocrx_word' id='word_1_344' title='bbox 870 4067 1005 4135; x_wconf 82' lang='grc' dir='ltr'>ἡμῖν</span> <span class='ocrx_word' id='word_1_345' title='bbox 1026 4065 1106 4120; x_wconf 79' lang='grc' dir='ltr'>δεῖ</span> <span class='ocrx_word' id='word_1_346' title='bbox 1125 4065 1224 4135; x_wconf 80' lang='grc' dir='ltr'>τῆς</span> <span class='ocrx_word' id='word_1_347' title='bbox 1248 4064 1574 4134; x_wconf 88' lang='grc' dir='ltr'>ἀγρυπνίας,</span> <span class='ocrx_word' id='word_1_348' title='bbox 1596 4063 1738 4115; x_wconf 86' lang='grc' dir='ltr'>ὦστε</span> <span class='ocrx_word' id='word_1_349' title='bbox 1761 4079 1915 4134; x_wconf 89' lang='grc' dir='ltr'>περι-</span> 
     </span>
    </p>
   </div>
   <div class='ocr_carea' id='block_1_47' title="bbox 324 4144 1914 4219">
    <p class='ocr_par' dir='ltr' id='par_1_47' title="bbox 324 4144 1914 4219">
     <span class='ocr_line' id='line_1_47' title="bbox 324 4144 1914 4219; baseline -0.002 -19"><span class='ocrx_word' id='word_1_350' title='bbox 324 4148 578 4216; x_wconf 77' lang='grc' dir='ltr'>γενέσθαι</span> <span class='ocrx_word' id='word_1_351' title='bbox 607 4147 771 4201; x_wconf 89' lang='grc' dir='ltr'>αὐτοῦ</span> <span class='ocrx_word' id='word_1_352' title='bbox 799 4147 1095 4219; x_wconf 84' lang='grc' dir='ltr'>δυνηθῆναι</span> <span class='ocrx_word' id='word_1_353' title='bbox 1132 4147 1234 4218; x_wconf 83' lang='grc' dir='ltr'>τῆς</span> <span class='ocrx_word' id='word_1_354' title='bbox 1281 4147 1548 4218; x_wconf 81' lang='grc' dir='ltr'>μηχανῆς,</span> <span class='ocrx_word' id='word_1_355' title='bbox 1587 4146 1683 4199; x_wconf 76' lang='grc' dir='ltr'>καὶ</span> <span class='ocrx_word' id='word_1_356' title='bbox 1712 4144 1914 4199; x_wconf 89' lang='grc' dir='ltr'>ἀνωτέ-</span> 
     </span>
    </p>
   </div>
   <div class='ocr_carea' id='block_1_48' title="bbox 327 4229 1914 4303">
    <p class='ocr_par' dir='ltr' id='par_1_48' title="bbox 327 4229 1914 4303">
     <span class='ocr_line' id='line_1_48' title="bbox 327 4229 1914 4303; baseline -0.001 -18"><span class='ocrx_word' id='word_1_357' title='bbox 327 4249 456 4302; x_wconf 86' lang='grc' dir='ltr'>ρους</span> <span class='ocrx_word' id='word_1_358' title='bbox 490 4232 824 4303; x_wconf 83' lang='grc' dir='ltr'>καταστῆναι</span> <span class='ocrx_word' id='word_1_359' title='bbox 870 4231 979 4288; x_wconf 89' lang='grc' dir='ltr'>τῶν</span> <span class='ocrx_word' id='word_1_360' title='bbox 1014 4231 1203 4286; x_wconf 90' lang='grc' dir='ltr'>τούτου</span> <span class='ocrx_word' id='word_1_361' title='bbox 1245 4231 1437 4300; x_wconf 82' lang='grc' dir='ltr'>βελῶν.</span> <span class='ocrx_word' id='word_1_362' title='bbox 1465 4231 1578 4302; x_wconf 85' lang='grc' dir='ltr'>Οὐχ</span> <span class='ocrx_word' id='word_1_363' title='bbox 1626 4230 1826 4300; x_wconf 80' lang='grc' dir='ltr'>ἑτέρως</span> <span class='ocrx_word' id='word_1_364' title='bbox 1856 4229 1914 4283; x_wconf 66' lang='grc' dir='ltr'>δὲ</span> 
     </span>
    </p>
   </div>
   <div class='ocr_carea' id='block_1_49' title="bbox 324 4313 1913 4387">
    <p class='ocr_par' dir='ltr' id='par_1_49' title="bbox 324 4313 1913 4387">
     <span class='ocr_line' id='line_1_49' title="bbox 324 4313 1913 4387; baseline -0.001 -19"><span class='ocrx_word' id='word_1_365' title='bbox 324 4315 713 4386; x_wconf 77' lang='grc' dir='ltr'>περιεσόμεθα,</span> <span class='ocrx_word' id='word_1_366' title='bbox 741 4316 775 4385; x_wconf 75' lang='grc' dir='ltr'><strong>ἢ</strong></span> <span class='ocrx_word' id='word_1_367' title='bbox 812 4317 901 4370; x_wconf 62' lang='grc' dir='ltr'>διὰ</span> <span class='ocrx_word' id='word_1_368' title='bbox 951 4316 1050 4387; x_wconf 81' lang='grc' dir='ltr'>τῆς</span> <span class='ocrx_word' id='word_1_369' title='bbox 1091 4315 1321 4387; x_wconf 89' lang='grc' dir='ltr'>ἀρίστης</span> <span class='ocrx_word' id='word_1_370' title='bbox 1362 4313 1639 4377; x_wconf 87' lang='grc' dir='ltr'>πολιτείας</span> <span class='ocrx_word' id='word_1_371' title='bbox 1676 4313 1913 4366; x_wconf 75' lang='grc' dir='ltr'>ἐπισπά-</span> 
     </span>
    </p>
   </div>
   <div class='ocr_carea' id='block_1_50' title="bbox 327 4397 1912 4470">
    <p class='ocr_par' dir='ltr' id='par_1_50' title="bbox 327 4397 1912 4470">
     <span class='ocr_line' id='line_1_50' title="bbox 327 4397 1912 4470; baseline -0.001 -18"><span class='ocrx_word' id='word_1_372' title='bbox 327 4399 522 4454; x_wconf 89' lang='grc' dir='ltr'>σασθαι</span> <span class='ocrx_word' id='word_1_373' title='bbox 541 4399 858 4470; x_wconf 77' lang='grc' dir='ltr'>δυνηθέντες</span> <span class='ocrx_word' id='word_1_374' title='bbox 883 4399 982 4470; x_wconf 80' lang='grc' dir='ltr'>τὴν</span> <span class='ocrx_word' id='word_1_375' title='bbox 1005 4399 1212 4454; x_wconf 86' lang='grc' dir='ltr'>ἀνωθεν</span> <span class='ocrx_word' id='word_1_376' title='bbox 1238 4397 1578 4470; x_wconf 85' lang='grc' dir='ltr'>συμμαχίαν.</span> <span class='ocrx_word' id='word_1_377' title='bbox 1609 4397 1830 4469; x_wconf 82' lang='grc' dir='ltr'>Ἀρίστη</span> <span class='ocrx_word' id='word_1_378' title='bbox 1855 4397 1912 4451; x_wconf 85' lang='grc' dir='ltr'>δέ</span> 
     </span>
    </p>
   </div>
   <div class='ocr_carea' id='block_1_51' title="bbox 324 4480 1914 4554">
    <p class='ocr_par' dir='ltr' id='par_1_51' title="bbox 324 4480 1914 4554">
     <span class='ocr_line' id='line_1_51' title="bbox 324 4480 1914 4554; baseline -0.002 -17"><span class='ocrx_word' id='word_1_379' title='bbox 324 4485 442 4537; x_wconf 84' lang='grc' dir='ltr'>ἑστι</span> <span class='ocrx_word' id='word_1_380' title='bbox 491 4483 736 4537; x_wconf 83' lang='grc' dir='ltr'>πολιτεία</span> <span class='ocrx_word' id='word_1_381' title='bbox 784 4483 898 4554; x_wconf 88' lang='grc' dir='ltr'>βίος</span> <span class='ocrx_word' id='word_1_382' title='bbox 949 4481 1209 4554; x_wconf 85' lang='grc' dir='ltr'>καθαρός.</span> <span class='ocrx_word' id='word_1_383' title='bbox 1243 4481 1414 4536; x_wconf 86' lang='grc' dir='ltr'>Τοῦτο</span> <span class='ocrx_word' id='word_1_384' title='bbox 1450 4480 1560 4552; x_wconf 81' lang='grc' dir='ltr'>γάρ</span> <span class='ocrx_word' id='word_1_385' title='bbox 1599 4482 1628 4533; x_wconf 87' lang='grc' dir='ltr'>δ</span> <span class='ocrx_word' id='word_1_386' title='bbox 1665 4481 1914 4551; x_wconf 83' lang='grc' dir='ltr'>θεμέλιος</span> 
     </span>
    </p>
   </div>
   <div class='ocr_carea' id='block_1_52' title="bbox 324 4565 1914 4638">
    <p class='ocr_par' dir='ltr' id='par_1_52' title="bbox 324 4565 1914 4638">
     <span class='ocr_line' id='line_1_52' title="bbox 324 4565 1914 4638; baseline 0.001 -21"><span class='ocrx_word' id='word_1_387' title='bbox 324 4567 420 4620; x_wconf 73' lang='grc' dir='ltr'>καὶ</span> <span class='ocrx_word' id='word_1_388' title='bbox 468 4571 502 4636; x_wconf 81' lang='grc' dir='ltr'><strong>ἡ</strong></span> <span class='ocrx_word' id='word_1_389' title='bbox 545 4568 750 4637; x_wconf 74' lang='grc' dir='ltr'>κρηπὶς</span> <span class='ocrx_word' id='word_1_390' title='bbox 798 4567 899 4637; x_wconf 80' lang='grc' dir='ltr'>τῆς</span> <span class='ocrx_word' id='word_1_391' title='bbox 953 4567 1188 4638; x_wconf 74' lang='grc' dir='ltr'>ἀρετῆςο</span> <span class='ocrx_word' id='word_1_392' title='bbox 1216 4570 1245 4620; x_wconf 85' lang='grc' dir='ltr'>ό</span> <span class='ocrx_word' id='word_1_393' title='bbox 1276 4566 1386 4638; x_wconf 85' lang='lat'>7&amp;9</span> <span class='ocrx_word' id='word_1_394' title='bbox 1420 4565 1609 4619; x_wconf 87' lang='grc' dir='ltr'>τοῦτον</span> <span class='ocrx_word' id='word_1_395' title='bbox 1657 4565 1914 4634; x_wconf 79' lang='grc' dir='ltr'>ἀσφαλῶς</span> 
     </span>
    </p>
   </div>
   <div class='ocr_carea' id='block_1_53' title="bbox 325 4648 1914 4722">
    <p class='ocr_par' dir='ltr' id='par_1_53' title="bbox 325 4648 1914 4722">
     <span class='ocr_line' id='line_1_53' title="bbox 325 4648 1914 4722; baseline -0.001 -20"><span class='ocrx_word' id='word_1_396' title='bbox 325 4648 797 4719; x_wconf 81' lang='grc' dir='ltr'>καταϐαλλόμενος</span> <span class='ocrx_word' id='word_1_397' title='bbox 851 4649 1216 4722; x_wconf 75' lang='grc' dir='ltr'>εὐκολώτερον</span> <span class='ocrx_word' id='word_1_398' title='bbox 1264 4651 1374 4703; x_wconf 88' lang='grc' dir='ltr'>τῶν</span> <span class='ocrx_word' id='word_1_399' title='bbox 1432 4648 1604 4704; x_wconf 70' lang='grc' dir='ltr'>ἄλλων</span> <span class='ocrx_word' id='word_1_400' title='bbox 1657 4649 1914 4701; x_wconf 88' lang='grc' dir='ltr'>ἀπάντων</span> 
     </span>
    </p>
   </div>
   <div class='ocr_carea' id='block_1_54' title="bbox 325 4731 1917 4807">
    <p class='ocr_par' dir='ltr' id='par_1_54' title="bbox 325 4731 1917 4807">
     <span class='ocr_line' id='line_1_54' title="bbox 325 4731 1917 4807; baseline -0.001 -21"><span class='ocrx_word' id='word_1_401' title='bbox 325 4733 640 4807; x_wconf 87' lang='grc' dir='ltr'>περιέσεται</span> <span class='ocrx_word' id='word_1_402' title='bbox 660 4751 672 4763; x_wconf 87' lang='grc'><strong>·</strong></span> <span class='ocrx_word' id='word_1_403' title='bbox 702 4733 824 4786; x_wconf 82' lang='grc' dir='ltr'>οὐτε</span> <span class='ocrx_word' id='word_1_404' title='bbox 853 4734 958 4805; x_wconf 90' lang='lat'>7&amp;9</span> <span class='ocrx_word' id='word_1_405' title='bbox 992 4734 1296 4806; x_wconf 89' lang='grc' dir='ltr'>χρημάτων</span> <span class='ocrx_word' id='word_1_406' title='bbox 1327 4732 1592 4802; x_wconf 74' lang='grc' dir='ltr'>ἐπιθυμία</span> <span class='ocrx_word' id='word_1_407' title='bbox 1620 4732 1714 4785; x_wconf 83' lang='grc' dir='ltr'>τοῦ</span> <span class='ocrx_word' id='word_1_408' title='bbox 1747 4731 1917 4786; x_wconf 88' lang='grc' dir='ltr'>τοιού-</span> 
     </span>
    </p>
   </div>
   <div class='ocr_carea' id='block_1_55' title="bbox 322 4815 1913 4888">
    <p class='ocr_par' dir='ltr' id='par_1_55' title="bbox 322 4815 1913 4888">
     <span class='ocr_line' id='line_1_55' title="bbox 322 4815 1913 4888; baseline 0 -19"><span class='ocrx_word' id='word_1_409' title='bbox 322 4834 416 4869; x_wconf 93' lang='grc' dir='ltr'>του</span> <span class='ocrx_word' id='word_1_410' title='bbox 458 4817 896 4888; x_wconf 73' lang='grc' dir='ltr'>περιγενήσεται,</span> <span class='ocrx_word' id='word_1_411' title='bbox 923 4816 1044 4870; x_wconf 83' lang='grc' dir='ltr'>οὐτε</span> <span class='ocrx_word' id='word_1_412' title='bbox 1078 4818 1235 4888; x_wconf 78' lang='grc' dir='ltr'>δόξης</span> <span class='ocrx_word' id='word_1_413' title='bbox 1272 4817 1438 4888; x_wconf 78' lang='grc' dir='ltr'>ἔρως,</span> <span class='ocrx_word' id='word_1_414' title='bbox 1465 4815 1591 4871; x_wconf 82' lang='grc' dir='ltr'>οὐτε</span> <span class='ocrx_word' id='word_1_415' title='bbox 1624 4815 1913 4885; x_wconf 78' lang='grc' dir='ltr'>βασκανία,</span> 
     </span>
    </p>
   </div>
   <div class='ocr_carea' id='block_1_56' title="bbox 321 4898 1916 4971">
    <p class='ocr_par' dir='ltr' id='par_1_56' title="bbox 321 4898 1916 4971">
     <span class='ocr_line' id='line_1_56' title="bbox 321 4898 1916 4971; baseline 0.001 -20"><span class='ocrx_word' id='word_1_416' title='bbox 321 4898 445 4952; x_wconf 77' lang='grc' dir='ltr'>οὐτε</span> <span class='ocrx_word' id='word_1_417' title='bbox 469 4899 654 4971; x_wconf 73' lang='grc' dir='ltr'>ἔτερόν</span> <span class='ocrx_word' id='word_1_418' title='bbox 680 4917 730 4953; x_wconf 90' lang='grc' dir='ltr'>τι</span> <span class='ocrx_word' id='word_1_419' title='bbox 755 4901 862 4953; x_wconf 87' lang='grc' dir='ltr'>τῶν</span> <span class='ocrx_word' id='word_1_420' title='bbox 890 4900 1098 4954; x_wconf 89' lang='grc' dir='ltr'>παθῶν.</span> <span class='ocrx_word' id='word_1_421' title='bbox 1127 4901 1236 4954; x_wconf 86' lang='lat' dir='ltr'>Kal</span> <span class='ocrx_word' id='word_1_422' title='bbox 1261 4899 1396 4965; x_wconf 90' lang='grc' dir='ltr'>πῶς,</span> <span class='ocrx_word' id='word_1_423' title='bbox 1433 4899 1542 4968; x_wconf 85' lang='grc' dir='ltr'>ἑγὼ</span> <span class='ocrx_word' id='word_1_424' title='bbox 1568 4900 1730 4969; x_wconf 88' lang='grc' dir='ltr'>λέγω.</span> <span class='ocrx_word' id='word_1_425' title='bbox 1747 4901 1916 4953; x_wconf 81' lang='grc' dir='ltr'>Ὅταν</span> 
     </span>
    </p>
   </div>
   <div class='ocr_carea' id='block_1_57' title="bbox 323 4983 1915 5057">
    <p class='ocr_par' dir='ltr' id='par_1_57' title="bbox 323 4983 1915 5057">
     <span class='ocr_line' id='line_1_57' title="bbox 323 4983 1915 5057; baseline 0.001 -23"><span class='ocrx_word' id='word_1_426' title='bbox 323 4983 434 5054; x_wconf 65' lang='grc' dir='ltr'>γάρ</span> <span class='ocrx_word' id='word_1_427' title='bbox 462 5000 545 5046; x_wconf 91' lang='grc' dir='ltr'>τις</span> <span class='ocrx_word' id='word_1_428' title='bbox 577 4984 815 5056; x_wconf 73' lang='grc' dir='ltr'>καθαρὸν</span> <span class='ocrx_word' id='word_1_429' title='bbox 852 4985 952 5057; x_wconf 78' lang='grc' dir='ltr'>ἔχῃ</span> <span class='ocrx_word' id='word_1_430' title='bbox 987 4984 1049 5037; x_wconf 99' lang='lat' dir='ltr'>rb</span> <span class='ocrx_word' id='word_1_431' title='bbox 1083 4983 1342 5047; x_wconf 73' lang='grc' dir='ltr'>συνειδὸς,</span> <span class='ocrx_word' id='word_1_432' title='bbox 1386 4985 1479 5036; x_wconf 66' lang='grc' dir='ltr'>καὶ</span> <span class='ocrx_word' id='word_1_433' title='bbox 1514 4984 1714 5045; x_wconf 71' lang='grc' dir='ltr'>παντὸς</span> <span class='ocrx_word' id='word_1_434' title='bbox 1742 4983 1915 5056; x_wconf 78' lang='grc' dir='ltr'>ῥύπου</span> 
     </span>
    </p>
   </div>
   <div class='ocr_carea' id='block_1_58' title="bbox 324 5065 1918 5138">
    <p class='ocr_par' dir='ltr' id='par_1_58' title="bbox 324 5065 1918 5138">
     <span class='ocr_line' id='line_1_58' title="bbox 324 5065 1918 5138; baseline 0.002 -20"><span class='ocrx_word' id='word_1_435' title='bbox 324 5065 764 5136; x_wconf 76' lang='grc' dir='ltr'>ἀπηλλαγμένον,</span> <span class='ocrx_word' id='word_1_436' title='bbox 794 5066 1081 5136; x_wconf 85' lang='grc' dir='ltr'>δυνήσεται</span> <span class='ocrx_word' id='word_1_437' title='bbox 1111 5066 1204 5119; x_wconf 72' lang='grc' dir='ltr'>καὶ</span> <span class='ocrx_word' id='word_1_438' title='bbox 1234 5066 1322 5118; x_wconf 78' lang='grc' dir='ltr'>τὸν</span> <span class='ocrx_word' id='word_1_439' title='bbox 1350 5066 1605 5120; x_wconf 83' lang='grc' dir='ltr'>ἀπάντων</span> <span class='ocrx_word' id='word_1_440' title='bbox 1639 5069 1918 5138; x_wconf 87' lang='grc' dir='ltr'>Δεσπότην</span> 
     </span>
    </p>
   </div>
   <div class='ocr_carea' id='block_1_59' title="bbox 324 5147 1918 5222">
    <p class='ocr_par' dir='ltr' id='par_1_59' title="bbox 324 5147 1918 5222">
     <span class='ocr_line' id='line_1_59' title="bbox 324 5147 1918 5222; baseline 0.003 -22"><span class='ocrx_word' id='word_1_441' title='bbox 324 5147 532 5202; x_wconf 71' lang='grc' dir='ltr'>ἐνοικον</span> <span class='ocrx_word' id='word_1_442' title='bbox 578 5148 743 5218; x_wconf 77' lang='grc' dir='ltr'>ἔχειν.</span> <span class='ocrx_word' id='word_1_443' title='bbox 781 5149 1073 5216; x_wconf 76' lang='grc' dir='ltr'>Μακάριοι</span> <span class='ocrx_word' id='word_1_444' title='bbox 1106 5147 1215 5219; x_wconf 88' lang='lat'>7&amp;9</span> <span class='ocrx_word' id='word_1_445' title='bbox 1243 5151 1299 5202; x_wconf 81' lang='grc' dir='ltr'>οι</span> <span class='ocrx_word' id='word_1_446' title='bbox 1340 5151 1608 5218; x_wconf 72' lang='grc' dir='ltr'>καθαροί,</span> <span class='ocrx_word' id='word_1_447' title='bbox 1646 5152 1798 5222; x_wconf 76' lang='grc' dir='ltr'>φησὶ,</span> <span class='ocrx_word' id='word_1_448' title='bbox 1845 5149 1918 5219; x_wconf 72' lang='grc' dir='ltr'>τῇ</span> 
     </span>
    </p>
   </div>
   <div class='ocr_carea' id='block_1_60' title="bbox 328 5230 1920 5299">
    <p class='ocr_par' dir='ltr' id='par_1_60' title="bbox 328 5230 1920 5299">
     <span class='ocr_line' id='line_1_60' title="bbox 328 5230 1920 5299; baseline 0.001 -16"><span class='ocrx_word' id='word_1_449' title='bbox 328 5230 565 5299; x_wconf 77' lang='grc' dir='ltr'>καρδίᾳ.</span> <span class='ocrx_word' id='word_1_450' title='bbox 591 5231 681 5285; x_wconf 82' lang='grc' dir='ltr'>ὅτι</span> <span class='ocrx_word' id='word_1_451' title='bbox 705 5231 878 5285; x_wconf 71' lang='grc' dir='ltr'>αὐτοὶ</span> <span class='ocrx_word' id='word_1_452' title='bbox 895 5232 1001 5284; x_wconf 82' lang='grc' dir='ltr'>τὸν</span> <span class='ocrx_word' id='word_1_453' title='bbox 1029 5232 1179 5285; x_wconf 83' lang='grc' dir='ltr'>Θεὸν</span> <span class='ocrx_word' id='word_1_454' title='bbox 1203 5233 1478 5298; x_wconf 66' lang='grc' dir='ltr'>ὄψονται.</span> <span class='ocrx_word' id='word_1_455' title='bbox 1503 5233 1672 5286; x_wconf 82' lang='grc' dir='ltr'>Ὅταν</span> <span class='ocrx_word' id='word_1_456' title='bbox 1699 5234 1754 5286; x_wconf 77' lang='grc' dir='ltr'>δὲ</span> <span class='ocrx_word' id='word_1_457' title='bbox 1778 5235 1920 5286; x_wconf 78' lang='grc' dir='ltr'>ἑκεί-</span> 
     </span>
    </p>
   </div>
   <div class='ocr_carea' id='block_1_61' title="bbox 325 5315 1921 5387">
    <p class='ocr_par' dir='ltr' id='par_1_61' title="bbox 325 5315 1921 5387">
     <span class='ocr_line' id='line_1_61' title="bbox 325 5315 1921 5387; baseline -0.001 -17"><span class='ocrx_word' id='word_1_458' title='bbox 325 5334 418 5370; x_wconf 88' lang='grc' dir='ltr'>νον</span> <span class='ocrx_word' id='word_1_459' title='bbox 449 5315 658 5371; x_wconf 78' lang='grc' dir='ltr'>ινοικον</span> <span class='ocrx_word' id='word_1_460' title='bbox 692 5316 838 5386; x_wconf 71' lang='grc' dir='ltr'>[χειν</span> <span class='ocrx_word' id='word_1_461' title='bbox 871 5315 1204 5386; x_wconf 76' lang='grc' dir='ltr'>καταξιωθῇ,</span> <span class='ocrx_word' id='word_1_462' title='bbox 1244 5315 1320 5380; x_wconf 83' lang='grc' dir='ltr'>ὡς</span> <span class='ocrx_word' id='word_1_463' title='bbox 1349 5316 1536 5380; x_wconf 86' lang='grc' dir='ltr'>ἁπλῶς</span> <span class='ocrx_word' id='word_1_464' title='bbox 1567 5317 1660 5370; x_wconf 75' lang='grc' dir='ltr'>καὶ</span> <span class='ocrx_word' id='word_1_465' title='bbox 1702 5318 1827 5387; x_wconf 82' lang='grc' dir='ltr'>εἱκῆ</span> <span class='ocrx_word' id='word_1_466' title='bbox 1859 5317 1921 5369; x_wconf 88' lang='lat' dir='ltr'>rb</span> 
     </span>
    </p>
   </div>
   <div class='ocr_carea' id='block_1_62' title="bbox 331 5398 1920 5472">
    <p class='ocr_par' dir='ltr' id='par_1_62' title="bbox 331 5398 1920 5472">
     <span class='ocr_line' id='line_1_62' title="bbox 331 5398 1920 5472; baseline 0.003 -22"><span class='ocrx_word' id='word_1_467' title='bbox 331 5399 493 5470; x_wconf 83' lang='grc' dir='ltr'>σῶμα</span> <span class='ocrx_word' id='word_1_468' title='bbox 540 5401 946 5472; x_wconf 82' lang='grc' dir='ltr'>περικείμενος,</span> <span class='ocrx_word' id='word_1_469' title='bbox 1002 5398 1146 5453; x_wconf 85' lang='grc' dir='ltr'>οῦτω</span> <span class='ocrx_word' id='word_1_470' title='bbox 1185 5399 1368 5454; x_wconf 79' lang='grc' dir='ltr'>λοιπὸν</span> <span class='ocrx_word' id='word_1_471' title='bbox 1406 5401 1741 5454; x_wconf 88' lang='grc' dir='ltr'>διακείσεται</span> <span class='ocrx_word' id='word_1_472' title='bbox 1768 5440 1783 5464; x_wconf 90' lang='grc'>,</span> <span class='ocrx_word' id='word_1_473' title='bbox 1823 5401 1920 5454; x_wconf 80' lang='grc' dir='ltr'>καὶ</span> 
     </span>
    </p>
   </div>
   <div class='ocr_carea' id='block_1_63' title="bbox 329 5483 1921 5555">
    <p class='ocr_par' dir='ltr' id='par_1_63' title="bbox 329 5483 1921 5555">
     <span class='ocr_line' id='line_1_63' title="bbox 329 5483 1921 5555; baseline 0.001 -21"><span class='ocrx_word' id='word_1_474' title='bbox 329 5484 548 5537; x_wconf 89' lang='grc' dir='ltr'>πάντων</span> <span class='ocrx_word' id='word_1_475' title='bbox 568 5485 676 5536; x_wconf 89' lang='grc' dir='ltr'>τῶν</span> <span class='ocrx_word' id='word_1_476' title='bbox 698 5483 1054 5555; x_wconf 77' lang='grc' dir='ltr'>ἀνθρωπίνων</span> <span class='ocrx_word' id='word_1_477' title='bbox 1072 5483 1270 5554; x_wconf 82' lang='grc' dir='ltr'>πολλὴν</span> <span class='ocrx_word' id='word_1_478' title='bbox 1293 5483 1614 5548; x_wconf 74' lang='grc' dir='ltr'>ἐπιδείξεται</span> <span class='ocrx_word' id='word_1_479' title='bbox 1633 5483 1729 5554; x_wconf 71' lang='grc' dir='ltr'>τὴν</span> <span class='ocrx_word' id='word_1_480' title='bbox 1751 5485 1852 5537; x_wconf 88' lang='grc' dir='ltr'>ὐπε</span> <span class='ocrx_word' id='word_1_481' title='bbox 1860 5501 1921 5554; x_wconf 89' lang='grc' dir='ltr'>ρ-</span> 
     </span>
    </p>
   </div>
   <div class='ocr_carea' id='block_1_64' title="bbox 329 5567 1922 5642">
    <p class='ocr_par' dir='ltr' id='par_1_64' title="bbox 329 5567 1922 5642">
     <span class='ocr_line' id='line_1_64' title="bbox 329 5567 1922 5642; baseline 0.001 -22"><span class='ocrx_word' id='word_1_482' title='bbox 329 5567 508 5637; x_wconf 72' lang='grc' dir='ltr'>οψίαν.</span> <span class='ocrx_word' id='word_1_483' title='bbox 554 5569 808 5622; x_wconf 75' lang='grc' dir='ltr'>’Ἄπαντα</span> <span class='ocrx_word' id='word_1_484' title='bbox 849 5570 959 5640; x_wconf 75' lang='lat'>7&amp;9</span> <span class='ocrx_word' id='word_1_485' title='bbox 991 5569 1059 5622; x_wconf 83' lang='grc' dir='ltr'>τά</span> <span class='ocrx_word' id='word_1_486' title='bbox 1102 5567 1354 5641; x_wconf 83' lang='grc' dir='ltr'>δρώμενα</span> <span class='ocrx_word' id='word_1_487' title='bbox 1401 5569 1530 5623; x_wconf 85' lang='grc' dir='ltr'>σκιά</span> <span class='ocrx_word' id='word_1_488' title='bbox 1562 5571 1657 5623; x_wconf 66' lang='grc' dir='ltr'>καὶ</span> <span class='ocrx_word' id='word_1_489' title='bbox 1686 5570 1819 5642; x_wconf 77' lang='grc' dir='ltr'>ὄναρ</span> <span class='ocrx_word' id='word_1_490' title='bbox 1843 5569 1922 5640; x_wconf 85' lang='grc' dir='ltr'>τῷ</span> 
     </span>
    </p>
   </div>
   <div class='ocr_carea' id='block_1_65' title="bbox 335 5652 1920 5726">
    <p class='ocr_par' dir='ltr' id='par_1_65' title="bbox 335 5652 1920 5726">
     <span class='ocr_line' id='line_1_65' title="bbox 335 5652 1920 5726; baseline 0.002 -21"><span class='ocrx_word' id='word_1_491' title='bbox 335 5652 560 5722; x_wconf 74' lang='grc' dir='ltr'>τοιούτῳ</span> <span class='ocrx_word' id='word_1_492' title='bbox 591 5656 858 5721; x_wconf 80' lang='grc' dir='ltr'>φανεῖται,</span> <span class='ocrx_word' id='word_1_493' title='bbox 889 5655 980 5707; x_wconf 87' lang='grc' dir='ltr'>καί</span> <span class='ocrx_word' id='word_1_494' title='bbox 1007 5653 1259 5725; x_wconf 87' lang='grc' dir='ltr'>καθάπερ</span> <span class='ocrx_word' id='word_1_495' title='bbox 1295 5657 1350 5707; x_wconf 88' lang='grc' dir='ltr'>ἑν</span> <span class='ocrx_word' id='word_1_496' title='bbox 1377 5655 1455 5726; x_wconf 79' lang='grc' dir='ltr'>τῷ</span> <span class='ocrx_word' id='word_1_497' title='bbox 1491 5654 1708 5725; x_wconf 81' lang='grc' dir='ltr'>οὐρανῷ</span> <span class='ocrx_word' id='word_1_498' title='bbox 1731 5653 1793 5708; x_wconf 80' lang='grc' dir='ltr'>τὸ</span> <span class='ocrx_word' id='word_1_499' title='bbox 1827 5671 1920 5708; x_wconf 82' lang='grc' dir='ltr'>πο-</span> 
     </span>
    </p>
   </div>
   <div class='ocr_carea' id='block_1_66' title="bbox 335 5734 1918 5812">
    <p class='ocr_par' dir='ltr' id='par_1_66' title="bbox 335 5734 1918 5812">
     <span class='ocr_line' id='line_1_66' title="bbox 335 5734 1918 5812; baseline 0.005 -26"><span class='ocrx_word' id='word_1_500' title='bbox 335 5734 563 5809; x_wconf 89' lang='grc' dir='ltr'>λίτευμα</span> <span class='ocrx_word' id='word_1_501' title='bbox 593 5737 753 5808; x_wconf 74' lang='grc' dir='ltr'>ἔχων,</span> <span class='ocrx_word' id='word_1_502' title='bbox 791 5737 962 5802; x_wconf 72' lang='grc' dir='ltr'>οὓτως</span> <span class='ocrx_word' id='word_1_503' title='bbox 1003 5738 1216 5803; x_wconf 84' lang='grc' dir='ltr'>οὐδενὸς</span> <span class='ocrx_word' id='word_1_504' title='bbox 1257 5740 1366 5794; x_wconf 90' lang='grc' dir='ltr'>τῶν</span> <span class='ocrx_word' id='word_1_505' title='bbox 1410 5741 1688 5812; x_wconf 83' lang='grc' dir='ltr'>παρόντων</span> <span class='ocrx_word' id='word_1_506' title='bbox 1728 5739 1918 5794; x_wconf 75' lang='grc' dir='ltr'>ἐπιθυ-</span> 
     </span>
    </p>
   </div>
   <div class='ocr_carea' id='block_1_67' title="bbox 1371 281 2576 338">
    <p class='ocr_par' dir='ltr' id='par_1_67' title="bbox 1371 281 2576 338">
     <span class='ocr_line' id='line_1_67' title="bbox 1371 281 2576 338; baseline -0.002 -1"><span class='ocrx_word' id='word_1_507' title='bbox 1371 283 1436 338; x_wconf 79' lang='lat' dir='ltr'>IN</span> <span class='ocrx_word' id='word_1_508' title='bbox 1477 283 1629 338; x_wconf 72' lang='lat' dir='ltr'>CAP.</span> <span class='ocrx_word' id='word_1_509' title='bbox 1672 281 1865 336; x_wconf 71' lang='lat' dir='ltr'><strong>XXXV</strong></span> <span class='ocrx_word' id='word_1_510' title='bbox 1906 281 2147 338; x_wconf 79' lang='lat' dir='ltr'>CENES.</span> <span class='ocrx_word' id='word_1_511' title='bbox 2192 281 2422 336; x_wconf 68' lang='grc' dir='ltr'>ιιοδιιι.</span> <span class='ocrx_word' id='word_1_512' title='bbox 2467 281 2576 336; x_wconf 78' lang='lat' dir='ltr'>LX.</span> 
     </span>
    </p>
   </div>
   <div class='ocr_carea' id='block_1_68' title="bbox 3498 276 3604 331">
    <p class='ocr_par' dir='ltr' id='par_1_68' title="bbox 3498 276 3604 331">
     <span class='ocr_line' id='line_1_68' title="bbox 3498 276 3604 331; baseline 0 0"><span class='ocrx_word' id='word_1_513' title='bbox 3498 276 3604 331; x_wconf 69' lang='grc' dir='ltr'>εει</span> 
     </span>
    </p>
   </div>
   <div class='ocr_carea' id='block_1_69' title="bbox 2027 399 3608 476">
    <p class='ocr_par' dir='ltr' id='par_1_69' title="bbox 2027 399 3608 476">
     <span class='ocr_line' id='line_1_69' title="bbox 2027 399 3608 476; baseline -0.004 -18"><span class='ocrx_word' id='word_1_514' title='bbox 2027 406 2206 475; x_wconf 76' lang='grc' dir='ltr'>μήσει.</span> <span class='ocrx_word' id='word_1_515' title='bbox 2241 405 2492 468; x_wconf 85' lang='grc' dir='ltr'>Τοιοῦτος</span> <span class='ocrx_word' id='word_1_516' title='bbox 2514 400 2582 476; x_wconf 75' lang='grc' dir='ltr'>ἦν</span> <span class='ocrx_word' id='word_1_517' title='bbox 2608 403 2819 467; x_wconf 83' lang='grc' dir='ltr'>Παῦλος</span> <span class='ocrx_word' id='word_1_518' title='bbox 2837 405 2866 456; x_wconf 86' lang='grc' dir='ltr'>ὁ</span> <span class='ocrx_word' id='word_1_519' title='bbox 2892 405 2990 474; x_wconf 75' lang='grc' dir='ltr'>τῆς</span> <span class='ocrx_word' id='word_1_520' title='bbox 3017 401 3342 473; x_wconf 84' lang='grc' dir='ltr'>οίκουμένης</span> <span class='ocrx_word' id='word_1_521' title='bbox 3362 399 3608 454; x_wconf 84' lang='grc' dir='ltr'>διδάσκα-</span> 
     </span>
    </p>
   </div>
   <div class='ocr_carea' id='block_1_70' title="bbox 2020 483 3605 555">
    <p class='ocr_par' dir='ltr' id='par_1_70' title="bbox 2020 483 3605 555">
     <span class='ocr_line' id='line_1_70' title="bbox 2020 483 3605 555; baseline -0.003 -17"><span class='ocrx_word' id='word_1_522' title='bbox 2020 486 2130 550; x_wconf 76' lang='grc' dir='ltr'>λος’</span> <span class='ocrx_word' id='word_1_523' title='bbox 2163 487 2243 540; x_wconf 70' lang='grc' dir='ltr'>διὸ</span> <span class='ocrx_word' id='word_1_524' title='bbox 2267 488 2359 540; x_wconf 74' lang='grc' dir='ltr'>καὶ</span> <span class='ocrx_word' id='word_1_525' title='bbox 2380 487 2507 542; x_wconf 78' lang='grc' dir='ltr'>ἐϐόα</span> <span class='ocrx_word' id='word_1_526' title='bbox 2537 487 2740 555; x_wconf 86' lang='grc' dir='ltr'>λέγων’</span> <span class='ocrx_word' id='word_1_527' title='bbox 2775 489 2851 542; x_wconf 81' lang='grc' dir='ltr'>’Ἡ</span> <span class='ocrx_word' id='word_1_528' title='bbox 2876 485 3129 555; x_wconf 71' lang='grc' dir='ltr'>δοκιμὴν</span> <span class='ocrx_word' id='word_1_529' title='bbox 3148 485 3365 551; x_wconf 67' lang='grc' dir='ltr'>ζητεῖτε</span> <span class='ocrx_word' id='word_1_530' title='bbox 3387 483 3494 537; x_wconf 83' lang='grc' dir='ltr'>τοῦ</span> <span class='ocrx_word' id='word_1_531' title='bbox 3533 484 3605 536; x_wconf 70' lang='grc' dir='ltr'>ἐν</span> 
     </span>
    </p>
   </div>
   <div class='ocr_carea' id='block_1_71' title="bbox 2020 569 3612 638">
    <p class='ocr_par' dir='ltr' id='par_1_71' title="bbox 2020 569 3612 638">
     <span class='ocr_line' id='line_1_71' title="bbox 2020 569 3612 638; baseline 0.001 -16"><span class='ocrx_word' id='word_1_532' title='bbox 2020 570 2151 638; x_wconf 70' lang='grc' dir='ltr'>ἐμοὶ</span> <span class='ocrx_word' id='word_1_533' title='bbox 2184 572 2524 636; x_wconf 73' lang='grc' dir='ltr'>λαλοῦντος</span> <span class='ocrx_word' id='word_1_534' title='bbox 2556 571 2844 638; x_wconf 84' lang='grc' dir='ltr'>Χριστοῦ;</span> <span class='ocrx_word' id='word_1_535' title='bbox 2883 573 2989 625; x_wconf 83' lang='lat' dir='ltr'>Kal</span> <span class='ocrx_word' id='word_1_536' title='bbox 3021 571 3207 624; x_wconf 83' lang='grc' dir='ltr'>πάλιν⁶</span> <span class='ocrx_word' id='word_1_537' title='bbox 3241 571 3332 623; x_wconf 87' lang='grc' dir='ltr'>Ζῶ</span> <span class='ocrx_word' id='word_1_538' title='bbox 3367 569 3465 634; x_wconf 76' lang='grc' dir='ltr'>δὲ,</span> <span class='ocrx_word' id='word_1_539' title='bbox 3496 571 3612 623; x_wconf 76' lang='grc' dir='ltr'>οὐκ</span> 
     </span>
    </p>
   </div>
   <div class='ocr_carea' id='block_1_72' title="bbox 2019 652 3610 725">
    <p class='ocr_par' dir='ltr' id='par_1_72' title="bbox 2019 652 3610 725">
     <span class='ocr_line' id='line_1_72' title="bbox 2019 652 3610 725; baseline -0.002 -17"><span class='ocrx_word' id='word_1_540' title='bbox 2019 655 2106 708; x_wconf 77' lang='grc' dir='ltr'>ἔτι</span> <span class='ocrx_word' id='word_1_541' title='bbox 2128 654 2262 723; x_wconf 66' lang='grc' dir='ltr'>ἐγὼ,</span> <span class='ocrx_word' id='word_1_542' title='bbox 2299 654 2367 724; x_wconf 74' lang='grc' dir='ltr'><em>ζῇ</em></span> <span class='ocrx_word' id='word_1_543' title='bbox 2387 655 2456 708; x_wconf 79' lang='grc' dir='ltr'>δὲ</span> <span class='ocrx_word' id='word_1_544' title='bbox 2483 656 2700 725; x_wconf 77' lang='grc' dir='ltr'>ἐνέμοὶ</span> <span class='ocrx_word' id='word_1_545' title='bbox 2751 658 3025 723; x_wconf 77' lang='grc' dir='ltr'>Χριστός.</span> <span class='ocrx_word' id='word_1_546' title='bbox 3060 656 3169 708; x_wconf 87' lang='lat' dir='ltr'>Kal</span> <span class='ocrx_word' id='word_1_547' title='bbox 3204 655 3383 707; x_wconf 63' lang='grc' dir='ltr'>πάλιν·</span> <span class='ocrx_word' id='word_1_548' title='bbox 3438 656 3506 705; x_wconf 86' lang='grc' dir='ltr'><em>Ὀ</em></span> <span class='ocrx_word' id='word_1_549' title='bbox 3540 652 3610 706; x_wconf 73' lang='grc' dir='ltr'>δὲ</span> 
     </span>
    </p>
   </div>
   <div class='ocr_carea' id='block_1_73' title="bbox 2019 733 3610 807">
    <p class='ocr_par' dir='ltr' id='par_1_73' title="bbox 2019 733 3610 807">
     <span class='ocr_line' id='line_1_73' title="bbox 2019 733 3610 807; baseline -0.003 -15"><span class='ocrx_word' id='word_1_550' title='bbox 2019 739 2137 792; x_wconf 85' lang='grc' dir='ltr'>νῦν</span> <span class='ocrx_word' id='word_1_551' title='bbox 2169 738 2238 799; x_wconf 75' lang='grc' dir='ltr'>ζῶ</span> <span class='ocrx_word' id='word_1_552' title='bbox 2267 739 2337 792; x_wconf 85' lang='grc' dir='ltr'>ἐν</span> <span class='ocrx_word' id='word_1_553' title='bbox 2367 739 2566 807; x_wconf 79' lang='grc' dir='ltr'>σαρκί,</span> <span class='ocrx_word' id='word_1_554' title='bbox 2604 740 2676 792; x_wconf 75' lang='grc' dir='ltr'>ἐν</span> <span class='ocrx_word' id='word_1_555' title='bbox 2707 740 2906 793; x_wconf 74' lang='grc' dir='ltr'>πίστει</span> <span class='ocrx_word' id='word_1_556' title='bbox 2939 737 3030 798; x_wconf 78' lang='grc' dir='ltr'>ζῶ.</span> <span class='ocrx_word' id='word_1_557' title='bbox 3066 733 3220 799; x_wconf 76' lang='grc' dir='ltr'>Είδες</span> <span class='ocrx_word' id='word_1_558' title='bbox 3252 736 3418 805; x_wconf 84' lang='grc' dir='ltr'>ἀνδρα</span> <span class='ocrx_word' id='word_1_559' title='bbox 3448 735 3610 805; x_wconf 83' lang='grc' dir='ltr'>σῶμα</span> 
     </span>
    </p>
   </div>
   <div class='ocr_carea' id='block_1_74' title="bbox 2021 819 3610 894">
    <p class='ocr_par' dir='ltr' id='par_1_74' title="bbox 2021 819 3610 894">
     <span class='ocr_line' id='line_1_74' title="bbox 2021 819 3610 894; baseline -0.001 -21"><span class='ocrx_word' id='word_1_560' title='bbox 2021 823 2428 892; x_wconf 85' lang='grc' dir='ltr'>περικείμενον,</span> <span class='ocrx_word' id='word_1_561' title='bbox 2470 823 2564 876; x_wconf 79' lang='grc' dir='ltr'>καὶ</span> <span class='ocrx_word' id='word_1_562' title='bbox 2598 823 2673 886; x_wconf 88' lang='grc' dir='ltr'>ώς</span> <span class='ocrx_word' id='word_1_563' title='bbox 2705 823 2764 875; x_wconf 84' lang='grc' dir='ltr'>ἑν</span> <span class='ocrx_word' id='word_1_564' title='bbox 2793 823 3072 894; x_wconf 80' lang='grc' dir='ltr'>ἀσωμάτῳ</span> <span class='ocrx_word' id='word_1_565' title='bbox 3102 819 3253 894; x_wconf 75' lang='grc' dir='ltr'>λήξει</span> <span class='ocrx_word' id='word_1_566' title='bbox 3281 819 3444 873; x_wconf 80' lang='grc' dir='ltr'>αὐτὸν</span> <span class='ocrx_word' id='word_1_567' title='bbox 3476 836 3610 889; x_wconf 83' lang='grc' dir='ltr'>τυγ-</span> 
     </span>
    </p>
   </div>
   <div class='ocr_carea' id='block_1_75' title="bbox 2019 904 3110 976">
    <p class='ocr_par' dir='ltr' id='par_1_75' title="bbox 2019 904 3110 976">
     <span class='ocr_line' id='line_1_75' title="bbox 2019 904 3110 976; baseline 0.002 -20"><span class='ocrx_word' id='word_1_568' title='bbox 2019 904 2271 973; x_wconf 85' lang='grc' dir='ltr'>χάνοντα.</span> <span class='ocrx_word' id='word_1_569' title='bbox 2307 905 2449 958; x_wconf 79' lang='grc' dir='ltr'>οὕτω</span> <span class='ocrx_word' id='word_1_570' title='bbox 2489 906 2667 960; x_wconf 86' lang='grc' dir='ltr'>πάντα</span> <span class='ocrx_word' id='word_1_571' title='bbox 2700 905 3110 976; x_wconf 81' lang='grc' dir='ltr'>φθεγγόμενον;</span> 
     </span>
    </p>
   </div>
   <div class='ocr_carea' id='block_1_76' title="bbox 2089 984 3611 1060">
    <p class='ocr_par' dir='ltr' id='par_1_76' title="bbox 2089 984 3611 1060">
     <span class='ocr_line' id='line_1_76' title="bbox 2089 984 3611 1060; baseline 0 -22"><span class='ocrx_word' id='word_1_572' title='bbox 2089 985 2150 1040; x_wconf 83' lang='grc' dir='ltr'>δ’.</span> <span class='ocrx_word' id='word_1_573' title='bbox 2198 987 2398 1041; x_wconf 88' lang='grc' dir='ltr'>Τοῦτον</span> <span class='ocrx_word' id='word_1_574' title='bbox 2440 989 2677 1052; x_wconf 76' lang='grc' dir='ltr'>ἅπαντες</span> <span class='ocrx_word' id='word_1_575' title='bbox 2713 988 3076 1060; x_wconf 80' lang='grc' dir='ltr'>ζηλώσωμεν,</span> <span class='ocrx_word' id='word_1_576' title='bbox 3115 987 3210 1040; x_wconf 70' lang='grc' dir='ltr'>καὶ</span> <span class='ocrx_word' id='word_1_577' title='bbox 3244 984 3611 1058; x_wconf 81' lang='grc' dir='ltr'>νεκρώσωμεν</span> 
     </span>
    </p>
   </div>
   <div class='ocr_carea' id='block_1_77' title="bbox 2020 1068 3612 1142">
    <p class='ocr_par' dir='ltr' id='par_1_77' title="bbox 2020 1068 3612 1142">
     <span class='ocr_line' id='line_1_77' title="bbox 2020 1068 3612 1142; baseline 0.001 -22"><span class='ocrx_word' id='word_1_578' title='bbox 2020 1068 2176 1138; x_wconf 75' lang='grc' dir='ltr'>ἡμῶν</span> <span class='ocrx_word' id='word_1_579' title='bbox 2209 1070 2276 1122; x_wconf 74' lang='grc' dir='ltr'>τὰ</span> <span class='ocrx_word' id='word_1_580' title='bbox 2316 1071 2452 1142; x_wconf 86' lang='grc' dir='ltr'>μέλη</span> <span class='ocrx_word' id='word_1_581' title='bbox 2489 1071 2588 1140; x_wconf 83' lang='grc' dir='ltr'>τῆς</span> <span class='ocrx_word' id='word_1_582' title='bbox 2623 1073 2825 1142; x_wconf 80' lang='grc' dir='ltr'>σαρκὸς</span> <span class='ocrx_word' id='word_1_583' title='bbox 2845 1113 2860 1136; x_wconf 88' lang='grc'>,</span> <span class='ocrx_word' id='word_1_584' title='bbox 2891 1073 2986 1125; x_wconf 72' lang='grc' dir='ltr'>καὶ</span> <span class='ocrx_word' id='word_1_585' title='bbox 3019 1070 3157 1142; x_wconf 73' lang='grc' dir='ltr'>πρὸς</span> <span class='ocrx_word' id='word_1_586' title='bbox 3185 1071 3284 1141; x_wconf 82' lang='grc' dir='ltr'>τὴν</span> <span class='ocrx_word' id='word_1_587' title='bbox 3334 1069 3612 1141; x_wconf 82' lang='grc' dir='ltr'>ἁμαρτίαν</span> 
     </span>
    </p>
   </div>
   <div class='ocr_carea' id='block_1_78' title="bbox 2019 1152 3612 1225">
    <p class='ocr_par' dir='ltr' id='par_1_78' title="bbox 2019 1152 3612 1225">
     <span class='ocr_line' id='line_1_78' title="bbox 2019 1152 3612 1225; baseline 0.001 -19"><span class='ocrx_word' id='word_1_588' title='bbox 2019 1153 2356 1224; x_wconf 89' lang='grc' dir='ltr'>ἀνενέργητα</span> <span class='ocrx_word' id='word_1_589' title='bbox 2369 1154 2507 1208; x_wconf 87' lang='grc' dir='ltr'>αὐτά</span> <span class='ocrx_word' id='word_1_590' title='bbox 2525 1154 2910 1225; x_wconf 75' lang='grc' dir='ltr'>ἐργασώμεθά·</span> <span class='ocrx_word' id='word_1_591' title='bbox 2925 1154 3069 1207; x_wconf 78' lang='grc' dir='ltr'>οὐτω</span> <span class='ocrx_word' id='word_1_592' title='bbox 3086 1155 3195 1225; x_wconf 88' lang='lat'>7&amp;9</span> <span class='ocrx_word' id='word_1_593' title='bbox 3220 1153 3454 1224; x_wconf 87' lang='grc' dir='ltr'>μάλιστα</span> <span class='ocrx_word' id='word_1_594' title='bbox 3473 1152 3612 1207; x_wconf 86' lang='grc' dir='ltr'>αὐτά</span> 
     </span>
    </p>
   </div>
   <div class='ocr_carea' id='block_1_79' title="bbox 2017 1235 3609 1307">
    <p class='ocr_par' dir='ltr' id='par_1_79' title="bbox 2017 1235 3609 1307">
     <span class='ocr_line' id='line_1_79' title="bbox 2017 1235 3609 1307; baseline 0.003 -19"><span class='ocrx_word' id='word_1_595' title='bbox 2017 1235 2360 1307; x_wconf 82' lang='grc' dir='ltr'>δυνησόμεθα</span> <span class='ocrx_word' id='word_1_596' title='bbox 2405 1237 2757 1307; x_wconf 81' lang='grc' dir='ltr'>παραστῆσαι</span> <span class='ocrx_word' id='word_1_597' title='bbox 2787 1237 2864 1307; x_wconf 78' lang='grc' dir='ltr'>τῷ</span> <span class='ocrx_word' id='word_1_598' title='bbox 2903 1236 3022 1306; x_wconf 82' lang='grc' dir='ltr'>Θεῷ</span> <span class='ocrx_word' id='word_1_599' title='bbox 3059 1238 3251 1290; x_wconf 85' lang='grc' dir='ltr'>θυσίαν</span> <span class='ocrx_word' id='word_1_600' title='bbox 3292 1236 3609 1306; x_wconf 87' lang='grc' dir='ltr'>εὐάρεστον.</span> 
     </span>
    </p>
   </div>
   <div class='ocr_carea' id='block_1_80' title="bbox 2020 1315 3610 1390">
    <p class='ocr_par' dir='ltr' id='par_1_80' title="bbox 2020 1315 3610 1390">
     <span class='ocr_line' id='line_1_80' title="bbox 2020 1315 3610 1390; baseline 0.001 -20"><span class='ocrx_word' id='word_1_601' title='bbox 2020 1315 2173 1381; x_wconf 80' lang='grc' dir='ltr'>Εἶδες</span> <span class='ocrx_word' id='word_1_602' title='bbox 2213 1319 2274 1370; x_wconf 84' lang='lat' dir='ltr'>rb</span> <span class='ocrx_word' id='word_1_603' title='bbox 2313 1319 2499 1373; x_wconf 82' lang='grc' dir='ltr'>καινὸν</span> <span class='ocrx_word' id='word_1_604' title='bbox 2531 1320 2625 1372; x_wconf 75' lang='grc' dir='ltr'>καὶ</span> <span class='ocrx_word' id='word_1_605' title='bbox 2657 1320 2960 1390; x_wconf 76' lang='grc' dir='ltr'>παράδοξον</span> <span class='ocrx_word' id='word_1_606' title='bbox 2991 1321 3092 1390; x_wconf 76' lang='grc' dir='ltr'>τῆς</span> <span class='ocrx_word' id='word_1_607' title='bbox 3136 1320 3330 1383; x_wconf 89' lang='grc' dir='ltr'>θυσίας</span> <span class='ocrx_word' id='word_1_608' title='bbox 3368 1319 3610 1390; x_wconf 83' lang='grc' dir='ltr'>ταύτης;</span> 
     </span>
    </p>
   </div>
   <div class='ocr_carea' id='block_1_81' title="bbox 2021 1401 3612 1477">
    <p class='ocr_par' dir='ltr' id='par_1_81' title="bbox 2021 1401 3612 1477">
     <span class='ocr_line' id='line_1_81' title="bbox 2021 1401 3612 1477; baseline 0.003 -24"><span class='ocrx_word' id='word_1_609' title='bbox 2021 1401 2190 1453; x_wconf 86' lang='grc' dir='ltr'>Ὅταν</span> <span class='ocrx_word' id='word_1_610' title='bbox 2215 1403 2383 1473; x_wconf 82' lang='grc' dir='ltr'>νεκρά</span> <span class='ocrx_word' id='word_1_611' title='bbox 2411 1403 2633 1474; x_wconf 86' lang='grc' dir='ltr'>γένηται</span> <span class='ocrx_word' id='word_1_612' title='bbox 2663 1403 2731 1458; x_wconf 77' lang='grc' dir='ltr'>τά</span> <span class='ocrx_word' id='word_1_613' title='bbox 2763 1405 2899 1475; x_wconf 85' lang='grc' dir='ltr'>μέλη</span> <span class='ocrx_word' id='word_1_614' title='bbox 2919 1444 2934 1463; x_wconf 88' lang='grc'>.</span> <span class='ocrx_word' id='word_1_615' title='bbox 2975 1405 3098 1458; x_wconf 86' lang='grc' dir='ltr'>τότε</span> <span class='ocrx_word' id='word_1_616' title='bbox 3139 1405 3339 1477; x_wconf 80' lang='grc' dir='ltr'>μᾶλλον</span> <span class='ocrx_word' id='word_1_617' title='bbox 3373 1405 3612 1476; x_wconf 67' lang='grc' dir='ltr'>εὐπρόση</span> 
     </span>
    </p>
   </div>
   <div class='ocr_carea' id='block_1_82' title="bbox 2018 1483 3610 1557">
    <p class='ocr_par' dir='ltr' id='par_1_82' title="bbox 2018 1483 3610 1557">
     <span class='ocr_line' id='line_1_82' title="bbox 2018 1483 3610 1557; baseline 0.003 -22"><span class='ocrx_word' id='word_1_618' title='bbox 2018 1483 2181 1536; x_wconf 88' lang='grc' dir='ltr'>δεκτα</span> <span class='ocrx_word' id='word_1_619' title='bbox 2220 1487 2283 1555; x_wconf 79' lang='grc' dir='ltr'>τῇ</span> <span class='ocrx_word' id='word_1_620' title='bbox 2333 1485 2493 1557; x_wconf 83' lang='grc' dir='ltr'>θυσίᾳ</span> <span class='ocrx_word' id='word_1_621' title='bbox 2536 1486 2766 1554; x_wconf 89' lang='grc' dir='ltr'>γίνεται.</span> <span class='ocrx_word' id='word_1_622' title='bbox 2820 1487 2975 1550; x_wconf 88' lang='grc' dir='ltr'>Τίνος</span> <span class='ocrx_word' id='word_1_623' title='bbox 3016 1487 3205 1541; x_wconf 81' lang='grc' dir='ltr'>ἑνεκεν</span> <span class='ocrx_word' id='word_1_624' title='bbox 3249 1489 3346 1541; x_wconf 73' lang='grc' dir='ltr'>καὶ</span> <span class='ocrx_word' id='word_1_625' title='bbox 3396 1487 3486 1540; x_wconf 80' lang='grc' dir='ltr'>διά</span> <span class='ocrx_word' id='word_1_626' title='bbox 3515 1487 3610 1553; x_wconf 76' lang='grc' dir='ltr'>τίς</span> 
     </span>
    </p>
   </div>
   <div class='ocr_carea' id='block_1_83' title="bbox 2032 1567 3612 1642">
    <p class='ocr_par' dir='ltr' id='par_1_83' title="bbox 2032 1567 3612 1642">
     <span class='ocr_line' id='line_1_83' title="bbox 2032 1567 3612 1642; baseline 0.002 -23"><span class='ocrx_word' id='word_1_627' title='bbox 2032 1567 2250 1639; x_wconf 76' lang='grc' dir='ltr'>Ἐπειδὴ</span> <span class='ocrx_word' id='word_1_628' title='bbox 2273 1571 2617 1639; x_wconf 85' lang='grc' dir='ltr'>πνευματική</span> <span class='ocrx_word' id='word_1_629' title='bbox 2654 1571 2803 1623; x_wconf 84' lang='grc' dir='ltr'>ἑστιν</span> <span class='ocrx_word' id='word_1_630' title='bbox 2840 1572 2873 1641; x_wconf 79' lang='grc' dir='ltr'><strong>ἡ</strong></span> <span class='ocrx_word' id='word_1_631' title='bbox 2907 1571 3089 1637; x_wconf 90' lang='grc' dir='ltr'>θυσία,</span> <span class='ocrx_word' id='word_1_632' title='bbox 3119 1571 3215 1626; x_wconf 73' lang='grc' dir='ltr'>καὶ</span> <span class='ocrx_word' id='word_1_633' title='bbox 3244 1570 3394 1624; x_wconf 81' lang='grc' dir='ltr'>οὐδὲν</span> <span class='ocrx_word' id='word_1_634' title='bbox 3421 1569 3612 1642; x_wconf 85' lang='grc' dir='ltr'>αίσθη-</span> 
     </span>
    </p>
   </div>
   <div class='ocr_carea' id='block_1_84' title="bbox 2017 1649 3611 1724">
    <p class='ocr_par' dir='ltr' id='par_1_84' title="bbox 2017 1649 3611 1724">
     <span class='ocr_line' id='line_1_84' title="bbox 2017 1649 3611 1724; baseline 0.002 -24"><span class='ocrx_word' id='word_1_635' title='bbox 2017 1649 2110 1701; x_wconf 86' lang='grc' dir='ltr'>τὸν</span> <span class='ocrx_word' id='word_1_636' title='bbox 2139 1649 2272 1720; x_wconf 81' lang='grc' dir='ltr'>ἔχει.</span> <span class='ocrx_word' id='word_1_637' title='bbox 2337 1651 2462 1705; x_wconf 76' lang='grc' dir='ltr'>Ἐπὶ</span> <span class='ocrx_word' id='word_1_638' title='bbox 2500 1653 2598 1722; x_wconf 81' lang='grc' dir='ltr'>μὲν</span> <span class='ocrx_word' id='word_1_639' title='bbox 2629 1652 2738 1724; x_wconf 85' lang='lat'>7&amp;9</span> <span class='ocrx_word' id='word_1_640' title='bbox 2776 1653 2874 1723; x_wconf 80' lang='grc' dir='ltr'>τῆς</span> <span class='ocrx_word' id='word_1_641' title='bbox 2907 1653 3100 1718; x_wconf 89' lang='grc' dir='ltr'>θυσίας</span> <span class='ocrx_word' id='word_1_642' title='bbox 3124 1654 3226 1724; x_wconf 72' lang='grc' dir='ltr'>τῆς</span> <span class='ocrx_word' id='word_1_643' title='bbox 3255 1652 3520 1723; x_wconf 83' lang='grc' dir='ltr'>αίσθητῆς</span> <span class='ocrx_word' id='word_1_644' title='bbox 3551 1652 3611 1704; x_wconf 87' lang='grc' dir='ltr'>οὐ</span> 
     </span>
    </p>
   </div>
   <div class='ocr_carea' id='block_1_85' title="bbox 2021 1731 3612 1806">
    <p class='ocr_par' dir='ltr' id='par_1_85' title="bbox 2021 1731 3612 1806">
     <span class='ocr_line' id='line_1_85' title="bbox 2021 1731 3612 1806; baseline 0.002 -24"><span class='ocrx_word' id='word_1_645' title='bbox 2021 1731 2181 1801; x_wconf 90' lang='grc' dir='ltr'>μόνον</span> <span class='ocrx_word' id='word_1_646' title='bbox 2214 1733 2273 1786; x_wconf 91' lang='lat' dir='ltr'>rb</span> <span class='ocrx_word' id='word_1_647' title='bbox 2306 1734 2498 1804; x_wconf 83' lang='grc' dir='ltr'>νεκρόν</span> <span class='ocrx_word' id='word_1_648' title='bbox 2535 1737 2682 1787; x_wconf 79' lang='grc' dir='ltr'>ἐστιν</span> <span class='ocrx_word' id='word_1_649' title='bbox 2717 1736 3049 1806; x_wconf 86' lang='grc' dir='ltr'>ἀπόϐλητον,</span> <span class='ocrx_word' id='word_1_650' title='bbox 3083 1735 3222 1790; x_wconf 85' lang='grc' dir='ltr'>ἀλλά</span> <span class='ocrx_word' id='word_1_651' title='bbox 3254 1736 3349 1789; x_wconf 74' lang='grc' dir='ltr'>καὶ</span> <span class='ocrx_word' id='word_1_652' title='bbox 3386 1733 3448 1787; x_wconf 80' lang='grc' dir='ltr'>τὸ</span> <span class='ocrx_word' id='word_1_653' title='bbox 3477 1733 3612 1797; x_wconf 77' lang='grc' dir='ltr'>ζῶν,</span> 
     </span>
    </p>
   </div>
   <div class='ocr_carea' id='block_1_86' title="bbox 2018 1815 3614 1887">
    <p class='ocr_par' dir='ltr' id='par_1_86' title="bbox 2018 1815 3614 1887">
     <span class='ocr_line' id='line_1_86' title="bbox 2018 1815 3614 1887; baseline 0.004 -21"><span class='ocrx_word' id='word_1_654' title='bbox 2018 1817 2066 1866; x_wconf 90' lang='grc' dir='ltr'>εί</span> <span class='ocrx_word' id='word_1_655' title='bbox 2100 1815 2281 1887; x_wconf 85' lang='grc' dir='ltr'>λώϐην</span> <span class='ocrx_word' id='word_1_656' title='bbox 2315 1818 2436 1870; x_wconf 84' lang='grc' dir='ltr'>τινά</span> <span class='ocrx_word' id='word_1_657' title='bbox 2469 1819 2602 1887; x_wconf 80' lang='grc' dir='ltr'>ἔχοι,</span> <span class='ocrx_word' id='word_1_658' title='bbox 2639 1819 2758 1872; x_wconf 76' lang='grc' dir='ltr'>οὐδὲ</span> <span class='ocrx_word' id='word_1_659' title='bbox 2803 1822 2963 1874; x_wconf 89' lang='grc' dir='ltr'>τοῦτο</span> <span class='ocrx_word' id='word_1_660' title='bbox 2994 1822 3074 1884; x_wconf 88' lang='grc' dir='ltr'>είς</span> <span class='ocrx_word' id='word_1_661' title='bbox 3105 1819 3294 1873; x_wconf 88' lang='grc' dir='ltr'>θυσίαν</span> <span class='ocrx_word' id='word_1_662' title='bbox 3321 1818 3510 1872; x_wconf 84' lang='grc' dir='ltr'>δεκτδν</span> <span class='ocrx_word' id='word_1_663' title='bbox 3544 1818 3614 1872; x_wconf 76' lang='grc' dir='ltr'>ἂν</span> 
     </span>
    </p>
   </div>
   <div class='ocr_carea' id='block_1_87' title="bbox 2017 1900 3613 1976">
    <p class='ocr_par' dir='ltr' id='par_1_87' title="bbox 2017 1900 3613 1976">
     <span class='ocr_line' id='line_1_87' title="bbox 2017 1900 3613 1976; baseline 0.003 -26"><span class='ocrx_word' id='word_1_664' title='bbox 2017 1900 2228 1968; x_wconf 80' lang='grc' dir='ltr'>γένοιτό</span> <span class='ocrx_word' id='word_1_665' title='bbox 2275 1917 2425 1955; x_wconf 86' lang='grc' dir='ltr'>ποτε.</span> <span class='ocrx_word' id='word_1_666' title='bbox 2462 1903 2571 1955; x_wconf 88' lang='lat' dir='ltr'>Kal</span> <span class='ocrx_word' id='word_1_667' title='bbox 2612 1903 2772 1956; x_wconf 90' lang='grc' dir='ltr'>τοῦτο</span> <span class='ocrx_word' id='word_1_668' title='bbox 2798 1903 2858 1968; x_wconf 81' lang='grc' dir='ltr'>ἑξ</span> <span class='ocrx_word' id='word_1_669' title='bbox 2891 1905 3069 1976; x_wconf 77' lang='grc' dir='ltr'>ἀρχῆς</span> <span class='ocrx_word' id='word_1_670' title='bbox 3110 1903 3486 1975; x_wconf 80' lang='grc' dir='ltr'>ὲνομοθετεῖτο</span> <span class='ocrx_word' id='word_1_671' title='bbox 3515 1902 3613 1971; x_wconf 87' lang='grc' dir='ltr'>οὐχ</span> 
     </span>
    </p>
   </div>
   <div class='ocr_carea' id='block_1_88' title="bbox 2018 1981 3613 2058">
    <p class='ocr_par' dir='ltr' id='par_1_88' title="bbox 2018 1981 3613 2058">
     <span class='ocr_line' id='line_1_88' title="bbox 2018 1981 3613 2058; baseline 0.002 -22"><span class='ocrx_word' id='word_1_672' title='bbox 2018 1982 2223 2046; x_wconf 82' lang='grc' dir='ltr'>ἁπλῶς,</span> <span class='ocrx_word' id='word_1_673' title='bbox 2260 1985 2375 2037; x_wconf 74' lang='grc' dir='ltr'>ἀλλ’</span> <span class='ocrx_word' id='word_1_674' title='bbox 2409 1985 2493 2038; x_wconf 83' lang='grc' dir='ltr'>ἵνα</span> <span class='ocrx_word' id='word_1_675' title='bbox 2525 1985 2613 2038; x_wconf 73' lang='grc' dir='ltr'>διὰ</span> <span class='ocrx_word' id='word_1_676' title='bbox 2651 1987 2752 2057; x_wconf 81' lang='grc' dir='ltr'>τῆς</span> <span class='ocrx_word' id='word_1_677' title='bbox 2782 1988 2891 2041; x_wconf 86' lang='grc' dir='ltr'>τῶν</span> <span class='ocrx_word' id='word_1_678' title='bbox 2924 1988 3134 2056; x_wconf 83' lang='grc' dir='ltr'>ἀλόγων</span> <span class='ocrx_word' id='word_1_679' title='bbox 3169 1981 3613 2058; x_wconf 81' lang='grc' dir='ltr'>παρατηρήσεως</span> 
     </span>
    </p>
   </div>
   <div class='ocr_carea' id='block_1_89' title="bbox 2018 2066 3614 2142">
    <p class='ocr_par' dir='ltr' id='par_1_89' title="bbox 2018 2066 3614 2142">
     <span class='ocr_line' id='line_1_89' title="bbox 2018 2066 3614 2142; baseline 0.008 -24"><span class='ocrx_word' id='word_1_680' title='bbox 2018 2066 2160 2119; x_wconf 84' lang='grc' dir='ltr'>κατά</span> <span class='ocrx_word' id='word_1_681' title='bbox 2190 2069 2386 2138; x_wconf 75' lang='grc' dir='ltr'>μικρὸν</span> <span class='ocrx_word' id='word_1_682' title='bbox 2413 2069 2729 2140; x_wconf 82' lang='grc' dir='ltr'>ὲναχθῶμεν</span> <span class='ocrx_word' id='word_1_683' title='bbox 2760 2073 2899 2142; x_wconf 84' lang='grc' dir='ltr'>μετά</span> <span class='ocrx_word' id='word_1_684' title='bbox 2923 2072 3024 2142; x_wconf 74' lang='grc' dir='ltr'>τῆς</span> <span class='ocrx_word' id='word_1_685' title='bbox 3062 2071 3330 2140; x_wconf 77' lang='grc' dir='ltr'>τοσαύτης</span> <span class='ocrx_word' id='word_1_686' title='bbox 3362 2069 3614 2139; x_wconf 74' lang='grc' dir='ltr'>φυλακῆς</span> 
     </span>
    </p>
   </div>
   <div class='ocr_carea' id='block_1_90' title="bbox 2015 2147 3613 2224">
    <p class='ocr_par' dir='ltr' id='par_1_90' title="bbox 2015 2147 3613 2224">
     <span class='ocr_line' id='line_1_90' title="bbox 2015 2147 3613 2224; baseline 0.003 -24"><span class='ocrx_word' id='word_1_687' title='bbox 2015 2147 2115 2218; x_wconf 80' lang='grc' dir='ltr'>τὴν</span> <span class='ocrx_word' id='word_1_688' title='bbox 2146 2152 2524 2221; x_wconf 76' lang='grc' dir='ltr'>πνευματικὴν</span> <span class='ocrx_word' id='word_1_689' title='bbox 2571 2153 2779 2222; x_wconf 88' lang='grc' dir='ltr'>ταύτην</span> <span class='ocrx_word' id='word_1_690' title='bbox 2810 2155 2904 2206; x_wconf 76' lang='grc' dir='ltr'>καὶ</span> <span class='ocrx_word' id='word_1_691' title='bbox 2947 2153 3172 2224; x_wconf 82' lang='grc' dir='ltr'>λογικὴν</span> <span class='ocrx_word' id='word_1_692' title='bbox 3219 2151 3410 2205; x_wconf 89' lang='grc' dir='ltr'>θυσίαν</span> <span class='ocrx_word' id='word_1_693' title='bbox 3439 2167 3613 2222; x_wconf 85' lang='grc' dir='ltr'>προσ-</span> 
     </span>
    </p>
   </div>
   <div class='ocr_carea' id='block_1_91' title="bbox 2017 2231 3614 2306">
    <p class='ocr_par' dir='ltr' id='par_1_91' title="bbox 2017 2231 3614 2306">
     <span class='ocr_line' id='line_1_91' title="bbox 2017 2231 3614 2306; baseline 0.003 -24"><span class='ocrx_word' id='word_1_694' title='bbox 2017 2231 2190 2298; x_wconf 89' lang='grc' dir='ltr'>άγειν.</span> <span class='ocrx_word' id='word_1_695' title='bbox 2225 2233 2289 2284; x_wconf 84' lang='grc'>’⁵0</span> <span class='ocrx_word' id='word_1_696' title='bbox 2313 2233 2421 2302; x_wconf 81' lang='grc' dir='ltr'>γάρ</span> <span class='ocrx_word' id='word_1_697' title='bbox 2454 2235 2600 2286; x_wconf 84' lang='grc' dir='ltr'>ἑστιν</span> <span class='ocrx_word' id='word_1_698' title='bbox 2627 2236 2744 2288; x_wconf 78' lang='grc' dir='ltr'>ἐκεῖ</span> <span class='ocrx_word' id='word_1_699' title='bbox 2765 2235 2932 2306; x_wconf 88' lang='grc' dir='ltr'>λώϐη,</span> <span class='ocrx_word' id='word_1_700' title='bbox 2967 2236 3062 2289; x_wconf 83' lang='grc' dir='ltr'>καὶ</span> <span class='ocrx_word' id='word_1_701' title='bbox 3088 2235 3151 2288; x_wconf 89' lang='lat' dir='ltr'>rb</span> <span class='ocrx_word' id='word_1_702' title='bbox 3175 2235 3491 2304; x_wconf 88' lang='grc' dir='ltr'>ώτότμητον</span> <span class='ocrx_word' id='word_1_703' title='bbox 3519 2233 3614 2287; x_wconf 69' lang='grc' dir='ltr'>καὶ</span> 
     </span>
    </p>
   </div>
   <div class='ocr_carea' id='block_1_92' title="bbox 2017 2313 3613 2390">
    <p class='ocr_par' dir='ltr' id='par_1_92' title="bbox 2017 2313 3613 2390">
     <span class='ocr_line' id='line_1_92' title="bbox 2017 2313 3613 2390; baseline 0.001 -22"><span class='ocrx_word' id='word_1_704' title='bbox 2017 2313 2429 2386; x_wconf 79' lang='grc' dir='ltr'>κολοϐόκερκον,</span> <span class='ocrx_word' id='word_1_705' title='bbox 2479 2317 2639 2371; x_wconf 88' lang='grc' dir='ltr'>τοῦτο</span> <span class='ocrx_word' id='word_1_706' title='bbox 2683 2318 2921 2371; x_wconf 81' lang='grc' dir='ltr'>ἐνταῦθα</span> <span class='ocrx_word' id='word_1_707' title='bbox 2973 2319 3252 2390; x_wconf 88' lang='grc' dir='ltr'>πονηρία,</span> <span class='ocrx_word' id='word_1_708' title='bbox 3314 2316 3613 2388; x_wconf 81' lang='grc' dir='ltr'>ἐπιθυμία,</span> 
     </span>
    </p>
   </div>
   <div class='ocr_carea' id='block_1_93' title="bbox 2017 2396 3616 2472">
    <p class='ocr_par' dir='ltr' id='par_1_93' title="bbox 2017 2396 3616 2472">
     <span class='ocr_line' id='line_1_93' title="bbox 2017 2396 3616 2472; baseline 0.004 -25"><span class='ocrx_word' id='word_1_709' title='bbox 2017 2396 2310 2465; x_wconf 81' lang='grc' dir='ltr'>ἀσέλγεια,</span> <span class='ocrx_word' id='word_1_710' title='bbox 2354 2401 2654 2469; x_wconf 80' lang='grc' dir='ltr'>χρημάτων</span> <span class='ocrx_word' id='word_1_711' title='bbox 2688 2400 2828 2472; x_wconf 77' lang='grc' dir='ltr'>ἔρως</span> <span class='ocrx_word' id='word_1_712' title='bbox 2869 2403 2964 2456; x_wconf 77' lang='grc' dir='ltr'>καὶ</span> <span class='ocrx_word' id='word_1_713' title='bbox 3013 2404 3165 2456; x_wconf 78' lang='grc' dir='ltr'>πᾶσα</span> <span class='ocrx_word' id='word_1_714' title='bbox 3201 2401 3481 2472; x_wconf 83' lang='grc' dir='ltr'>ἁμαρτία·</span> <span class='ocrx_word' id='word_1_715' title='bbox 3517 2401 3616 2454; x_wconf 73' lang='grc' dir='ltr'>καὶ</span> 
     </span>
    </p>
   </div>
   <div class='ocr_carea' id='block_1_94' title="bbox 2017 2481 3616 2560">
    <p class='ocr_par' dir='ltr' id='par_1_94' title="bbox 2017 2481 3616 2560">
     <span class='ocr_line' id='line_1_94' title="bbox 2017 2481 3616 2560; baseline 0.004 -28"><span class='ocrx_word' id='word_1_716' title='bbox 2017 2481 2154 2552; x_wconf 84' lang='grc' dir='ltr'>ὅπερ</span> <span class='ocrx_word' id='word_1_717' title='bbox 2182 2482 2328 2535; x_wconf 75' lang='grc' dir='ltr'>ἐστὶν</span> <span class='ocrx_word' id='word_1_718' title='bbox 2360 2485 2476 2536; x_wconf 83' lang='grc' dir='ltr'>ἐκεῖ</span> <span class='ocrx_word' id='word_1_719' title='bbox 2507 2485 2567 2538; x_wconf 89' lang='lat' dir='ltr'>rb</span> <span class='ocrx_word' id='word_1_720' title='bbox 2593 2487 2766 2554; x_wconf 86' lang='grc' dir='ltr'>ὐγιὲς,</span> <span class='ocrx_word' id='word_1_721' title='bbox 2794 2487 2889 2540; x_wconf 77' lang='grc' dir='ltr'>καὶ</span> <span class='ocrx_word' id='word_1_722' title='bbox 2916 2487 2976 2540; x_wconf 87' lang='lat' dir='ltr'>rb</span> <span class='ocrx_word' id='word_1_723' title='bbox 3001 2487 3180 2560; x_wconf 86' lang='grc' dir='ltr'>πάντῃ</span> <span class='ocrx_word' id='word_1_724' title='bbox 3215 2487 3408 2558; x_wconf 85' lang='grc' dir='ltr'>μώμου</span> <span class='ocrx_word' id='word_1_725' title='bbox 3437 2485 3616 2555; x_wconf 77' lang='grc' dir='ltr'>ἀπηλε-</span> 
     </span>
    </p>
   </div>
   <div class='ocr_carea' id='block_1_95' title="bbox 2017 2563 3616 2641">
    <p class='ocr_par' dir='ltr' id='par_1_95' title="bbox 2017 2563 3616 2641">
     <span class='ocr_line' id='line_1_95' title="bbox 2017 2563 3616 2641; baseline 0.004 -26"><span class='ocrx_word' id='word_1_726' title='bbox 2017 2563 2310 2634; x_wconf 87' lang='grc' dir='ltr'>λαγμένον,</span> <span class='ocrx_word' id='word_1_727' title='bbox 2343 2566 2503 2619; x_wconf 89' lang='grc' dir='ltr'>τοῦτο</span> <span class='ocrx_word' id='word_1_728' title='bbox 2528 2568 2763 2622; x_wconf 83' lang='grc' dir='ltr'>ἐνταῦθα</span> <span class='ocrx_word' id='word_1_729' title='bbox 2793 2569 2855 2622; x_wconf 88' lang='lat' dir='ltr'>rb</span> <span class='ocrx_word' id='word_1_730' title='bbox 2889 2571 3084 2641; x_wconf 75' lang='grc' dir='ltr'>νεκρὸν</span> <span class='ocrx_word' id='word_1_731' title='bbox 3111 2572 3187 2640; x_wconf 80' lang='grc' dir='ltr'>τῷ</span> <span class='ocrx_word' id='word_1_732' title='bbox 3218 2571 3408 2640; x_wconf 76' lang='grc' dir='ltr'>κόσμῳ</span> <span class='ocrx_word' id='word_1_733' title='bbox 3435 2570 3616 2640; x_wconf 84' lang='grc' dir='ltr'>πάντῃ</span> 
     </span>
    </p>
   </div>
   <div class='ocr_carea' id='block_1_96' title="bbox 2017 2647 3615 2724">
    <p class='ocr_par' dir='ltr' id='par_1_96' title="bbox 2017 2647 3615 2724">
     <span class='ocr_line' id='line_1_96' title="bbox 2017 2647 3615 2724; baseline 0.003 -24"><span class='ocrx_word' id='word_1_734' title='bbox 2017 2648 2278 2716; x_wconf 87' lang='grc' dir='ltr'>γεγονότα</span> <span class='ocrx_word' id='word_1_735' title='bbox 2306 2647 2449 2702; x_wconf 85' lang='grc' dir='ltr'>οῦτω</span> <span class='ocrx_word' id='word_1_736' title='bbox 2472 2651 2608 2720; x_wconf 72' lang='grc' dir='ltr'>πρὸς</span> <span class='ocrx_word' id='word_1_737' title='bbox 2633 2652 2731 2721; x_wconf 75' lang='grc' dir='ltr'>τὴν</span> <span class='ocrx_word' id='word_1_738' title='bbox 2753 2652 2943 2704; x_wconf 89' lang='grc' dir='ltr'>θυσίαν</span> <span class='ocrx_word' id='word_1_739' title='bbox 2968 2653 3066 2724; x_wconf 85' lang='grc' dir='ltr'>τὴν</span> <span class='ocrx_word' id='word_1_740' title='bbox 3094 2651 3468 2723; x_wconf 76' lang='grc' dir='ltr'>πνευματικὴν</span> <span class='ocrx_word' id='word_1_741' title='bbox 3495 2651 3615 2704; x_wconf 85' lang='grc' dir='ltr'>ἑπι-</span> 
     </span>
    </p>
   </div>
   <div class='ocr_carea' id='block_1_97' title="bbox 2016 2730 3616 2806">
    <p class='ocr_par' dir='ltr' id='par_1_97' title="bbox 2016 2730 3616 2806">
     <span class='ocr_line' id='line_1_97' title="bbox 2016 2730 3616 2806; baseline 0.003 -24"><span class='ocrx_word' id='word_1_742' title='bbox 2016 2730 2229 2801; x_wconf 78' lang='grc' dir='ltr'>τήδειον</span> <span class='ocrx_word' id='word_1_743' title='bbox 2258 2733 2448 2784; x_wconf 74' lang='grc' dir='ltr'>ἑαυτὸν</span> <span class='ocrx_word' id='word_1_744' title='bbox 2487 2735 2851 2804; x_wconf 75' lang='grc' dir='ltr'>καταστῆσαι.</span> <span class='ocrx_word' id='word_1_745' title='bbox 2885 2735 3070 2789; x_wconf 86' lang='grc' dir='ltr'>Ταῦτα</span> <span class='ocrx_word' id='word_1_746' title='bbox 3103 2737 3178 2806; x_wconf 74' lang='grc' dir='ltr'>μὴ</span> <span class='ocrx_word' id='word_1_747' title='bbox 3209 2734 3398 2796; x_wconf 84' lang='grc' dir='ltr'>ἁπλῶς</span> <span class='ocrx_word' id='word_1_748' title='bbox 3437 2751 3616 2805; x_wconf 86' lang='grc' dir='ltr'>παρα-</span> 
     </span>
    </p>
   </div>
   <div class='ocr_carea' id='block_1_98' title="bbox 2017 2814 3614 2890">
    <p class='ocr_par' dir='ltr' id='par_1_98' title="bbox 2017 2814 3614 2890">
     <span class='ocr_line' id='line_1_98' title="bbox 2017 2814 3614 2890; baseline 0.001 -24"><span class='ocrx_word' id='word_1_749' title='bbox 2017 2814 2320 2886; x_wconf 87' lang='grc' dir='ltr'>τρέχωμεν,</span> <span class='ocrx_word' id='word_1_750' title='bbox 2347 2814 2464 2868; x_wconf 80' lang='grc' dir='ltr'>ἀλλ’</span> <span class='ocrx_word' id='word_1_751' title='bbox 2492 2817 2874 2886; x_wconf 80' lang='grc' dir='ltr'>ἑμπηγνύντες</span> <span class='ocrx_word' id='word_1_752' title='bbox 2899 2819 3036 2871; x_wconf 81' lang='grc' dir='ltr'>αὐτά</span> <span class='ocrx_word' id='word_1_753' title='bbox 3059 2821 3124 2890; x_wconf 72' lang='grc' dir='ltr'>τῇ</span> <span class='ocrx_word' id='word_1_754' title='bbox 3150 2817 3358 2870; x_wconf 88' lang='grc' dir='ltr'>ἑαυτῶν</span> <span class='ocrx_word' id='word_1_755' title='bbox 3381 2817 3614 2887; x_wconf 71' lang='grc' dir='ltr'>διανοίᾳ,</span> 
     </span>
    </p>
   </div>
   <div class='ocr_carea' id='block_1_99' title="bbox 2021 2897 3616 2972">
    <p class='ocr_par' dir='ltr' id='par_1_99' title="bbox 2021 2897 3616 2972">
     <span class='ocr_line' id='line_1_99' title="bbox 2021 2897 3616 2972; baseline 0.002 -23"><span class='ocrx_word' id='word_1_756' title='bbox 2021 2897 2413 2968; x_wconf 88' lang='grc' dir='ltr'>σπουδάσωμεν</span> <span class='ocrx_word' id='word_1_757' title='bbox 2437 2900 2514 2970; x_wconf 80' lang='grc' dir='ltr'>μὴ</span> <span class='ocrx_word' id='word_1_758' title='bbox 2536 2899 2794 2964; x_wconf 79' lang='grc' dir='ltr'>ἐλάττους</span> <span class='ocrx_word' id='word_1_759' title='bbox 2813 2901 3044 2972; x_wconf 74' lang='grc' dir='ltr'>ὀφθῆναι</span> <span class='ocrx_word' id='word_1_760' title='bbox 3067 2901 3176 2954; x_wconf 86' lang='grc' dir='ltr'>τῶν</span> <span class='ocrx_word' id='word_1_761' title='bbox 3212 2901 3484 2954; x_wconf 86' lang='grc' dir='ltr'>Ἰουδαίων</span> <span class='ocrx_word' id='word_1_762' title='bbox 3505 2900 3616 2952; x_wconf 87' lang='grc' dir='ltr'>τῶν</span> 
     </span>
    </p>
   </div>
   <div class='ocr_carea' id='block_1_100' title="bbox 2019 2981 3608 3056">
    <p class='ocr_par' dir='ltr' id='par_1_100' title="bbox 2019 2981 3608 3056">
     <span class='ocr_line' id='line_1_100' title="bbox 2019 2981 3608 3056; baseline 0.003 -22"><span class='ocrx_word' id='word_1_763' title='bbox 2019 2981 2078 3034; x_wconf 70' lang='grc' dir='ltr'>ιν</span> <span class='ocrx_word' id='word_1_764' title='bbox 2120 2983 2184 3051; x_wconf 77' lang='grc' dir='ltr'>τῇ</span> <span class='ocrx_word' id='word_1_765' title='bbox 2223 2983 2350 3052; x_wconf 80' lang='grc' dir='ltr'>σκιᾷ</span> <span class='ocrx_word' id='word_1_766' title='bbox 2383 2982 2652 3053; x_wconf 82' lang='grc' dir='ltr'>τοσαύτην</span> <span class='ocrx_word' id='word_1_767' title='bbox 2684 2985 3145 3056; x_wconf 79' lang='grc' dir='ltr'>ἐπιδεικνυμένων</span> <span class='ocrx_word' id='word_1_768' title='bbox 3198 2988 3608 3055; x_wconf 71' lang='grc' dir='ltr'>παρατήρησιν.</span> 
     </span>
    </p>
   </div>
   <div class='ocr_carea' id='block_1_101' title="bbox 2022 3064 3616 3140">
    <p class='ocr_par' dir='ltr' id='par_1_101' title="bbox 2022 3064 3616 3140">
     <span class='ocr_line' id='line_1_101' title="bbox 2022 3064 3616 3140; baseline 0.003 -24"><span class='ocrx_word' id='word_1_769' title='bbox 2022 3064 2234 3135; x_wconf 81' lang='grc' dir='ltr'>Ὠσπερ</span> <span class='ocrx_word' id='word_1_770' title='bbox 2261 3066 2586 3136; x_wconf 85' lang='grc' dir='ltr'>γάρὲκεῖνοι</span> <span class='ocrx_word' id='word_1_771' title='bbox 2611 3066 2692 3119; x_wconf 81' lang='grc' dir='ltr'>ἔτι</span> <span class='ocrx_word' id='word_1_772' title='bbox 2718 3068 2796 3138; x_wconf 79' lang='grc' dir='ltr'>τῷ</span> <span class='ocrx_word' id='word_1_773' title='bbox 2816 3068 2994 3140; x_wconf 87' lang='grc' dir='ltr'>λύχνῳ</span> <span class='ocrx_word' id='word_1_774' title='bbox 3023 3068 3474 3140; x_wconf 77' lang='grc' dir='ltr'>παρακαθήμενοι</span> <span class='ocrx_word' id='word_1_775' title='bbox 3502 3085 3616 3120; x_wconf 71' lang='grc' dir='ltr'>τοσο</span> 
     </span>
    </p>
   </div>
   <div class='ocr_carea' id='block_1_102' title="bbox 2019 3155 3617 3236">
    <p class='ocr_par' dir='ltr' id='par_1_102' title="bbox 2019 3155 3617 3236">
     <span class='ocr_line' id='line_1_102' title="bbox 2019 3155 3617 3236; baseline 0.003 -26"><span class='ocrx_word' id='word_1_776' title='bbox 2019 3157 2190 3228; x_wconf 88' lang='grc' dir='ltr'>αύτην</span> <span class='ocrx_word' id='word_1_777' title='bbox 2207 3159 2486 3214; x_wconf 71' lang='grc' dir='ltr'>ἐποιοῦντο</span> <span class='ocrx_word' id='word_1_778' title='bbox 2499 3161 2596 3232; x_wconf 75' lang='grc' dir='ltr'>τὴν</span> <span class='ocrx_word' id='word_1_779' title='bbox 2614 3162 3061 3236; x_wconf 58' lang='grc' dir='ltr'>φυλακὴνρῦτως</span> <span class='ocrx_word' id='word_1_780' title='bbox 3074 3158 3270 3234; x_wconf 80' lang='grc' dir='ltr'>ἡμεῖς,ὶ</span> <span class='ocrx_word' id='word_1_781' title='bbox 3284 3155 3411 3229; x_wconf 71' lang='lat'>582]</span> <span class='ocrx_word' id='word_1_782' title='bbox 3426 3162 3617 3234; x_wconf 72' lang='grc' dir='ltr'>ἐπειδὴ</span> 
     </span>
    </p>
   </div>
   <div class='ocr_carea' id='block_1_103' title="bbox 2021 3240 3618 3318">
    <p class='ocr_par' dir='ltr' id='par_1_103' title="bbox 2021 3240 3618 3318">
     <span class='ocr_line' id='line_1_103' title="bbox 2021 3240 3618 3318; baseline 0.004 -25"><span class='ocrx_word' id='word_1_783' title='bbox 2021 3240 2125 3294; x_wconf 71' lang='grc' dir='ltr'>ὐπὸ</span> <span class='ocrx_word' id='word_1_784' title='bbox 2153 3241 2248 3294; x_wconf 91' lang='grc' dir='ltr'>τοῦ</span> <span class='ocrx_word' id='word_1_785' title='bbox 2281 3243 2432 3313; x_wconf 81' lang='grc' dir='ltr'>ἡλίου</span> <span class='ocrx_word' id='word_1_786' title='bbox 2468 3245 2567 3313; x_wconf 84' lang='grc' dir='ltr'>τῆς</span> <span class='ocrx_word' id='word_1_787' title='bbox 2599 3245 2950 3318; x_wconf 78' lang='grc' dir='ltr'>δικαιοσύνης</span> <span class='ocrx_word' id='word_1_788' title='bbox 2991 3246 3440 3318; x_wconf 87' lang='grc' dir='ltr'>καταυγασθῆναι</span> <span class='ocrx_word' id='word_1_789' title='bbox 3491 3262 3618 3299; x_wconf 66' lang='grc' dir='ltr'>κατι</span> 
     </span>
    </p>
   </div>
   <div class='ocr_carea' id='block_1_104' title="bbox 2021 3324 3618 3401">
    <p class='ocr_par' dir='ltr' id='par_1_104' title="bbox 2021 3324 3618 3401">
     <span class='ocr_line' id='line_1_104' title="bbox 2021 3324 3618 3401; baseline -0.008 -11"><span class='ocrx_word' id='word_1_790' title='bbox 2021 3324 2355 3395; x_wconf 75' lang='grc' dir='ltr'>ηξιώθημεν,</span> <span class='ocrx_word' id='word_1_791' title='bbox 2392 3327 2488 3381; x_wconf 66' lang='grc' dir='ltr'>καὶ</span> <span class='ocrx_word' id='word_1_792' title='bbox 2521 3328 2621 3399; x_wconf 78' lang='grc' dir='ltr'>τὴν</span> <span class='ocrx_word' id='word_1_793' title='bbox 2667 3329 2826 3383; x_wconf 83' lang='grc' dir='ltr'>σκιάν</span> <span class='ocrx_word' id='word_1_794' title='bbox 2880 3331 3277 3392; x_wconf 81' lang='grc' dir='ltr'>καταλιπόντες</span> <span class='ocrx_word' id='word_1_795' title='bbox 3326 3329 3463 3401; x_wconf 83' lang='grc' dir='ltr'>πρὸς</span> <span class='ocrx_word' id='word_1_796' title='bbox 3513 3330 3618 3400; x_wconf 68' lang='grc' dir='ltr'>τὴν</span> 
     </span>
    </p>
   </div>
   <div class='ocr_carea' id='block_1_105' title="bbox 2020 3409 3616 3486">
    <p class='ocr_par' dir='ltr' id='par_1_105' title="bbox 2020 3409 3616 3486">
     <span class='ocr_line' id='line_1_105' title="bbox 2020 3409 3616 3486; baseline 0.002 -25"><span class='ocrx_word' id='word_1_797' title='bbox 2020 3409 2280 3478; x_wconf 78' lang='grc' dir='ltr'>ἀληθειαν</span> <span class='ocrx_word' id='word_1_798' title='bbox 2297 3411 2850 3483; x_wconf 84' lang='grc' dir='ltr'>ἑχειραγωγήθημεν,</span> <span class='ocrx_word' id='word_1_799' title='bbox 2879 3414 2978 3486; x_wconf 80' lang='grc' dir='ltr'>τὴν</span> <span class='ocrx_word' id='word_1_800' title='bbox 2994 3414 3187 3485; x_wconf 82' lang='grc' dir='ltr'>ὁμοίαν</span> <span class='ocrx_word' id='word_1_801' title='bbox 3216 3413 3464 3484; x_wconf 71' lang='grc' dir='ltr'>φυλακὴν</span> <span class='ocrx_word' id='word_1_802' title='bbox 3493 3413 3616 3465; x_wconf 82' lang='grc' dir='ltr'>ἑπι-</span> 
     </span>
    </p>
   </div>
   <div class='ocr_carea' id='block_1_106' title="bbox 2019 3493 3618 3569">
    <p class='ocr_par' dir='ltr' id='par_1_106' title="bbox 2019 3493 3618 3569">
     <span class='ocr_line' id='line_1_106' title="bbox 2019 3493 3618 3569; baseline 0.002 -23"><span class='ocrx_word' id='word_1_803' title='bbox 2019 3493 2324 3564; x_wconf 79' lang='grc' dir='ltr'>δειξώμεθα</span> <span class='ocrx_word' id='word_1_804' title='bbox 2348 3495 2478 3566; x_wconf 77' lang='grc' dir='ltr'>περὶ</span> <span class='ocrx_word' id='word_1_805' title='bbox 2503 3495 2601 3566; x_wconf 74' lang='grc' dir='ltr'>τὴν</span> <span class='ocrx_word' id='word_1_806' title='bbox 2634 3499 3015 3569; x_wconf 77' lang='grc' dir='ltr'>πνευματικὴν</span> <span class='ocrx_word' id='word_1_807' title='bbox 3037 3499 3244 3569; x_wconf 90' lang='grc' dir='ltr'>ταύτην</span> <span class='ocrx_word' id='word_1_808' title='bbox 3273 3497 3484 3551; x_wconf 87' lang='grc' dir='ltr'>θυσίαν.</span> <span class='ocrx_word' id='word_1_809' title='bbox 3507 3495 3618 3550; x_wconf 74' lang='grc' dir='ltr'>Καὶ</span> 
     </span>
    </p>
   </div>
   <div class='ocr_carea' id='block_1_107' title="bbox 2023 3577 3616 3653">
    <p class='ocr_par' dir='ltr' id='par_1_107' title="bbox 2023 3577 3616 3653">
     <span class='ocr_line' id='line_1_107' title="bbox 2023 3577 3616 3653; baseline 0.002 -24"><span class='ocrx_word' id='word_1_810' title='bbox 2023 3577 2158 3647; x_wconf 80' lang='grc' dir='ltr'>μηδὲ</span> <span class='ocrx_word' id='word_1_811' title='bbox 2197 3577 2265 3631; x_wconf 79' lang='grc' dir='ltr'>τά</span> <span class='ocrx_word' id='word_1_812' title='bbox 2300 3578 2473 3650; x_wconf 80' lang='grc' dir='ltr'>μικρά</span> <span class='ocrx_word' id='word_1_813' title='bbox 2507 3580 2884 3652; x_wconf 75' lang='grc' dir='ltr'>ἁμαρτήματα</span> <span class='ocrx_word' id='word_1_814' title='bbox 2918 3583 3254 3653; x_wconf 75' lang='grc' dir='ltr'>νομιζόμενα</span> <span class='ocrx_word' id='word_1_815' title='bbox 3293 3579 3479 3643; x_wconf 84' lang='grc' dir='ltr'>ἁπλῶς</span> <span class='ocrx_word' id='word_1_816' title='bbox 3503 3597 3616 3632; x_wconf 83' lang='grc' dir='ltr'>πα-</span> 
     </span>
    </p>
   </div>
   <div class='ocr_carea' id='block_1_108' title="bbox 2025 3661 3618 3738">
    <p class='ocr_par' dir='ltr' id='par_1_108' title="bbox 2025 3661 3618 3738">
     <span class='ocr_line' id='line_1_108' title="bbox 2025 3661 3618 3738; baseline 0.002 -24"><span class='ocrx_word' id='word_1_817' title='bbox 2025 3661 2399 3732; x_wconf 84' lang='grc' dir='ltr'>ρατρέχωμεν,</span> <span class='ocrx_word' id='word_1_818' title='bbox 2425 3663 2563 3716; x_wconf 81' lang='grc' dir='ltr'>ἀλλά</span> <span class='ocrx_word' id='word_1_819' title='bbox 2587 3667 2707 3719; x_wconf 80' lang='grc' dir='ltr'>καθ’</span> <span class='ocrx_word' id='word_1_820' title='bbox 2729 3679 2754 3706; x_wconf 71' lang='grc'>⁸</span> <span class='ocrx_word' id='word_1_821' title='bbox 2783 3667 3022 3737; x_wconf 86' lang='grc' dir='ltr'>ἑκάστην</span> <span class='ocrx_word' id='word_1_822' title='bbox 3046 3668 3261 3738; x_wconf 74' lang='grc' dir='ltr'>ἡμέραν</span> <span class='ocrx_word' id='word_1_823' title='bbox 3285 3665 3513 3726; x_wconf 78' lang='grc' dir='ltr'>ἑαυτοὺς</span> <span class='ocrx_word' id='word_1_824' title='bbox 3533 3665 3618 3717; x_wconf 77' lang='grc' dir='ltr'>εὐ-</span> 
     </span>
    </p>
   </div>
   <div class='ocr_carea' id='block_1_109' title="bbox 2021 3743 3616 3820">
    <p class='ocr_par' dir='ltr' id='par_1_109' title="bbox 2021 3743 3616 3820">
     <span class='ocr_line' id='line_1_109' title="bbox 2021 3743 3616 3820; baseline 0.003 -25"><span class='ocrx_word' id='word_1_825' title='bbox 2021 3743 2186 3806; x_wconf 89' lang='grc' dir='ltr'>θύνας</span> <span class='ocrx_word' id='word_1_826' title='bbox 2213 3745 2539 3815; x_wconf 84' lang='grc' dir='ltr'>ἀπαιτῶμεν</span> <span class='ocrx_word' id='word_1_827' title='bbox 2573 3749 2666 3799; x_wconf 78' lang='grc' dir='ltr'>καὶ</span> <span class='ocrx_word' id='word_1_828' title='bbox 2701 3750 2965 3818; x_wconf 73' lang='grc' dir='ltr'>ῥημάτων</span> <span class='ocrx_word' id='word_1_829' title='bbox 3001 3751 3096 3803; x_wconf 76' lang='grc' dir='ltr'>καὶ</span> <span class='ocrx_word' id='word_1_830' title='bbox 3129 3749 3478 3820; x_wconf 82' lang='grc' dir='ltr'>βλεμμάτων,</span> <span class='ocrx_word' id='word_1_831' title='bbox 3517 3749 3616 3801; x_wconf 73' lang='grc' dir='ltr'>καὶ</span> 
     </span>
    </p>
   </div>
   <div class='ocr_carea' id='block_1_110' title="bbox 2019 3826 3618 3902">
    <p class='ocr_par' dir='ltr' id='par_1_110' title="bbox 2019 3826 3618 3902">
     <span class='ocr_line' id='line_1_110' title="bbox 2019 3826 3618 3902; baseline 0.004 -24"><span class='ocrx_word' id='word_1_832' title='bbox 2019 3826 2173 3889; x_wconf 89' lang='grc' dir='ltr'>δίκας</span> <span class='ocrx_word' id='word_1_833' title='bbox 2196 3827 2422 3890; x_wconf 79' lang='grc' dir='ltr'>έαυτούς</span> <span class='ocrx_word' id='word_1_834' title='bbox 2453 3830 2931 3900; x_wconf 87' lang='grc' dir='ltr'>είσπραττώμεθα,</span> <span class='ocrx_word' id='word_1_835' title='bbox 2972 3832 3058 3885; x_wconf 84' lang='grc' dir='ltr'>ἴνα</span> <span class='ocrx_word' id='word_1_836' title='bbox 3092 3833 3192 3902; x_wconf 85' lang='grc' dir='ltr'>τῆς</span> <span class='ocrx_word' id='word_1_837' title='bbox 3217 3829 3427 3884; x_wconf 77' lang='grc' dir='ltr'>ἐκεῖθεν</span> <span class='ocrx_word' id='word_1_838' title='bbox 3456 3829 3618 3884; x_wconf 84' lang='grc' dir='ltr'>κολά-</span> 
     </span>
    </p>
   </div>
   <div class='ocr_carea' id='block_1_111' title="bbox 2022 3909 3616 3983">
    <p class='ocr_par' dir='ltr' id='par_1_111' title="bbox 2022 3909 3616 3983">
     <span class='ocr_line' id='line_1_111' title="bbox 2022 3909 3616 3983; baseline 0.004 -23"><span class='ocrx_word' id='word_1_839' title='bbox 2022 3925 2159 3972; x_wconf 86' lang='grc' dir='ltr'>σεως</span> <span class='ocrx_word' id='word_1_840' title='bbox 2203 3909 2430 3974; x_wconf 73' lang='grc' dir='ltr'>ἑαυτοὺς</span> <span class='ocrx_word' id='word_1_841' title='bbox 2469 3910 2946 3982; x_wconf 76' lang='grc' dir='ltr'>ἐλευθερώσωμεν.</span> <span class='ocrx_word' id='word_1_842' title='bbox 3001 3914 3100 3967; x_wconf 69' lang='grc' dir='ltr'>Δια</span> <span class='ocrx_word' id='word_1_843' title='bbox 3145 3913 3255 3983; x_wconf 87' lang='grc' dir='ltr'>γάρ</span> <span class='ocrx_word' id='word_1_844' title='bbox 3312 3911 3472 3965; x_wconf 87' lang='grc' dir='ltr'>τοῦτο</span> <span class='ocrx_word' id='word_1_845' title='bbox 3519 3914 3616 3966; x_wconf 80' lang='grc' dir='ltr'>καὶ</span> 
     </span>
    </p>
   </div>
   <div class='ocr_carea' id='block_1_112' title="bbox 2021 3991 3619 4065">
    <p class='ocr_par' dir='ltr' id='par_1_112' title="bbox 2021 3991 3619 4065">
     <span class='ocr_line' id='line_1_112' title="bbox 2021 3991 3619 4065; baseline 0.004 -21"><span class='ocrx_word' id='word_1_846' title='bbox 2021 3991 2233 4056; x_wconf 88' lang='grc' dir='ltr'>Παῦλός</span> <span class='ocrx_word' id='word_1_847' title='bbox 2263 4009 2449 4063; x_wconf 74' lang='grc' dir='ltr'>φησιν’</span> <span class='ocrx_word' id='word_1_848' title='bbox 2483 3996 2548 4047; x_wconf 82' lang='lat' dir='ltr'><strong><em>El</em></strong></span> <span class='ocrx_word' id='word_1_849' title='bbox 2585 3995 2696 4063; x_wconf 76' lang='grc' dir='ltr'>γὰρ</span> <span class='ocrx_word' id='word_1_850' title='bbox 2725 3993 2982 4062; x_wconf 77' lang='grc' dir='ltr'>ἑαυτοὺς</span> <span class='ocrx_word' id='word_1_851' title='bbox 3027 3997 3365 4065; x_wconf 79' lang='grc' dir='ltr'>ἐκρίνομεν,</span> <span class='ocrx_word' id='word_1_852' title='bbox 3395 3997 3508 4050; x_wconf 83' lang='grc' dir='ltr'>οὐκ</span> <span class='ocrx_word' id='word_1_853' title='bbox 3537 3994 3619 4052; x_wconf 79' lang='grc' dir='ltr'>ἂν</span> 
     </span>
    </p>
   </div>
   <div class='ocr_carea' id='block_1_113' title="bbox 2019 4075 3618 4152">
    <p class='ocr_par' dir='ltr' id='par_1_113' title="bbox 2019 4075 3618 4152">
     <span class='ocr_line' id='line_1_113' title="bbox 2019 4075 3618 4152; baseline 0.003 -24"><span class='ocrx_word' id='word_1_854' title='bbox 2019 4075 2389 4145; x_wconf 78' lang='grc' dir='ltr'>ἐκρινόμεθα.</span> <span class='ocrx_word' id='word_1_855' title='bbox 2442 4078 2624 4142; x_wconf 82' lang='grc' dir='ltr'>Ὥστε,</span> <span class='ocrx_word' id='word_1_856' title='bbox 2680 4079 2775 4132; x_wconf 86' lang='grc' dir='ltr'>ἑάν</span> <span class='ocrx_word' id='word_1_857' title='bbox 2812 4081 3040 4144; x_wconf 76' lang='grc' dir='ltr'>έαυτούς</span> <span class='ocrx_word' id='word_1_858' title='bbox 3086 4080 3318 4134; x_wconf 81' lang='grc' dir='ltr'>ἐνταῦθα</span> <span class='ocrx_word' id='word_1_859' title='bbox 3352 4080 3618 4152; x_wconf 79' lang='grc' dir='ltr'>κατακρί·</span> 
     </span>
    </p>
   </div>
   <div class='ocr_carea' id='block_1_114' title="bbox 2020 4161 3616 4236">
    <p class='ocr_par' dir='ltr' id='par_1_114' title="bbox 2020 4161 3616 4236">
     <span class='ocr_line' id='line_1_114' title="bbox 2020 4161 3616 4236; baseline 0.003 -24"><span class='ocrx_word' id='word_1_860' title='bbox 2020 4177 2202 4229; x_wconf 86' lang='grc' dir='ltr'>νωμεν</span> <span class='ocrx_word' id='word_1_861' title='bbox 2229 4161 2322 4214; x_wconf 80' lang='grc' dir='ltr'>ἐπὶ</span> <span class='ocrx_word' id='word_1_862' title='bbox 2342 4163 2455 4225; x_wconf 84' lang='grc' dir='ltr'>τοῖς</span> <span class='ocrx_word' id='word_1_863' title='bbox 2479 4162 2602 4216; x_wconf 80' lang='grc' dir='ltr'>καθ’</span> <span class='ocrx_word' id='word_1_864' title='bbox 2623 4163 2862 4234; x_wconf 87' lang='grc' dir='ltr'>ἑκάστην</span> <span class='ocrx_word' id='word_1_865' title='bbox 2883 4164 3100 4235; x_wconf 79' lang='grc' dir='ltr'>ἡμέραν</span> <span class='ocrx_word' id='word_1_866' title='bbox 3131 4163 3220 4233; x_wconf 75' lang='grc' dir='ltr'>ὐφ’</span> <span class='ocrx_word' id='word_1_867' title='bbox 3249 4164 3406 4235; x_wconf 77' lang='grc' dir='ltr'>ημῶν</span> <span class='ocrx_word' id='word_1_868' title='bbox 3433 4165 3616 4236; x_wconf 85' lang='grc' dir='ltr'>ἀμαρ-</span> 
     </span>
    </p>
   </div>
   <div class='ocr_carea' id='block_1_115' title="bbox 2019 4243 3618 4319">
    <p class='ocr_par' dir='ltr' id='par_1_115' title="bbox 2019 4243 3618 4319">
     <span class='ocr_line' id='line_1_115' title="bbox 2019 4243 3618 4319; baseline 0.003 -23"><span class='ocrx_word' id='word_1_869' title='bbox 2019 4243 2357 4315; x_wconf 87' lang='grc' dir='ltr'>τανομένοις,</span> <span class='ocrx_word' id='word_1_870' title='bbox 2381 4246 2800 4317; x_wconf 84' lang='grc' dir='ltr'>ὐποτεμνόμεθα</span> <span class='ocrx_word' id='word_1_871' title='bbox 2829 4247 2929 4318; x_wconf 80' lang='grc' dir='ltr'>τῆς</span> <span class='ocrx_word' id='word_1_872' title='bbox 2959 4249 3078 4302; x_wconf 74' lang='grc' dir='ltr'>ἐκεῖ</span> <span class='ocrx_word' id='word_1_873' title='bbox 3107 4248 3339 4319; x_wconf 89' lang='grc' dir='ltr'>κρίσεως</span> <span class='ocrx_word' id='word_1_874' title='bbox 3370 4247 3467 4318; x_wconf 67' lang='grc' dir='ltr'>τὴν</span> <span class='ocrx_word' id='word_1_875' title='bbox 3493 4265 3618 4318; x_wconf 82' lang='grc' dir='ltr'>σφο-</span> 
     </span>
    </p>
   </div>
   <div class='ocr_carea' id='block_1_116' title="bbox 2019 4326 3616 4402">
    <p class='ocr_par' dir='ltr' id='par_1_116' title="bbox 2019 4326 3616 4402">
     <span class='ocr_line' id='line_1_116' title="bbox 2019 4326 3616 4402; baseline 0.004 -23"><span class='ocrx_word' id='word_1_876' title='bbox 2019 4326 2271 4398; x_wconf 77' lang='grc' dir='ltr'>δρότητα.</span> <span class='ocrx_word' id='word_1_877' title='bbox 2287 4327 2349 4380; x_wconf 80' lang='grc' dir='ltr'>Εἰ</span> <span class='ocrx_word' id='word_1_878' title='bbox 2372 4327 2427 4382; x_wconf 77' lang='grc' dir='ltr'>δὲ</span> <span class='ocrx_word' id='word_1_879' title='bbox 2447 4329 2887 4400; x_wconf 74' lang='grc' dir='ltr'>ῥαθυμήσαιμεν,</span> <span class='ocrx_word' id='word_1_880' title='bbox 2905 4333 3274 4402; x_wconf 79' lang='grc' dir='ltr'>Κρινόμενοι,</span> <span class='ocrx_word' id='word_1_881' title='bbox 3294 4332 3479 4402; x_wconf 77' lang='grc' dir='ltr'>φησὶν,</span> <span class='ocrx_word' id='word_1_882' title='bbox 3495 4331 3616 4386; x_wconf 81' lang='grc' dir='ltr'>ὑπὸ</span> 
     </span>
    </p>
   </div>
   <div class='ocr_carea' id='block_1_117' title="bbox 2020 4410 3615 4485">
    <p class='ocr_par' dir='ltr' id='par_1_117' title="bbox 2020 4410 3615 4485">
     <span class='ocr_line' id='line_1_117' title="bbox 2020 4410 3615 4485; baseline 0.004 -21"><span class='ocrx_word' id='word_1_883' title='bbox 2020 4411 2248 4479; x_wconf 79' lang='grc' dir='ltr'>Κυρίου</span> <span class='ocrx_word' id='word_1_884' title='bbox 2293 4410 2710 4480; x_wconf 78' lang='grc' dir='ltr'>παιδευόμεθα.</span> <span class='ocrx_word' id='word_1_885' title='bbox 2751 4413 3123 4485; x_wconf 83' lang='grc' dir='ltr'>Προλαϐὁντες</span> <span class='ocrx_word' id='word_1_886' title='bbox 3156 4415 3338 4469; x_wconf 88' lang='grc' dir='ltr'>τοίνυν</span> <span class='ocrx_word' id='word_1_887' title='bbox 3387 4417 3615 4479; x_wconf 79' lang='grc' dir='ltr'>ἑαυτοὺς</span> 
     </span>
    </p>
   </div>
   <div class='ocr_carea' id='block_1_118' title="bbox 2021 4494 3617 4572">
    <p class='ocr_par' dir='ltr' id='par_1_118' title="bbox 2021 4494 3617 4572">
     <span class='ocr_line' id='line_1_118' title="bbox 2021 4494 3617 4572; baseline 0.004 -24"><span class='ocrx_word' id='word_1_888' title='bbox 2021 4494 2475 4564; x_wconf 83' lang='grc' dir='ltr'>καταδικάσωμεν</span> <span class='ocrx_word' id='word_1_889' title='bbox 2511 4497 2649 4566; x_wconf 86' lang='grc' dir='ltr'>μετά</span> <span class='ocrx_word' id='word_1_890' title='bbox 2675 4497 2876 4568; x_wconf 82' lang='grc' dir='ltr'>πολλῆς</span> <span class='ocrx_word' id='word_1_891' title='bbox 2907 4499 3005 4569; x_wconf 80' lang='grc' dir='ltr'>τῆς</span> <span class='ocrx_word' id='word_1_892' title='bbox 3031 4500 3478 4572; x_wconf 82' lang='grc' dir='ltr'>εὐγνωμοσύνης,</span> <span class='ocrx_word' id='word_1_893' title='bbox 3517 4501 3617 4554; x_wconf 86' lang='grc' dir='ltr'>καὶ</span> 
     </span>
    </p>
   </div>
   <div class='ocr_carea' id='block_1_119' title="bbox 2025 4577 3615 4653">
    <p class='ocr_par' dir='ltr' id='par_1_119' title="bbox 2025 4577 3615 4653">
     <span class='ocr_line' id='line_1_119' title="bbox 2025 4577 3615 4653; baseline 0.006 -24"><span class='ocrx_word' id='word_1_894' title='bbox 2025 4577 2250 4648; x_wconf 77' lang='grc' dir='ltr'>μηδενὸς</span> <span class='ocrx_word' id='word_1_895' title='bbox 2279 4578 2481 4642; x_wconf 77' lang='grc' dir='ltr'>εἰδότος</span> <span class='ocrx_word' id='word_1_896' title='bbox 2511 4579 2570 4632; x_wconf 84' lang='grc' dir='ltr'>τὸ</span> <span class='ocrx_word' id='word_1_897' title='bbox 2611 4579 2964 4653; x_wconf 73' lang='grc' dir='ltr'>δικαστήριον</span> <span class='ocrx_word' id='word_1_898' title='bbox 3003 4583 3096 4636; x_wconf 92' lang='grc' dir='ltr'>τοῦ</span> <span class='ocrx_word' id='word_1_899' title='bbox 3126 4584 3425 4649; x_wconf 76' lang='grc' dir='ltr'>συνειδότος</span> <span class='ocrx_word' id='word_1_900' title='bbox 3475 4584 3615 4638; x_wconf 85' lang='grc' dir='ltr'>καθ-</span> 
     </span>
    </p>
   </div>
   <div class='ocr_carea' id='block_1_120' title="bbox 2026 4660 3614 4738">
    <p class='ocr_par' dir='ltr' id='par_1_120' title="bbox 2026 4660 3614 4738">
     <span class='ocr_line' id='line_1_120' title="bbox 2026 4660 3614 4738; baseline 0.006 -27"><span class='ocrx_word' id='word_1_901' title='bbox 2026 4660 2260 4724; x_wconf 88' lang='grc' dir='ltr'>ίσαντες,</span> <span class='ocrx_word' id='word_1_902' title='bbox 2291 4660 2436 4714; x_wconf 86' lang='grc' dir='ltr'>οῦτω</span> <span class='ocrx_word' id='word_1_903' title='bbox 2467 4661 2850 4735; x_wconf 79' lang='grc' dir='ltr'>βασανίσωμεν</span> <span class='ocrx_word' id='word_1_904' title='bbox 2887 4667 3098 4720; x_wconf 83' lang='grc' dir='ltr'>ἑαυτῶν</span> <span class='ocrx_word' id='word_1_905' title='bbox 3127 4669 3254 4732; x_wconf 78' lang='grc' dir='ltr'>τούς</span> <span class='ocrx_word' id='word_1_906' title='bbox 3291 4669 3614 4738; x_wconf 78' lang='grc' dir='ltr'>λογισμοὺς,</span> 
     </span>
    </p>
   </div>
   <div class='ocr_carea' id='block_1_121' title="bbox 2023 4743 3616 4823">
    <p class='ocr_par' dir='ltr' id='par_1_121' title="bbox 2023 4743 3616 4823">
     <span class='ocr_line' id='line_1_121' title="bbox 2023 4743 3616 4823; baseline 0.005 -28"><span class='ocrx_word' id='word_1_907' title='bbox 2023 4745 2118 4796; x_wconf 73' lang='grc' dir='ltr'>καὶ</span> <span class='ocrx_word' id='word_1_908' title='bbox 2145 4743 2311 4814; x_wconf 74' lang='grc' dir='ltr'>ὀρθὴν</span> <span class='ocrx_word' id='word_1_909' title='bbox 2341 4744 2439 4815; x_wconf 82' lang='grc' dir='ltr'>τὴν</span> <span class='ocrx_word' id='word_1_910' title='bbox 2481 4747 2663 4817; x_wconf 85' lang='grc' dir='ltr'>κρίσιν</span> <span class='ocrx_word' id='word_1_911' title='bbox 2693 4747 3039 4820; x_wconf 80' lang='grc' dir='ltr'>ἐκφέρωμεν,</span> <span class='ocrx_word' id='word_1_912' title='bbox 3069 4749 3155 4804; x_wconf 85' lang='grc' dir='ltr'>ἴνα</span> <span class='ocrx_word' id='word_1_913' title='bbox 3184 4751 3274 4804; x_wconf 73' lang='grc' dir='ltr'>τὸν</span> <span class='ocrx_word' id='word_1_914' title='bbox 3299 4751 3616 4823; x_wconf 74' lang='grc' dir='ltr'>ἐπηρτημέ-</span> 
     </span>
    </p>
   </div>
   <div class='ocr_carea' id='block_1_122' title="bbox 2025 4827 3614 4906">
    <p class='ocr_par' dir='ltr' id='par_1_122' title="bbox 2025 4827 3614 4906">
     <span class='ocr_line' id='line_1_122' title="bbox 2025 4827 3614 4906; baseline 0.002 -25"><span class='ocrx_word' id='word_1_915' title='bbox 2025 4845 2113 4881; x_wconf 90' lang='grc' dir='ltr'>νον</span> <span class='ocrx_word' id='word_1_916' title='bbox 2147 4828 2312 4897; x_wconf 71' lang='grc' dir='ltr'>φόϐον</span> <span class='ocrx_word' id='word_1_917' title='bbox 2329 4827 2586 4892; x_wconf 87' lang='grc' dir='ltr'>δεδοικὼς</span> <span class='ocrx_word' id='word_1_918' title='bbox 2614 4831 2642 4882; x_wconf 87' lang='grc' dir='ltr'><strong>ὀ</strong></span> <span class='ocrx_word' id='word_1_919' title='bbox 2665 4830 2924 4900; x_wconf 71' lang='grc' dir='ltr'>λογισμὸς</span> <span class='ocrx_word' id='word_1_920' title='bbox 2958 4833 3156 4903; x_wconf 84' lang='grc' dir='ltr'>μηκέτι</span> <span class='ocrx_word' id='word_1_921' title='bbox 3189 4835 3449 4906; x_wconf 85' lang='grc' dir='ltr'>ἀνέχηται</span> <span class='ocrx_word' id='word_1_922' title='bbox 3484 4836 3614 4886; x_wconf 81' lang='grc' dir='ltr'>ὐπο-</span> 
     </span>
    </p>
   </div>
   <div class='ocr_carea' id='block_1_123' title="bbox 2026 4910 3614 4989">
    <p class='ocr_par' dir='ltr' id='par_1_123' title="bbox 2026 4910 3614 4989">
     <span class='ocr_line' id='line_1_123' title="bbox 2026 4910 3614 4989; baseline 0.001 -25"><span class='ocrx_word' id='word_1_923' title='bbox 2026 4910 2308 4981; x_wconf 89' lang='grc' dir='ltr'>σύρεσθαι,</span> <span class='ocrx_word' id='word_1_924' title='bbox 2344 4910 2479 4964; x_wconf 86' lang='grc' dir='ltr'>ἀλλά</span> <span class='ocrx_word' id='word_1_925' title='bbox 2502 4912 2602 4981; x_wconf 78' lang='grc' dir='ltr'>τὴν</span> <span class='ocrx_word' id='word_1_926' title='bbox 2634 4913 2812 4984; x_wconf 77' lang='grc' dir='ltr'>ὁρμὴν</span> <span class='ocrx_word' id='word_1_927' title='bbox 2845 4915 3193 4989; x_wconf 73' lang='grc' dir='ltr'>ἀναχαιτίζῃ,</span> <span class='ocrx_word' id='word_1_928' title='bbox 3224 4921 3315 4971; x_wconf 73' lang='grc' dir='ltr'>καὶ</span> <span class='ocrx_word' id='word_1_929' title='bbox 3343 4918 3433 4970; x_wconf 80' lang='lat' dir='ltr'><strong>rbv</strong></span> <span class='ocrx_word' id='word_1_930' title='bbox 3459 4915 3614 4970; x_wconf 76' lang='grc' dir='ltr'>ἀκοίο</span> 
     </span>
    </p>
   </div>
   <div class='ocr_carea' id='block_1_124' title="bbox 2028 4993 3615 5069">
    <p class='ocr_par' dir='ltr' id='par_1_124' title="bbox 2028 4993 3615 5069">
     <span class='ocr_line' id='line_1_124' title="bbox 2028 4993 3615 5069; baseline 0.002 -23"><span class='ocrx_word' id='word_1_931' title='bbox 2028 5011 2199 5064; x_wconf 87' lang='grc' dir='ltr'>μητον</span> <span class='ocrx_word' id='word_1_932' title='bbox 2225 4997 2432 5047; x_wconf 74' lang='grc' dir='ltr'>ἐκεῖνον</span> <span class='ocrx_word' id='word_1_933' title='bbox 2459 4993 2736 5064; x_wconf 60' lang='grc' dir='ltr'>ὀφθαλμὸν</span> <span class='ocrx_word' id='word_1_934' title='bbox 2767 4997 3156 5068; x_wconf 85' lang='grc' dir='ltr'>προορώμενος</span> <span class='ocrx_word' id='word_1_935' title='bbox 3182 4997 3501 5069; x_wconf 77' lang='grc' dir='ltr'>ἀποτειχίζῃ</span> <span class='ocrx_word' id='word_1_936' title='bbox 3536 4996 3615 5067; x_wconf 76' lang='grc' dir='ltr'>τῷ</span> 
     </span>
    </p>
   </div>
   <div class='ocr_carea' id='block_1_125' title="bbox 2024 5075 3616 5152">
    <p class='ocr_par' dir='ltr' id='par_1_125' title="bbox 2024 5075 3616 5152">
     <span class='ocr_line' id='line_1_125' title="bbox 2024 5075 3616 5152; baseline 0.001 -22"><span class='ocrx_word' id='word_1_937' title='bbox 2024 5076 2255 5147; x_wconf 84' lang='grc' dir='ltr'>διαϐόλῳ</span> <span class='ocrx_word' id='word_1_938' title='bbox 2280 5077 2377 5146; x_wconf 86' lang='grc' dir='ltr'>τὴν</span> <span class='ocrx_word' id='word_1_939' title='bbox 2403 5075 2627 5134; x_wconf 74' lang='grc' dir='ltr'>εἴσοδον.</span> <span class='ocrx_word' id='word_1_940' title='bbox 2656 5077 2778 5131; x_wconf 75' lang='grc' dir='ltr'>Ὀτι</span> <span class='ocrx_word' id='word_1_941' title='bbox 2811 5079 2920 5150; x_wconf 81' lang='grc' dir='ltr'>γὰρ</span> <span class='ocrx_word' id='word_1_942' title='bbox 2953 5081 3063 5134; x_wconf 81' lang='grc' dir='ltr'>ἀπὸ</span> <span class='ocrx_word' id='word_1_943' title='bbox 3095 5080 3370 5152; x_wconf 67' lang='grc' dir='ltr'>ῥᾳθυμίας</span> <span class='ocrx_word' id='word_1_944' title='bbox 3398 5081 3616 5134; x_wconf 73' lang='grc' dir='ltr'>ἅπαντα</span> 
     </span>
    </p>
   </div>
   <div class='ocr_carea' id='block_1_126' title="bbox 2025 5159 3611 5234">
    <p class='ocr_par' dir='ltr' id='par_1_126' title="bbox 2025 5159 3611 5234">
     <span class='ocr_line' id='line_1_126' title="bbox 2025 5159 3611 5234; baseline 0.004 -23"><span class='ocrx_word' id='word_1_945' title='bbox 2025 5159 2394 5230; x_wconf 85' lang='grc' dir='ltr'>ὑπομένομεν,</span> <span class='ocrx_word' id='word_1_946' title='bbox 2457 5159 2596 5230; x_wconf 78' lang='grc' dir='ltr'>αὐτὴ</span> <span class='ocrx_word' id='word_1_947' title='bbox 2652 5159 2751 5231; x_wconf 74' lang='grc' dir='ltr'>βοᾷ</span> <span class='ocrx_word' id='word_1_948' title='bbox 2797 5162 2904 5215; x_wconf 90' lang='grc' dir='ltr'>τῶν</span> <span class='ocrx_word' id='word_1_949' title='bbox 2943 5165 3286 5233; x_wconf 86' lang='grc' dir='ltr'>πραγμάτων</span> <span class='ocrx_word' id='word_1_950' title='bbox 3340 5165 3374 5234; x_wconf 74' lang='grc' dir='ltr'>ἡ</span> <span class='ocrx_word' id='word_1_951' title='bbox 3423 5165 3611 5234; x_wconf 80' lang='grc' dir='ltr'>πεῖρα.</span> 
     </span>
    </p>
   </div>
   <div class='ocr_carea' id='block_1_127' title="bbox 2029 5240 3614 5316">
    <p class='ocr_par' dir='ltr' id='par_1_127' title="bbox 2029 5240 3614 5316">
     <span class='ocr_line' id='line_1_127' title="bbox 2029 5240 3614 5316; baseline 0.003 -22"><span class='ocrx_word' id='word_1_952' title='bbox 2029 5242 2240 5311; x_wconf 75' lang='grc' dir='ltr'>’Ὠσπερ</span> <span class='ocrx_word' id='word_1_953' title='bbox 2265 5241 2375 5310; x_wconf 77' lang='lat'>7&amp;9</span> <span class='ocrx_word' id='word_1_954' title='bbox 2403 5240 2498 5293; x_wconf 82' lang='grc' dir='ltr'>ἑὰν</span> <span class='ocrx_word' id='word_1_955' title='bbox 2527 5241 2721 5312; x_wconf 77' lang='grc' dir='ltr'>μικρὸν</span> <span class='ocrx_word' id='word_1_956' title='bbox 2744 5243 3088 5315; x_wconf 84' lang='grc' dir='ltr'>διεγερθῆναι</span> <span class='ocrx_word' id='word_1_957' title='bbox 3113 5244 3481 5316; x_wconf 85' lang='grc' dir='ltr'>βουληθῶμεν,</span> <span class='ocrx_word' id='word_1_958' title='bbox 3512 5263 3614 5299; x_wconf 87' lang='grc' dir='ltr'>κα-</span> 
     </span>
    </p>
   </div>
   <div class='ocr_carea' id='block_1_128' title="bbox 2028 5324 3614 5396">
    <p class='ocr_par' dir='ltr' id='par_1_128' title="bbox 2028 5324 3614 5396">
     <span class='ocr_line' id='line_1_128' title="bbox 2028 5324 3614 5396; baseline 0.004 -18"><span class='ocrx_word' id='word_1_959' title='bbox 2028 5325 2204 5395; x_wconf 86' lang='grc' dir='ltr'>θάπερ</span> <span class='ocrx_word' id='word_1_960' title='bbox 2243 5324 2518 5396; x_wconf 79' lang='grc' dir='ltr'>κονιορτὸν</span> <span class='ocrx_word' id='word_1_961' title='bbox 2544 5324 2690 5378; x_wconf 77' lang='grc' dir='ltr'>οὕτω</span> <span class='ocrx_word' id='word_1_962' title='bbox 2719 5325 2909 5379; x_wconf 90' lang='grc' dir='ltr'>τούτου</span> <span class='ocrx_word' id='word_1_963' title='bbox 2946 5328 3046 5389; x_wconf 85' lang='grc' dir='ltr'>τὰς</span> <span class='ocrx_word' id='word_1_964' title='bbox 3089 5327 3381 5394; x_wconf 84' lang='grc' dir='ltr'>ἑπιϐουλάς</span> <span class='ocrx_word' id='word_1_965' title='bbox 3420 5331 3614 5384; x_wconf 87' lang='grc' dir='ltr'>ἀποτι-</span> 
     </span>
    </p>
   </div>
   <div class='ocr_carea' id='block_1_129' title="bbox 2026 5407 3612 5483">
    <p class='ocr_par' dir='ltr' id='par_1_129' title="bbox 2026 5407 3612 5483">
     <span class='ocr_line' id='line_1_129' title="bbox 2026 5407 3612 5483; baseline 0.004 -22"><span class='ocrx_word' id='word_1_966' title='bbox 2026 5408 2318 5477; x_wconf 79' lang='grc' dir='ltr'>ναξόμεθα·</span> <span class='ocrx_word' id='word_1_967' title='bbox 2346 5407 2519 5471; x_wconf 80' lang='grc' dir='ltr'>οὕτως</span> <span class='ocrx_word' id='word_1_968' title='bbox 2555 5407 2775 5462; x_wconf 68' lang='grc' dir='ltr'>ἐπειδάν</span> <span class='ocrx_word' id='word_1_969' title='bbox 2815 5425 2947 5462; x_wconf 82' lang='grc' dir='ltr'>ποτε</span> <span class='ocrx_word' id='word_1_970' title='bbox 2997 5410 3502 5483; x_wconf 80' lang='grc' dir='ltr'>ὐποσκελισθῶμεν,</span> <span class='ocrx_word' id='word_1_971' title='bbox 3549 5414 3612 5467; x_wconf 88' lang='grc' dir='ltr'>οὐ</span> 
     </span>
    </p>
   </div>
   <div class='ocr_carea' id='block_1_130' title="bbox 2029 5489 3616 5566">
    <p class='ocr_par' dir='ltr' id='par_1_130' title="bbox 2029 5489 3616 5566">
     <span class='ocr_line' id='line_1_130' title="bbox 2029 5489 3616 5566; baseline 0.006 -23"><span class='ocrx_word' id='word_1_972' title='bbox 2029 5491 2180 5562; x_wconf 86' lang='grc' dir='ltr'>παρά</span> <span class='ocrx_word' id='word_1_973' title='bbox 2205 5492 2306 5561; x_wconf 74' lang='grc' dir='ltr'>τὴν</span> <span class='ocrx_word' id='word_1_974' title='bbox 2333 5489 2543 5545; x_wconf 79' lang='grc' dir='ltr'>ἐκείνου</span> <span class='ocrx_word' id='word_1_975' title='bbox 2571 5491 2858 5562; x_wconf 84' lang='grc' dir='ltr'>τυραννίδα</span> <span class='ocrx_word' id='word_1_976' title='bbox 2891 5493 3050 5549; x_wconf 89' lang='grc' dir='ltr'>τοῦτο</span> <span class='ocrx_word' id='word_1_977' title='bbox 3083 5494 3449 5566; x_wconf 77' lang='grc' dir='ltr'>ὑπομένομεν,</span> <span class='ocrx_word' id='word_1_978' title='bbox 3478 5496 3616 5552; x_wconf 76' lang='grc' dir='ltr'>ἀλλά</span> 
     </span>
    </p>
   </div>
   <div class='ocr_carea' id='block_1_131' title="bbox 2031 5573 3616 5652">
    <p class='ocr_par' dir='ltr' id='par_1_131' title="bbox 2031 5573 3616 5652">
     <span class='ocr_line' id='line_1_131' title="bbox 2031 5573 3616 5652; baseline 0.004 -26"><span class='ocrx_word' id='word_1_979' title='bbox 2031 5574 2182 5646; x_wconf 83' lang='grc' dir='ltr'>παρά</span> <span class='ocrx_word' id='word_1_980' title='bbox 2228 5575 2326 5631; x_wconf 75' lang='grc' dir='ltr'>τὴν</span> <span class='ocrx_word' id='word_1_981' title='bbox 2370 5573 2642 5644; x_wconf 77' lang='grc' dir='ltr'>ρᾳθυμίαν</span> <span class='ocrx_word' id='word_1_982' title='bbox 2684 5574 2783 5646; x_wconf 78' lang='grc' dir='ltr'>τὴν</span> <span class='ocrx_word' id='word_1_983' title='bbox 2836 5578 3135 5651; x_wconf 79' lang='grc' dir='ltr'>ἡμετέραν.</span> <span class='ocrx_word' id='word_1_984' title='bbox 3186 5579 3322 5632; x_wconf 82' lang='grc' dir='ltr'>Οὐδὲ</span> <span class='ocrx_word' id='word_1_985' title='bbox 3364 5579 3473 5652; x_wconf 88' lang='grc' dir='ltr'>γάρ</span> <span class='ocrx_word' id='word_1_986' title='bbox 3523 5579 3616 5652; x_wconf 69' lang='grc' dir='ltr'>βία</span> 
     </span>
    </p>
   </div>
   <div class='ocr_carea' id='block_1_132' title="bbox 2030 5659 3614 5737">
    <p class='ocr_par' dir='ltr' id='par_1_132' title="bbox 2030 5659 3614 5737">
     <span class='ocr_line' id='line_1_132' title="bbox 2030 5659 3614 5737; baseline 0.005 -27"><span class='ocrx_word' id='word_1_987' title='bbox 2030 5659 2188 5730; x_wconf 66' lang='grc' dir='ltr'>ἡμῶν</span> <span class='ocrx_word' id='word_1_988' title='bbox 2229 5659 2569 5729; x_wconf 88' lang='grc' dir='ltr'>περιγίνεται</span> <span class='ocrx_word' id='word_1_989' title='bbox 2615 5661 2706 5714; x_wconf 72' lang='grc' dir='ltr'>καὶ</span> <span class='ocrx_word' id='word_1_990' title='bbox 2749 5661 3001 5735; x_wconf 73' lang='grc' dir='ltr'>ἀνάγκη,</span> <span class='ocrx_word' id='word_1_991' title='bbox 3055 5663 3172 5718; x_wconf 77' lang='grc' dir='ltr'>ἀλλ’</span> <span class='ocrx_word' id='word_1_992' title='bbox 3207 5663 3393 5736; x_wconf 85' lang='grc' dir='ltr'>ἀπάτῃ</span> <span class='ocrx_word' id='word_1_993' title='bbox 3429 5665 3614 5737; x_wconf 74' lang='grc' dir='ltr'>μόνοι.</span> 
     </span>
    </p>
   </div>
   <div class='ocr_carea' id='block_1_133' title="bbox 2094 5751 3367 5821">
    <p class='ocr_par' dir='ltr' id='par_1_133' title="bbox 2094 5751 3367 5821">
     <span class='ocr_line' id='line_1_133' title="bbox 2094 5751 3367 5821; baseline 0.007 -23"><span class='ocrx_word' id='word_1_994' title='bbox 2094 5753 2120 5780; x_wconf 83' lang='grc'><strong><em>⁸</em></strong></span> <span class='ocrx_word' id='word_1_995' title='bbox 2145 5751 2370 5812; x_wconf 80' lang='lat' dir='ltr'>Quinque</span> <span class='ocrx_word' id='word_1_996' title='bbox 2396 5764 2506 5801; x_wconf 85' lang='lat' dir='ltr'>mss.</span> <span class='ocrx_word' id='word_1_997' title='bbox 2536 5752 2698 5810; x_wconf 84' lang='grc' dir='ltr'>ἀπλῶς</span> <span class='ocrx_word' id='word_1_998' title='bbox 2722 5758 3079 5821; x_wconf 78' lang='grc' dir='ltr'>παρερχώμεθα’</span> <span class='ocrx_word' id='word_1_999' title='bbox 3108 5756 3228 5805; x_wconf 73' lang='grc' dir='ltr'>ἀλλά</span> <span class='ocrx_word' id='word_1_1000' title='bbox 3248 5757 3367 5806; x_wconf 85' lang='grc' dir='ltr'>καθ’.</span> 
     </span>
    </p>
   </div>
  </div>
