4142 6206
475 326 577 383 5‘25

477 463 527 513 vi
553 475 646 513 sua
673 467 727 512 ct
755 458 1067 513 necessitate
1100 471 1196 510 nos
1226 456 1387 510 vincit
1409 496 1423 519 ,
1451 456 1545 511 sed
1575 455 1888 523 deceptione
1916 453 2052 509 sola.

479 551 556 606 Ne
604 551 928 619 decipiantur
970 559 1146 602 autem
1183 547 1237 602 in
1270 548 1418 601 nobis
1435 558 1550 611 est,
1574 547 1616 600 si
1643 547 1912 615 paululum
1939 560 2059 600 esse

484 641 668 709 vigiles
699 639 1059 703 voluerimus,
1103 649 1157 692 et
1191 636 1585 706 nobismetipsis
1625 636 2008 689 attenderimus
2042 652 2055 688 :

487 751 591 789 non
616 733 752 804 quod
781 750 844 786 ex
874 733 1024 786 nobis
1053 733 1180 784 snlis
1207 740 1348 785 tanta
1379 732 1447 785 sit
1490 740 1722 800 potestas
1742 771 1758 795 ,
1805 730 1898 784 sed
1940 729 2060 800 quia

487 836 610 879 tunc
638 839 927 892 supernum
957 824 1207 876 auxilium
1252 823 1404 877 nobis
1431 823 1666 892 all‘ulget.
1713 822 1842 876 Nam
1875 823 1918 875 si
1945 836 2063 891 qua:

485 933 512 968 a
542 916 693 968 nobis
723 926 844 968 sunt
875 914 1178 978 fecerimus,
1211 925 1498 981 sequentur
1521 914 1680 967 etiam
1703 913 1918 966 omnino
1947 927 2066 981 qua:

490 1005 693 1058 lknnini
723 1014 867 1058 sunt.
906 1003 1098 1072 Vigiles
1130 1003 1286 1071 igitur
1313 1005 1499 1067 simus,
1531 1004 1774 1065 obsecro,
1807 1011 1860 1055 ct
1886 1003 2064 1056 scien-

491 1111 570 1151 tes
599 1107 740 1149 artes
764 1097 1001 1165 maligni,
1035 1103 1290 1165 perpetuo
1331 1109 1612 1148 caveamus
1639 1094 1791 1146 nobis
1815 1133 1830 1153 .
1860 1102 1913 1145 et
1939 1106 2065 1146 orc-

490 1203 608 1242 mus
632 1187 792 1239 llettut
823 1195 878 1238 ut
904 1201 1000 1239 nos
1029 1184 1243 1250 adjuvet
1267 1184 1330 1236 ad
1358 1184 1667 1238 certandum
1691 1192 1929 1236 nostrum
1947 1197 2066 1234 enm

491 1276 702 1329 diabolo
731 1286 1020 1330 certamen.
1068 1275 1155 1328 Sic
1181 1276 1325 1328 enim
1351 1282 1404 1327 et
1430 1289 1525 1328 nos
1552 1275 1730 1328 invicti
1759 1274 1978 1335 erimus,
2008 1279 2062 1324 et

495 1367 912 1421 machinationes
950 1365 1092 1419 illius
1130 1365 1442 1435 cll'ngicmns
1466 1406 1480 1427 ,
1512 1373 1566 1418 et
1604 1364 1835 1417 divinam
1881 1376 2069 1415 consc-

494 1473 720 1524 qncniur
739 1457 984 1525 gratiam,
1025 1456 1268 1526 bonaque
1296 1464 1493 1509 :eterna
1520 1453 1876 1522 adipiscentur
1907 1469 1919 1504 :
1949 1465 2070 1520 qua:

498 1550 646 1601 nobis
688 1548 934 1601 omnibus
973 1547 1280 1616 contingant
1303 1588 1318 1612 ,
1350 1547 1516 1615 gratia
1539 1554 1592 1600 ct
1620 1545 1946 1612 benignitate
1969 1542 2073 1594 Do-

497 1638 623 1691 mini
665 1639 829 1692 nostri
868 1637 993 1691 Iesu
1022 1637 1218 1690 Christi
1245 1678 1259 1700 ,
1301 1651 1419 1690 cum
1462 1650 1569 1704 quo
1601 1635 1739 1688 Patri
1772 1643 1824 1686 et
1852 1630 2071 1700 Spiritui

496 1739 681 1782 saneto
707 1729 776 1780 sit
805 1728 968 1797 gloria
993 1768 1005 1790 ,
1035 1728 1311 1794 impcrimn
1337 1767 1351 1787 ,
1381 1736 1434 1780 et
1465 1727 1655 1787 honor,
1689 1741 1827 1779 nunc
1853 1735 1905 1778 et
1929 1739 2070 1778 sem-

500 1837 619 1890 per,
642 1830 697 1875 et
724 1822 773 1875 in
796 1821 988 1874 swi-ulzi
1019 1819 1358 1873 sa‘eulormn.
1387 1822 1575 1872 Amen.

1058 1990 1332 2045 ιιυιιιιιΑ
1373 1987 1509 2044 LXI.

509 2117 605 2176 Ila!
637 2135 803 2176 (uitem
842 2133 958 2176 sunt
999 2122 1341 2192 generationes
1377 2121 1536 2175 Iacob
1565 2136 1586 2176 :
1614 2121 1806 2190 Ioseph
1857 2129 2074 2188 septem-

572 2213 732 2265 decim
765 2231 1011 2265 annorum
1050 2224 1156 2266 erat
1197 2230 1403 2282 pusccus
1426 2230 1538 2265 cum
1574 2214 1811 2284 fratribus
1855 2212 1964 2264 suis
1994 2227 2078 2280 pe-

571 2319 692 2354 cora
724 2304 873 2371 (lien.
903 2304 988 2355 57.
1019 2301 1096 2372 ‘2).

578 2433 626 2485 l.
673 2431 864 2486 lterum
899 2448 992 2502 pro
1034 2432 1414 2487 consuetudine
1455 2447 1572 2488 mea
1602 2432 1666 2486 ad
1706 2446 1940 2486 mensam
1984 2445 2081 2486 vos

507 2523 761 2578 inducere
806 2525 958 2589 volo,
999 2533 1051 2578 et
1090 2538 1416 2594 prosequens
1440 2539 1500 2578 ea
1527 2539 1644 2593 quae
1686 2523 1891 2592 pridem
1931 2522 2080 2575 vobis

507 2614 681 2679 dicta,
732 2630 794 2668 cx
827 2613 907 2667 his
939 2631 1055 2684 qum
1097 2631 1238 2669 nunc
1267 2615 1399 2669 lecta
1437 2625 1558 2669 sunt
1592 2613 1894 2668 convivium
1932 2613 2082 2668 vobis

511 2707 609 2760 hoc
637 2722 930 2776 proponere
961 2707 1252 2776 spiritualc.
1283 2705 1564 2761 Sufficiunt
1593 2706 1735 2759 enim
1765 2720 1884 2772 qua:
1924 2702 2082 2758 hodie

511 2798 638 2850 lecta
663 2809 781 2850 sunt
803 2797 867 2850 ad
893 2797 1188 2851 docemlnm
1219 2813 1316 2852 nos
1341 2813 1525 2852 omnes
1549 2839 1564 2863 ,
1592 2808 1842 2866 quantum
1874 2797 2082 2849 invidia:

510 2888 759 2940 damnum
775 2888 862 2951 sit,
879 2898 932 2940 et
953 2887 1218 2956 quomodo
1235 2887 1442 2940 invidize
1460 2887 1718 2956 pernicies
1734 2890 1891 2939 etiam
1913 2899 2083 2956 u~qne

511 2977 575 3028 ad
603 2987 881 3042 cognatum
910 2992 1096 3046 magna
1134 2977 1183 3029 vi
1214 2992 1273 3031 se
1298 2977 1612 3030 extendet-it.
1667 2975 1860 3028 Verum
1903 2986 1958 3029 ιιι
2003 2975 2082 3028 vi-

511 3066 698 3119 deatur
723 3081 786 3119 ex
813 3067 1187 3135 consequentia
1232 3083 1410 3121 sermo
1451 3067 1729 3138 progredi,
1762 3083 1939 3136 Opera:
1967 3082 2085 3136 prc-

513 3158 642 3208 tium
695 3159 849 3209 fuerit
897 3157 1102 3210 initium
1145 3157 1383 3211 lectionis
1430 3166 1661 3227 tangere.
1705 3155 1743 3211 2
1793 3155 1889 3211 Ila?
1920 3168 2088 3210 autem

510 3257 624 3300 sunt
649 3287 664 3311 ,
697 3249 893 3316 inquit,
935 3249 1277 3318 generationes
1310 3247 1487 3300 Iacob.
1543 3247 1675 3301 Vide
1717 3247 2085 3303 admirabilem

516 3335 652 3388 hunc
680 3338 988 3404 prophetam
1015 3379 1030 3403 ,
1059 3339 1326 3406 quomodo
1352 3352 1472 3391 cum
1505 3337 1769 3405 promittat
1813 3339 1966 3392 nobis
1993 3355 2084 3407 ge.

514 3428 804 3495 nealogiam
827 3426 988 3481 Jac-ob
1009 3468 1021 3488 .
1050 3429 1224 3482 statim
1254 3428 1318 3480 ad
1353 3426 1626 3482 historiam
1655 3429 1799 3497 pueri
1825 3441 2083 3496 recurrat,

514 3529 566 3572 et
596 3532 869 3588 postquam
923 3520 1144 3573 diviSset
1168 3562 1183 3585 ,
1232 3519 1331 3574 Ila:
1367 3530 1482 3574 sunt
1523 3524 1866 3591 generationes
1902 3520 2084 3586 Iacob,

513 3610 762 3664 derelicta
789 3611 1065 3665 confestim
1089 3613 1413 3677 narratione,
1443 3614 1653 3680 quinam
1686 3613 1885 3666 scilicet
1906 3629 1972 3666 ex
1995 3615 2087 3666 illo

516 3702 643 3762 nati,
676 3711 727 3754 et
760 3701 951 3755 iterum
983 3703 1069 3771 qui
1105 3718 1167 3756 cx
1200 3699 1336 3757 natis
1360 3703 1426 3755 ab
1452 3718 1515 3756 eo
1535 3701 1696 3772 geniti
1724 3703 1881 3772 (sicut
1901 3717 2083 3771 supra,

514 3808 632 3846 cum
662 3793 729 3847 de
771 3794 907 3848 Esau
950 3809 1126 3848 sermo
1150 3803 1320 3860 esset,
1364 3793 1504 3862 fecit)
1529 3835 1544 3859 ,
1590 3794 1654 3847 ad
1683 3793 1878 3862 Ioseph
1909 3794 2086 3849 statim

518 3882 862 3946 festinaveriI,
891 3883 1306 3948 adolescentem,
1334 3883 1568 3936 onmium
1599 3881 1820 3936 fratrum
1851 3885 1959 3938 fee
1988 3900 2086 3954 po-

516 3983 804 4037 stremum;
853 3988 974 4027 nam
1013 3972 1184 4028 dicit:
1225 3973 1417 4042 Ioseph
1456 3974 1625 4027 decem
1661 3982 1708 4026 et
1751 3983 1938 4042 septem
1981 3983 2089 4026 erat

516 4080 760 4116 annorum
805 4079 1015 4132 pascens
1056 4079 1172 4116 cum
1217 4065 1453 4133 fratribus
1495 4064 1600 4117 suis
1633 4080 1766 4116 ores.
1821 4063 1989 4130 Quam
2019 4063 2090 4118 ob

513 4169 729 4208 causam
757 4156 909 4208 nobis
934 4170 1195 4209 annorum
1223 4154 1460 4224 designat
1492 4155 1808 4208 innueram?
1859 4153 1928 4210 Ut
1951 4154 2089 4209 scias

517 4245 924 4299 adolescenﬂam
951 4260 1052 4298 non
1077 4260 1193 4299 esse
1216 4246 1423 4298 virtutis
1453 4245 1886 4311 impedimentum
1915 4261 1928 4296 :
1954 4252 2004 4296 'ei
2034 4249 2090 4298 nt

519 4335 723 4403 plenius
757 4335 894 4390 scias
921 4335 1270 4390 adolescentis
1297 4351 1417 4403 erga
1459 4345 1659 4403 patrem
1709 4334 2087 4402 obediintiam,

517 4435 570 4478 et
597 4426 647 4478 in
676 4425 866 4479 fratres
896 4427 1314 4480 benevolentiam
1341 4467 1356 4492 ,
1403 4427 1611 4479 illortnn
1638 4434 1811 4478 autem
1849 4426 2091 4480 inhuma-

518 4515 734 4569 ttitatem
763 4535 776 4568 :
803 4528 854 4570 et
883 4516 1146 4584 quomodo
1174 4532 1239 4570 ne
1271 4516 1318 4569 id
1349 4517 1563 4586 quidem
1590 4515 1840 4570 cohibere
1867 4531 1960 4570 eos
1991 4532 2088 4582 po-

521 4607 639 4668 tttit,
671 4607 808 4674 quod
841 4606 907 4659 ita
937 4608 985 4660 in
1011 4621 1103 4662 eos
1123 4607 1339 4662 allectus
1366 4616 1546 4667 esset;
1580 4625 1674 4659 nec
1698 4609 1748 4660 in
1777 4617 1882 4660 tam
1909 4615 2087 4660 tenera

519 4708 696 4758 mlatc,
723 4714 840 4764 qua:
880 4697 1104 4751 debebat
1132 4712 1227 4752 eos
1251 4697 1314 4751 ad
1346 4699 1864 4752 commiseratiimem
1895 4714 2088 4766 provo-

518 4801 662 4852 care,
693 4785 984 4841 fraternum
1004 4803 1240 4840 amorem
1260 4797 1539 4841 servarunt
1562 4805 1575 4841 :
1595 4787 1684 4841 sed
1714 4803 1834 4840 mox
1850 4789 1918 4840 ab
1941 4789 2088 4842 initio

519 4877 757 4931 videntes
779 4887 830 4931 et
860 4878 1006 4946 pueri
1032 4878 1222 4930 bonam
1249 4877 1498 4941 indolem,
1530 4887 1580 4931 et
1605 4878 1771 4946 patris
1795 4892 1916 4946 erga
1949 4877 2089 4931 illum

520 4970 958 5032 benevolentiam,
989 4971 1041 5023 in
1067 4969 1313 5022 invidiam
1341 4978 1522 5022 contra
1553 4984 1672 5024 eum
1704 4971 1914 5024 excitati
1947 4982 2085 5023 sunt.

521 5057 817 5111 lli-tulerunt
845 5061 1012 5124 enim,
1057 5059 1263 5128 inquit,
1299 5057 1488 5126 Ioseph
1527 5059 1589 5111 de
1626 5061 1841 5129 pessimo
1877 5060 2093 5114 crimine

517 5152 657 5218 apud
687 5149 846 5205 Israel
868 5162 1057 5221 patrem
1079 5167 1222 5204 suum
1241 5149 1335 5222 (η).
1347 5149 1472 5204 Vide
1488 5150 1701 5203 malitiae
1717 5153 2088 5206 eminentiam:

524 5245 685 5310 patris
714 5245 987 5298 caritatem
1015 5243 1325 5313 perturbare
1363 5242 1690 5296 attentabant
1716 5259 1731 5304 ;
1763 5252 1817 5297 ct
1837 5259 1954 5312 qua:
1984 5257 2090 5296 non

523 5343 674 5386 erant
697 5333 899 5404 lingunt
920 5343 1102 5388 contra
1131 5331 1345 5388 fratrem
1379 5349 1392 5385 :
1427 5331 1477 5386 id
1506 5331 1677 5385 solum
1695 5331 2006 5396 efficientes,
2036 5342 2094 5384 ut

585 5469 658 5529 (a)
689 5471 761 5518 sic
782 5475 908 5518 LXX.
934 5477 982 5518 tn
1008 5470 1209 5519 "ulmeo
1225 5477 1275 5520 ct
1296 5469 1402 5518 aliis
1425 5469 1725 5518 versionihus
1742 5467 1922 5529 legitur
1941 5469 2093 5529 ipsum

522 5529 778 5598 Jusephum
815 5546 1064 5598 accusasse
1089 5531 1261 5598 fratres
1297 5545 1410 5598 suos
1432 5530 1553 5591 apud
1593 5529 2092 5598 patrem‘depessnno

523 5591 722 5639 m‘mine
747 5605 760 5640 :
786 5591 856 5640 sic
875 5595 1054 5641 etiann
1069 5591 1227 5651 nlgata
1248 5607 1258 5640 :
1283 5600 1332 5640 et
1356 5591 1430 5640 hic
1449 5601 1524 5639 est
1541 5605 1688 5639 veros
1706 5592 1846 5647 hujus
1869 5592 1956 5638 lori
1977 5603 2090 5638 scu-

521 5665 606 5738 ἓιις
626 5653 888 5760 siit-nudum
912 5657 1187 5703 Itehraiaun
1211 5654 1365 5701 lidetn.
1389 5654 1500 5702 \ide
1525 5655 1573 5702 iu
1595 5653 1818 5716 ltexaplis
2033 5652 2090 5702 ad

526 5726 648 5760 nunc
689 5727 843 5760 acum.

526 5726 648 5762 nunc
671 5726 843 5763 locum.

1385 320 1446 376 ΙΝ
1485 321 1635 376 CAP.
1679 319 1943 375 XXXHI.
1983 319 2227 375 GENES.
2263 321 2493 376 llUlllL
2540 323 2675 380 l.‘2l.

3639 326 3741 380 526

2172 436 2405 505 ipsorum
2448 438 2645 492 invidia
2688 440 2963 494 manifesta
2992 442 3317 496 redderetur.
3370 441 3432 496 Et
3469 451 3523 494 ut
3569 442 3744 493 discas

2169 544 2263 581 eos
2291 528 2417 582 nihil
2444 530 2584 583 aliud
2627 531 2948 586 lucrifeeisse
2967 574 2981 593 .
3012 548 3172 601 quam
3201 533 3341 601 quod
3384 533 3528 600 prius
3572 537 3732 584 latcnv

2175 627 2279 672 tem
2313 636 2526 689 pravam
2577 632 2808 676 mentem
2856 623 3024 692 palam
3072 623 3324 686 fecerint,
3373 622 3492 675 vide
3542 631 3744 688 patrem

2170 713 2332 765 etiam
2361 723 2474 781 post
2498 728 2680 767 eorum
2699 716 3090 769 accusationem
3110 716 3276 783 magis
3298 713 3582 766 lia-renlem
3611 714 3739 778 lilio,

2170 810 2223 853 et
2244 801 2353 870 jam
2375 804 2626 871 prmferre
2649 820 2766 857 emn
2786 806 3046 858 omnibus.
3063 807 3115 860 ὅ.
3134 803 3294 858 Iacob
3317 815 3482 857 autent
3499 846 3513 866 ,
3534 804 3697 872 inquit
3719 842 3737 866 ,

2173 893 2348 946 dilexit
2377 893 2564 961 Ioseph
2593 912 2747 964 supra
2781 912 2947 949 omnes
2974 895 3108 964 ﬁlios
3131 913 3248 949 suos
3268 937 3284 960 ,
3328 895 3566 957 quoniam
3605 894 3742 960 ﬁlius

2172 987 2435 1038 senectutis
2458 996 2564 1038 crat
2595 987 2659 1038 ei.
2694 985 2832 1039 Fecit
2859 997 3024 1039 autent
3049 988 3093 1039 ei
3114 988 3330 1039 tunicam
3360 987 3568 1039 curiam.
3609 986 3744 1051 Quid

2174 1084 2253 1126 est
2278 1115 2290 1135 ,
2335 1073 2522 1127 Dilerit
2555 1075 2744 1144 Ioseph
2783 1093 2932 1143 super
2968 1093 3137 1128 omnes
3175 1077 3304 1138 ﬁlios
3332 1092 3478 1134 suos.
3512 1075 3749 1142 quoniam

2175 1164 2312 1232 [ilius
2349 1169 2613 1218 senectutis
2635 1177 2738 1219 erat
2765 1168 2850 1219 ei?
2909 1167 3038 1234 Quia
3081 1178 3395 1234 pestretnns,
3447 1177 3499 1218 et
3539 1167 3588 1219 in
3637 1167 3748 1231 ipsa

2175 1266 2446 1310 senectute
2496 1269 2650 1309 natus
2696 1267 2774 1310 est
2812 1258 2858 1310 ei
2886 1299 2900 1321 ,
2955 1269 3167 1326 propter
3208 1259 3306 1311 hoc
3339 1259 3504 1327 magis
3543 1259 3748 1310 dilexit.

2176 1348 2306 1402 Nam
2337 1350 2503 1416 magis
2531 1350 2785 1404 amabiles
2820 1349 3066 1403 videntur
3105 1350 3196 1403 filii
3221 1391 3236 1414 ,
3285 1351 3374 1419 qui
3403 1351 3454 1403 in
3482 1360 3752 1403 senectute

2178 1438 2290 1509 ipsa
2314 1450 2654 1510 generantur,
2684 1441 3046 1510 majoremtpte
3082 1453 3286 1510 patrum
3328 1443 3751 1495 benevolentiam

2178 1541 2551 1600 assequuntur.
2607 1531 2708 1586 Sed
2739 1542 2794 1584 ut
2815 1532 3080 1595 sciamus,
3122 1548 3225 1584 non
3259 1533 3358 1584 hoc
3386 1531 3557 1584 solum
3590 1530 3751 1584 fuisse

2179 1625 2317 1693 quod
2351 1635 2550 1694 patrem
2583 1625 2655 1678 illi
2683 1624 3031 1690 conciliabat,
3083 1625 3151 1678 ita
3201 1633 3258 1677 ut
3298 1640 3420 1677 eum
3460 1625 3580 1677 aliis
3621 1640 3755 1692 pra:-

2184 1715 2380 1776 ferret.
2413 1715 2571 1768 dueet
2601 1732 2696 1767 nos
2731 1715 3003 1784 Scriptura
3035 1716 3194 1768 etiam
3237 1723 3353 1783 post
3401 1715 3544 1766 illtun
3592 1714 3754 1767 alimn

2179 1822 2389 1876 quoque
2414 1815 2592 1858 natmn
2615 1821 2732 1859 esse
2761 1805 2923 1858 lilimn
2951 1823 2964 1859 :
2992 1806 3109 1858 etsi
3137 1805 3425 1859 secundum
3459 1805 3753 1856 naturalem

2181 1910 2417 1949 amorem
2441 1896 2652 1947 dilectio
2683 1895 2867 1948 fniSset
2891 1935 2906 1957 ,
2936 1903 3232 1961 postrenms
3264 1893 3447 1946 fuisset
3476 1894 3645 1960 magis
3668 1892 3755 1945 di-

2183 1986 2371 2050 lectus,
2416 1995 2597 2052 utpote
2643 2001 2766 2038 vere
2795 1987 3083 2038 senectutis
3125 1985 3295 2046 ﬁlius,
3335 1994 3383 2036 et
3414 1993 3538 2036 tunc
3580 1993 3757 2045 natus,

2182 2077 2393 2146 quando
2431 2078 2495 2130 ad
2541 2089 2862 2146 postremam
2904 2087 3231 2130 Senectutem
3281 2077 3520 2144 pervenit
3564 2077 3759 2142 justus.

2183 2168 2316 2236 Quid
2347 2169 2502 2237 ig'tnr
2521 2176 2602 2222 cst
2626 2167 2952 2222 dicendum?
2995 2168 3289 2236 Supcruam
3320 2167 3601 2236 quamdam
3639 2182 3758 2235 gra-

2187 2261 2310 2316 tiam
2355 2259 2550 2324 fnisse,
2601 2274 2718 2329 qtae
2760 2258 3012 2328 juvenem
3055 2259 3338 2312 amabilem
3389 2258 3675 2322 reddi-hat,
3706 2267 3761 2310 et

2186 2358 2402 2419 propter
2441 2349 2633 2402 anima:
2665 2348 2910 2402 virtutem
2957 2357 3013 2400 ut
3055 2347 3262 2401 eunetis
3306 2347 3644 2414 pra-ferretur
3685 2347 3762 2398 fa.

2185 2442 2359 2498 ciebat
2388 2459 2402 2495 :
2433 2441 2569 2494 lianc
2615 2451 2792 2494 autem
2839 2440 2890 2492 in
2934 2439 3201 2508 Scriptura
3250 2440 3470 2508 prapoui
3520 2453 3758 2500 causam,

2185 2531 2325 2602 quod
2362 2532 2498 2585 filius
2526 2530 2812 2584 senectutis
2855 2528 3012 2583 fuerit
3033 2569 3048 2593 ,
3092 2539 3142 2583 ct
3176 2529 3295 2582 ideo
3326 2530 3490 2597 magis
3527 2545 3646 2582 eum
3677 2529 3760 2580 di-

2187 2623 2396 2686 lexerit,
2432 2631 2489 2676 nt
2519 2637 2620 2675 non
2650 2621 2928 2674 manifeste
2946 2631 3164 2690 augeret
3191 2619 3370 2673 odium
3399 2619 3620 2672 fratrum
3663 2617 3760 2688 (lt).

2258 2715 2462 2768 Invidia
2487 2722 2729 2784 quantum
2763 2712 2973 2764 malum.
3016 2709 3141 2763 Cain
3165 2711 3355 2778 primus
3385 2726 3446 2762 ea:
3469 2710 3636 2762 incido
3667 2710 3761 2762 hoc

2187 2806 2391 2861 micida.
2432 2835 2502 2846 -—
2547 2803 2734 2860 Gravis
2759 2804 2900 2858 enim
2929 2802 3041 2858 h.-cc
3074 2804 3234 2856 animi
3279 2801 3538 2872 :egritnilo
3565 2811 3647 2855 est
3667 2843 3682 2865 ,
3711 2812 3764 2856 et

2187 2897 2400 2968 quando
2425 2897 2655 2949 animam
2694 2894 2944 2948 invaserit
2968 2933 2983 2953 ,
3025 2908 3128 2946 non
3161 2893 3304 2961 prius
3331 2907 3446 2945 eam
3489 2893 3760 2960 relinquit,

2189 2990 2358 3044 donec
2389 2990 2439 3041 in
2467 2996 2759 3040 extremam
2803 2984 3180 3038 absurditatem
3224 2999 3341 3036 eam
3383 2983 3681 3046 induxerit,
3709 2993 3764 3037 et

2192 3080 2393 3134 hedens
2435 3079 2668 3130 animam
2705 3092 2733 3128 a
2765 3091 2865 3144 qna
2898 3084 3017 3128 nata
3045 3084 3157 3136 est,
3201 3074 3419 3126 omnino
3460 3075 3618 3126 aliter
3641 3090 3763 3126 eum

2189 3172 2273 3226 eni
2304 3170 2500 3224 invidet
2529 3168 2706 3231 aflicit,
2736 3182 2896 3237 qnam
2921 3166 3036 3220 vult
3069 3184 3084 3220 :
3117 3181 3306 3235 nempe
3327 3166 3643 3230 clariorem,
3673 3183 3764 3216 ue-

2193 3262 2452 3322 biliorem,
2484 3258 2821 3312 illustriorem
2847 3257 2989 3310 illum
3020 3255 3227 3318 reddit;
3269 3255 3412 3310 mule
3445 3256 3632 3310 iterum
3662 3254 3761 3308 alia

2189 3353 2401 3424 gravior
2428 3349 2608 3404 invido
2639 3349 2790 3418 plaga
2830 3347 3082 3402 nascitur.
3131 3346 3226 3400 llic
3267 3345 3577 3401 consideres
3607 3345 3767 3415 igitur

2191 3441 2559 3498 aihuiraudum
2604 3441 2749 3494 illum
2787 3438 3038 3508 juvenem
3081 3452 3260 3492 rerum
3303 3453 3421 3508 quae
3471 3439 3764 3507 agebantur

2192 3536 2430 3604 ignarum
2449 3572 2466 3598 ,
2497 3529 2874 3601 repra-sentari
2904 3544 3022 3584 cum
3049 3527 3148 3582 illis
3179 3537 3236 3581 nt
3259 3543 3381 3582 cum
3411 3527 3680 3592 fratribus,
3713 3538 3766 3582 et

2189 3628 2337 3697 quasi
2364 3625 2551 3680 eodem
2575 3632 2726 3678 utero
2755 3623 2912 3689 natis,
2935 3621 3112 3677 omnia
3133 3635 3255 3676 cum
3278 3621 3462 3676 fiducia
3487 3631 3542 3676 ct
3565 3622 3767 3692 simpli-

2190 3723 2347 3773 citate
2394 3718 2733 3787 loquentem,
2767 3713 2885 3768 illos
2926 3724 3104 3768 autem
3151 3712 3362 3767 invidia:
3403 3715 3542 3767 malo
3579 3723 3767 3782 captos

2191 3811 2314 3865 odio
2355 3827 2474 3865 eum
2520 3817 2915 3879 persequentes.
2964 3807 3019 3860 ι.
3068 3804 3302 3860 Videntcs
3347 3806 3489 3860 enim
3517 3846 3530 3869 ,
3574 3806 3762 3877 inquit,

2191 3901 2410 3972 fratres,
2453 3901 2587 3970 quod
2607 3909 2749 3969 pater
2791 3913 2898 3968 pra:
2933 3897 3160 3951 omnibus
3195 3897 3316 3965 [iliis
3356 3897 3594 3968 diligebat
3631 3914 3763 3958 etim.

2191 3995 2397 4048 oderant
2416 4008 2552 4055 eum,
2575 4000 2620 4044 et
2648 4006 2747 4043 non
2769 3996 3002 4058 poterant
3027 3987 3164 4057 loqui
3186 3988 3234 4041 ei
3248 3987 3519 4058 quidquam
3537 3988 3763 4058 paci/ire.

2195 4082 2327 4137 Vide
2353 4079 2619 4151 quomodo
2643 4078 2767 4132 odio
2805 4085 3198 4146 prosequuntur
3235 4091 3356 4130 eum
3393 4077 3481 4146 qni
3528 4077 3577 4130 in
3619 4077 3766 4131 nullo

2193 4171 2508 4228 oll'enderat.
2532 4169 2596 4223 Et
2616 4168 2770 4232 nihil,
2805 4169 2990 4236 inquit,
3029 4176 3257 4237 poterant
3283 4167 3420 4236 loqui
3451 4168 3497 4220 ei
3527 4169 3757 4237 paciﬁca.

2192 4265 2327 4334 Quid
2367 4273 2481 4330 est,
2531 4261 2679 4316 Nihil
2717 4269 2946 4332 poterant
2989 4259 3124 4328 loqui
3165 4259 3209 4312 ei
3242 4258 3497 4326 paci/ite?
3523 4258 3654 4325 Quia
3683 4259 3764 4310 af-

2194 4359 2360 4414 fectus
2384 4355 2754 4411 dominabatur
2777 4354 2854 4407 eis
2882 4361 2935 4405 et
2971 4349 3206 4420 quotidie
3232 4350 3524 4418 augebatur
3561 4350 3762 4414 odium,

2192 4465 2288 4505 ceu
2318 4449 2456 4516 capti
2485 4443 2763 4518 tyrannide
2793 4441 2950 4511 hujus
2979 4442 3137 4506 mali,
3165 4441 3216 4494 in
3244 4440 3366 4494 dolo
3393 4440 3764 4509 loquebantur,

2195 4550 2247 4595 et
2274 4539 2402 4593 nihil
2427 4539 2476 4591 ei
2518 4535 2733 4605 pacifice
2777 4535 2915 4603 loqui
2951 4541 3213 4602 poterant.
3273 4529 3401 4585 Vide
3430 4540 3605 4584 autem
3631 4549 3767 4601 quo-

2195 4635 2353 4688 modo
2381 4647 2593 4686 causam
2626 4629 2732 4682 odii
2763 4626 3077 4697 significavit
3101 4667 3116 4689 ,
3163 4625 3300 4693 quod
3343 4641 3533 4696 nempe
3572 4628 3638 4681 ab
3683 4630 3766 4681 in-

2194 4726 2329 4777 vidia
2357 4723 2631 4776 exordium
2681 4720 2938 4772 habuerit.
2997 4715 3066 4772 Ut
3103 4717 3332 4770 riderent
3367 4719 3508 4771 enim
3534 4760 3548 4782 ,
3579 4717 3764 4784 inquit,

2195 4819 2404 4887 fratres,
2451 4813 2586 4883 quod
2625 4822 2766 4880 pater
2802 4825 2914 4861 eum
2945 4823 3050 4876 prie
3073 4808 3302 4862 omnibus
3347 4807 3475 4876 filiis
3501 4809 3604 4860 suis
3651 4808 3770 4860 dili-

2194 4917 2350 4977 geret.
2407 4907 2572 4958 i\mor
2604 4901 2768 4970 patris
2815 4899 3062 4952 invidiam
3102 4899 3149 4954 ei
3188 4899 3425 4969 peperit,
3471 4896 3562 4951 sed
3605 4897 3770 4965 patris

2257 5039 2338 5101 (a)_
2363 5045 2541 5084 Sensus
2577 5031 2899 5101 _Chr)_‘sostomi
2926 5039 3046 5101 est,
3094 5029 3353 5101 Josephum
3397 5042 3426 5077 ι
3468 5028 3642 5101 tacebo
3692 5041 3772 5101 pa?

2196 5093 2274 5152 mi
2297 5093 2403 5161 plus
2423 5097 2616 5161 exteris
2637 5093 2903 5161 adamatum
2924 5094 3088 5161 fuisse,
3113 5093 3176 5140 ob
3214 5101 3474 5161 supernam
3494 5093 3697 5161 gratiam
3721 5097 3774 5138 et

2194 5149 2365 5211 animm
2389 5160 2616 5208 virtutem
2640 5170 2652 5204 :
2679 5157 2766 5204 sed
2793 5168 2856 5203 ne
2880 5153 2972 5203 hoc
3013 5155 3168 5214 ipsum
3205 5149 3432 5214 majorem
3458 5149 3652 5211 pareret
3677 5149 3772 5214 fra-_

2195 5232 2322 5271 trum
2347 5220 2587 5274 invidiam,
2611 5216 2750 5265 aliam
2775 5218 3008 5278 adiectam
3032 5212 3181 5278 tuisse
3206 5212 3381 5261 amoris
3403 5224 3619 5278 causam,
3641 5212 3768 5278 quod

2196 5281 2424 5330 videlicet
2445 5280 2492 5327 in
2527 5272 2784 5326 senectute
2807 5272 2890 5324 sua
2913 5277 3167 5337 genuisset
3203 5286 3342 5337 cum;
3383 5273 3518 5335 quasi
3535 5272 3774 5337 videlicet

2197 5344 2300 5394 hzec
2319 5353 2461 5388 musa
2485 5341 2642 5388 minus
2683 5340 2740 5386 ad
2764 5335 2989 5386 ciendum
3036 5335 3238 5384 livorem
3283 5335 3454 5383 idonea
3500 5336 3770 5383 videretur.

2196 5405 2288 5452 sed
2312 5401 2425 5450 illud
2451 5401 2624 5462 ipsum,
2649 5400 2775 5461 quod
2798 5399 2847 5448 in
2869 5404 3104 5447 senectute
3126 5411 3213 5445 sua
3233 5395 3653 5462 genuisset__ewit._
3678 5409 3772 5442 non

2198 5471 2332 5514 vacat
2354 5455 2632 5511 diiliinltate
2657 5455 2671 5508 ξ
2696 5474 2803 5508 nam
2849 5461 3021 5509 eodem
3057 5455 3342 5515 Iermefaut
3378 5456 3560 5506 tantillo
3609 5455 3773 5517 elapso

2197 5535 2419 5587 tempore
2435 5526 2499 5587 at!
2518 5530 2624 5570 ortu
2652 5530 3000 5587 [estremorum
3045 5521 3204 5569 Jacobi
3243 5518 3443 5587 tilia-uin
3466 5532 3587 5580 quos
3609 5531 3670 5587 es
3697 5520 3774 5564 tia

2197 5595 2251 5637 et
2274 5579 2334 5634 e'x
2361 5581 2528 5632 ancilla
2570 5579 2803 5643 suscepit,
2829 5590 2968 5631 natus
3007 5588 3082 5630 est
3119 5581 3330 5641 Joseph;
3370 5579 3507 5643 itaut
3531 5593 3622 5643 non
3649 5579 3774 5626 hunc

2195 5645 2473 5713 stutcialiter
2500 5646 2544 5713 in
2569 5638 2826 5713 senectute
2851 5656 2935 5713 sua
2971 5638 3244 5713 sttScepisse
3279 5638 3510 5689 dicendus
3534 5638 3769 5687 videatur.

2205 5704 2378 5764 {crum
2394 5708 2497 5758 lucc
2522 5705 2713 5770 longius
2735 5713 2866 5756 esset
2885 5704 3100 5766 pluribus
3123 5712 3381 5754 cacata-ii.
