4150 6206
469 277 570 332 63.7

467 395 900 452 benevolentiam
924 398 1093 451 virtus
1119 396 1209 450 ﬁlii
1240 397 1341 451 sibi
1369 398 1690 454 conciliavit.
1717 400 1852 456 Cum
1885 403 2046 473 igitur

466 494 741 551 oimrteret
762 488 879 542 illos
905 487 1094 541 imitari
1118 485 1352 552 fratrem,
1377 496 1431 543 et
1449 491 1687 546 :ennilari
1709 508 1884 549 mores
1907 495 2045 563 ejus,

468 583 527 626 ιιι
550 575 628 629 sic
656 584 709 629 et
735 575 835 645 ipsi
863 586 1062 645 patrem
1084 576 1184 631 sibi
1205 578 1574 640 conciliarent.
1606 596 1674 635 ne
1704 581 1806 638 hoc
1829 584 2046 653 quidem

468 662 572 717 illis
614 664 668 717 in
713 673 946 719 mentem
981 666 1154 731 venit,
1198 667 1293 722 sed
1335 672 1604 726 conunnni
1648 672 1774 728 odio
1821 674 1985 730 ﬁlium
2015 690 2045 730 a

473 762 622 819 patre
645 752 898 808 dilectum
921 757 1398 826 prosequebantur.
1431 760 1496 815 Et
1525 762 1599 816 illi
1627 763 1864 834 quidem,
1892 768 2043 836 quasi
2118 768 2131 790 ‘

472 841 653 896 hostes
682 840 827 910 facti,
853 844 996 899 intus
1025 846 1278 903 latentem
1304 851 1559 906 malitiam
1590 855 1882 923 parientes,
1914 856 2044 911 nihil

473 930 690 1000 paciﬁca
732 933 823 999 ei,
868 934 965 990 sed
1006 951 1127 991 cum
1157 937 1284 992 dolo
1326 939 1678 1010 loquebantur
1707 962 1721 999 :
1749 945 1836 1000 ille
1864 954 2046 1001 autem

468 1022 795 1079 admirabilis
816 1023 1107 1083 fraternam
1135 1029 1553 1087 benevolentiam
1571 1049 1690 1088 cum
1709 1036 1785 1090 eis
1805 1051 2044 1104 servans,

470 1111 710 1182 nihilque
754 1115 1033 1185 suspicans
1055 1157 1070 1183 ,
1110 1128 1167 1172 ut
1196 1118 1443 1176 fratribus
1471 1122 1608 1179 bene
1638 1123 1838 1191 ﬁdens,
1867 1127 2045 1182 omnia

468 1215 588 1269 quae
614 1202 665 1256 in
690 1217 751 1258 se
768 1215 919 1259 erant
948 1205 1192 1264 faciebant.

534 1288 591 1342 2.
626 1290 720 1345 llic
743 1293 970 1348 morbus
1023 1294 1093 1348 ab
1118 1296 1266 1351 initio
1290 1307 1346 1353 et
1365 1298 1494 1354 Cain
1520 1342 1536 1367 ,
1560 1312 1615 1356 ut
1644 1302 1859 1360 fratrem
1898 1308 2043 1362 occi-

468 1378 649 1443 deret,
680 1383 922 1438 armavit.
954 1384 1020 1439 Et
1063 1388 1201 1443 sicut
1242 1389 1325 1445 isti
1372 1402 1588 1462 propter
1627 1394 2045 1455 benevolentiam

469 1471 660 1536 patris,
691 1487 847 1540 quam
875 1489 999 1544 erga
1029 1474 1192 1530 ﬁlium
1238 1478 1572 1549 declarabat,
1597 1485 1721 1539 odio
1749 1487 1894 1542 illum
1925 1505 2047 1559 pro-

468 1560 855 1629 sequebantur,
884 1573 938 1617 et
967 1565 1272 1636 impugnare
1318 1572 1691 1638 moliebantur,
1718 1584 1775 1631 et
1809 1580 2045 1648 quotidie

468 1647 633 1717 ipsius
658 1651 861 1707 caedem
886 1657 1245 1722 parturiebant
1272 1675 1289 1715 :
1313 1662 1501 1716 eodem
1523 1679 1652 1720 sane
1676 1647 1835 1722 modo
1856 1681 1909 1724 et
1930 1671 2037 1736 ille,

468 1750 522 1792 ut
551 1740 680 1796 vidit
725 1742 902 1801 fratris
946 1746 1084 1801 dona
1136 1751 1244 1805 Deo
1287 1754 1452 1823 magis
1480 1768 1694 1826 accepta
1742 1758 1941 1827 fuisse,
1976 1763 2041 1817 ad

464 1844 586 1884 eum
610 1833 958 1891 occidendum
987 1850 1300 1906 provocatus
1333 1853 1417 1898 est
1438 1883 1455 1905 .
1481 1856 1536 1900 et
1557 1848 1723 1917 inquit
1741 1891 1756 1912 ,
1791 1848 2043 1922 Egredio-

466 1934 584 1972 nntr
608 1920 661 1973 in
676 1938 911 1993 canipum
946 1925 1098 1995 (Gen.
1128 1930 1180 1983 4.
1213 1930 1292 2001 8).
1331 1933 1488 1989 Vides
1528 1935 1668 1991 hunc
1715 1920 1873 1995 etiam
1911 1943 2042 1999 nihil

464 2009 830 2078 suspicatum,
876 2018 1162 2074 conlidisse
1201 2021 1382 2089 fratri,
1415 2033 1469 2079 et
1504 2028 1701 2083 exiisse
1741 2044 1805 2085 ac
1850 2042 2043 2101 praeter

465 2099 627 2155 animi
654 2106 974 2161 sententiain
1024 2109 1075 2163 in
1126 2111 1385 2168 nefariam
1439 2115 1579 2171 illam
1621 2099 1861 2177 dextram
1906 2124 2039 2180 inci-

463 2188 644 2279 disse?
690 2193 779 2250 Sic
817 2211 946 2253 sane
985 2209 1039 2254 et
1079 2203 1407 2261 admirabilis
1432 2206 1627 2279 Joscph
1655 2213 1901 2269 nesciens
1922 2231 2039 2271 ma-

466 2277 569 2334 lum
602 2281 822 2340 fratrum
845 2303 1063 2345 suorum
1088 2308 1406 2350 consensum
1433 2338 1449 2365 ,
1484 2277 1748 2371 tamquam
1778 2318 1899 2359 cum
1926 2303 2038 2360 fra-

464 2370 632 2427 tribus
655 2389 779 2432 cum
805 2377 885 2432 eis
910 2381 1241 2449 loquebatur,
1263 2394 1319 2439 et
1347 2370 1619 2443 insomnia
1648 2391 1758 2459 ipsa
1795 2410 1914 2462 qua:
1937 2395 2037 2450 sibi

464 2459 600 2512 lli-us
648 2465 975 2523 revelaverat
997 2510 1013 2534 ,
1040 2472 1411 2543 praesignando
1449 2477 1670 2546 gloriam
1705 2459 2034 2539 sibi-obven-

461 2559 630 2643 turam
655 2564 708 2643 et
729 2553 952 2612 fratrum
978 2560 1384 2629 subjectionem,
1415 2567 1467 2620 in
1505 2568 1734 2624 medium
1767 2587 2033 2643 propone-

461 2639 569 2695 bat.
597 2643 651 2697 5.
674 2641 800 2699 Cum
824 2648 965 2702 enim
985 2651 1300 2715 somniasset,
1321 2657 1589 2720 somnium,
1619 2639 1803 2731 inquii,
1831 2639 2026 2719 annun-

459 2729 598 2784 tiavit
621 2734 860 2802 fratribus
883 2739 1008 2805 suis,
1031 2738 1084 2793 6.
1108 2749 1155 2794 et
1172 2742 1301 2796 dixit
1319 2744 1391 2797 eis
1422 2759 1443 2799 :
1466 2745 1649 2803 Audite
1671 2729 1919 2807 somnium
1939 2755 2034 2810 hoc

458 2835 640 2874 unum.
664 2823 715 2876 7.
740 2823 988 2881 Putabam
1002 2845 1093 2885 nos
1118 2832 1403 2903 manipulos
1426 2837 1586 2907 ligare
1613 2839 1662 2893 in
1698 2843 1861 2897 medio
1886 2860 2028 2916 agro,

455 2919 504 2964 et
515 2913 730 2967 surrexit
753 2918 1044 2987 manipulus
1066 2938 1236 2989 meus,
1263 2934 1310 2977 rt
1328 2937 1521 2982 erectus
1547 2939 1618 2983 est
1645 2945 1665 2987 :
1691 2913 2029 2991 circuiitst.iii-

455 3011 528 3054 tes
547 3014 714 3058 autem
731 3008 977 3076 manipuli
996 3013 1142 3066 vestri
1155 3014 1489 3071 adoruverunt
1508 3022 1823 3092 manipulum
1844 3042 2029 3086 meum.

458 3089 506 3146 8.
563 3091 812 3150 Dixerunt
839 3108 1006 3153 autent
1045 3102 1092 3156 ei
1115 3105 1298 3173 fratres
1326 3122 1347 3160 :
1376 3106 1517 3161 Nam
1541 3089 1758 3182 regnans
1795 3119 2028 3186 regnabis

454 3195 604 3251 super
630 3201 741 3252 nos,
772 3198 861 3242 aut
883 3189 1148 3248 dominans
1175 3195 1510 3255 dontinaberis
1553 3204 1712 3257 nostri
1721 3206 1757 3267 ,?
1780 3206 1846 3260 Et
1867 3224 2030 3279 appo—

449 3284 656 3329 suerunt
697 3277 866 3333 adhuc
904 3297 1018 3336 eum
1057 3285 1176 3339 odio
1228 3291 1457 3357 prosequi
1507 3304 1710 3364 propter
1745 3277 1945 3352 somnia
1979 3310 2028 3356 et

458 3367 606 3421 verba
637 3384 749 3425 sua.
776 3372 1060 3444 Propterea
1090 3379 1238 3447 prius
1259 3396 1471 3453 quoque
1499 3386 1676 3441 docuit
1699 3388 1817 3443 illos
1843 3391 2024 3449 odium

448 3469 575 3528 erga
598 3474 720 3515 eum
757 3473 911 3519 antea
937 3466 1276 3538 exhibuisse,
1308 3481 1364 3527 ut
1403 3489 1469 3529 ne
1500 3484 1742 3544 putemus
1768 3495 1861 3536 eos
1901 3481 2025 3539 hinc

446 3550 736 3618 sumpsisse
775 3553 881 3609 odii
931 3557 1011 3612 sui
1060 3570 1243 3615 contra
1271 3578 1391 3617 eum
1438 3567 1734 3624 exordium.
1763 3571 2021 3641 Apposue-

444 3649 563 3693 runt
593 3642 734 3697 enim
769 3646 936 3702 adhuc
968 3665 1082 3704 eum
1122 3653 1240 3707 odio
1278 3658 1512 3727 prosequi
1538 3674 1559 3713 :
1582 3659 1682 3716 hoc
1707 3673 1823 3731 est,
1855 3666 2021 3722 multo

444 3730 611 3800 magis
635 3736 905 3805 augebant
939 3740 1119 3797 odium
1150 3753 1205 3798 et
1228 3744 1530 3803 inimicitias
1552 3765 1736 3809 contra
1781 3730 1922 3812 eum.
1956 3761 2020 3817 Et

441 3819 561 3876 vide
613 3823 799 3879 miram
827 3827 1036 3886 illorum
1081 3835 1372 3892 circitatem
1401 3856 1415 3895 :
1441 3840 1538 3911 ipsi
1577 3845 1721 3899 enim
1750 3851 2014 3905 somnium

438 3924 727 4007 exponunt.
755 3916 869 3973 Non
887 3922 1029 3977 enim
1054 3933 1138 3979 cst
1163 3926 1469 3998 dicendum,
1502 3947 1596 3988 eos
1622 3946 1838 4005 propter
1862 3937 2018 4007 igno-

439 4003 662 4058 rantiam
691 4020 875 4064 eorum
901 4051 918 4076 ,
945 4028 1063 4081 qua:
1094 4013 1265 4072 futura
1288 4031 1442 4075 erant
1461 4061 1477 4085 ,
1501 4003 1749 4078 invidiam
1784 4003 2013 4095 gessisse

436 4100 623 4148 contra
663 4110 809 4162 eum;
836 4100 930 4154 sed
977 4110 1035 4157 ut
1090 4103 1261 4160 futura
1301 4123 1366 4164 es
1412 4112 1633 4166 somniis
1670 4113 2007 4185 didicerunt,

433 4190 645 4235 auctum
693 4194 775 4240 est
820 4188 999 4245 odium
1029 4207 1233 4252 eorum.
1275 4198 1322 4253 0
1360 4198 1625 4269 ingentem
1677 4207 2004 4266 amentiam!

431 4269 719 4339 Oportebat
761 4277 863 4333 hoc
895 4282 1130 4340 scientes
1159 4288 1412 4356 majorem
1451 4306 1573 4361 erga
1600 4292 1746 4350 illum
1777 4296 2008 4355 benevo-

433 4361 647 4421 lentiam
671 4368 944 4428 declarare
962 4414 975 4436 ,
1004 4388 1037 4430 e
1064 4377 1241 4433 medio
1268 4380 1454 4436 tollere
1475 4383 1582 4438 odii
1605 4400 1818 4442 causam
1843 4401 2005 4462 atque

428 4452 662 4524 cffugare
691 4460 991 4518 invidentia:
1014 4466 1260 4523 allectum
1286 4487 1303 4525 :
1328 4471 1658 4531 obtenebrati
1704 4452 1931 4549 mente;
1948 4494 2002 4539 et

428 4556 533 4596 non
580 4546 819 4605 videntes
862 4566 922 4607 se
974 4567 1158 4613 contra
1199 4561 1515 4631 semetipsos
1557 4568 1732 4622 omnia
1788 4546 1997 4642 facere,

1144 282 1201 337 S.
1238 283 1514 342 JOANNIS
1540 286 2015 347 Clll‘iYSOSTOlll
2054 291 2371 377 AliClllEP.
2410 296 2941 354 CONSTANTINOP.

3635 304 3743 362 5‘38

2160 405 2352 462 Verum
2384 410 2453 462 ita
2479 425 2539 465 se
2565 411 2722 467 habet
2741 412 2936 467 invidia
2958 454 2976 481 ,
3009 412 3139 470 nihil
3168 430 3351 470 eorum
3374 416 3608 488 Cogitarc
3639 435 3737 489 po-

2156 508 2279 569 test,
2310 503 2403 557 sed
2431 507 2670 570 omnino,
2699 516 2756 560 ut
2777 507 2846 561 ita
2873 506 3071 573 dicant,
3099 507 3187 562 ubi
3219 508 3428 564 invidus
3455 520 3642 581 captus
3666 515 3737 567 ab

2157 592 2259 647 hoc
2301 594 2485 649 morbo
2515 595 2703 661 fuerit,
2732 607 2917 653 contra
2960 614 3110 654 suam
3156 601 3319 670 ipsius
3359 604 3584 657 salutem
3614 603 3736 659 facit

2154 686 2352 739 omnia.
2382 687 2443 741 Et
2467 686 2540 742 illi
2569 688 2781 757 quidem
2813 693 3117 747 narratione
3145 693 3538 748 somniiodium
3570 711 3727 751 auxe-

2155 787 2324 839 runt;
2386 777 2712 834 admirabilis
2755 790 2931 836 autem
2977 782 3175 853 Joscpb
3224 783 3313 837 ubi
3354 795 3410 839 et
3460 784 3604 840 aliud
3649 803 3737 841 so-

2154 867 2355 922 mnium
2384 868 2532 931 vidit,
2562 886 2667 924 non
2700 870 2826 940 ipsis
2854 870 3048 938 solum,
3082 874 3175 928 sed
3204 884 3259 928 et
3284 875 3421 943 patri
3448 887 3646 931 narrat.
3677 880 3732 933 9.

2156 958 2316 1025 Quasi
2342 961 2420 1013 sol
2444 968 2491 1014 et
2518 960 2641 1015 luna
2681 972 2727 1014 et
2763 962 2991 1017 undecim
3017 962 3176 1019 stellis
3196 965 3475 1020 adorabunt
3514 984 3611 1022 nte.
3642 970 3727 1025 ιο.

2154 1050 2220 1104 Et
2266 1052 2538 1120 increpavit
2579 1069 2692 1107 eum
2741 1063 2883 1124 pater
2908 1071 3028 1109 suus
3046 1097 3061 1118 ,
3093 1066 3139 1109 et
3168 1057 3296 1111 dixit
3340 1058 3386 1112 ei
3416 1074 3435 1110 :
3466 1058 3616 1125 Quod
3659 1071 3731 1114 cst

2151 1142 2401 1195 somnium
2428 1143 2538 1206 hoc,
2565 1143 2700 1212 quod
2722 1145 3029 1199 somniasti?
3063 1145 3113 1198 Ν
3118 1147 3325 1214 nmquid
3356 1160 3528 1203 euntes
3552 1144 3733 1205 ibimus

2152 1250 2242 1304 ego
2265 1244 2312 1288 et
2361 1245 2517 1289 mater
2541 1245 2629 1288 tua
2646 1276 2661 1299 ,
2689 1247 2734 1290 et
2759 1241 2941 1307 fratres
2983 1239 3055 1292 tui
3074 1280 3089 1304 ,
3125 1249 3178 1292 ut
3204 1240 3469 1295 adoremus
3495 1250 3542 1295 te
3581 1259 3733 1311 supir

2151 1327 2371 1380 terram?
2400 1328 2485 1382 ll.
2516 1327 2774 1383 JEmuIati
2798 1340 2962 1385 autem
2987 1341 3101 1386 sunt
3129 1349 3238 1385 eum
3256 1330 3449 1401 fratres
3461 1334 3559 1400 sui,
3592 1345 3732 1405 pater

2150 1432 2263 1469 vero
2296 1417 2571 1472 observavit
2596 1421 2817 1473 verbum.
2842 1420 3029 1475 Sciens
3058 1431 3207 1491 pater
3247 1423 3387 1492 quod
3421 1423 3609 1479 fratres
3650 1426 3730 1480 iu-

2153 1509 2397 1564 viderent
2436 1509 2483 1564 ei
2505 1551 2521 1576 ,
2551 1521 2773 1580 prepter
2802 1513 2904 1566 hoc
2950 1512 3235 1583 increpavit
3259 1529 3479 1583 puerum
3500 1556 3518 1580 ,
3549 1528 3600 1570 et
3629 1533 3727 1571 ex-

2151 1602 2323 1672 posuit
2352 1602 2510 1658 eiiam
2537 1603 2651 1673 ipse
2679 1606 2975 1669 somnium,
3003 1620 3066 1661 ac
3094 1607 3402 1673 coniectans
3434 1624 3462 1661 a
3504 1608 3611 1663 beo
3639 1624 3726 1664 re-

2150 1692 2467 1748 velationem
2517 1695 2565 1748 ei
2609 1693 2836 1761 factam,
2882 1694 3204 1750 observabat
3242 1696 3483 1751 verbum.
3532 1696 3724 1753 Verum

2149 1799 2253 1839 non
2284 1784 2353 1838 ita
2382 1784 2645 1841 faciebant
2665 1785 2872 1841 fratres.
2901 1785 3008 1842 Sed
3027 1787 3182 1857 quid?
3207 1786 3401 1844 lterum
3424 1789 3591 1843 multo
3616 1804 3727 1845 ma-

2145 1876 2226 1945 gis
2248 1875 2657 1931 aemulabantur.
2683 1876 2792 1932 Cur
2819 1878 2989 1933 insani
3030 1878 3246 1934 fuistis?
3272 1894 3367 1934 cur
3393 1880 3722 1950 stupidorum

2145 1981 2307 2036 opera
2352 1968 2587 2023 fecistis?
2611 1967 2726 2023 Non
2755 1970 3056 2040 cogitastis,
3084 1971 3377 2026 secundum
3403 1972 3721 2028 insomnium

2144 2072 2250 2111 non
2283 2066 2514 2122 temere,
2546 2072 2720 2128 neque
2740 2057 2958 2113 fortuito
2988 2059 3183 2115 factum
3209 2075 3331 2116 esse
3357 2078 3373 2116 :
3401 2061 3496 2117 sed
3524 2073 3582 2117 ut
3600 2078 3722 2117 cum

2142 2147 2435 2203 didiceritis
2460 2149 2680 2203 omnino
2729 2147 2905 2204 futura
2952 2166 3075 2206 esse
3116 2166 3237 2221 quae
3277 2150 3528 2222 priedicta
3559 2163 3717 2218 sunt,

2141 2239 2366 2294 cessatis
2394 2238 2640 2294 meditari
2682 2237 3028 2294 fratricidium
3049 2281 3065 2307 ,
3096 2249 3277 2311 utpote
3306 2257 3417 2297 rem
3444 2242 3722 2299 molien'es

2143 2329 2570 2400 iinpossibilem‘l
2598 2330 2761 2402 Igitur
2786 2331 3068 2401 oportebat
3095 2332 3308 2405 quidem
3337 2348 3453 2399 vos,
3482 2348 3603 2388 cum
3623 2350 3720 2388 co-

2139 2424 2398 2494 gitaretis,
2426 2433 2479 2479 et
2508 2425 2559 2479 in
2591 2436 2823 2479 mentem
2845 2424 3157 2494 acciperetis
3173 2425 3459 2480 fraternam
3488 2435 3720 2482 vestram

2139 2514 2568 2584 conjunctionem
2595 2556 2612 2583 ,
2655 2516 2886 2570 futuram
2932 2516 3109 2572 fratris
3152 2517 3376 2587 gloriam
3412 2533 3507 2588 pro
3545 2527 3718 2574 vestra

2138 2604 2354 2660 ducere.
2385 2604 2646 2674 Quoniam
2690 2620 2871 2662 autem
2900 2607 2966 2661 ad
3013 2609 3113 2663 hoc
3156 2622 3262 2663 non
3307 2609 3670 2678 respiciebatis
3698 2648 3715 2673 ,

2136 2709 2470 2764 consequens
2517 2696 2615 2750 fuit
2638 2696 2762 2750 illud
2792 2696 3047 2767 cogitare,
3076 2713 3170 2753 vos
3205 2712 3308 2753 non
3337 2707 3525 2753 contra
3550 2715 3671 2754 cum
3696 2739 3714 2766 ,

2136 2782 2231 2839 sed
2251 2793 2434 2839 contra
2455 2785 2691 2840 onminm
2726 2787 3032 2854 Dominum,
3064 2789 3152 2859 qui
3183 2787 3282 2844 hoc
3312 2789 3360 2845 ei
3382 2788 3490 2860 jam
3514 2791 3718 2845 revela-

2136 2877 2248 2941 vit,
2297 2875 2493 2930 bellum
2523 2891 2728 2947 gerere.
2773 2875 2967 2933 Verum
3016 2879 3087 2932 illi
3127 2879 3340 2949 quidem
3366 2921 3382 2947 ,
3409 2879 3543 2935 sicut
3572 2880 3713 2950 disi,

2135 2980 2309 3035 neque
2335 2975 2537 3020 natura:
2564 2965 2831 3022 vinculum
2866 2969 3099 3033 reveriti,
3134 2985 3308 3040 neque
3345 2970 3396 3024 in
3423 2980 3600 3025 mente
3618 2986 3713 3025 ca-

2135 3056 2340 3126 pientes
2367 3066 2564 3130 quanta
2596 3058 2685 3114 ille
2709 3074 2938 3130 superna
2980 3062 3353 3117 benevolentia
3392 3064 3710 3128 muniretur,

2134 3147 2312 3203 odium
2335 3149 2571 3220 quotidie
2599 3160 2862 3206 uinxerunt
2886 3170 2900 3206 :
2923 3160 2977 3207 et
2996 3154 3202 3208 occulte
3227 3154 3365 3208 intra
3393 3154 3712 3224 semetipsos

2131 3253 2317 3308 rogum
2361 3240 2753 3309 accenderunt,
2795 3258 2968 3314 neque
3018 3258 3199 3315 patre,
3234 3260 3407 3316 neque
3449 3245 3557 3301 ﬁlio
3603 3246 3708 3300 tale

2129 3328 2400 3400 quidpiam
2438 3333 2862 3402 suspicantibus,
2893 3350 3065 3405 neque
3107 3336 3466 3407 cogitantibus
3515 3351 3610 3391 eos
3650 3338 3703 3391 in

2131 3431 2331 3476 tantam
2360 3423 2618 3479 insaniam
2646 3440 2766 3481 esse
2792 3436 3186 3496 prepcraturos.
3223 3427 3345 3483 Ideo
3367 3427 3453 3483 ubi
3481 3427 3702 3498 profecti

2128 3521 2254 3567 sunt
2281 3513 2474 3570 fratres
2495 3516 2560 3569 ad
2585 3530 2774 3587 greges
2800 3534 2814 3570 :
2840 3518 2924 3572 15.
2955 3516 3119 3585 Dixit,
3153 3519 3341 3589 inquit,
3366 3529 3507 3590 pater
3525 3518 3593 3572 ad
3609 3517 3706 3571 Jo-

2124 3604 2248 3672 scph
2274 3620 2295 3658 :
2322 3603 2507 3659 Nonne
2534 3606 2715 3676 fratres
2738 3608 2812 3663 tui
2840 3620 3052 3679 pascunt
3075 3626 3188 3665 oves
3203 3613 3255 3665 in
3273 3612 3532 3683 Syc/tein?
3558 3612 3699 3676 Veni,

2124 3697 2317 3750 mittam
2343 3706 2390 3750 te
2415 3696 2483 3750 ad
2510 3714 2614 3751 eos.
2641 3697 2877 3771 Dixitque
2900 3701 2945 3755 ei
2970 3716 2990 3754 :
3019 3700 3146 3756 Ecce
3165 3719 3279 3773 ego.
3314 3703 3504 3759 Vidisti
3534 3710 3699 3773 patris

2121 3803 2245 3858 erga
2295 3787 2434 3845 ﬁlios
2460 3790 2476 3820 ⁸
2507 3789 2892 3846 dilectionem?
2942 3791 3117 3847 VldiSti
3161 3793 3254 3847 ﬁlii
3302 3793 3697 3850 obedientiam?

2123 3878 2262 3932 Dixit
2285 3888 2463 3934 autem
2488 3881 2535 3935 ei
2571 3897 2584 3934 :
2612 3881 2695 3936 14.
2734 3879 2905 3948 Vade,
2934 3891 2980 3936 et
3006 3883 3148 3951 vide,
3179 3901 3300 3938 num
3319 3886 3433 3939 sani
3455 3885 3552 3941 sint
3580 3888 3694 3956 fra-

2117 3980 2216 4024 tres
2241 3971 2334 4035 tui,
2356 3981 2401 4025 et
2430 3988 2565 4038 oves,
2584 3982 2628 4026 et
2642 3975 2888 4028 annuntio
2914 3975 3058 4029 milii.

2186 4063 2239 4116 5.
2269 4061 2461 4133 Ioseph
2484 4065 2650 4136 ﬁgura
2670 4065 2872 4120 Christi.
2901 4097 2971 4107 —-
2996 4067 3121 4127 llaec
3145 4077 3320 4123 autem
3347 4070 3524 4125 omnia
3550 4069 3685 4125 facti

2113 4162 2240 4207 sunt
2262 4192 2277 4216 ,
2308 4162 2364 4207 ut
2386 4161 2441 4207 et
2463 4153 2678 4224 .lnsephi
2719 4171 2841 4227 erga
2883 4155 3076 4213 fratres
3112 4168 3497 4214 monstraretur
3523 4160 3686 4215 henc-

2113 4242 2364 4306 volentia,
2387 4254 2436 4298 et
2457 4242 2667 4298 illorum
2689 4245 3025 4315 sanguinaria
3042 4263 3192 4303 mens
3213 4247 3363 4304 ﬁeret
3385 4250 3682 4305 manifesta.

2113 4332 2329 4390 Factum
2355 4344 2439 4391 est
2463 4345 2639 4392 autem
2662 4348 2717 4392 et
2736 4337 2789 4392 in
2819 4338 3039 4410 figuram
3067 4338 3534 4407 futurorum,.utin
3566 4358 3683 4397 um-

2110 4424 2202 4480 bra
2226 4428 2392 4482 multo
2419 4436 2574 4482 antea
2596 4427 2833 4483 veritatis
2863 4444 2950 4485 res
2978 4429 3425 4487 describerentur.
3452 4432 3522 4487 Et
3546 4432 3681 4487 sicut

2104 4516 2301 4589 Joseph
2323 4520 2387 4574 ad
2421 4521 2609 4576 fratres
2636 4521 2766 4577 abiit
2792 4522 3018 4579 invisum
3048 4540 3163 4593 eos,
3191 4535 3245 4581 et
3272 4525 3345 4582 illi
3372 4543 3545 4598 neque
3570 4528 3677 4582 fra-

2105 4609 2423 4668 ternitatem.
2453 4624 2625 4681 neque
2649 4611 2907 4668 adventus
2926 4629 3141 4669 causam
3173 4617 3416 4682 reveriti,
3451 4621 3674 4687 primunt

364 4692 379 4721 ς
426 4635 591 4688 ιιιιιΙιο
618 4637 818 4707 majore
855 4642 979 4700 odio
1006 4647 1060 4701 in
1084 4663 1206 4704 eum
1247 4664 1579 4709 exarserunt.
1602 4658 1776 4724 Quare
1794 4703 1809 4727 ,
1835 4677 1870 4717 ο
1895 4635 1996 4718 mi;

423 4725 528 4780 seri
568 4734 618 4781 ct
660 4729 952 4787 calamitosi
979 4776 995 4802 ,
1029 4744 1224 4794 tantam
1251 4742 1559 4801 declarastis
1578 4725 1826 4806 invidiam
1848 4795 1862 4819 ,
1889 4769 1993 4811 non

420 4818 712 4886 cogitantes
731 4830 786 4875 et
811 4821 1103 4884 fraternum
1134 4831 1399 4889 vinculum
1418 4877 1435 4903 ,
1464 4848 1520 4893 et
1541 4818 1867 4900 somniorum
1900 4863 1988 4904 re—

420 4910 733 4965 vetationem
773 4914 1106 4973 manifestam
1141 4921 1234 4978 Dei
1261 4938 1385 4995 erga
1416 4927 1564 4985 illum
1586 4930 1862 4991 declarare
1892 4936 1980 4993 he-

415 4997 800 5059 uevolentiam?
821 5003 995 5064 Nolite
1017 5010 1157 5066 enim
1183 5014 1493 5074 existimare
1516 5035 1637 5090 quae
1662 5038 1693 5077 a
1724 5024 1832 5083 Deo
1853 5043 1991 5098 pne-

411 5089 617 5159 signata
646 5105 786 5162 sunt,
823 5114 978 5168 posse
1000 5104 1259 5160 subverti.
1287 5105 1419 5162 Nam
1445 5089 1582 5168 sicut
1604 5089 1868 5174 somnium
1896 5123 1982 5176 di-

407 5176 702 5273 iudicastis,
731 5185 804 5240 ita
824 5188 924 5244 erit
952 5206 1056 5246 non
1080 5203 1204 5265 post
1223 5198 1446 5254 multum
1474 5208 1744 5273 temporis,
1773 5211 1979 5269 etiamsi

409 5266 688 5327 innumera
737 5279 1041 5349 excogitare
1076 5285 1373 5343 volueritis.
1405 5289 1586 5349 Solers
1612 5297 1753 5353 enim
1793 5310 1848 5355 et
1888 5317 1978 5356 sa-

406 5356 559 5427 piens
579 5375 702 5418 eum
728 5365 800 5421 sit
822 5371 1059 5428 omnium
1105 5375 1357 5434 Dominus
1377 5420 1392 5445 ,
1426 5391 1482 5437 ut
1514 5397 1625 5440 sua:
1645 5387 1853 5444 virtutis
1886 5390 1977 5445 dc-

404 5447 579 5550 claret
587 5458 905 5550 potentiam
930 5501 948 5522 .
984 5477 1129 5536 stepe
1172 5469 1337 5524 multa
1399 5475 1658 5542 permittit
1706 5477 1970 5550 interponi

398 5541 778 5636 impedimenta
802 5591 817 5615 ,
849 5562 905 5606 ut
929 5552 994 5611 iis
1022 5569 1141 5628 qui:
1173 5560 1272 5615 sibi
1298 5541 1500 5631 pridem
1527 5566 1636 5622 visa
1667 5581 1820 5625 erant
1842 5541 1965 5636 per-

397 5629 549 5691 lectis
571 5675 586 5705 ,
614 5651 877 5701 summam
904 5645 1113 5707 virtutis
1156 5668 1267 5711 sua:
1299 5629 1551 5715 declaret
1598 5664 1960 5720 eminentinin.

2100 4698 2314 4768 quidem
2340 4699 2407 4753 de
2444 4700 2734 4755 occidendo
2755 4702 2845 4756 illo
2864 4702 3228 4760 deliberabant
3250 4748 3266 4774 ,
3291 4717 3467 4777 postea
3497 4718 3673 4762 autetn

2096 4794 2450 4850 vendiderunt
2496 4793 2737 4852 barbaris
2768 4814 2782 4850 ε
2815 4798 2886 4852 ita
2928 4809 2980 4854 et
3011 4799 3267 4855 Dominus
3312 4810 3494 4856 noster
3520 4816 3670 4855 suam

2094 4898 2319 4940 servans
2356 4884 2801 4955 misericordiam,
2842 4889 3057 4945 advenit
3099 4891 3334 4947 invisens
3381 4890 3669 4946 humanum

2092 4990 2279 5046 genus,
2303 4986 2356 5031 et
2372 4987 2617 5048 suscepta
2633 4989 2828 5035 nostra:
2857 4980 3040 5035 forma:
3066 4997 3245 5047 carne,
3279 4982 3524 5053 dignatus
3554 4983 3668 5038 ﬁeri

2095 5066 2259 5122 frater
2283 5076 2483 5134 noster,
2510 5069 2589 5123 sic
2629 5070 2866 5126 advenit.
2915 5070 2982 5125 Et
3005 5071 3199 5127 clamat
3222 5072 3417 5128 Paulus
3443 5074 3662 5130 dicens:

2090 5156 2213 5213 Non
2255 5159 2386 5213 enim
2415 5162 2622 5232 angelos
2646 5163 2937 5231 assuinpsit,
2954 5164 3043 5218 sed
3067 5181 3234 5220 semen
3254 5166 3471 5221 Abrahae
3494 5183 3513 5221 :
3532 5166 3664 5222 unde

2086 5248 2256 5303 debuit
2282 5266 2373 5320 per
2409 5252 2578 5305 eninia
2615 5252 2860 5324 fratribus
2901 5252 3082 5309 similis
3112 5255 3226 5324 ﬁeri
3265 5255 3447 5325 (Hebr.
3484 5257 3539 5310 2.
3574 5258 3658 5312 l6.

2086 5340 2197 5410 l7).
2228 5339 2333 5396 Sed
2360 5341 2552 5412 ingrati
2589 5342 2759 5398 Judaei
2790 5343 3086 5398 animarum
3126 5360 3516 5418 corporumque
3545 5348 3657 5421 lle-

2082 5429 2256 5483 dicum
2285 5430 2560 5488 innumera
2611 5431 2862 5487 miracula
2906 5433 3143 5503 quotidie
3188 5444 3485 5504 pati-antem
3515 5432 3657 5492 occio

2078 5520 2205 5575 dere
2230 5522 2404 5577 conati
2433 5533 2591 5593 sunt,
2620 5534 2677 5579 et
2714 5536 2877 5592 opere
2903 5524 3308 5593 compleverunt
3351 5529 3531 5584 animo
3555 5543 3652 5583 suo

2140 5679 2157 5710 ί
2191 5678 2325 5731 savil.
2354 5689 2403 5733 ct
2425 5682 2614 5747 quidm
2635 5688 2760 5740 λιες..
2784 5692 2900 5743 erga
2916 5676 3096 5744 ﬁlium;
3128 5685 3289 5737 minus
3310 5700 3466 5741 rotae.
