4150 6206
417 337 526 392 521

417 449 573 504 αὑτοὶ
603 448 695 501 τὸν
729 447 941 518 πατέρα
985 445 1418 509 ἐπισπάσωνται,
1459 445 1616 498 τοῦτο
1647 445 1745 515 μὲν
1772 446 1891 500 οὑδὲ
1919 447 1998 511 εἰς

419 533 629 585 ἔννοιαν
661 529 1046 599 λαμϐάνουσιν,
1078 528 1214 581 ἀλλά
1243 528 1419 582 κοινὸν
1453 531 1606 599 μῖσος
1629 529 1758 599 περὶ
1777 529 1866 582 τὸν
1897 530 2002 582 ὑπὸ

419 613 514 666 τοῦ
553 613 755 682 πατρὸς
799 609 1157 680 ἀγαπώμενον
1202 610 1597 663 ἐπεδείκνυντο.
1646 611 1755 662 Καὶ
1804 612 2001 663 ἐκεῖνοι

426 695 549 764 μὲν,
599 693 847 763 καθάπερ
895 691 1392 761 ἐκπολεμούμενοι,
1439 690 1580 744 οὑτω
1632 690 2002 744 λανθάνουσαν

422 776 626 830 ἔσωθεν
651 775 746 845 τὴν
774 774 1039 845 πονηρίαν
1066 774 1364 839 τίκτοντες,
1392 774 1542 827 οὑδέν
1561 774 1831 844 εἰρηνικὸν
1856 773 2002 844 αὐτῷ

419 857 742 926 διελέγοντο,
770 857 904 909 ἀλλά
936 856 1073 925 μετά
1102 855 1256 909 δόλου
1276 856 1676 927 προσεφέροντο
1696 873 1710 885 ·
1734 857 1762 908 6
1790 855 1846 907 δέ
1875 856 2003 908 θαυ-

425 941 621 1006 μάσιος
667 933 822 1000 οὗτος
879 938 976 1006 τὴν
1033 937 1323 1008 ἀδελφικὴν
1364 935 1577 990 εὔνοιαν
1617 936 1753 1007 πρὸς
1807 936 2003 998 αὑτοὺς

423 1019 744 1082 ἀποσώζων,
770 1021 862 1073 καὶ
891 1019 1043 1072 οὐδὲν
1077 1020 1420 1089 ὑπιδόμενος,
1451 1019 1545 1072 ἀτε
1575 1017 1640 1088 δὴ
1661 1018 1735 1080 ὼς
1757 1017 2003 1086 ἀδελφοῖς

425 1101 662 1172 ἐθάρρει,
694 1103 788 1154 καὶ
817 1104 882 1154 τὰ
912 1102 1034 1154 καθ’
1065 1103 1256 1155 ἐαυτὸν
1286 1102 1502 1155 ἅπαντα
1531 1100 1824 1153 ἀνετίθετο.

497 1182 564 1252 β’.
590 1183 758 1236 Τοῦτο
779 1183 842 1236 τὸ
874 1183 1045 1247 πάθος
1081 1184 1176 1236 καὶ
1209 1184 1268 1248 ἐξ
1297 1183 1472 1255 ἀρχῆς
1514 1183 1604 1236 τὸν
1638 1181 1771 1234 Κὰῖν
1809 1184 1887 1245 εἰς
1911 1181 2002 1234 τὸν

425 1266 567 1318 κατά
597 1265 689 1318 τοῦ
720 1265 950 1333 ἀδελφοῦ
985 1267 1143 1334 φόνον
1188 1267 1428 1337 ὁρμῆσαι
1460 1264 1863 1336 παρεσκεύασε.
1893 1264 2002 1317 Καὶ

427 1349 676 1418 καθάπερ
697 1344 836 1402 οὗτοι
857 1349 944 1402 διά
966 1348 1064 1420 τήν
1084 1347 1296 1402 εὔνοιαν
1320 1347 1412 1402 τοῦ
1438 1347 1663 1418 πατρὸς,
1682 1347 1747 1417 ἢν
1769 1346 1895 1416 περὶ
1912 1345 2003 1398 τὸν

427 1431 590 1483 παῖδα
612 1431 974 1494 ἐπεδείκνυτο,
1007 1434 1184 1500 μισεῖν
1202 1431 1364 1485 αὑτὸν
1389 1428 1880 1500 παρεσκευάζοντο,
1910 1427 2004 1479 καὶ

427 1512 680 1584 πολεμεῖν
715 1514 1051 1585 ἐπεχείρουν,
1086 1514 1180 1566 καὶ
1208 1513 1329 1566 καθ’
1359 1514 1597 1581 ἐκάστην
1634 1512 1846 1580 ἡμέραν
1879 1507 1996 1561 ὤδι-

426 1614 517 1648 νον
545 1597 642 1653 τὴν
668 1598 788 1650 κατ’
815 1596 980 1650 αὑτοῦ
1017 1597 1249 1665 σφαγήν·
1277 1595 1367 1647 τὸν
1399 1593 1560 1647 αὑτὸν
1580 1594 1645 1663 δὴ
1666 1593 1866 1663 τρόπον
1900 1595 2002 1645 κά·-

427 1681 603 1742 κείνος
645 1677 979 1746 θεασάμενος
1020 1676 1098 1728 ὅτι
1140 1676 1206 1727 τά
1250 1674 1402 1745 παρὰ
1439 1674 1534 1727 τοῦ
1582 1674 1810 1743 ἀδελφοῦ
1858 1674 2004 1744 δῶρα

430 1761 630 1830 μᾶλλον
654 1760 817 1812 δεκτά
841 1758 1083 1826 γέγονεν,
1125 1759 1206 1820 εἰς
1231 1757 1322 1809 τὸν
1354 1757 1494 1810 κατά
1532 1756 1628 1810 τοῦ
1657 1755 1882 1826 ἀδελφοῦ
1911 1757 2005 1825 φό-

427 1862 518 1898 νον
547 1842 772 1912 ἐκινήθη
790 1883 804 1901 .
835 1841 929 1894 καί
974 1858 1158 1910 φησιν,
1201 1835 1560 1904 Ἐξέλθωμεν
1583 1839 1670 1902 εἰς
1690 1835 1755 1889 τὸ
1775 1835 2002 1896 πεδίον.

441 1927 604 1994 Ὁρᾷς
637 1925 729 1977 καὶ
769 1923 956 1976 τοῦτον
986 1923 1146 1994 μηδὲν
1178 1920 1546 1992 ὑφορώμενον,
1585 1922 1698 1974 ἀλλ’
1735 1915 1821 1975 οἷα
1851 1920 2002 1992 [585]

426 2008 496 2078 δὴ
523 2007 735 2077 ἀδελφῷ
777 2006 1112 2076 πειθόμενον,
1148 2003 1465 2068 κατεξιόντα
1493 2005 1588 2057 καὶ
1615 2004 1887 2075 πάρεργον
1915 2020 2004 2072 γι-

429 2086 653 2156 νόμενον
686 2085 781 2155 τῆς
830 2085 1031 2154 μιαρᾶς
1065 2082 1276 2151 ἐκείνης
1322 2080 1500 2145 δεξιᾶς
1523 2093 1586 2148 ει;
1620 2080 1776 2134 Οὕτω
1808 2080 1872 2151 δὴ
1909 2083 2003 2136 καὶ

427 2169 458 2220 6
489 2165 789 2237 θαυμάσιος
830 2166 1048 2235 Ἰωσὴφ,
1073 2164 1172 2217 ούκ
1197 2162 1352 2226 εἰδὼς
1379 2163 1480 2233 τὴν
1511 2163 1685 2233 κακὴν
1713 2163 1820 2216 τῶν
1849 2163 2002 2216 ἀδελ-

429 2249 544 2317 φῶν
575 2249 848 2319 ὁμόνοιαν,
876 2247 952 2309 ὼς
982 2247 1228 2315 ἀδελφοῖς
1253 2245 1649 2318 προσεφέρετο,
1673 2245 1765 2298 καὶ
1790 2244 1861 2298 τά
1912 2247 2002 2298 ἐν·

433 2331 596 2382 ύπνια
615 2370 628 2388 .
665 2330 808 2399 ἀπερ
856 2327 1004 2397 αύτῷ
1036 2329 1065 2381 6
1101 2327 1232 2390 Θεὸς
1264 2326 1611 2380 ἀπεκάλυπτε
1633 2364 1648 2388 ,
1677 2324 2004 2396 προμηνύων

431 2409 580 2479 αύτῷ
605 2409 704 2479 τήν
737 2407 1094 2479 περιφάνειαν
1116 2409 1173 2461 ἐν
1264 2407 1510 2476 γίνεσθαι
1540 2406 1753 2477 ἔμελλε,
1784 2407 2006 2460 καὶτῶν

432 2491 677 2559 ἀδελφῶν
718 2490 815 2544 τὴν
856 2490 1132 2561 ὑποταγὴν
1187 2493 1267 2553 εἰς
1308 2490 1472 2560 μέσον
1540 2489 1831 2560 προετίθει.
1891 2490 2008 2543 Ἐν-

431 2573 787 2638 υπνιασθεὶς
821 2571 950 2644 γάρς
1000 2572 1184 2641 φησὶν,
1220 2571 1508 2626 ἐνύπνιον
1537 2571 1852 2640 ἀπήγγειλε
1883 2572 2007 2639 τοῖς

430 2654 714 2722 ἀδελφοῖς
726 2653 933 2718 αὑτοῦ,
964 2653 1064 2706 καί
1082 2650 1253 2706 εἶπεν
1275 2653 1500 2719 αὐτοῖς’
1546 2653 1864 2708 Ἀκούσατέ
1885 2673 2005 2721 μου

429 2736 535 2790 τοῦ
567 2737 852 2789 ἐνυπνίου
877 2736 1113 2789 τούτου.
1138 2737 1332 2806 ’ῼμην
1355 2735 1515 2804 ἡμᾶς
1535 2735 1851 2804 δεσμεύειν
1869 2737 2006 2806 δρά-

430 2834 620 2886 πςιιατα
662 2819 733 2870 ἐν
760 2816 927 2885 μέσῳ
954 2817 1034 2882 τῷ
1068 2817 1273 2884 πεδίῳ,
1329 2818 1430 2871 καί
1471 2817 1699 2885 ἀνέστη
1751 2819 1817 2872 τὸ
1857 2818 2006 2888 ἐμὸν

429 2899 660 2968 δράγμα
685 2901 779 2952 καὶ
815 2899 1154 2966 ἀνωρθώθη,
1177 2901 1650 2968 περιστραφέντα
1681 2901 1748 2954 δὲ
1776 2903 1846 2956 τὰ
1871 2903 2007 2968 ὑμέ-

433 2998 576 3048 τερα
618 2982 922 3048 δράγματα
965 2982 1432 3047 προσεκύνησαν
1465 2982 1531 3034 τὸ
1582 2982 1728 3050 ἐμὸν
1753 2981 2001 3052 δράγμα.

431 3059 626 3115 Εἶπαν
640 3061 705 3114 δὲ
720 3061 877 3126 αὐτῷ
898 3065 948 3114 ol
965 3061 1233 3130 ἀδελφοί·
1259 3062 1354 3127 Μὴ
1365 3062 1710 3125 βασιλεύων
1719 3064 2007 3127 βασιλεύ-

427 3146 865 3217 σειςὲςο“ήμᾶς,
897 3147 934 3215 ἣ
966 3149 1253 3214 κυριεύων
1295 3149 1631 3216 κυριεύσεις
1662 3151 1864 3218 ήμῶνς
1901 3149 2004 3204 Καὶ

427 3224 795 3292 προσέθεντο
819 3223 904 3274 ἐτι
921 3221 1124 3290 μισεῖν
1149 3224 1336 3276 αὑτὸν
1360 3224 1566 3278 ἕνεκεν
1579 3224 1694 3278 τῶν
1709 3227 2006 3279 ἐνυπνίων

427 3305 616 3359 αὐτοῦ
639 3306 735 3357 καί
766 3302 878 3357 τῶν
893 3304 1176 3372 ῥημάτιον
1195 3305 1401 3361 αὐτοῦ.
1431 3306 1533 3359 Διά
1560 3307 1718 3360 τοῦτο
1746 3310 1838 3360 καὶ
1869 3325 2004 3377 προ-

428 3388 586 3440 έλαϐε
613 3388 706 3440 καὶ
725 3387 999 3439 ἐδίδασκεν
1022 3388 1055 3457 ή
1063 3389 1190 3456 μᾶς,
1215 3387 1295 3440 ὅτι
1318 3387 1522 3441 ἀνωθεν
1540 3389 1602 3442 τὸ
1623 3392 1773 3460 μῖσος
1795 3389 1852 3442 τὸ
1870 3392 2004 3459 πρὸς

427 3471 590 3522 αὑτὸν
622 3470 1020 3534 ἐπεδείκνυντο,
1058 3470 1144 3522 ἵνα
1175 3471 1248 3541 μὴ
1283 3471 1590 3541 νομίσωμεν
1619 3471 1869 3526 ἐντεῦθεν
1908 3475 2006 3543 ἀρ-

425 3556 527 3627 χὴν
551 3555 747 3618 αὑτοὺς
772 3554 1050 3625 εἰληφέναι
1076 3552 1169 3606 τοῦ
1198 3555 1318 3606 κατ’
1343 3553 1504 3606 αὑτὸν
1531 3555 1791 3626 πολέμου.
1819 3559 2005 3623 Προσ-

425 3640 631 3693 ἑθεντο
658 3640 765 3708 γὰρ
791 3640 877 3691 ἔτι
902 3637 1107 3706 μισεῖν
1121 3637 1328 3702 αὑτὸν,
1350 3638 1472 3690 ἀντὶ
1495 3638 1614 3703 τοῦ,
1641 3637 1826 3710 Πολλῷ
1846 3641 2005 3693 πλέον

425 3720 655 3789 ηὔξανον
685 3723 745 3774 τὸ
779 3724 933 3792 μῖσος
961 3721 1052 3773 καὶ
1070 3723 1167 3791 τὴν
1188 3720 1386 3791 ἔχθραν
1413 3719 1510 3791 τὴν
1532 3721 1651 3774 κατ’
1677 3721 1860 3776 αὑτοῦ.
1897 3722 2005 3774 Καὶ

425 3805 526 3875 δρα
579 3807 679 3874 τῆς
718 3804 1022 3876 πηρώσεως
1068 3803 1165 3873 τὴν
1213 3803 1538 3874 ὑπερϐολήν·
1581 3804 1735 3856 αὑτοὶ
1782 3805 1842 3856 τὸ
1873 3804 2004 3876 ὄναρ

425 3888 812 3960 διακρίνουσιν.
844 3887 977 3940 Οὑδέ
1027 3887 1132 3956 γὰρ
1159 3887 1302 3940 ἔστιν
1330 3889 1526 3948 εἰπεῖν,
1564 3886 1646 3938 ὅτι
1683 3885 1750 3938 δι’
1783 3887 2003 3954 ἄγνοιαν

425 3971 533 4023 τῶν
573 3972 874 4042 μελλόντων
913 3970 1135 4022 ἔσεσθαι
1185 3968 1440 4037 ἐφθόνουν
1471 3971 1590 4020 κατ’
1632 3968 1818 4022 αὐτοῦ’
1867 3970 2002 4022 ἀλλά

427 4055 692 4124 μαθόντες
736 4057 799 4108 ἐκ
832 4054 944 4108 τῶν
982 4054 1273 4124 ὀνειράτων
1301 4052 1372 4105 τά
1399 4053 1649 4122 ἐσόμενα,
1691 4052 2003 4125 προσθήκην

425 4138 518 4188 τοῦ
563 4138 750 4208 μίσους
783 4138 1117 4209 εἰργάζοντο.
1171 4137 1235 4186 Ὢ
1284 4135 1470 4197 ἀνοίας
1516 4134 1814 4206 ὑπερϐολή.
1866 4137 1993 4189 Δέον

425 4219 581 4273 τοῦτο
615 4221 838 4288 γνόντας
876 4221 1076 4291 μᾶλλον
1122 4219 1332 4272 εὔνοιαν
1366 4219 1493 4288 περὶ
1524 4219 1688 4271 αὑτὸν
1730 4216 2001 4283 ἐπιδείξα-

427 4304 569 4364 σθαι,
607 4304 699 4358 καὶ
746 4302 994 4356 ἐκποδὼν
1043 4305 1266 4373 ποιῆσαι
1308 4301 1402 4353 τοὺ
1443 4301 1634 4370 μίσους
1667 4301 1763 4370 τὴν
1797 4302 1998 4365 αἰτίαν,

423 4387 515 4439 καὶ
545 4387 643 4456 τῆς
690 4385 985 4456 βασκανίας
1029 4385 1090 4438 τὸ
1125 4384 1299 4447 πάθος
1339 4383 1599 4452 ἐξορίσαι,
1643 4382 2000 4446 σκοτωθέντες

420 4470 511 4521 τὸν
561 4469 840 4536 λογισμὸν,
889 4467 984 4520 καλ⁸
1016 4468 1076 4520 οὑ
1125 4466 1458 4536 συνορῶντες
1503 4465 1585 4518 ὅτι
1632 4464 1755 4517 καθ’
1795 4466 2000 4518 ἐαυτῶν

421 4551 633 4603 ἅπαντα
654 4548 1088 4617 διαπράττονται,
1123 4550 1213 4600 ἐπὶ
1243 4548 1402 4600 πλέον
1430 4543 1654 4619 ηὔξανον
1677 4547 1736 4598 τὸ
1763 4547 1880 4598 κατ’
1903 4548 1998 4599 αύ-

420 4631 512 4684 τοῦ
547 4633 720 4700 μῖσος.
751 4631 905 4690 Τίνος
943 4630 1148 4691 ⁹ένεκεν,
1201 4623 1246 4682 ὦ
1275 4629 1446 4683 ἀθλιοι
1498 4629 1590 4681 καὶ
1630 4628 1994 4699 ταλαίπωροι,

419 4713 685 4784 τοσαύτην
701 4711 1069 4764 ἐπιδείκνυσθε
1085 4714 1180 4782 τὴν
1213 4712 1530 4781 βασκανίαν,
1559 4712 1658 4766 ούκ
1679 4713 1998 4780 ἀγνοοῦντες

419 4794 540 4850 οὕτε
571 4795 670 4865 τὴν
703 4792 996 4863 ἀδελφικὴν
1027 4793 1228 4862 σχέσιν,
1265 4793 1388 4846 οὔτε
1417 4795 1498 4846 ὃτι
1532 4795 1565 4860 ή
1595 4794 1703 4847 τῶν
1728 4796 1996 4848 ἐνυπνίων

418 4877 757 4946 ἀποκάλυψις
780 4892 911 4945 φανε
921 4875 1018 4945 ράν
1039 4874 1276 4926 δείκνυσι
1299 4874 1391 4926 τοῦ
1407 4873 1541 4927 Θεοῦ
1561 4875 1659 4946 τὴν
1687 4877 1814 4948 περί
1836 4876 1996 4930 αὐτὸν

419 4958 664 5024 εὔνοιανς
709 4959 801 5028 Μὴ
836 4957 946 5028 γὰρ
977 4956 1041 5021 δὴ
1083 4955 1341 5025 νομίσητε
1384 4955 1567 5009 λοιπὸν
1601 4957 1670 5010 τά
1706 4960 1856 5029 παρά
1900 4958 1994 5011 τοῦ

418 5045 551 5098 Θεοῦ
589 5045 894 5115 μηνυθέντα
930 5041 1079 5112 αὑτῴ
1133 5041 1355 5094 δυνατὸν
1407 5038 1545 5095 εἶναι
1596 5045 1989 5116 ἀνατραπῆναι.

418 5128 682 5188 Καθάπερ
712 5128 818 5198 γὰρ
849 5126 941 5179 τοῦ
970 5126 1178 5197 ὀνείρου
1211 5125 1308 5194 τὴν
1335 5124 1603 5195 διάκρισιν
1641 5128 1989 5198 ἐποιήσασθε,

416 5209 586 5274 οὑτως
621 5211 776 5263 ἔσται
810 5213 924 5280 μετ’
952 5211 1012 5262 οὑ
1043 5209 1198 5272 πολὺ,
1231 5207 1330 5262 κᾶν
1358 5209 1527 5279 μυρία
1554 5209 1835 5278 ἐπινοῆσαι
1867 5211 1990 5280 βου-

415 5286 633 5362 ληθῆτε.
671 5291 990 5360 Εὑμήχανος
1017 5289 1126 5360 γὰρ
1152 5288 1226 5341 ὢν
1254 5289 1350 5341 καὶ
1375 5286 1534 5356 σοφὸς
1556 5287 1584 5337 6
1604 5286 1713 5337 τῶν
1734 5286 1990 5343 ἀπάντων

415 5376 710 5444 Δεσπότης,
746 5374 836 5427 καὶ
863 5373 960 5436 τῆς
995 5371 1200 5435 οἰκείας
1226 5371 1507 5441 δυνάμεως
1531 5369 1742 5434 δεικνὺς
1768 5370 1864 5442 τήν
1895 5390 1990 5426 πε-

418 5458 676 5528 ριουσίαν,
721 5456 936 5510 πολλάδ
989 5455 1244 5518 πολλάκις
1275 5455 1498 5524 ἀφίησιν
1546 5455 1604 5504 ἐν
1647 5451 1725 5523 τῷ
1783 5456 1986 5522 μεταξὺ

415 5538 714 5609 κωλύματα
739 5538 1008 5607 γενέσθαι,
1038 5536 1102 5591 ἵν’
1127 5535 1267 5588 οὕτω
1291 5535 1359 5588 τὰ
1393 5535 1558 5588 πάλαι
1587 5535 1735 5606 αὑτῴ
1763 5533 1986 5601 δόξαντα

480 5725 509 5757 ι
528 5724 646 5774 Mira
666 5725 871 5788 prploris
890 5726 1104 5788 licentia.
1131 5724 1300 5788 Ἔργον
1335 5724 1566 5788 epim_es_t
1591 5719 1642 5771 id
1684 5721 1814 5788 qugd
1825 5735 1983 5788 gyan-

415 5784 531 5833 dum
549 5783 826 5848 suscipitur.
848 5786 1078 5849 πάρεργον
1097 5780 1216 5848 οραζς
1230 5780 1378 5848 ὀυυά
1420 5783 1556 5832 aliud
1597 5780 1759 5849 ηθεξιιὶ
1781 5780 1980 5849 οπεῑςιιιν

411 5843 785 5908 exsequendum.
808 5853 859 5894 cl
887 5843 941 5894 ui
962 5843 1218 5908 pl'uriuium
1242 5843 1418 5908 ῥνιειεν
1447 5843 1862 5908 exspccialioneh}.
1884 5844 1979 5908 Vlla-

415 5917 511 5969 qu_e
538 5906 696 5956 tardes
723 5909 890 5957 Abelis
927 5906 1156 5969 πάρεργον
1178 5906 1318 5956 Aheli
1347 5908 1454 5964 fuit,
1494 5906 1586 5954 mm
1613 5912 1780 5956 autem
1810 5906 1974 5969 Caipn.

475 5967 499 6007 ι
526 5969 562 6018 Ε
585 5969 727 6018 σὶοὶει.
757 5970 958 6017 accessit
981 5967 1150 6022 πολλά,
1180 5969 1308 6027 quod
1334 5970 1552 6029 agnoscit
1587 5969 1851 6028 interpres.
1888 5967 1972 6014 lio.

720 6055 994 6113 ΡΑτιιοι.
1041 6053 1158 6112 (in.
1185 6055 1362 6114 LIV.

1393 331 1457 386 IN
1497 332 1650 387 CAP.
1694 329 1933 388 XXXV“
1971 331 2216 386 GENES.
2254 329 2488 387 IIOMIL.
2530 327 2668 384 LXI.

3569 324 3673 378 528

2103 448 2182 509 εἰς
2225 446 2383 516 ἔργον
2415 442 2654 512 ἀγαγὼν,
2698 438 2956 511 μεγίστην
2988 439 3242 510 ἀποφήνῃ
3272 437 3368 508 τῆς
3398 436 3677 508 δυνάμεως

2100 528 2264 582 αὑτοῦ
2303 529 2402 598 τὴν
2444 524 2773 596 ὑπερϐολήν.
2820 521 2977 574 Ἀλλά
3017 519 3255 574 τοιοῦτον
3288 520 3322 584 ἡ
3371 519 3674 596 βασκανίαν

2101 612 2250 665 οἰδὲν
2294 609 2500 662 τούτων
2544 604 2853 676 λογίζεσθαι
2884 602 3122 663 δύναται,
3159 599 3271 654 ἀλλ’
3305 601 3471 664 ὅλως,
3499 601 3574 664 ὡς
3602 605 3678 655 εί-

2101 695 2245 758 πεῖν,
2273 691 2615 762 αἰχμάλωτος
2639 686 2878 758 γεγονὼς
2895 684 3036 762 κατά
3057 683 3153 754 τῆς
3172 681 3377 744 οἰκείας
3408 683 3680 755 σωτηρίας

2101 775 2315 829 ἅπαντα
2333 760 2754 842 διαπράττεται.
2798 769 2906 821 Καὶ
2936 760 3079 820 οὗτοι
3122 764 3219 835 μὲν
3251 763 3562 834 προσθήκην
3593 763 3680 834 μία

2103 875 2228 920 σους
2246 853 2559 928 εἰργάζοντο
2577 851 2664 906 διὰ
2691 850 2788 922 τὴν
2811 848 3060 902 ἐνυπνίου
3091 846 3358 916 διήγησιν*
3409 847 3436 897 6
3467 845 3523 897 δὲ
3551 845 3684 898 θαυ-

2105 945 2297 1014 μάσιος
2348 940 2544 1010 ’ῐωσῆφ
2575 938 2670 991 καὶ
2699 938 2884 1007 ἕτερον
2928 937 3174 988 ἐνύπνιον
3220 931 3553 1004 θεασάμενος
3583 932 3682 984 οὑκ

2101 1013 2283 1088 αὑτοῖς
2319 1026 2498 1096 μόνον,
2534 1022 2669 1076 ἀλλά
2693 1023 2786 1074 καὶ
2819 1019 2897 1088 τῷ
2931 1017 3098 1088 πατρὶ
3136 1017 3427 1085 διηγεῖται,
3459 1013 3559 1096 καί
3576 1031 3681 1082 φη-

2105 1125 2205 1162 σιν“
2258 1095 2484 1174 ’Ὠσπερ
2531 1109 2564 1159 ό
2613 1105 2782 1171 ἥλιος·
2817 1103 2913 1156 καί
2955 1101 2992 1166 ἢ
3041 1099 3275 1165 σελήνη
3331 1096 3430 1150 καὶ
3467 1095 3684 1151 ἕνδεκα

2102 1191 2350 1259 ἀστέρες
2379 1189 2799 1256 προσεκύνουν
2842 1201 2938 1253 με.
2977 1185 3085 1236 Καὶ
3124 1181 3485 1250 ἐπετίμησεν
3526 1174 3685 1242 αἱ·τῷ

2103 1277 2136 1327 ὀ
2163 1273 2357 1340 πατὴρ
2384 1269 2570 1324 αὐτοῦ
2590 1310 2605 1333 ,
2637 1267 2736 1321 καὶ
2783 1262 2954 1319 εἶπεν
2987 1262 3165 1328 αὐτῷ’
3211 1265 3270 1317 Τί
3302 1262 3365 1315 τὸ
3400 1261 3687 1314 ἐνύπνιον

2103 1356 2279 1410 τοῦτο
2313 1355 2344 1408 6
2377 1350 2790 1416 ἐνυπνιάσθης
2807 1365 2826 1413 ;
2859 1344 3012 1415 Ἀρὰ
3043 1363 3108 1415 γε
3134 1346 3414 1409 ἐλθόντες
3438 1343 3684 1397 ἐλευσό-

2100 1447 2251 1511 μεθα
2293 1441 2407 1511 ἐγώ
2438 1457 2501 1492 τε
2539 1437 2689 1510 [586]
2730 1437 2825 1491 καὶ
2857 1436 2895 1502 ἡ
2923 1434 3121 1504 μήτηρ
3149 1449 3266 1486 σου
3297 1430 3397 1484 καί
3429 1435 3480 1484 οἱ
3511 1432 3688 1484 ἀδελ-

2103 1527 2206 1594 φοί
2229 1539 2346 1578 σου
2377 1521 2804 1590 προσκυνῆσαί
2834 1534 2933 1573 σοι
2961 1517 3063 1594 ἐπὶΔ
3088 1517 3202 1583 τὴν
3230 1512 3347 1594 γῆν
3370 1530 3399 1594 ,'_
3449 1511 3687 1594 Ἐῷὶλω-

2102 1590 2225 1657 σαν
2260 1602 2328 1656 δὲ
2352 1606 2404 1656 οἰ
2437 1599 2690 1669 ἀδελφοί
2715 1598 2926 1659 αὐτοῦ,
2973 1599 3005 1648 ό
3038 1591 3106 1647 δὲ
3139 1592 3332 1659 πατὴρ
3371 1590 3688 1659 διετήρησε

2103 1688 2168 1740 τὸ
2198 1687 2384 1755 ῥῆμα.
2419 1684 2589 1748 Εἰδὼς
2627 1683 2718 1736 τὸν
2761 1682 3078 1751 τικτόμενον
3111 1676 3259 1747 αὑτῷ
3293 1676 3483 1745 φθόνον
3540 1675 3688 1744 παρά

2102 1769 2209 1822 τῶν
2236 1769 2482 1837 ἀδελφῶν
2508 1769 2536 1819 6
2570 1766 2772 1837 πατὴρ,
2797 1766 2883 1818 διὰ
2908 1763 3062 1817 τοῦτο
3085 1762 3381 1829 ἐπετίμησε
3413 1756 3490 1827 τῷ
3516 1756 3684 1820 παιδὶ,

2103 1851 2196 1902 καὶ
2229 1850 2495 1922 διακρίνει
2529 1851 2623 1906 καὶ
2661 1846 2822 1910 αὑτὸς
2865 1847 2926 1898 τὸ
2965 1845 3117 1914 ὄναρ,
3170 1843 3263 1895 καὶ
3293 1839 3685 1910 στοχαζόμενος

2104 1933 2252 2004 παρά
2301 1932 2394 1985 τοῦ
2444 1931 2576 1989 Θεοῦ
2623 1932 2718 2002 τὴν
2751 1927 3088 1996 ἀποκάλυψιν
3128 1925 3275 1992 αὑτῷ
3319 1923 3683 1992 γεγενῆσθαι,

2102 2015 2337 2086 διετήρει
2365 2014 2425 2066 τὸ
2459 2015 2626 2086 ῥῆμα.
2669 2012 2806 2064 Ἀλλ’
2833 2013 2930 2081 οὑχ
2957 2011 3005 2062 οί
3038 2007 3255 2077 ἀδελφοὶ
3281 2006 3476 2068 οὕτως.
3525 2005 3687 2058 Ἀλλὰ

2104 2099 2193 2160 τίς
2229 2097 2395 2152 Πάλιν
2429 2095 2606 2165 πολλῷ
2637 2095 2797 2148 πλέον
2835 2093 3137 2162 ἐζήλωσαν.
3177 2091 3241 2142 Τί
3284 2090 3601 2161 μεμήνατε;
3633 2089 3687 2142 τί

2105 2179 2473 2251 ἐξεστηκότων
2498 2178 2800 2248 πράγματα
2829 2173 3222 2245 διαπράττεσθε
3245 2190 3260 2238 ;
3288 2171 3399 2242 Ούχ
3424 2173 3585 2242 όρᾶτε
3603 2171 3688 2224 ὃτι

2108 2265 2142 2334 ἡ
2165 2263 2272 2316 τῶν
2306 2261 2572 2316 ἐνυπνίων
2594 2260 2919 2328 δευτέρωσις
2947 2258 3046 2327 οὐχ
3081 2256 3266 2317 ἀπλῶς
3291 2255 3413 2308 ούδέ
3447 2254 3569 2324 εἰκῆ
3597 2270 3689 2322 γε-

2105 2347 2348 2416 γένηται,
2378 2345 2495 2399 ἀλλ’
2527 2345 2613 2397 ἵνα
2646 2341 2909 2413 μαθόντες
2926 2342 3009 2393 ὃτι
3034 2341 3252 2401 πάντως
3276 2339 3427 2392 ἔσται
3454 2339 3522 2391 τά
3545 2355 3684 2409 προ-

2109 2429 2436 2499 μηνυθέντα,
2501 2426 2783 2498 παύσησθε
2823 2427 2920 2495 τῆς
2963 2426 3188 2495 φονικῆς
3233 2423 3408 2494 ὁρμῆς
3438 2462 3452 2484 ,
3500 2423 3688 2492 ἐννοή-

2106 2526 2298 2572 σαντες
2323 2513 2404 2563 ὅτι
2428 2511 2710 2572 ἀδυνάτοις
2733 2510 3094 2578 ἐπιχειρεῖτες
3133 2505 3330 2576 Ἐχρῆν
3351 2504 3450 2574 μὲν
3471 2499 3564 2556 οὖν
3590 2504 3690 2574 τήν

2105 2592 2397 2663 ἀδελφικὴν
2442 2593 2626 2662 σχέσιν
2663 2592 2754 2644 καὶ
2795 2590 3032 2643 διάνοιαν
3061 2586 3452 2649 ἀναλαϐόντας,
3486 2586 3578 2639 καὶ
3609 2590 3688 2638 οξ-

2105 2676 2258 2728 κείαν
2281 2676 2487 2746 κρίνειν
2511 2675 2862 2745 εὐδοκίμησιν
2882 2673 2982 2743 τήν
3010 2670 3102 2725 τοῦ
3125 2669 3357 2738 ἀδελφοῦ
3385 2667 3688 2739 μέλλουσαν

2106 2758 2323 2810 ἔσεσθαι
2362 2759 2742 2828 περιφάνειαν.
2792 2755 3008 2826 Ἐπειδὴ
3041 2754 3098 2807 δέ
3124 2753 3327 2822 ταύτης
3354 2752 3482 2822 ὑμῖν
3513 2751 3691 2815 οὐδεὶς

2104 2843 2295 2912 λόγος,
2346 2843 2448 2895 κᾶν
2491 2844 2667 2895 ἐκεῖνο
2699 2841 3016 2909 λογίσασθαι
3045 2835 3113 2910 ῆν
3151 2835 3462 2901 ἀκόλουθον,
3512 2836 3595 2888 ὅτι
3623 2833 3686 2888 οὑ

2106 2923 2240 2995 πρὸς
2275 2924 2435 2977 αὑτὸν
2464 2924 2591 2994 ὑμῖν
2616 2925 2643 2976 ὁ
2686 2923 2940 2993 πόλεμος,
2973 2920 3109 2974 ἀλλά
3143 2920 3279 2992 πρὸς
3307 2918 3397 2971 τὸν
3431 2917 3686 2972 ἁπάντων

2104 3007 2382 3077 Δεσπότην
2411 3007 2500 3060 τὸν
2527 3007 2699 3060 ταῦτα
2743 3005 2889 3076 αὑτῷ
2928 3005 3027 3075 ήδη
3077 3001 3484 3073 ἐκκαλύψαντα.
3544 3000 3685 3053 Ἀλλ’

2105 3083 2248 3143 οὗτοι
2286 3089 2406 3160 μὲν,
2458 3090 2709 3161 καθάπερ
2738 3089 2907 3160 ἔφθην
2952 3086 3143 3149 εἰπὼν,
3198 3087 3318 3139 ούδέ
3371 3086 3470 3155 τὴν
3517 3084 3680 3153 φύσιν

2106 3172 2276 3241 αὐτὴν
2309 3169 2653 3241 αἰδούμενοι,
2687 3170 2808 3224 οὕτε
2843 3171 2943 3242 τὴν
2980 3169 3185 3225 ἄνωθεν
3232 3167 3521 3237 γινομένην
3559 3165 3687 3236 περὶ

2105 3254 2266 3306 αὑτὸν
2294 3252 2505 3308 εὔνοιαν
2527 3255 2585 3305 ἐν
2617 3253 2691 3323 νῷ
2721 3253 2993 3316 λαϐόντες,
3027 3251 3087 3304 τὺ
3118 3252 3274 3322 μῖσος
3297 3250 3418 3303 καθ’
3443 3249 3682 3319 ἑκάστην

2104 3341 2319 3410 ἡμέραν
2352 3340 2645 3402 ἐπέτεινον,
2681 3341 2774 3393 καὶ
2805 3339 3172 3401 λανθανόντως
3203 3337 3302 3408 τὴν
3339 3337 3518 3408 πυρὰν
3550 3339 3680 3406 παρ’

2107 3428 2316 3489 ἐαυτοῖς
2356 3427 2594 3496 ἀνῆπτον
2629 3436 2677 3490 ο,
2728 3425 2880 3478 οὐδὲν
2928 3424 3050 3478 οὔτε
3115 3425 3207 3478 τοῦ
3256 3425 3493 3493 πατρὸς,
3559 3421 3682 3475 οὔτε

2103 3509 2197 3562 τοῦ
2230 3510 2352 3562 νέου
2398 3509 2636 3563 τοιοῦτόν
2688 3527 2740 3563 τι
2775 3509 3204 3572 ὑποπτεύοντος,
3262 3507 3370 3560 οὐδ’
3417 3507 3497 3560 ὃτι
3548 3505 3684 3575 πρὸς

2104 3592 2364 3651 τοσαύτην
2434 3592 2629 3662 μανίαν
2686 3592 2930 3645 ἐλαύνειν
2989 3590 3233 3662 ἔμελλον.
3294 3589 3384 3642 Διὸ
3436 3589 3530 3641 καὶ
3582 3604 3675 3640 πο-

2104 3677 2403 3747 ρευθέντων
2443 3679 2549 3729 τῶν
2588 3677 2832 3746 ἀδελφῶν
2889 3680 2968 3740 εἰς
3021 3676 3088 3729 τά
3135 3675 3396 3745 ποίμνια,
3426 3668 3611 3726 Eia-er
3646 3675 3682 3726 ὀ

2104 3763 2300 3833 πατὴρ
2320 3761 2399 3826 τῷ
2432 3762 2665 3830 Ἰωσήφ·
2697 3766 2819 3829 Οὐχ
2846 3766 2899 3814 οι
2920 3762 3172 3829 ἀδελφοί
3194 3775 3310 3813 σου
3335 3760 3681 3826 ποιμαίνουο

2103 3861 2207 3897 σιν
2237 3847 2324 3910 εἰς
2364 3843 2599 3913 Συχέμ;
2651 3844 2831 3910 Δεῦρο
2852 3884 2868 3907 ,
2916 3844 3254 3898 ἀποστείλω
3285 3858 3358 3894 σε
3390 3841 3540 3910 πρὸς
3568 3843 3678 3894 αὺ-

2104 3927 2262 3992 τούς.
2308 3921 2453 3980 Εἷπε
2478 3925 2544 3977 δὲ
2573 3924 2753 3989 αὐτῷ,
2797 3925 2942 3977 Ἰδοὺ
2969 3924 3099 3994 ἐγώ.
3133 3921 3284 3986 Εἶδες
3314 3925 3517 3993 πατρὸς
3543 3923 3678 3993 πρὸς

2104 4009 2299 4072 παῖδας
2324 4008 2350 4047 (ι
2398 4007 2812 4078 φιλοστοργίαν;
2845 4003 2981 4070 εἶδες
3011 4007 3198 4070 παιδὸς
3230 4007 3505 4075 ὑπακοήν;
3542 4002 3676 4058 Είπε

2101 4093 2158 4145 δὲ
2191 4092 2357 4162 αὐτῷ’
2390 4093 2707 4158 Πορευθείς
2740 4091 2828 4144 ἵδε
2859 4093 2909 4142 εἰ
2942 4091 3320 4159 ὐγιιιίνοτ.νσιν
3349 4092 3402 4142 οἰ
3428 4090 3680 4157 ἀδελφοί

2100 4195 2238 4242 σου,
2276 4181 2374 4233 καί
2407 4179 2475 4232 τά
2512 4179 2795 4246 πρόϐατα.
2824 4179 2921 4231 καὶ
2961 4178 3319 4247 ἀνάγγειλόν
3343 4195 3462 4248 μοι.

2174 4263 2241 4330 γ’.
2263 4261 2446 4314 Ταῦτα
2469 4261 2524 4314 δέ
2546 4262 2722 4314 πάντα
2751 4261 2978 4327 ἐγίνετο,
3003 4260 3088 4311 ἵνα
3111 4258 3203 4312 καὶ
3231 4259 3321 4311 τοῦ
3357 4259 3550 4330 Ἰωσὴφ
3569 4260 3676 4313 δειε-

2101 4344 2200 4415 χθῇ
2234 4347 2266 4416 ἡ
2291 4363 2356 4398 πε
2367 4346 2418 4415 ρί
2442 4346 2566 4405 τοὺς
2593 4343 2854 4413 ἀδελφοὺς
2873 4341 3074 4402 εὔνοια,
3093 4342 3360 4395 κάκείνων
3381 4343 3675 4412 κατάδηλος

2100 4427 2323 4496 γένηται
2344 4429 2390 4496 ,ἡ
2418 4425 2612 4495 φονικὴ
2640 4425 2853 4496 γνώμη.
2894 4424 3130 4490 Ἐγίνετο
3155 4424 3212 4476 δὲ
3248 4425 3339 4476 καὶ
3369 4424 3535 4488 τύπος
3562 4425 3675 4477 τῶν

2100 4507 2318 4560 ἔσεσθαι
2341 4507 2664 4578 μελλόντων,
2691 4508 2783 4560 καὶ
2815 4510 2872 4560 ἐν
2893 4510 2958 4578 τῇ
2985 4509 3112 4578 σκιᾷ
3147 4506 3576 4577 πρώιεγράφετο
3606 4508 3675 4559 τὰ

2098 4589 2198 4658 τῆς
2223 4589 2477 4658 ἀληθείας
2505 4591 2824 4662 πράγματα.
2867 4592 2976 4644 Καὶ
3013 4590 3203 4660 ὥσπερ
3238 4591 3267 4643 6
3305 4588 3500 4659 Ἰωσὴφ
3537 4589 3675 4660 πρὸς

2097 4674 2222 4736 τοὺς
2242 4672 2500 4741 ἀδελφοὺς
2523 4673 2686 4743 ἀπῄει
2725 4673 3153 4742 ἐπισκεψόμενος
3196 4673 3411 4737 αὐτοὺς,
3432 4673 3672 4726 κάκεῖνοι

2097 4755 2197 4807 οὑκ
2232 4755 2566 4818 αἰδεσθέντες
2591 4755 2711 4808 οὕτε
2733 4756 2832 4827 τὴν
2852 4755 3203 4826 ἀδελφότητα,
3221 4754 3344 4810 οὔτε
3370 4755 3468 4826 τήν
3491 4754 3672 4808 αἰτίαν

2098 4838 2196 4906 τῆς
2238 4839 2558 4907 παρουσίας,
2604 4838 2870 4909 πρότερον
2918 4839 3015 4908 μὲν
3064 4839 3268 4892 ἀνελεῖν
3305 4836 3668 4895 ἐϐουλεύοντο,

2095 4918 2284 4972 ἔπειτα
2311 4921 2366 4972 δὲ
2385 4921 2477 4971 καὶ
2498 4920 2837 4990 ἐπίπρασκον
2869 4923 2983 4982 τοῖς
3012 4919 3323 4991 βαρϐάροις·
3356 4919 3498 4971 οὕτω
3523 4917 3616 4970 καὶ
3639 4918 3669 4966 ὁ

2095 5003 2366 5072 Δεσπότης
2407 5003 2434 5051 6
2475 5001 2740 5073 ἡμέτερος
2771 5001 2871 5071 τὴν
2906 5003 3109 5056 οἰκείαν
3140 4999 3544 5072 φιλανθρωπίαν
3579 5016 3670 5067 μι-

2099 5083 2382 5153 μούμενος,
2401 5082 2771 5152 παραγέγονεν
2797 5084 3222 5152 ἐπισκεψόμενος
3248 5083 3310 5135 τὸ
3331 5081 3440 5134 τῶν
3464 5079 3669 5150 ἀνθρώ-

2095 5181 2210 5217 πων
2244 5165 2416 5232 γένος,
2452 5166 2543 5218 καὶ
2574 5167 2670 5235 τήν
2695 5168 2930 5236 ὁμογενῆ
2970 5168 3101 5235 ήμῖν
3141 5165 3316 5235 σάρκα
3357 5161 3663 5223 ἀναλαϐὼν,

2092 5247 2185 5299 καὶ
2213 5247 2438 5315 ἀδελφὸς
2465 5246 2620 5316 ὴμῶν
2661 5247 2914 5314 γενέσθαι
2943 5245 3279 5309 καταξιώσας
3309 5244 3452 5299 οὓτω
3484 5263 3663 5317 παρα-

2092 5329 2300 5396 γέγονε.
2352 5330 2461 5382 Καὶ
2507 5329 2605 5400 βοᾷ
2647 5329 2853 5393 Παῦλος
2895 5330 3086 5396 λέγων·
3135 5331 3218 5382 Οὐ
3255 5330 3365 5397 γὰρ
3395 5329 3664 5398 ἀγγέλων

2089 5411 2570 5480 ἐπελαμϐάνεται,
2621 5411 2782 5466 ἀλλὰ
2821 5411 3164 5479 σπέρματος
3218 5411 3484 5480 Ἀϐραὰμ,
3524 5411 3663 5466 ὅθεν

2088 5494 2306 5563 ὤφειλε
2352 5495 2502 5548 κατὰ
2547 5494 2742 5548 πάντα
2788 5493 2910 5559 τοῖς
2958 5493 3244 5563 ἀδελφοῖς
3279 5493 3656 5563 ὁμοιωθῆναι.

2102 5577 2242 5629 Ἀλλ’
2283 5578 2332 5628 οί
2370 5576 2682 5648 ἀγνώμονες
2723 5576 2959 5629 Ἰουδαῖοι
2991 5576 3082 5630 τὸν
3127 5577 3235 5629 τῶν
3270 5577 3534 5648 σωμάτων
3566 5581 3662 5630 ναὶ

2087 5662 2179 5716 τὸν
2206 5662 2312 5716 τῶν
2343 5662 2528 5733 ψυχῶν
2559 5660 2757 5732 ἰατρὸν,
2790 5661 2878 5715 τὸν
2909 5661 3076 5732 μυρία
3106 5661 3360 5731 θαύματα
3389 5661 3505 5715 καθ’
3532 5661 3658 5715 ἐκά-

2093 5907 2106 5922 ὶ
2147 5849 2171 5922 ξ
2197 5846 2410 5904 Quatuor
2437 5859 2549 5895 mss.
2591 5847 2673 5894 καὶ
2712 5847 3010 5904 λανθάνοντες
3039 5849 3124 5907 τὴν
3145 5849 3294 5912 πυρὰν
3332 5849 3432 5898 καθ’
3463 5850 3656 5905 {main

2085 5923 2310 5954 ανηπτον.

2117 5924 2310 5962 νηπτον.

2143 5966 2167 6004 αι
2195 5967 2343 6016 Sazil.
2372 5973 2421 6017 et
2454 5967 2647 6028 quidam
2673 5982 2786 6019 mss.
2811 5971 2922 6034 πρὸς
2942 5972 3104 6021 παῖδα.

3252 6050 3324 6112 10
