4142 6206
452 345 554 404 5‘29

448 657 548 700 est.
592 648 657 704 Et
698 647 780 704 isti
812 649 1026 718 quidem
1071 655 1463 722 apprehensum
1488 699 1503 723 ,
1533 668 1589 713 et
1612 660 1757 714 cruci
1787 661 2035 716 traditqu

448 738 758 792 occiderunt
791 756 804 792 :
834 739 908 794 illi
955 749 1141 797 autem
1198 748 1579 804 consultabant
1637 750 1888 820 quidem,
1947 754 2040 808 sed

451 841 611 896 opere
633 830 768 899 quod
795 831 1148 889 consulebant
1177 851 1282 891 non
1331 838 1704 908 impleverunt.
1747 842 2042 912 Oportebat

451 928 632 978 autem
687 918 912 990 figuram
971 923 1150 979 minus
1206 925 1446 996 habere,
1500 947 1658 1000 quam
1717 934 2041 990 veritatem:

448 1011 568 1077 quia
612 1011 805 1081 alioqui
848 1030 952 1067 non
1002 1014 1186 1070 fuisset
1239 1019 1402 1088 figura
1435 1036 1618 1076 eorum
1661 1039 1783 1093 quas
1816 1025 2040 1093 posthac

450 1099 620 1152 futura
651 1111 825 1154 erant.
860 1103 1146 1172 Propterea
1188 1107 1293 1161 illic
1322 1108 1536 1177 quidem
1575 1112 1726 1181 quasi
1753 1113 1802 1166 in
1853 1114 2038 1167 umbra

448 1193 762 1260 pnesiguata
807 1204 949 1248 sunt.
1016 1195 1086 1250 Et
1149 1199 1513 1256 animadverte
1556 1217 1670 1256 rem
1720 1204 2036 1259 mirabilem.

447 1279 562 1334 Non
606 1283 945 1352 occiderunt,
992 1287 1084 1342 sed
1129 1289 1517 1356 vendiderunt,
1563 1303 1618 1346 et
1652 1304 1855 1349 vestem
1903 1295 2039 1350 hmdi

445 1377 706 1444 sanguine
736 1377 1078 1447 inquinantes
1103 1381 1362 1438 dederunt
1388 1386 1522 1454 patri
1551 1428 1564 1450 ,
1595 1388 1920 1454 persuadere
1947 1404 2041 1441 vo-

446 1465 618 1523 lentes
653 1471 888 1527 occisum
918 1472 1081 1530 fuisse
1109 1477 1272 1531 lilium
1315 1493 1494 1532 suum.
1521 1477 1686 1532 Vides
1713 1482 1889 1534 omnia
1923 1480 2039 1534 lucc

446 1559 580 1618 iacta
604 1577 745 1628 esse,
776 1573 832 1618 ut
858 1566 1009 1634 quasi
1037 1566 1089 1619 in
1118 1568 1303 1620 umbra
1330 1569 1504 1638 imago
1532 1569 1620 1624 illa
1648 1585 1824 1624 rerum
1855 1571 2024 1636 fieret,

401 1684 405 1688 ν
445 1659 505 1704 et
525 1653 721 1709 veritas
746 1655 1139 1711 custodiretur?
1167 1657 1274 1713 Sed
1300 1659 1366 1712 ad
1397 1662 1588 1715 seriem
1623 1663 1886 1718 sermonis
1910 1663 2033 1717 red-

443 1759 647 1800 eamus.
678 1745 744 1800 Et
782 1749 916 1801 misit
959 1765 1073 1802 eum
1097 1791 1111 1812 ,
1142 1752 1344 1822 inquit,
1378 1763 1538 1823 pater,
1569 1764 1617 1807 et
1658 1757 1788 1809 venit
1835 1758 1888 1810 in
1927 1758 2033 1826 Sy-

444 1839 606 1893 rliem.
644 1842 728 1894 lli.
764 1837 832 1896 Et
858 1843 1049 1896 inuenit
1076 1861 1190 1897 eum
1216 1844 1364 1899 homo
1397 1857 1645 1900 errantem
1673 1849 1725 1902 in
1751 1866 1893 1921 agro.
1923 1847 2031 1905 Ro-

444 1931 575 1997 gavit
604 1941 768 1984 autem
799 1948 911 1985 eum
938 1934 1086 1987 homo
1113 1936 1283 1990 dicens
1313 1952 1332 1990 :
1363 1937 1500 2004 Quid
1528 1941 1712 2008 quieris
1743 1942 1769 1994 Ρ
1819 1941 1903 1997 16.
1935 1941 2037 1996 Ille

443 2030 608 2074 autem
633 2021 763 2076 dixit
788 2040 807 2076 :
837 2022 1043 2078 Fratres
1071 2043 1204 2080 meos
1225 2045 1416 2093 quam.
1464 2031 1722 2085 Annuntia
1763 2033 1889 2086 mihi
1908 2076 1920 2097 ,
1950 2034 2036 2088 ubi

445 2122 655 2177 pascant
698 2128 832 2166 oves.
868 2115 1156 2171 Considera
1184 2119 1456 2186 quomodo
1495 2121 1579 2176 hic
1625 2139 1817 2192 magno
1858 2125 2034 2180 studio

442 2201 510 2254 de
564 2202 814 2260 fratribus
861 2208 972 2262 suis
1004 2209 1257 2278 inquirit,
1288 2220 1342 2266 et
1368 2213 1580 2270 curiose
1626 2216 1946 2283 perlustrat,
1979 2228 2035 2273 ct

443 2294 618 2346 omnia
650 2294 774 2349 facit
813 2305 870 2350 ut
911 2313 1006 2352 eos
1032 2300 1216 2355 videre
1243 2303 1426 2370 possit.
1461 2305 1548 2358 Π.
1592 2305 1732 2360 Dixit
1759 2319 1926 2362 autem
1950 2311 1995 2364 ei
2014 2352 2028 2376 ,

444 2383 632 2452 inquit,
657 2387 804 2440 homo
835 2405 854 2442 :
876 2390 1059 2444 Audiui
1084 2409 1168 2445 eos
1199 2395 1436 2460 dicentes,
1468 2396 1656 2451 Eamus
1683 2399 1733 2452 in
1770 2399 2028 2457 Dat/inim.

446 2471 509 2526 Et
539 2475 623 2529 ivit
653 2475 867 2546 Joseplt,
896 2491 944 2532 et
966 2481 1152 2534 invenit
1180 2499 1283 2537 eos.
1319 2485 1406 2538 18.
1427 2484 1582 2539 Prius
1611 2499 1776 2542 autem
1803 2491 2034 2546 viderunt

441 2582 554 2618 eunt
577 2585 608 2618 a
635 2568 782 2640 longe
807 2581 1072 2638 antequam
1101 2577 1531 2646 appropinquaret
1551 2580 1619 2631 ad
1644 2596 1716 2642 se,
1747 2591 1794 2634 et
1817 2584 2034 2654 maligne

442 2657 755 2724 cogitabant,
783 2669 837 2713 ut
862 2663 1142 2716 occiderent
1183 2681 1314 2719 eum.
1343 2667 1632 2722 Considera
1665 2670 1783 2735 hic,
1816 2689 2029 2741 qumso,

447 2747 536 2801 Dei
568 2751 843 2816 providam
870 2755 1187 2823 sapientiam
1207 2796 1224 2821 ,
1256 2759 1523 2825 quomodo
1553 2760 1629 2814 illi
1651 2762 1867 2831 quidem
1898 2781 2032 2820 con-

442 2839 586 2893 citati
612 2850 765 2897 erant
793 2843 845 2898 itt
866 2845 1067 2900 aedem
1090 2843 1208 2914 ejus
1235 2864 1250 2900 :
1281 2848 1394 2916 ipse
1417 2861 1596 2905 autem
1627 2854 1802 2907 omnia
1832 2853 2031 2910 faciens

442 2939 498 2983 et
527 2939 886 2989 transmutans
917 2938 1172 3003 permittit
1199 2936 1412 2994 interim
1437 2942 1615 2995 omnia
1648 2943 2029 3012 impedimenta

443 3021 624 3092 objiei,
659 3033 715 3077 ut
737 3024 934 3080 athleta
963 3043 1061 3081 suo
1085 3029 1313 3083 clariore
1339 3030 1509 3095 facto,
1530 3044 1855 3102 postremum
1883 3051 2031 3091 som-

446 3115 653 3169 niorum
675 3116 904 3172 adducat
933 3130 1203 3174 eventum.
1242 3119 1396 3175 Prius
1425 3133 1592 3177 autent
1618 3126 1847 3180 viderunt
1876 3145 1988 3182 eum
2011 3169 2026 3193 ,

444 3205 632 3272 inquit,
665 3217 710 3263 et
735 3210 952 3280 maligne
979 3210 1263 3280 cogitabant
1289 3224 1343 3266 ut
1363 3215 1645 3270 occiderent
1669 3235 1802 3273 eum.
1829 3220 1911 3274 i9.
1940 3221 2002 3275 Di
2012 3251 2032 3265 -

441 3299 580 3352 cebat
599 3310 767 3354 autem
798 3304 1140 3373 unusquisque
1178 3307 1247 3358 ad
1271 3311 1481 3378 fratrem
1509 3326 1655 3363 suum
1685 3327 1705 3365 :
1730 3311 1862 3367 Ecce
1888 3332 2026 3368 sont-

442 3389 608 3444 uiator
658 3391 746 3446 ille
792 3395 922 3448 venit
952 3395 1087 3450 :90.
1118 3412 1252 3450 nunc
1295 3399 1450 3469 igitur
1495 3401 1694 3464 venite,
1739 3405 2029 3459 occidamns

441 3498 571 3547 eum,
602 3495 649 3537 et
677 3488 1004 3556 proﬁciamus
1030 3505 1144 3542 eunt
1182 3491 1237 3544 in
1262 3491 1430 3545 lacum
1460 3509 1613 3546 unum
1643 3511 1707 3548 ea:
1735 3496 1813 3549 his
1834 3539 1848 3561 ,
1877 3509 1926 3550 et
1948 3499 2029 3551 di-

437 3589 610 3630 cemus
631 3617 646 3641 ,
697 3577 843 3631 Mala
885 3579 1040 3633 bestia
1069 3568 1321 3634 devoravit
1367 3599 1482 3636 eunt
1501 3625 1514 3649 ,
1538 3593 1584 3637 et
1609 3585 1882 3641 uidebimus
1905 3590 2028 3658 quid

441 3676 589 3718 ciunt
613 3671 811 3722 sonmia
837 3671 974 3738 ejus.

515 3759 642 3824 Qua:
665 3772 781 3813 sunt
814 3779 846 3813 a
875 3763 980 3815 Deo
1010 3765 1252 3832 prtedicta
1283 3778 1525 3835 nequeunt
1557 3767 1809 3836 impediri.
1835 3800 1907 3810 —
1930 3770 2024 3825 Vi-

438 3847 562 3902 disti
588 3889 603 3913 ,
636 3864 730 3903 eos
753 3851 1084 3906 somniorum
1115 3864 1362 3909 eventum
1390 3868 1760 3924 exspectantes
1779 3860 2026 3918 occidere

439 3929 562 3993 cum
594 3952 813 3996 conatos
842 3945 986 3997 esse?
1015 3944 1117 3998 Sed
1146 3956 1199 3998 nt
1224 3947 1431 4001 discant
1451 3991 1463 4009 .
1498 3964 1603 4002 non
1630 3965 1750 4005 esse
1776 3952 2026 4019 possibile

438 4048 500 4087 ea
536 4050 655 4104 qua:
682 4050 710 4089 a
765 4036 870 4090 Deo
900 4047 1024 4091 sunt
1068 4039 1315 4108 praedicta
1343 4081 1358 4103 ,
1386 4055 1491 4095 non
1536 4056 1699 4111 opere
1726 4043 2021 4112 compleri,

437 4126 740 4180 consultant
764 4137 817 4181 et
845 4137 1129 4194 attentarit,
1163 4140 1218 4184 et
1246 4146 1397 4185 suam
1419 4132 1693 4188 declarant
1722 4135 1976 4190 malitiam
2005 4154 2018 4190 :

436 4228 489 4270 at
513 4219 722 4288 sapiens
743 4230 796 4274 et
823 4236 981 4290 sagax
1013 4221 1154 4277 Deus
1179 4222 1516 4278 insidiatores
1537 4225 1839 4281 ministrare
1859 4229 2021 4282 etiam

439 4310 631 4366 invitos
655 4315 797 4382 cogit
825 4312 1204 4381 dispensationi
1238 4313 1557 4369 futurorum.
1589 4316 1851 4381 Quoniam
1879 4320 2021 4373 enim

435 4405 872 4473 conspiraverant
904 4410 953 4458 in
1002 4416 1228 4461 mortem
1263 4407 1411 4476 ejus,
1439 4417 1494 4461 et
1523 4408 1574 4460 in
1607 4409 1883 4478 proposito
1906 4409 2016 4478 jam

435 4497 744 4549 occiderant
774 4513 787 4548 :
814 4496 905 4549 ﬁt.
964 4496 1034 4551 Ut
1079 4498 1309 4561 audivit,
1359 4498 1566 4567 inquit.
1603 4498 1812 4564 Ruben,
1840 4501 2023 4570 eripuit

436 4602 547 4639 eum
572 4604 637 4640 ea:
661 4589 889 4641 manibus
916 4606 1109 4654 eorum,
1137 4602 1182 4644 et
1209 4593 1336 4645 dixit
1367 4591 1491 4646 :22.
1523 4590 1648 4645 Non
1674 4595 2020 4664 percutiamus

435 4697 547 4733 eum
575 4680 626 4733 in
653 4681 877 4734 animant
904 4697 923 4735 :
949 4698 1048 4736 non
1072 4682 1315 4748 eﬂ'undite
1340 4683 1660 4753 sanguinem;
1681 4683 1885 4752 abjicite
1907 4703 2019 4740 eunt

432 4774 485 4825 in
509 4773 675 4826 locum
702 4774 849 4827 illum
887 4775 938 4827 in
965 4776 1234 4828 solitudine
1256 4813 1272 4839 ,
1303 4792 1510 4829 manuni
1545 4790 1714 4834 autem
1744 4793 1846 4832 non
1892 4780 2016 4849 inji-

432 4865 527 4917 eite
575 4865 628 4918 in
669 4881 781 4918 eum
807 4880 826 4919 :
849 4876 903 4918 ut
944 4881 1058 4918 eum
1105 4866 1314 4934 eriperet
1354 4883 1417 4920 ex
1459 4869 1689 4922 manibus
1726 4886 1901 4924 eorum
1925 4912 1940 4937 ,
1971 4880 2019 4923 et

431 4958 658 5012 redderet
696 4975 808 5012 eunt
837 4959 972 5030 patri
999 4975 1112 5012 suo.
1145 4957 1280 5012 Vide
1305 4969 1358 5012 et
1398 4961 1554 5015 istum
1577 5004 1591 5026 ,
1615 4964 1883 5032 quomodo
1911 4980 2015 5018 non

431 5049 587 5100 audet
618 5049 899 5105 manifeste
941 5051 1151 5120 eripere
1179 5050 1396 5104 fratrem
1418 5093 1432 5115 ,
1465 5053 1558 5106 sed
1583 5054 1692 5123 jam
1736 5055 2014 5110 occidendi

427 5152 678 5194 conatum
708 5151 764 5196 et
787 5143 1037 5212 impetum
1064 5141 1338 5196 refrenare
1360 5145 1565 5208 volens,
1594 5144 1720 5200 dicit
1747 5163 1761 5200 :
1793 5145 1914 5201 Non
1941 5151 2014 5217 ef-

427 5231 624 5298 fundite
653 5239 978 5304 sanguinem,
1009 5235 1097 5287 sed
1141 5235 1340 5305 abjicite
1363 5251 1475 5288 eum
1504 5235 1555 5288 in
1590 5236 1773 5290 lacum.
1811 5239 2014 5294 Docere

427 5325 572 5379 cuitu
605 5339 702 5379 nos
731 5326 914 5382 volens
939 5327 1112 5381 divina
1157 5328 1429 5395 Scriptura
1457 5343 1675 5398 sc0pum
1703 5340 1757 5384 et
1781 5343 2013 5387 mentem

430 5418 638 5483 Ruben,
666 5418 826 5472 dicit.
850 5418 971 5472 "30¢
1000 5429 1176 5473 autem
1202 5420 1444 5485 faciebat,
1481 5419 1547 5475 Ut
1575 5421 1783 5490 eriperet
1809 5439 1942 5484 eum,
1965 5435 2014 5477 et

424 5511 654 5563 redderet
671 5515 802 5580 patri
829 5526 937 5565 suo.
966 5511 1032 5565 Et
1057 5527 1175 5566 eum
1204 5513 1277 5566 illi
1307 5515 1420 5567 inec
1447 5515 1845 5579 consultarent,
1881 5532 2010 5569 non-

424 5603 550 5656 dum
595 5602 792 5672 Joscpti
845 5604 1172 5669 advenerat,
1216 5605 1308 5660 sed
1363 5617 1639 5675 postquam
1686 5607 2009 5676 colloquium

426 5697 528 5752 hoc
553 5697 919 5759 slnolverunt.
952 5696 1044 5752 εδ.
1086 5696 1230 5752 Venit
1254 5739 1270 5762 ,
1294 5699 1480 5768 inquit,
1512 5696 1704 5768 Ioseph
1728 5699 1796 5750 ad
1827 5699 2010 5765 fratres

422 5805 560 5842 suos.
584 5787 716 5844 Cum
750 5789 906 5861 igitur
931 5792 1252 5858 Oportuisset
1278 5790 1398 5845 illos
1425 5805 1708 5846 occurrere
1737 5790 1884 5846 fratri
1907 5834 1919 5858 ,
1950 5803 2006 5847 et

1470 357 1532 411 IN
1570 357 1702 414 CAP
1768 359 2029 418 XXXVII.
2069 365 2314 424 GENES.
2360 371 2585 430 llOMli..
2632 377 2763 434 LXI.

449 461 722 517 ticeretam
771 462 1010 526 cuidem;
1043 478 1104 519 ac
1129 467 1511 526 criti-inserunt
1545 486 1667 528 eum
1711 475 1798 544 qui
1828 485 2047 544 prepter

455 565 696 608 nostram
744 558 970 612 salutem
1017 561 1157 614 servi
1201 561 1423 618 formam
1471 568 1746 637 suscipere
1798 567 2046 638 dignatus

3632 403 3738 465 530

2154 484 2444 550 amplexari
2467 528 2480 548 ,
2507 497 2560 542 et
2602 495 2870 559 quomodo
2892 514 2950 552 se
2978 513 3125 569 pater
3165 504 3402 577 haberet,
3428 514 3693 586 inquirere
3717 563 3734 584 ,

2155 570 2228 623 illi
2255 589 2381 628 vero
2415 580 2563 646 quasi
2592 583 2714 636 lem
2754 585 2995 653 qumdam
3018 633 3033 657 ,
3062 593 3151 648 ubi
3195 611 3388 667 agnum
3417 570 3736 675 consliicatm

2153 660 2383 727 fuerint,
2413 671 2652 727 assiliunt
2681 716 2694 734 ,
2724 687 2776 728 et
2818 677 3080 735 I'unerunt
3104 725 3117 747 ,
3151 660 3349 758 inquit,
3376 660 3568 763 Jose‘pit
3603 712 3738 756 ueste

2150 755 2310 814 varia.
2341 755 2430 810 Ἡ.
2459 770 2502 811 et
2529 775 2786 834 acceptum
2812 785 2924 822 eum
2951 755 3268 844 projecerunt
3285 781 3336 834 in
3359 755 3544 842 locutu.
3569 755 3735 848 Lacus

2149 857 2314 900 autem
2345 862 2450 904 erat
2479 867 2685 920 vacuus.
2714 877 2895 930 aquam
2919 881 3018 920 non
3044 869 3250 926 habens.
3274 873 3731 939 Quemadmodum

2149 943 2492 1000 consuluerat
2518 947 2706 1005 Ruben
2733 994 2745 1010 .
2782 953 2850 1008 ita
2891 954 3151 1014 fecerunt.
3181 963 3245 1018 Et
3267 965 3460 1037 injecto
3483 969 3595 1036 illo,
3630 973 3730 1027 Se-

2148 1031 2329 1086 derunt
2358 1036 2427 1088 ad
2452 1041 2812 1097 comedendum
2845 1064 3046 1116 panem.
3078 1051 3122 1108 Ο
3161 1031 3528 1114 crudelitatem
3550 1031 3621 1116 Σήθ
3649 1065 3735 1118 in-

2150 1119 2556 1183 liumanitatem!
2590 1129 2682 1186 llle
2702 1134 2915 1202 quidem
2944 1148 3144 1195 tantum
3179 1145 3382 1200 itineris
3405 1149 3730 1216 confecerat,

2145 1223 2198 1267 et
2229 1223 2373 1268 tanto
2398 1219 2574 1273 studio
2602 1221 2668 1276 de
2692 1225 2769 1277 eis
2791 1225 3118 1296 inquisierat.
3145 1243 3199 1287 ut
3224 1235 3425 1292 videret
3454 1250 3508 1294 et
3531 1256 3733 1297 annun-

2147 1305 2300 1360 tiaret
2349 1311 2483 1377 patri
2532 1316 2800 1380 quomodo
2840 1334 2899 1373 se
2936 1321 3196 1378 haberent
3229 1342 3316 1381 res
3363 1328 3573 1386 illorum
3604 1349 3619 1385 :
3650 1333 3727 1390 illi

2143 1411 2272 1450 vero
2293 1403 2440 1469 quasi
2476 1403 2681 1459 barbari
2704 1417 2753 1461 el
2785 1408 3058 1467 inhumani
3082 1457 3096 1475 ,
3128 1419 3250 1482 quia
3281 1421 3625 1478 consuluerat
3648 1426 3728 1480 eis

2145 1487 2330 1544 Ruben
2361 1508 2425 1546 ne
2451 1494 2783 1552 effunderent
2809 1505 3119 1572 sanguinem
3179 1507 3320 1565 fame
3359 1513 3603 1570 occidere
3629 1533 3728 1569 vo-

2144 1581 2344 1636 lebant.
2373 1583 2477 1640 Sed
2509 1587 2771 1658 benignus
2819 1594 2956 1649 Deus
3001 1600 3176 1652 statim
3224 1619 3344 1655 eum
3378 1604 3617 1662 liberavit
3654 1611 3724 1662 ab

2143 1671 2346 1727 insania
2399 1676 2638 1732 fratrum.
2680 1681 2769 1736 35.
2803 1682 2926 1738 Cum
2955 1689 3094 1742 enim
3133 1695 3470 1750 consedissent
3491 1697 3562 1751 ad
3588 1716 3730 1753 com-

2142 1765 2389 1819 edendum
2419 1787 2618 1837 ponent.
2644 1774 2868 1828 viderunt
2894 1776 3184 1836 Ismaelitas
3211 1785 3422 1840 viatores
3443 1789 3712 1852 venientes.

2141 1866 2186 1908 et
2213 1855 2496 1929 /Egyptum
2526 1880 2696 1917 versus
2740 1879 2930 1923 euntes.
2971 1871 3059 1927 26.
3094 1874 3160 1927 Et
3192 1877 3319 1932 dixit
3347 1877 3516 1934 ludas
3541 1897 3561 1936 :
3590 1881 3724 1950 Quid

2141 1952 2340 2017 prodest
2370 1954 2413 2006 si
2439 1956 2769 2013 occiderimus
2796 1963 3004 2031 fratrem
3034 1976 3261 2021 nostrum
3279 2013 3294 2035 ,
3321 1983 3369 2024 et
3394 1975 3723 2029 occultaveri-

2138 2058 2249 2096 mus
2275 2047 2566 2114 sanguinem
2595 2051 2706 2120 ejus
2723 2053 2746 2106 .’
2765 2052 2854 2106 27.
2873 2053 3070 2124 Venite,
3099 2061 3369 2118 vendamus
3395 2080 3508 2118 eum
3533 2065 3725 2122 lentae-

2139 2134 2239 2188 litis
2267 2136 2375 2190 istis
2399 2153 2418 2191 :
2441 2155 2622 2195 ntanus
2647 2153 2814 2198 autem
2859 2160 3044 2203 nostra:
3102 2169 3203 2206 non
3248 2155 3348 2212 sint
3385 2174 3539 2226 super
3572 2175 3686 2218 eum
3706 2202 3721 2223 ο

2137 2225 2253 2292 quia
2276 2230 2434 2296 frater
2461 2242 2628 2285 noster
2653 2245 2696 2286 et
2726 2252 2844 2290 caro
2871 2248 3044 2292 nostra
3072 2252 3166 2295 est.

2205 2316 2263 2369 4.
2304 2315 2435 2372 Vide
2466 2323 2732 2388 quomodo
2777 2335 2830 2380 et
2879 2329 3026 2396 prius
3076 2330 3262 2387 Ruben
3315 2336 3523 2393 minore
3565 2340 3708 2396 malo

2138 2407 2309 2476 majus
2357 2411 2647 2477 prohibuit,
2680 2425 2734 2469 et
2772 2432 2912 2472 nunc
2938 2437 3149 2490 quoque
3185 2424 3352 2480 Iudas
3394 2431 3623 2488 consulit
3663 2441 3725 2492 ut.

2137 2499 2394 2554 vendalur
2418 2501 2580 2558 frater
2601 2547 2616 2569 ,
2648 2522 2753 2576 quo
2779 2523 2900 2562 cum
2930 2512 2998 2564 ab
3031 2513 3242 2570 interitu
3287 2517 3496 2588 eripere
3536 2531 3720 2592 queat.

2137 2581 2248 2636 lloe
2271 2595 2448 2639 autem
2477 2595 2644 2640 totum
2669 2590 2736 2642 ita
2769 2603 2974 2659 gestant
3005 2605 3084 2649 est
3109 2637 3122 2657 ,
3146 2608 3203 2650 ut
3232 2581 3390 2654 etiam
3420 2581 3597 2656 invitis
3619 2605 3724 2660 illis

2134 2689 2254 2742 qua:
2278 2689 2306 2727 a
2339 2676 2446 2730 Deo
2475 2679 2724 2747 prmdicta
2747 2681 3266 2756 fin-rmitevenirent,
3293 2701 3347 2744 et
3366 2690 3723 2762 dispensatio-

2135 2764 2186 2817 ni
2218 2764 2410 2820 divinae
2431 2769 2710 2825 servirent.
2749 2771 2811 2825 Et
2839 2776 3064 2844 probato,
3097 2777 3284 2848 inquit,
3313 2783 3524 2836 consilio
3538 2782 3717 2849 Judte,

2132 2855 2222 2910 28.
2245 2857 2522 2912 eduxerunt
2566 2877 2680 2914 eum
2706 2862 2768 2916 de
2792 2865 3004 2919 cisterna
3026 2908 3043 2932 ,
3073 2877 3120 2920 et
3149 2871 3476 2925 vendiderunt
3518 2870 3717 2929 Isaiae-

2136 2945 2238 3000 litis
2285 2949 2464 3020 viginti
2515 2952 2700 3005 aureis.
2758 2954 2802 3008 0
2844 2956 3074 3025 iniquam
3125 2962 3572 3028 permutationem
3616 2965 3631 3018 Ι
3687 2981 3724 3016 o

2134 3037 2448 3093 damnosum
2499 3041 2704 3096 lucrum
2731 3046 2744 3098 l
2772 3059 2804 3097 o
2851 3045 3256 3114 injustissimam
3313 3049 3715 3108 venditionem!

2135 3126 2270 3183 Eum
2300 3129 2389 3198 qui
2418 3130 2568 3184 vobis
2609 3133 2868 3203 sanguine
2900 3136 3368 3204 coniunctissimus
3392 3151 3528 3204 erat,
3559 3157 3717 3214 quem

2135 3230 2285 3288 pater
2313 3225 2542 3276 maxime
2567 3225 2796 3290 amabat,
2820 3227 2907 3295 qui
2938 3227 3003 3280 ad
3035 3228 3309 3283 visendum
3339 3245 3434 3286 vos
3464 3244 3681 3286 venerat
3702 3274 3717 3295 .

2133 3313 2220 3381 qui
2249 3329 2533 3381 numquam
2563 3328 2658 3370 vos
2684 3315 2767 3370 vel
2795 3317 2844 3371 in
2878 3334 3061 3386 parvo.
3081 3321 3163 3375 vel
3193 3320 3246 3375 in
3269 3338 3458 3392 magno
3482 3324 3718 3381 offende-

2133 3413 2235 3468 rat,
2264 3404 2496 3459 vendere
2515 3405 2759 3472 audetis;
2789 3419 2843 3462 et
2873 3409 3103 3465 vendere
3133 3410 3434 3467 hominibus
3451 3415 3713 3480 barbaris.

2131 3506 2182 3549 et
2214 3496 2265 3549 in
2292 3494 2580 3567 IEgyptum
2607 3497 3090 3556 descendentibus?
3123 3502 3253 3568 Qua:
3290 3513 3434 3558 tanta
3473 3505 3719 3560 insania!

2132 3601 2251 3656 qua:
2279 3586 2515 3641 invidia?
2545 3588 2663 3658 quis
2711 3590 2886 3644 livor?
2910 3590 3041 3645 Nam
3085 3593 3131 3646 si
3181 3592 3283 3648 hoc
3312 3605 3454 3649 metu
3480 3596 3720 3650 somnio-

2132 3692 2248 3730 rum
2280 3676 2452 3731 facitis
2476 3719 2491 3742 ,
2519 3689 2573 3730 ut
2603 3681 2839 3746 persuasi
2883 3681 2996 3736 huic
3022 3683 3240 3738 omnino
3268 3692 3525 3740 eventura
3547 3700 3668 3744 esse
3696 3703 3711 3742 :

2130 3782 2299 3837 quare
2343 3769 2687 3837 impossibilia
2723 3772 3020 3836 attentatis,
3054 3781 3108 3826 et
3134 3772 3288 3827 factis
3318 3776 3508 3829 vestris
3529 3785 3714 3830 contra

2135 3859 2296 3912 Deum
2331 3859 2523 3913 bellum
2551 3861 2842 3927 assumitis,
2869 3862 2956 3932 qui
2980 3861 3094 3917 haec
3109 3864 3158 3917 ei
3184 3865 3541 3933 prtedixerat?
3564 3867 3714 3935 Quod

2130 3953 2175 4004 si
2211 3951 2358 4004 nihili
2383 3951 2555 4005 facitis
2574 3952 2801 4018 somnia,
2841 3952 2934 4008 sed
2964 3955 3278 4010 existimatis
3300 3973 3422 4013 esse
3441 3959 3709 4024 delirium.

2132 4056 2302 4111 quare
2352 4041 2464 4096 lucc
2516 4043 2670 4114 agitis
2719 4059 2837 4114 qua:
2885 4055 3194 4115 perpetuam
3248 4047 3399 4106 vobis
3451 4050 3712 4105 maculam

2131 4135 2362 4198 inurunt,
2392 4142 2445 4188 et
2466 4133 2664 4187 luctum
2689 4134 3074 4190 indesinentem
3109 4139 3243 4207 patri
3265 4140 3716 4198 vestroaﬂ‘erant?

2131 4223 2236 4278 Sed
2267 4239 2299 4277 ο
2322 4226 2692 4293 gravissimum
2721 4226 2990 4293 morbum,
3037 4227 3144 4281 imo
3174 4240 3406 4284 mentem
3431 4234 3714 4300 sanguina-

2131 4316 2263 4370 riam
2288 4316 2303 4370 l
2330 4317 2460 4370 Cum
2488 4316 2629 4372 enim
2667 4319 2786 4387 quis
2815 4317 3075 4373 nefarium
3121 4335 3258 4390 opus
3306 4321 3632 4391 aggreditur,
3657 4335 3716 4378 et

2129 4407 2369 4460 obruitur
2392 4422 2422 4460 a
2442 4407 2850 4477 COgitatiouibus
2878 4410 3122 4464 absurdis
3145 4451 3160 4477 ,
3193 4411 3238 4465 is
3267 4425 3437 4482 neque
3468 4415 3717 4484 praponit

2127 4508 2252 4553 ante
2293 4499 2479 4553 oculos
2520 4500 2732 4554 oculum
2775 4501 2924 4555 illuni
2960 4502 3048 4572 qui
3090 4519 3195 4558 non
3241 4504 3504 4576 quiescit:
3539 4521 3714 4578 neque

2128 4601 2403 4645 reveretur
2453 4600 2696 4646 naturam
2739 4593 2905 4662 ipsam
2939 4633 2955 4658 ,
3013 4609 3184 4666 neque
3230 4596 3454 4651 attendit
3513 4599 3711 4670 aliquid

2125 4685 2267 4754 quod
2292 4685 2357 4739 ad
2381 4685 2896 4741 commiscrationem
2926 4701 2985 4742 se
3002 4688 3168 4757 possit
3191 4688 3475 4755 inducere;
3501 4690 3552 4745 id
3568 4692 3710 4762 quod

2127 4786 2179 4829 et
2206 4776 2309 4831 illis
2335 4777 2532 4832 evenit.
2562 4777 2677 4832 Non
2709 4779 2852 4832 enim
2880 4781 3179 4848 Cogitabam
3208 4780 3342 4852 quod
3370 4779 3530 4836 frater
3545 4794 3706 4844 esset.

2126 4882 2298 4937 neque
2345 4867 2485 4936 quod
2533 4868 2867 4929 adolescens.
2921 4885 3093 4940 neque
3131 4871 3271 4941 quod
3317 4881 3422 4924 tam
3468 4872 3710 4928 sanabilis

2126 4960 2281 5028 patri.
2309 4974 2482 5029 neque
2507 4960 2648 5029 quod
2678 4977 2964 5033 numquam
2999 4964 3049 5016 in
3091 4975 3232 5018 terra
3262 4965 3431 5016 aliena
3464 4964 3708 5025 vixisset.

2124 5062 2174 5104 et
2195 5049 2333 5122 apud
2364 5060 2615 5104 externos
2640 5067 2928 5122 numquam
2951 5065 3075 5107 ante
3095 5062 3464 5118 convchatus,
3489 5069 3627 5108 nunc
3656 5057 3706 5108 itt

2126 5156 2262 5199 terra
2296 5155 2403 5198 tam
2448 5153 2653 5198 semota
2692 5145 2830 5199 inter
2875 5146 3126 5199 barbaros
3160 5145 3491 5202 habitaturus
3516 5158 3659 5201 esset
3691 5166 3704 5200 :

2122 5237 2216 5292 sed
2247 5236 2389 5292 omni
2417 5235 2636 5289 honesta
2667 5237 2987 5306 cogitatione
3012 5236 3214 5304 abjecta
3247 5251 3407 5290 unum
3430 5237 3711 5292 dumtaxat

2121 5327 2399 5392 curabant,
2427 5327 2697 5399 quomodo
2725 5327 2974 5383 invidiam
3004 5344 3177 5393 suam,
3207 5338 3264 5383 ut
3292 5330 3566 5396 putabant,
3584 5346 3705 5396 ope-

2123 5441 2180 5479 re
2204 5421 2502 5493 explerent.
2553 5421 2617 5477 Et
2640 5420 2713 5478 illi
2739 5419 2952 5490 quidem
2987 5431 3166 5476 mente
3195 5422 3479 5478 fratricida:
3507 5432 3660 5480 erant
3683 5439 3704 5478 ι

2120 5519 2205 5588 qui
2235 5526 2411 5574 autem
2445 5515 2510 5568 ali
2537 5515 2616 5570 eis
2642 5529 2828 5584 passus
2847 5524 2948 5578 est,
2981 5515 3156 5572 omnia
3199 5516 3404 5571 fortiter
3425 5515 3560 5571 tulit.

2191 5607 2377 5663 Manus
2406 5605 2610 5660 Domini
2637 5604 2852 5660 custodit
2876 5606 3088 5678 Ioseph.
3111 5637 3180 5648 —
3200 5607 3543 5664 Custodiebat
3560 5609 3702 5665 enim

2121 5717 2242 5756 eum
2275 5715 2462 5754 manus
2508 5713 2761 5769 superna,
2795 5708 2848 5753 et
2899 5700 3073 5752 omnia
3121 5697 3355 5753 difficilia
3385 5698 3608 5754 faciebat
3654 5704 3704 5754 ei

2123 5794 2292 5848 facilia
2323 5801 2376 5846 et
2404 5791 2559 5847 levia.
2600 5790 2824 5858 Quando
2869 5794 3011 5848 enim
3056 5805 3282 5862 superna
3340 5792 3705 5850 benevolentia
