4142 6206
488 237 596 296 635

489 354 580 424 qui
603 356 802 425 signum
845 357 900 410 in
933 372 1087 410 manu
1119 357 1321 411 deﬂere
1355 364 1640 426 acceperat,
1681 367 1730 410 et
1757 360 1950 414 vocarit
1983 373 2079 410 no-

494 461 610 500 men
639 447 749 517 ejus
776 445 936 511 Zara,
967 448 1107 518 quod
1134 449 1514 518 interpretatur
1531 449 1723 504 Oriens
1745 448 1844 522 (a).

564 537 702 594 Zara
727 539 896 610 ﬁgura
916 539 1180 594 Ecclesia.
1209 539 1317 595 Lex
1345 551 1546 612 peccata
1575 541 1902 596 demonstrat.
1924 570 1996 581 —
2015 541 2085 595 Et

493 630 636 699 quod
662 644 768 684 non
797 639 996 684 temere
1028 639 1083 685 ct
1109 631 1309 701 absque
1335 649 1492 688 causa
1525 632 1640 688 hme
1665 631 1798 687 facta
1829 633 1956 696 sint,
1988 631 2084 686 Sed

496 727 663 792 figura
702 722 996 775 futurorum
1044 721 1264 790 fuerint,
1306 739 1393 778 res
1416 727 1450 796 il
1474 739 1546 778 sa:
1575 723 1870 780 declarant.
1901 723 2086 792 Neque

494 815 639 868 cnim
685 812 979 868 secundum
1025 824 1228 869 natura!
1284 815 1526 870 ordinem
1580 815 1683 871 hoc
1727 814 1927 870 factum
1979 823 2083 869 est.

496 908 779 974 Quomodo
799 908 940 962 enim
971 915 1088 962 erat
1115 907 1385 978 possibile,
1418 917 1474 962 ut
1495 918 1779 978 postquam
1806 922 1996 962 manus
2023 907 2088 961 li-

499 1012 620 1068 gata
647 996 745 1053 fuit
769 999 1013 1066 coccino,
1041 1000 1154 1068 ipsa
1183 1000 1373 1054 iterum
1399 999 1830 1066 contraheretur,
1859 1009 1912 1054 et
1937 999 2090 1054 daret

499 1091 783 1158 posteriori
823 1091 1128 1156 transitum,
1156 1091 1259 1146 nisi
1293 1091 1471 1146 divina
1503 1091 1746 1160 quaedam
1779 1093 1946 1145 virtus
1974 1090 2091 1146 hmo

503 1181 650 1250 prius
676 1181 1060 1251 dispensasset,
1091 1193 1146 1236 et
1183 1182 1322 1236 sicut
1350 1183 1402 1236 in
1433 1183 1618 1235 umbra
1646 1183 1874 1252 quadam
1904 1182 2088 1250 praeli-

501 1283 765 1342 gurasset,
796 1272 936 1342 quod
963 1272 1140 1327 statim
1166 1273 1235 1325 ab
1265 1273 1413 1326 initio
1437 1271 1590 1338 Zara,
1621 1272 1762 1342 quod
1790 1283 1872 1326 est
1899 1272 2094 1327 Oriens

505 1367 616 1437 (hic
641 1366 784 1421 enim
817 1365 981 1434 figura
1026 1374 1141 1419 erat
1185 1365 1484 1431 Ecclesiae),
1513 1373 1858 1434 prospectare
1887 1365 2047 1431 cmpit
2075 1380 2089 1417 :

503 1473 612 1526 quo
637 1457 904 1526 paulisper
942 1455 1288 1526 procedente,
1319 1470 1381 1508 ac
1412 1470 1533 1509 mox
1584 1453 1980 1520 retrocedente,
2013 1455 2092 1508 le-

505 1549 642 1614 galis
676 1549 978 1606 observatio
1031 1563 1131 1620 per
1165 1549 1366 1604 Phares
1403 1549 1696 1618 signiﬁcata
1741 1548 2086 1614 subintravit,

505 1657 627 1710 quae
674 1651 953 1710 postquam
998 1640 1089 1694 diu
1137 1655 1358 1710 regnum
1401 1640 1678 1705 tenuisset,
1728 1654 1794 1694 eo
1834 1639 1922 1709 qui
1950 1638 2095 1709 prius

503 1741 766 1798 cesserat,
818 1730 953 1785 Zara
999 1730 1266 1798 videlicet,
1314 1745 1501 1785 rursus
1545 1730 1888 1800 procedente,
1936 1730 2098 1784 cessit

509 1822 765 1876 Ecclesia:
793 1823 967 1876 omnis
993 1821 1210 1876 Judaica
1241 1821 1613 1876 consuetudo?
1641 1821 1746 1876 Sed
1792 1821 1928 1875 forte
1956 1835 2098 1875 nunc

509 1913 668 1966 fuerit
699 1913 1058 1966 necessarium
1112 1912 1249 1966 idem
1297 1913 1512 1966 brevius
1549 1921 1604 1968 et
1652 1912 1848 1967 clarius
1893 1911 2095 1966 dicere.

512 2003 768 2070 Fuerunt,
822 2004 962 2058 sicut
1011 2003 1145 2058 Zara
1193 2005 1281 2074 qui
1334 2020 1548 2057 martum
1596 2003 1834 2073 protulit,
1885 2002 2000 2058 Noe
2045 2010 2102 2057 et

509 2093 804 2160 Abraham,
837 2095 946 2150 imo
982 2106 1108 2149 ante
1136 2092 1248 2151 Noe
1277 2095 1410 2149 Abel
1451 2103 1507 2149 et
1533 2095 1740 2159 Enoch,
1767 2094 1962 2164 quibus
1986 2109 2102 2148 ma-

511 2202 675 2256 gnum
716 2186 951 2241 studium
984 2186 1082 2242 fuit
1132 2196 1190 2242 ut
1231 2189 1503 2257 placerent
1541 2187 1677 2242 Deo.
1708 2185 1908 2241 Deinde
1950 2194 2100 2256 post-

510 2295 670 2348 quam
701 2279 754 2333 in
785 2280 984 2335 multos
1027 2281 1322 2351 propagati,
1363 2281 1526 2335 multa
1567 2290 1904 2350 peccatorum
1935 2295 2097 2335 onera

509 2371 865 2440 collegerunt,
896 2387 1030 2442 opus
1064 2381 1242 2426 autem
1268 2383 1383 2427 erat
1415 2383 1471 2426 ut
1497 2373 1581 2426 vel
1616 2387 1832 2440 parvam
1871 2371 2100 2442 aliquam

511 2463 930 2518 consolationem
973 2463 1235 2518 haberent
1263 2481 1275 2516 :
1302 2461 1424 2518 data
1467 2474 1549 2517 est
1591 2465 1673 2517 lex
1702 2473 1758 2516 ut
1785 2462 1971 2516 umbra
2006 2463 2104 2516 ali-

511 2572 637 2626 qua,
691 2572 798 2610 non
841 2564 1060 2625 peccata
1108 2555 1318 2620 tollens,
1360 2553 1453 2607 sed
1497 2570 1559 2608 ca
1609 2554 2002 2618 demonstrans,
2049 2561 2104 2607 et

512 2647 790 2702 manifesta
817 2648 896 2701 eis
921 2645 1140 2711 faciens,
1175 2655 1232 2699 ut
1270 2654 1540 2714 tamquam
1571 2643 1864 2713 imperfecti
1895 2643 1987 2696 filii
2013 2644 2103 2712 qui

514 2738 651 2792 lacte
679 2747 990 2806 pascuntur,
1019 2736 1326 2790 adolescere
1361 2743 1599 2805 possent.
1629 2733 1828 2790 Verum
1861 2734 1983 2804 quia
2008 2749 2104 2788 ne-

513 2843 617 2902 que
643 2828 745 2886 hoc
771 2827 856 2885 his
887 2826 1102 2902 profuit,
1130 2827 1246 2897 sed,
1277 2827 1361 2886 vel
1390 2827 1505 2902 lege
1526 2836 1864 2892 peccatorum
1895 2827 2105 2896 magni-

515 2925 752 2981 tudinem
803 2933 1154 2989 monstrante,
1206 2923 1303 2994 ipsi
1361 2925 1554 2979 iterum
1605 2922 1792 2978 iisdem
1848 2915 2105 2992 inquinati

513 3026 659 3083 sunt,
694 3015 987 3074 adveniens
1017 3016 1315 3070 communis
1343 3015 1596 3070 Dominus
1619 3023 1824 3082 noster,
1852 3014 2106 3083 spiritua-

519 3111 626 3164 lem
663 3108 802 3162 hanc
841 3115 896 3164 et
925 3108 1206 3162 virtutibus
1233 3107 1434 3162 claram
1476 3107 1633 3160 vitam
1667 3105 1902 3160 humano
1922 3103 2104 3175 generi

514 3200 737 3272 largitus
763 3209 865 3266 est,
897 3201 1051 3269 cujus
1080 3200 1301 3269 llguram
1337 3198 1471 3253 Zara
1502 3199 1775 3268 implebat.
1809 3196 1877 3251 Et
1905 3197 2106 3251 idcirco

514 3292 838 3363 evangelista
862 3291 1022 3346 etiam
1064 3290 1307 3345 meminit
1330 3289 1584 3355 Thamar,
1613 3298 1670 3343 et
1697 3303 1883 3342 eorum
1913 3286 2004 3357 qui
2040 3301 2106 3338 ex

515 3385 606 3439 illa
633 3384 742 3438 nati
784 3393 928 3448 sunt,
961 3391 1016 3438 et
1038 3381 1206 3437 dicit:
1234 3381 1400 3436 Iudas
1437 3391 1604 3435 autem
1627 3379 1800 3451 genuit
1832 3376 2030 3432 Phares
2057 3387 2104 3431 et

514 3473 705 3532 Iuram
731 3474 794 3528 de
821 3473 1047 3534 Thamar
1064 3473 1277 3544 (Matth.
1312 3475 1363 3527 1.
1391 3472 1468 3544 5).

589 3567 643 3621 5.
683 3566 762 3622 Ne
787 3567 945 3637 igitur
970 3577 1168 3620 temere
1193 3575 1576 3636 praetereamus
1605 3577 1668 3618 ea
1690 3577 1808 3633 qua:
1830 3561 1884 3616 in
1904 3559 2107 3616 divinis

515 3659 807 3729 Scripturis
829 3669 954 3714 sunt
981 3659 1211 3728 prodita,
1242 3671 1416 3726 neque
1441 3671 1506 3711 ea
1531 3670 1650 3725 qua:
1677 3654 1928 3708 dicuntur
1950 3666 1978 3704 a
2015 3667 2107 3705 su-

517 3752 735 3821 perlicie
755 3751 1084 3818 salutemus;
1112 3751 1206 3806 sed
1233 3749 1456 3820 ingressi
1479 3749 1544 3802 ad
1569 3750 1738 3817 ipsum
1763 3743 2104 3816 profundum,

516 3857 640 3897 eum
668 3843 882 3898 divitias
910 3859 1030 3913 qua:
1058 3843 1128 3898 ibi
1161 3843 1326 3896 latent
1349 3841 1717 3904 didicerimus,
1747 3837 2108 3909 gloriticemus

519 3935 802 3989 Dominum
833 3945 1094 3999 nostrum,
1121 3935 1210 4005 qui
1236 3950 1357 3989 cum
1387 3942 1529 3987 tanta
1557 3931 1814 4001 sapientia
1836 3930 2111 3998 dispensat

515 4026 716 4080 omnia.
734 4025 868 4081 Nam
890 4027 934 4080 si
966 4026 1292 4080 uoluerimus
1314 4035 1546 4080 mentem
1561 4036 1614 4080 et
1635 4038 1852 4079 causam
1867 4027 2106 4078 omnium

518 4134 638 4187 qua:
670 4119 802 4171 facta
846 4127 972 4171 sunt
1017 4117 1319 4186 exquirere,
1369 4132 1475 4170 non
1514 4117 1687 4170 solum
1729 4115 1868 4170 hanc
1908 4116 2108 4170 conde-

517 4210 841 4278 mnabimus,
861 4210 1002 4280 quod
1033 4226 1152 4264 eum
1179 4225 1370 4265 socero
1397 4226 1495 4265 suo
1530 4209 1897 4276 concubuerit,
1929 4209 2022 4263 sed
2055 4217 2110 4263 et

518 4303 791 4357 Abraham
841 4303 1315 4373 reprehendemus,
1352 4313 1410 4357 ut
1439 4303 1766 4375 puerieidam
1809 4303 1990 4356 animo
2032 4301 2112 4354 fa—

520 4409 686 4464 ctum,
719 4408 774 4452 et
813 4397 1070 4452 Phinecm
1098 4407 1156 4451 ut
1185 4397 1384 4467 gemini
1428 4396 1588 4451 simul
1628 4395 1900 4450 homicidii
1933 4409 2106 4448 reum.

520 4491 614 4545 Sin
643 4500 822 4547 autem
853 4491 1270 4562 uniuscujusque
1295 4505 1513 4544 causam
1540 4489 1824 4559 diligenter
1851 4486 2106 4542 didiceri-

519 4596 661 4646 mus,
704 4592 759 4636 et
788 4583 908 4637 ilios
933 4597 964 4636 a
994 4584 1218 4640 crimine
1255 4582 1621 4643 liberabimus,
1647 4591 1702 4636 et
1741 4595 1840 4635 nos
1887 4579 2108 4634 multam

518 4675 643 4730 inde
681 4674 961 4733 utilitatem
1012 4677 1384 4750 percipiemus.
1425 4676 1689 4730 (Steterunt
1738 4687 1837 4728 nos
1871 4689 1990 4741 quae
2041 4673 2107 4727 ad

517 4765 798 4821 historiam
822 4768 959 4823 hanc
983 4767 1232 4835 attinent,
1261 4783 1359 4838 pro
1387 4768 1520 4823 virili
1551 4777 1731 4827 nostra
1761 4765 2110 4837 pertractavi-

517 4875 638 4912 mus
662 4858 870 4914 unitati
901 4869 1111 4915 vestrae.

591 4947 872 5006 Historiam
893 4949 1108 5022 Iosephi
1138 4968 1349 5006 narrare
1382 4952 1576 5024 pergit;
1601 4951 1765 5023 ipsum
1789 4950 1958 5024 gratia
1981 4967 2103 5006 con-

518 5042 661 5097 tinim
685 5043 922 5114 adjutum
951 5045 1187 5100 ostendit.
1211 5075 1282 5086 —
1307 5045 1459 5112 Quod
1485 5046 1529 5100 si
1572 5060 1677 5100 non
1711 5045 2025 5115 fatigamini,
2053 5055 2110 5101 et

521 5135 818 5204 volueritis,
850 5139 1010 5193 etiam
1037 5139 1316 5210 sequentia
1361 5139 1704 5207 attingemus,
1733 5147 1788 5192 et
1814 5138 2006 5193 iterum
2039 5136 2104 5191 ad

520 5227 880 5287 narrationem
907 5229 1236 5289 admirabilis
1258 5227 1477 5297 Iosephi
1517 5229 1812 5294 veniemus,
1846 5238 1902 5283 ut
1943 5227 2112 5305 disca-

519 5329 588 5374 tts
615 5335 679 5375 es
713 5320 779 5375 iis
803 5337 922 5394 qua:
954 5321 1112 5382 hodie
1148 5323 1287 5381 dicta
1331 5331 1477 5387 sunt,
1521 5337 1642 5392 qua:
1679 5337 1973 5394 generosus
2017 5320 2108 5376 ille

517 5410 738 5475 athleta,
771 5422 893 5482 post
931 5413 1138 5469 somnia
1171 5415 1258 5469 illa
1291 5431 1512 5486 regnum
1544 5425 1597 5470 et
1629 5416 1981 5486 principatum
2003 5415 2109 5470 fra-

522 5513 660 5560 trum
687 5507 788 5562 sibi
823 5507 1208 5581 promittentia,
1241 5508 1574 5577 sustinuerit,
1606 5519 1660 5563 et
1685 5509 1954 5580 quomodo
1980 5525 2102 5566 cer-

582 5677 660 5747 (a)
687 5681 789 5734 Vox
815 5685 1048 5740 Hebraica
1073 5694 1149 5739 est
1168 5691 1290 5755 ιτιτ,
1307 5687 1395 5740 sed
1420 5687 1703 5756 fcquentitts
1739 5695 1900 5750 mm.

1233 241 1288 297 s.
1328 211 1605 297 JOSNNIS
1639 240 2114 298 cuuvsosrout
2163 241 2476 298 ARCHIEP.
2500 240 3031 301 cossraurmor.

3657 243 3764 300 556

2193 355 2480 410 taminibus
2505 357 2836 417 certamina.
2876 358 3258 414 tentationibus
3297 358 3619 413 tentationes
3658 372 3776 412 sue-

2189 447 2478 512 cesserint;
2508 448 2574 501 ita
2605 458 2660 502 ut
2689 447 3147 503 increbrescerent
3174 446 3444 518 naufragia
3465 489 3481 514 ,
3514 464 3614 502 nec
3647 449 3777 503 sub-

2193 548 2526 608 mergeretur
2565 539 2890 610 gubernator
2915 557 2928 594 :
2953 551 3007 594 et
3051 556 3173 594 cum
3219 537 3445 594 validior
3485 539 3782 609 insurgeret

2194 637 2502 699 tempestas,
2523 631 2672 699 quasi
2699 630 2763 684 ad
2793 631 3148 701 gubernacula
3176 631 3390 698 sedens,
3420 633 3596 686 navim
3630 649 3780 701 rego.

2192 730 2292 775 ret.
2322 721 2363 775 E
2393 736 2452 776 re
2473 731 2648 775 autem
2681 723 3010 777 fueritverba
3034 725 3143 792 ipsa
3169 723 3352 778 audire
3371 765 3386 789 ,
3415 733 3472 777 ut
3496 723 3782 794 diligenter

2193 812 2372 865 omnia
2402 812 2608 866 discere
2635 814 2919 882 possimus.
2953 816 3004 868 l.
3029 813 3222 884 Ioseph
3246 824 3414 868 autem
3439 813 3685 866 deductus
3712 823 3782 867 est

2194 903 2246 957 in
2275 902 2581 974 ZEgyptum,
2624 915 2670 960 et
2707 907 2824 958 entit
2865 923 2979 959 eum
3005 907 3374 978 archimagirus
3407 905 3695 961 Pharaonis
3722 910 3786 958 de

2196 1011 2352 1047 manu
2384 994 2760 1048 lsmaelitarum
2791 994 2975 1067 (Caput
3003 996 3119 1066 39).
3166 997 3369 1052 Deinde
3405 1007 3679 1068 postquam
3709 997 3781 1052 illi

2197 1087 2435 1141 moribus
2471 1087 2702 1151 barbari.
2729 1088 2817 1158 qui
2847 1103 2876 1141 a
2901 1089 3151 1143 fratribus
3172 1104 3294 1143 eum
3330 1097 3589 1152 emerant,
3619 1087 3784 1158 ,ΕΠ-

2201 1181 2311 1249 ptio
2337 1180 2695 1251 archimagiro
2740 1181 3053 1248 Pharaonis,
3083 1182 3453 1247 vendiderunt,
3480 1183 3656 1237 varios
3682 1182 3784 1236 do-

2201 1270 2374 1326 minos
2401 1273 2621 1325 sortitus
2641 1281 2722 1326 est
2753 1271 2864 1338 ille,
2896 1273 2985 1342 qni
3017 1273 3154 1327 inter
3176 1273 3327 1326 ulnas
3349 1276 3511 1343 patris
3533 1273 3787 1327 educatus

2202 1361 2374 1417 fuerat
2395 1379 2408 1415 :
2435 1373 2489 1417 ut
2515 1379 2582 1418 ne
2599 1362 2924 1418 admiremur
2939 1363 3204 1433 quomodo
3221 1365 3397 1419 tulerit
3413 1380 3624 1435 gravem
3645 1364 3785 1418 illaut

2200 1456 2507 1512 servitutem
2525 1456 2834 1511 adolescens
2850 1499 2864 1522 ,
2881 1465 2935 1510 et
2950 1457 3167 1512 omnino
3185 1457 3331 1511 dura:
3349 1456 3646 1526 hujusmodi
3665 1456 3787 1509 vitae

2201 1547 2528 1617 inexpertus,
2561 1547 2812 1617 domique
2829 1562 3016 1618 magna
3036 1548 3198 1617 patris
3216 1548 3579 1602 benevolentia
3595 1551 3790 1602 emitri-

2205 1646 2290 1694 tus
2309 1654 2322 1692 :
2345 1637 2578 1692 subdidit
2593 1638 2866 1708 Scriptura
2883 1638 3066 1693 dicens
3083 1658 3095 1693 :
3111 1639 3166 1693 2.
3194 1639 3257 1692 Et
3281 1651 3387 1693 erat
3409 1639 3656 1694 Dominus
3671 1656 3787 1693 cum

2201 1728 2415 1800 Ioseph,
2429 1741 2475 1784 et
2486 1739 2592 1786 erat
2612 1731 2686 1784 vir
2704 1747 2969 1799 assequeris
3001 1728 3096 1802 (a).
3119 1731 3254 1799 Quid
3272 1739 3374 1797 est,
3398 1731 3522 1785 Erat
3545 1731 3791 1785 Dominus

2205 1838 2319 1876 cum
2331 1821 2524 1891 Ioseph
2542 1821 2942 1877 I’Comitabatur
2959 1837 3102 1887 eum,
3122 1822 3310 1892 inquit,
3335 1822 3511 1876 divina
3529 1823 3712 1892 gratia,
3737 1830 3792 1876 ις’.

2203 1913 2457 1968 reddebat
2473 1915 2521 1968 ei
2543 1913 2710 1968 facilia
2729 1914 2905 1968 omnia
2924 1930 3042 1983 qua:
3053 1915 3231 1984 gravia
3250 1925 3418 1968 erant.
3443 1914 3564 1968 llaec
3581 1913 3792 1982 dispen-

2204 2006 2356 2062 sabat
2395 2021 2581 2062 omnes
2598 2007 2712 2076 ejus
2731 2021 2836 2072 res,
2857 2005 2971 2060 hate
2984 2007 3372 2061 mansuetiores
3389 2006 3439 2062 ei
3454 2005 3682 2061 reddidit
3696 2023 3792 2061 ne-

2206 2099 2515 2168 gotiatores.
2541 2109 2594 2153 et
2617 2097 2849 2154 vendere
2864 2099 3220 2169 archimagiro
3238 2099 3431 2169 coegit,
3463 2107 3521 2152 ut
3543 2099 3791 2168 paulatim

2208 2189 2308 2244 hac
2334 2191 2416 2244 via
2447 2189 2763 2260 procedens,
2787 2201 2840 2245 et
2865 2206 2961 2260 per
2992 2191 3310 2245 tentationes
3331 2190 3447 2244 illas
3467 2190 3686 2255 vadens,
3719 2191 3783 2244 ad

2206 2284 2411 2354 regium
2442 2283 2634 2337 solium
2673 2283 2962 2338 ascendere
2992 2283 3209 2337 valeret.
3243 2282 3438 2337 Verum
3471 2293 3546 2348 tu,
3575 2282 3790 2343 dilecte.

2207 2374 2430 2429 audiens
2459 2389 2581 2429 eum
2623 2374 2939 2430 sustinuisse
2980 2372 3287 2428 servitutem
3332 2372 3470 2442 apud
3501 2373 3796 2443 negotiato-

2213 2480 2320 2531 res,
2369 2465 2563 2520 deinde
2615 2466 2902 2521 servivisse
2945 2464 3086 2534 apud
3137 2462 3568 2534 archimagirum,
3621 2464 3796 2534 cogita

2207 2557 2475 2627 quomodo
2504 2572 2609 2612 non
2640 2557 2882 2612 turbatus
2919 2559 3006 2623 sit,
3056 2571 3227 2626 neque
3263 2557 3592 2626 cogitaverit,
3624 2572 3795 2626 neque

2209 2647 2530 2703 haesitaverit
2571 2663 2753 2702 secum
2793 2647 3016 2702 dicens:
3045 2647 3175 2716 Qum
3213 2647 3541 2702 somniorum
3583 2647 3793 2702 illorum

2208 2739 2472 2808 deceptio,
2528 2755 2647 2810 qua:
2696 2748 2894 2793 tantam
2937 2739 3158 2810 gloriam
3212 2739 3602 2811 pollicebatur!
3658 2740 3798 2802 Ecce

2208 2831 2351 2886 enim
2383 2840 2503 2901 post
2529 2831 2735 2886 somnia
2771 2832 2857 2888 illa
2883 2832 3132 2903 servitus,
3165 2847 3219 2892 et
3243 2839 3474 2894 servitus
3494 2840 3700 2908 gravis,
3731 2853 3792 2892 ac

2207 2921 2412 2982 domini
2464 2926 2730 2983 vatiizab
2775 2927 2876 2982 hoc
2916 2937 3127 2983 transeo
3171 2927 3237 2982 ad
3276 2929 3456 2994 illum;
3502 2929 3570 2984 ab
3613 2929 3702 2984 illo
3731 2929 3796 2983 ad

2210 3019 2373 3074 alium
2418 3027 2520 3074 :et
2559 3034 2724 3089 cogor
2775 3017 3124 3073 barbarorum
3177 3033 3490 3075 assuescere
3541 3021 3797 3075 moribus.

2209 3111 2477 3183 Numquid
2505 3111 2744 3167 derelicti
2776 3111 3000 3166 sumus?
3022 3109 3276 3180 numquid
3297 3111 3586 3180 contempti
3615 3125 3801 3165 sunms

2211 3219 2238 3258 a
2271 3219 2506 3274 superno
2529 3204 2777 3274 praesidio
2799 3205 2824 3256 ’ἶ
2849 3202 2990 3258 Nihil
3017 3203 3123 3258 tale
3151 3207 3232 3257 vel
3259 3203 3392 3256 dixit
3421 3203 3504 3258 vel
3531 3203 3797 3272 cegitavit,

2210 3295 2304 3351 sed
2328 3295 2445 3350 tulit
2471 3295 2649 3349 omnia
2672 3305 2947 3349 mansuete
2969 3303 3024 3349 et
3049 3293 3277 3349 fortiter.
3306 3291 3434 3346 Erat
3460 3294 3601 3349 enim
3624 3290 3804 3346 Domi-

2211 3402 2306 3440 nus
2334 3402 2449 3440 cum
2468 3383 2682 3457 Ioseph,
2713 3396 2760 3440 et
2786 3395 2891 3439 erat
2919 3385 2996 3438 uir
3019 3399 3307 3453 assequens.
3339 3383 3476 3452 Quid
3501 3392 3605 3450 est,
3651 3384 3801 3437 Asse-

2211 3481 2409 3550 quens?
2432 3477 2621 3534 Omnia
2646 3480 2695 3533 ei
2726 3493 2981 3548 prospere
3019 3477 3398 3542 succedebant,
3439 3477 3635 3547 ubique
3661 3491 3798 3544 pra:-

2211 3571 2436 3628 ccdebat
2473 3587 2594 3626 eum
2638 3585 2869 3640 superna
2916 3567 3264 3640 providentia,
3309 3575 3365 3623 et
3408 3567 3480 3621 ita
3519 3565 3794 3620 manifesta

2212 3674 2328 3720 erat
2355 3665 2545 3736 gratia,
2578 3679 2698 3734 qum
2720 3663 2944 3718 ﬂorebat
2963 3677 3124 3732 super
3149 3677 3293 3727 cum,
3318 3661 3557 3715 utetiam
3580 3659 3799 3713 domino

2213 3758 2330 3828 ejus
2375 3755 2730 3826 archimagiro
2761 3753 3098 3810 manifestum
3147 3754 3250 3808 hoc
3292 3754 3462 3808 fieret.
3509 3753 3564 3808 ὃ.
3596 3749 3800 3806 Sciet-at

2213 3849 2365 3912 enim,
2391 3849 2577 3918 inquit,
2602 3847 2834 3900 dominus
2855 3848 2983 3916 ejus,
3006 3845 3142 3916 quod
3170 3844 3418 3898 Dominus
3437 3853 3560 3897 esset
3584 3859 3695 3896 cum
3714 3859 3796 3909 eo,

2212 3952 2258 3996 et
2287 3941 2456 3995 omnia
2483 3957 2810 4012 quacumque
2843 3939 3076 4012 faciebat,
3121 3935 3370 3991 Dominus
3399 3953 3638 4007 prospera
3679 3935 3799 3989 red-

2213 4035 2359 4088 debat
2404 4036 2456 4088 in
2489 4035 2720 4089 manibus
2762 4036 2894 4103 ejus.
2938 4035 2992 4088 4.
3033 4031 3234 4087 Invenit
3261 4041 3430 4086 autem
3455 4028 3648 4099 Ioseph
3677 4046 3799 4100 gra-

2212 4125 2334 4178 tiam
2361 4141 2533 4180 coram
2562 4124 2766 4178 domino
2781 4140 2893 4188 suo,
2923 4134 2969 4177 et
2994 4124 3252 4178 constituit
3280 4139 3392 4177 eum
3416 4137 3567 4192 super
3593 4120 3803 4173 danaum

2212 4231 2378 4281 suam,
2423 4225 2470 4269 et
2515 4216 2686 4269 omnia
2725 4229 3052 4284 quotcumque
3093 4213 3326 4277 habebat,
3366 4212 3502 4265 dedit
3529 4212 3582 4264 in
3622 4225 3802 4263 manus

2211 4305 2427 4376 Ioseph.
2461 4307 2651 4362 Vidisti
2684 4315 2941 4376 quantum
2971 4305 3040 4359 sit
3074 4318 3303 4373 superna
3331 4317 3488 4356 manu
3518 4301 3802 4371 adjuvari?

2215 4397 2355 4452 Ecce
2379 4397 2522 4452 enim
2553 4406 2608 4451 et
2626 4397 2806 4464 juveni
2831 4406 2887 4450 et
2912 4395 3191 4466 peregrinae
3213 4403 3267 4448 et
3295 4392 3506 4462 captivo
3539 4405 3803 4458 servoque

2211 4505 2242 4544 a
2270 4489 2486 4544 domino
2508 4498 2614 4544 tota
2636 4488 2824 4543 domus
2846 4488 3081 4543 creditur
3109 4505 3122 4541 :
3154 4485 3221 4539 Et
3247 4474 3417 4539 omnia
3429 4499 3543 4555 qua:
3567 4483 3798 4547 habebat,

2213 4583 2350 4638 dedit
2377 4583 2429 4635 in
2456 4598 2633 4635 manus
2663 4583 2791 4650 ejus.
2819 4579 3034 4646 Quare?
3057 4579 3189 4647 Quia
3229 4591 3353 4632 cum
3383 4589 3618 4645 superno
3647 4573 3800 4628 auxi-

2215 4675 2286 4728 lio
2305 4683 2355 4728 et
2386 4687 2512 4727 suos
2537 4671 2715 4726 attulit
2741 4685 2937 4725 mores.
2963 4668 3148 4724 Gratus
3169 4668 3313 4724 enim
3335 4667 3379 4721 ei
3401 4676 3549 4731 erat;
3575 4664 3675 4718 hoc
3695 4673 3800 4727 est,

2213 4779 2334 4819 cum
2366 4777 2554 4833 magna
2573 4763 2741 4832 gratia
2771 4760 2994 4816 faciebat
3014 4761 3212 4815 omnia.
3243 4757 3443 4812 Deinde
3464 4756 3650 4810 volens
3677 4769 3802 4810 eum

2215 4856 2474 4926 benignus
2518 4855 2658 4907 Deus
2687 4853 2740 4906 in
2769 4851 2958 4922 majori
2997 4851 3281 4906 securitate
3316 4847 3662 4910 constituere,
3692 4861 3804 4899 non

2215 4946 2458 5000 liberavit
2494 4961 2524 4998 a
2575 4946 2852 5010 servitute,
2887 4958 3060 5012 neque
3088 4941 3389 4996 libertatem
3425 4939 3474 4994 ei
3505 4937 3669 4993 dedit.
3705 4935 3804 4990 llic

2215 5038 2357 5093 enim
2403 5051 2518 5090 mos
2563 5046 2646 5091 est
2674 5035 2803 5098 Deo,
2829 5043 2886 5089 nt
2928 5049 3033 5089 non
3084 5033 3274 5088 liberet
3311 5047 3340 5083 a
3381 5030 3629 5100 periculis
3658 5028 3804 5082 viros

2215 5129 2408 5183 virtute
2437 5127 2640 5192 claros,
2673 5141 2846 5196 neque
2883 5141 2915 5180 e
2943 5122 3327 5179 tentationibus
3356 5121 3552 5175 eximat
3580 5136 3594 5177 :
3627 5117 3720 5173 sed
3751 5119 3802 5171 in

2216 5220 2344 5290 ipsis
2371 5218 2752 5274 tentationibus
2793 5226 2996 5270 tantum
3037 5229 3192 5270 suum
3232 5212 3481 5270 ostendat
3519 5209 3800 5276 auxilium,

2217 5319 2275 5365 ut
2301 5311 2616 5365 tentationes
2646 5309 2774 5379 ipsa:
2812 5308 2890 5362 eis
2920 5308 3048 5360 ﬂant
3075 5305 3290 5360 occasio
3320 5302 3639 5359 festivitatis.
3670 5301 3804 5355 Pro-

2217 5410 2334 5471 pter
2363 5400 2466 5456 hoc
2493 5411 2547 5456 et
2580 5399 2766 5454 beatus
2798 5397 2961 5453 David
2991 5397 3204 5452 dicebat
3232 5413 3246 5451 :
3277 5395 3344 5450 In
3371 5394 3696 5449 tribulatione
3725 5391 3805 5443 di-

2215 5494 2390 5550 latasti
2429 5510 2508 5547 me
2547 5491 2714 5565 (Psal.
2747 5491 2801 5545 4.
2841 5488 2922 5562 2).
2973 5488 3089 5544 Non
3139 5486 3559 5552 tribulationem,
3609 5482 3800 5551 inquit,

2281 5628 2354 5688 (α)
2382 5627 2614 5678 ttebraiee
2630 5603 2806 5679 rner
2863 5629 2994 5685 tmte,
3021 5622 3093 5672 rir
3116 5633 3342 5684 prospere
3362 5632 3525 5684 agens,
3540 5629 3637 5682 quo
3653 5615 3799 5672 etiam

2222 5711 2369 5747 sensu
2393 5697 2550 5746 locum
2574 5696 2782 5760 explicat
2799 5695 3161 5758 thrywstomus
3185 5692 3320 5742 infra.
