4138 6212
440 303 547 363 535

433 416 696 484 ἐξῆλθεν
723 415 760 468 ὀ,
794 410 1056 481 ἀδελφὸς
1082 410 1267 466 αὑτοῦ
1300 414 1332 466 o'
1363 410 1430 464 τὸ
1468 409 1718 478 σημεῖον
1760 408 1859 461 ἐπὶ
1899 405 2005 473 τῆς

1382 297 1446 351 ΙΝ
1490 296 1641 351 CAP.
1682 291 1944 350 XXXVIII
1985 291 2230 350 GENES.
2269 291 2501 351 ΠΟΜΙΙ..
2544 292 2701 352 LXII.

3565 291 3687 354 536

2117 407 2436 477 ισταμένου,
2492 407 2738 478 καθάπερ
2797 406 2889 459 ἐπὶ
2945 406 3054 460 τῶν
3095 405 3294 460 οίάκων
3346 405 3688 478 καθήμενος,

437 498 634 567 χειρὸς
685 497 797 561 τῆς
851 493 1052 560 δεξιᾶς
1100 493 1449 562 δεξάμενος,
1495 494 1594 547 καὶ
1639 491 1894 546 ἐκάλεσε
1941 491 2008 542 τὸ
2110 489 2251 542 οὑτω
2293 491 2393 561 τὴν
2445 491 2574 544 ναῦν
2619 491 2817 545 τθυνεν.
2849 489 3032 554 ’Ἄξιον
3073 491 3131 543 δέ
3163 490 3394 544 ἀκοῦσαι
3441 491 3535 543 καὶ
3587 493 3688 545 αὑ·

435 581 624 649 ὄνομα
655 578 840 634 αὐτοῦ
879 575 1058 646 Ζαρᾶ,
1085 577 1113 631 6
1136 577 1494 649 ἑρμηνεύεται
1522 575 1773 646 ἀνατολή.

501 740 611 792 Καὶ
643 739 722 792 ὅτι
759 739 856 808 οὑχ
888 737 1073 802 ἁπλῶς
1111 739 1282 793 ταῦτα
1319 740 1629 811 γεγένηται,
1673 737 1809 793 ἀλλά
1837 736 2002 800 τύπος

426 815 497 894 ἦν
523 822 628 875 τῶν
659 821 961 892 μελλόντων
987 821 1223 884 ἔσεσθαι,
1254 823 1391 877 αὑτά
1413 823 1561 894 δηλοῖ
1589 823 1654 876 τὰ
1684 823 1999 893 πράγματα.

431 904 566 958 Οὑδέ
605 905 713 972 γάρ
744 902 884 957 κατά
918 903 1130 972 φύσεως
1177 905 1496 959 ἀκολουθίαν
1541 902 1608 976 ἦν
1655 905 1714 958 :6
1762 905 2000 974 γεγονός.

432 985 556 1048 Πῶς
585 985 694 1056 γάρ
729 981 798 1057 ἦν
829 985 1072 1045 δυνατὸν,
1111 988 1248 1056 μετά
1274 989 1334 1041 :6
1361 988 1576 1059 δεθῆναι
1609 988 1708 1058 τὴν
1737 990 1894 1057 χεῖρα
1924 985 2002 1056 τῷ

430 1067 686 1137 κοκκίνῳ,
725 1068 885 1121 πάλιν
917 1069 1266 1138 συσταλῆναι,
1307 1071 1398 1124 καὶ
1433 1071 1613 1124 δοῦναι
1653 1069 1881 1140 πάροδον
1925 1066 2002 1138 τῷ

432 1149 570 1218 μετά
620 1149 823 1213 ταῦτα,
866 1152 914 1202 εἰ
953 1150 1026 1221 μὴ
1078 1151 1197 1204 θεία
1245 1169 1326 1215 τις
1373 1149 1441 1223 ἦν
1491 1153 1717 1222 δύναμις
1762 1153 1795 1221 ἠ
1832 1150 2003 1204 ταῦτα

429 1231 911 1302 προοικονομοῧσα,
944 1233 1038 1286 καὶ
1067 1233 1314 1305 καθάπερ
1343 1235 1400 1287 ὲν
1433 1237 1560 1306 σκιᾷ
1583 1251 1688 1287 τινι
1721 1232 2001 1304 προδιετυ-

429 1314 616 1376 ποῦτο,
645 1315 725 1367 ὄτι
757 1315 815 1378 ἐξ
843 1315 1018 1386 ἀρχῆς
1053 1315 1146 1369 καὶ⁹
1175 1318 1239 1368 ἐκ
1277 1317 1579 1388 προοιμίων
1614 1318 1642 1369 6
1670 1317 1839 1385 Ζαρᾶ,
1869 1315 2001 1386 ὅπερ

427 1395 575 1448 ἐστὶν
603 1397 830 1469 ἀνατολὴ
856 1410 880 1437 ιι
912 1391 1089 1465 (οὗτος
1121 1399 1229 1468 γὰρ
1257 1401 1284 1450 6
1309 1398 1476 1462 τύπος
1503 1400 1602 1469 τῆς
1631 1397 1997 1467 Ἐκκλησίας),

427 1477 628 1547 ἤρξατο
675 1479 1028 1549 προκύπτειν,
1062 1482 1157 1534 καὶ
1197 1482 1390 1554 μικρὸν
1441 1480 1793 1551 προελθόντος
1835 1477 2000 1532 αὑτοῦ

426 1562 519 1614 καὶ
574 1562 1048 1633 ὑποχωρήσαντος,
1092 1565 1126 1634 ή
1173 1563 1370 1634 νομικὴ
1407 1565 1784 1634 παρατήρησις
1827 1564 1860 1634 ή
1915 1561 2002 1615 διά

424 1642 516 1695 τοῦ
547 1644 720 1712 Φαρὲς
768 1645 1078 1716 μηνυομένη
1119 1645 1426 1715 ἐπεισῆλθε.
1462 1646 1556 1698 καὶ
1601 1645 1776 1716 χρόνῳ
1825 1641 2002 1715 πολλῷ

424 1726 718 1794 κρατοῦσα,
742 1725 902 1779 πάλιν
927 1727 1019 1778 :06
1057 1727 1319 1799 πρότερον
1350 1727 1496 1799 [594]
1525 1727 1998 1798 ὑποχωρήσαντος,

423 1807 516 1860 τοῦ
555 1810 705 1877 Ζαρᾶ
746 1808 908 1875 λέγω,
941 1809 1314 1879 προελθόντος,
1343 1808 1702 1879 παρεχώρησε
1745 1807 1905 1860 πάλιν
1932 1809 1998 1877 τῇ

423 1888 719 1959 Ἐκκλησία
739 1890 887 1942 πᾶσα
908 1891 940 1960 ἡ
973 1890 1235 1960 Ὶουδαῖκὴ
1257 1890 1499 1944 πολιτεία
1519 1907 1533 1956 ;
1565 1890 1723 1943 Ἀ).λά
1743 1891 1881 1959 τάχα
1902 1888 2002 1944 νῦν

421 1972 717 2037 ἀναγκαῖον
749 1972 1154 2043 συντομώτερον
1185 1974 1346 2026 πάλιν
1383 1974 1514 2026 αὑτὸ
1549 1974 1641 2026 καὶ
1667 1973 2000 2044 σαφέστερον

421 2054 614 2107 εἰπεῖν.
641 2050 932 2124 ¹Ἤρξαντο,
980 2055 1240 2126 ’καθάπερ
1282 2057 1310 2108 6
1349 2056 1500 2124 Ζαρᾶ
1534 2056 1632 2125 τὴν
1664 2059 1820 2125 χεῖρα
1861 2071 1999 2126 προ-

421 2134 732 2205 εξήνεγκεν,
756 2142 784 2189 6
808 2137 930 2189 Νῶε
964 2138 1057 2190 καλ⁵
1083 2140 1112 2190 6
1144 2138 1412 2209 Ἀϐραὰμ,
1459 2138 1658 2208 μᾶλλον
1683 2139 1740 2190 δέ
1771 2138 1877 2209 πρὸ
1902 2137 1999 2191 τοῦ

419 2219 541 2272 Νῶε
570 2221 599 2272 6
627 2219 790 2272 Ἅϐελ
822 2221 916 2274 καὶ
944 2220 972 2272 ὁ
1013 2219 1182 2290 Ἑνὼχ
1225 2221 1322 2290 τῆς
1360 2220 1496 2291 πρὸς
1531 2221 1623 2274 τὸν
1655 2220 1786 2274 Θεὸν
1817 2221 2004 2294 εὐαρε-

420 2301 659 2371 στήσεως
731 2302 899 2356 πολὺν
952 2302 1223 2356 ποιεῖσθαι
1275 2302 1454 2371 λόγον.
1508 2299 1641 2355 Εῐτα
1690 2303 1874 2373 ἐπειδὴ
1920 2305 1999 2365 εἰς

419 2383 624 2454 πλῆθος
664 2385 986 2449 ἐκταθέντες
1014 2385 1183 2438 πολλά
1214 2386 1408 2457 φορτία
1435 2386 1847 2456 ἁμαρτημάτων
1881 2402 2000 2437 συν-

417 2466 685 2531 ελέξαντο,
735 2468 840 2521 ἔδει
870 2469 925 2521 δὲ
975 2470 1177 2538 μικρᾶς
1226 2486 1371 2532 τινος
1412 2469 1606 2531 αὑτοὺς
1653 2467 2000 2537 παραμυθίας

417 2549 727 2615 ἀπολαύειν,
754 2551 829 2615 ώς
853 2552 980 2605 σκιά
1006 2568 1089 2613 τις
1123 2553 1152 2602 6
1174 2551 1336 2621 νόμος
1375 2551 1551 2620 ἐδόθη,
1579 2551 1675 2620 οὑχ
1701 2551 1782 2602 ὅτι
1824 2551 1999 2621 ἀμαρ-

415 2632 628 2701 τήματα
657 2632 918 2704 ἀναιρῶν,
947 2633 1081 2686 ἀλλά
1114 2632 1286 2685 ταῦτα
1311 2633 1630 2695 ἀποδεικνὺς
1663 2633 1755 2685 καὶ
1789 2631 1998 2702 φανερά

416 2715 598 2778 αὑτοῖς
649 2715 1032 2786 ἐργαζόμενος,
1063 2715 1149 2767 ἵνα
1205 2714 1452 2787 καθάπερ
1484 2715 1553 2768 τὰ
1600 2715 1760 2785 ἀτελῆ
1813 2714 1997 2768 παιδία

413 2798 644 2866 γάλακτι
676 2799 984 2870 τρεφόμενα
1022 2800 1101 2861 είς
1144 2800 1328 2869 ἀκμὴν
1377 2799 1592 2871 ἡλικίας
1625 2798 1798 2851 ἐλθεῖν
1834 2799 1996 2868 δυνη-

416 2880 602 2936 θῶσιν.
637 2881 776 2934 Ἀλλ’
807 2881 995 2951 ἐπειδὴ
1027 2881 1147 2933 οὑδὲ
1195 2880 1366 2944 οὑτως
1403 2881 1686 2935 ἀπώναντό
1712 2898 1798 2946 τι,
1839 2880 1993 2946 ἀλλὰ,

416 2965 589 3018 καίτοι
627 2965 1067 3026 ὑποδεικνύοντος
1099 2964 1194 3016 τοῦ
1239 2965 1404 3034 νόμου
1442 2964 1550 3017 τῶν
1583 2965 1995 3034 ἁμαρτημάτων

415 3049 481 3102 :6
521 3047 770 3117 μέγεθος,
801 3041 944 3100 οὗτοι
994 3047 1156 3099 πάλιν
1198 3046 1406 3109 τούτοις
1437 3045 1784 3118 ἀνεφύροντο,
1822 3063 1996 3116 παρα-

416 3130 703 3200 γενόμενος
736 3131 764 3183 6
797 3128 972 3192 κοινὸς
1011 3129 1287 3199 Δεσπότης
1317 3127 1414 3199 τὴν
1450 3127 1821 3199 πνευματικὴν
1861 3128 1992 3182 ταύ-

411 3228 512 3282 την
545 3213 635 3264 καὶ
683 3212 937 3284 ἐνάρετον
971 3211 1244 3265 πολιτείαν
1276 3211 1354 3281 τῷ
1394 3211 1501 3264 τῶν
1533 3210 1835 3281 ἀνθρώπων
1865 3212 1992 3281 ἐχαο

415 3293 604 3362 ρίσατο
641 3294 806 3362 γένει,
834 3289 903 3367 ἦς
934 3293 1104 3347 τύπον
1145 3295 1174 3345 6
1205 3295 1356 3365 Ζαρᾶ
1404 3293 1662 3364 ἐπλήρου.
1692 3294 1790 3347 Διά
1837 3293 1991 3347 τοῦτο

413 3377 507 3429 καὶ
545 3377 573 3430 6
618 3376 1006 3449 εὑαγγελιστὴς
1043 3377 1314 3448 μέμνηται
1361 3377 1453 3430 καὶ
1499 3379 1600 3447 τῆς
1650 3376 1848 3447 Θάμαρ
1898 3379 1991 3431 καὶ

412 3458 520 3511 τῶν
567 3461 622 3527 ἐξ
672 3462 840 3532 αὑτῆς
892 3460 1214 3532 τεχθέντων,
1270 3460 1363 3512 καί
1417 3475 1613 3531 φησιν·
1659 3460 1878 3526 Ἰούδας
1923 3459 1992 3512 δὲ

411 3542 701 3613 ἐγέννησε
729 3545 836 3598 τὸν
863 3544 1053 3613 Φαρὲς
1080 3543 1176 3596 καὶ
1208 3542 1316 3598 τὸν
1343 3541 1502 3612 Ζαρᾶ
1530 3543 1599 3597 ἐκ
1631 3541 1740 3611 τῆς
1769 3541 1987 3612 Θάμαρ.

483 3703 552 3772 γ’.
570 3703 662 3774 Μὴ
677 3705 854 3759 τοίνυν
875 3705 1062 3769 ἀπλῶς
1081 3706 1512 3778 παρατρέχωμεν
1528 3707 1596 3758 τά
1610 3709 1667 3759 ἐν
1681 3709 1801 3770 ταῖς
1819 3707 1991 3772 θείαις

412 3785 653 3855 Γραφαῖς
699 3787 959 3858 κείμενα,
1003 3788 1138 3858 μηδέ
1181 3786 1505 3856 ἐξεπιπολῆς
1532 3791 1644 3850 τοῖς
1675 3788 1988 3858 λεγομένοις

414 3868 787 3939 προσέχωμεν,
815 3869 929 3923 ἀλλ’
955 3872 1034 3933 εἰς
1059 3870 1120 3922 :6
1149 3869 1310 3940 βάθος
1336 3869 1561 3932 ἑαυτοὺς
1589 3869 1866 3934 καθέντες,
1898 3873 1992 3924 καὶ

412 3952 504 4004 τὸν
533 3952 951 4022 ἐναποκείμενον
976 3951 1206 4006 πλοῦτον
1228 3951 1654 4022 καταμαθόντες,
1677 3951 1988 4022 δοξάζωμεν

411 4036 502 4089 τὸν
549 4036 812 4107 ἡμέτερον
839 4037 1135 4107 Δεσπότην,
1176 4035 1266 4088 τὸν
1307 4034 1443 4106 μετὰ
1490 4033 1753 4105 τοσαύτης
1799 4037 1989 4105 σοφίας

413 4121 623 4173 ἅπαντα
652 4119 1056 4190 οἰκονομοῦντα.
1087 4119 1148 4171 Et
1179 4119 1287 4188 γάρ
1322 4117 1396 4190 μὴ
1422 4119 1511 4171 τὸν
1540 4117 1739 4172 σκοπὸν
1770 4120 1863 4171 καὶ
1891 4119 1990 4190 τὴν

411 4204 589 4256 αἰτίαν
639 4202 868 4256 ἑκάστου
918 4201 1028 4255 τὼν
1088 4201 1390 4270 γινομένων
1438 4201 1712 4268 ἐξετάζειν
1781 4201 1987 4272 βουλοί-

414 4283 572 4352 μεθα,
603 4285 663 4336 06
698 4285 856 4354 μόνον
893 4283 1098 4354 ταύτης
1126 4285 1597 4354 κατηγορήσομεν,
1629 4284 1705 4347 ὡς
1741 4283 1820 4355 τῷ
1857 4301 1983 4337 πεν-

411 4367 553 4440 θερῷ
602 4370 768 4439 αὑτῆς
803 4367 1074 4438 μιγείσης,
1104 4367 1236 4420 ἀλλὰ
1267 4367 1360 4419 καὶ
1399 4368 1490 4420 τὸν
1527 4366 1773 4438 Ἀϐραὰμ
1813 4368 1989 4421 αἰτια-

412 4451 637 4520 σόμεθα,
667 4452 741 4515 ὡς
780 4451 1124 4504 παιδοκτόνον
1148 4453 1214 4521 τῇ
1245 4449 1437 4524 γνώμῃ
1463 4451 1847 4522 γεγενημένον,
1893 4452 1988 4504 καὶ

410 4533 502 4585 τὸν
527 4534 730 4595 Φινεὲς,
769 4534 844 4596 ώς
885 4535 1002 4586 κατ’
1048 4534 1210 4587 αὑτὸν
1235 4533 1327 4586 δύο
1358 4535 1551 4601 φόνους
1588 4533 1980 4605 ἐργασάμενον.

424 4615 548 4669 Ἐὰν
574 4616 630 4668 δέ
663 4617 892 4670 ἑκάστου
925 4617 1024 4688 τὴν
1057 4618 1237 4670 αἰτίαν
1271 4617 1510 4688 ἀκριϐῶς
1557 4618 1983 4687 καταμάθωμεν,

410 4701 694 4762 κάκείνους
728 4699 986 4770 μέμψεως
1031 4699 1430 4770 ἀπαλλάξομεν,
1467 4700 1562 4753 καὶ
1591 4701 1744 4753 αὑτοὶ
1785 4700 1986 4768 πολλὴν

409 4783 617 4837 ἐκεῖθεν
657 4783 756 4855 τὴν
789 4783 1054 4852 ὠφέλειαν
1114 4781 1538 4852 καρπωσόμεθα.
1579 4781 1740 4835 Ἀλλά
1783 4783 1849 4836 τὰ
1887 4782 1986 4853 μὲν

410 4868 546 4919 κατά
575 4867 670 4938 τὴν
712 4865 949 4938 ίστορίαν
981 4863 1203 4935 ταύτην,
1234 4865 1309 4926 ώς
1339 4866 1468 4934 ἡμῖν
1511 4861 1620 4920 οἷόν
1652 4883 1712 4918 τε
1740 4861 1828 4936 ἦν,
1855 4866 1984 4933 διεξ-

409 4950 744 5020 εληλύθαμεν
768 4951 861 5002 ἐπὶ
896 4951 994 5020 τῆς
1024 4947 1293 5020 ὑμετέρας
1318 4948 1558 5019 ἀγάπης.

480 5121 542 5174 Εἰ
573 5121 627 5173 δέ
664 5121 736 5192 μὴ
773 5121 1107 5190 ἀπεκάμετε,
1143 5117 1237 5171 καὶ
1280 5114 1552 5186 βούλεσθε,
1597 5115 1690 5168 καὶ
1721 5113 1828 5165 τῶν
1858 5111 1984 5182 ἑξῆς

409 5201 751 5273 ἐφαψάμεθα,
781 5203 872 5255 καὶ
905 5203 1062 5255 πάλιν
1093 5201 1185 5254 ἐπὶ
1215 5199 1314 5271 τὴν
1357 5197 1497 5251 κατά
1540 5197 1629 5249 τὸν
1673 5195 1983 5264 θαυμαστὸν

423 5287 618 5356 Ἰωσὴφ
664 5286 911 5356 διήγησιν
943 5284 1165 5355 ἥξομεν,
1214 5283 1300 5336 ἵνα
1352 5281 1560 5353 μάθητε
1615 5278 1708 5332 καὶ
1761 5279 1824 5330 ἐκ
1875 5276 1984 5329 τῶν

410 5373 647 5441 σήμερον
695 5367 1018 5437 λεγομένων,
1064 5366 1165 5419 ὅσα
1202 5367 1232 5419 6
1271 5366 1514 5433 γενναῖος
1546 5357 1698 5424 οὗτος
1749 5359 1984 5441 ἀθλητὴς

412 5440 550 5523 μετά
593 5450 663 5505 τά
708 5451 960 5522 ὀνείρατα
1008 5451 1218 5514 ἐκεῖνα,
1270 5448 1338 5501 τὰ
1385 5446 1482 5517 τὴν
1519 5443 1794 5515 βασιλείαν
1837 5440 1984 5512 αὑτῷ

412 5534 687 5606 μηνύοντα
733 5533 829 5587 καὶ
882 5531 980 5603 τὴν
1027 5531 1171 5586 κατὰ
1217 5530 1324 5584 τῶν
1363 5528 1609 5597 ἀδελφῶν
1649 5525 1843 5596 ἀρχὴν,
1883 5524 1984 5576 ὺπ-

410 5619 613 5688 έμεινε,
644 5617 738 5670 καὶ¹
773 5617 919 5679 ὅπως
967 5615 1074 5668 ἀπὸ
1099 5613 1327 5683 ἀγώνων
1369 5612 1575 5682 ἀγῶνες
1611 5609 1770 5663 αὑτὸν
1815 5607 1983 5661 διεδέ-

410 5719 590 5771 χοντο,
635 5701 729 5754 καὶ
774 5701 1100 5770 πειρασμοῖς
1143 5697 1443 5769 πειρασμοὶ
1488 5696 1840 5764 συνήπτοντο,
1890 5693 1986 5743 καὶ

410 5785 684 5854 ἐπάλληλα
726 5779 794 5855 ἦν
826 5782 892 5834 τά
914 5782 1166 5848 ναυάγια.
1198 5781 1291 5834 καὶ
1317 5781 1345 5832 6
1384 5779 1720 5848 κυϐερνήτης
1756 5775 1818 5827 οὑ
1856 5791 1984 5826 κατ-

412 5867 740 5933 εποντίζετο,
786 5866 879 5920 καὶ
938 5865 1284 5936 σφοδροτέρου
1341 5863 1430 5916 τοῦ
1495 5860 1756 5932 χειμῶνος
1814 5860 1980 5911 ἑπαγ-

2110 572 2216 625 τῶν
2262 573 2370 624 τῶν
2418 574 2700 644 ῥημάτων,
2739 573 2824 627 ἵνα
2862 573 3040 626 πάντα
3077 572 3214 642 μετὰ
3253 571 3537 642 ἀκριϐείας
3585 589 3688 641 μα-

2111 653 2221 706 θεῖν
2271 654 2608 726 δυνηθῶμεν.
2656 656 2871 724 Ἰωσὴφ
2921 655 3020 719 δὲ,
3067 655 3235 726 φησὶ,
3299 655 3564 723 κατήχθη
3600 658 3688 721 είς

2107 735 2441 803 Αἴγυπτον,
2485 737 2580 791 καὶ
2625 737 2922 803 ἐκτήσατο
2971 738 3156 791 αὐτὸν
3195 740 3227 790 ὀ
3273 736 3688 805 ἀρχιμάγειρος

2108 819 2316 884 Φαραὼ
2344 819 2410 871 ἐκ
2439 820 2636 887 χειρὸς
2680 818 3083 888 Ἰσμαηλιτῶν.
3118 816 3251 872 Εἶτα
3281 821 3466 887 ἐπειδὴ
3494 821 3587 872 καὶ
3633 821 3684 872 οί

2109 903 2256 965 παρά
2281 899 2388 950 τῶν
2418 900 2660 968 ἀδελφῶν
2690 902 2849 954 αὑτὸν
2877 901 3218 971 ὠνησάμενοι
3251 901 3516 972 βάρϐαροί
3541 917 3686 965 τινες

2107 997 2198 1034 και
2225 982 2500 1034 ἀλλόκοτοι
2529 979 2670 1053 ἦσαν
2693 983 2754 1036 τὸ
2772 979 2922 1054 ἦθος,
2951 984 3046 1036 καὶ
3062 983 3222 1036 πάλιν
3238 984 3390 1036 αὑτοὶ
3414 983 3491 1053 τῷ
3516 983 3684 1051 Δίγυ-

2106 1065 2248 1134 πτίῳ
2279 1065 2356 1135 τῷ
2403 1067 2784 1137 ἀρχιμαγείρῳ
2825 1065 2919 1119 τοῦ
2953 1067 3150 1137 Φαραὼ
3191 1068 3354 1120 αὑτὸν
3401 1065 3682 1127 ἀπέδοντο,

2106 1147 2198 1198 καὶ
2225 1147 2511 1216 διαφόρους
2539 1149 2735 1219 ἧμειϐε
2775 1149 3039 1212 δεσπότας
3080 1151 3108 1202 6
3153 1151 3213 1202 ἐν
3253 1151 3374 1211 ταῖς
3419 1148 3686 1217 ἀγκάλαις

2103 1228 2197 1279 τοῦ
2255 1228 2456 1299 πατρὸς
2502 1230 2866 1300 ἀνατραφείς’
2907 1231 2994 1283 ἵνα
3025 1232 3099 1300 μὴ
3150 1229 3485 1300 ξενιζώμεθα
3529 1228 3682 1300 1595]

2105 1309 2221 1372 πῶς
2255 1311 2452 1379 ἤνεγκε
2471 1312 2568 1381 τὴν
2592 1311 2870 1382 μοχθηράν
2900 1313 3115 1383 ἐκείνην
3145 1313 3390 1365 δουλείαν
3421 1311 3542 1374 νέος
3585 1309 3682 1376 ῶν,

2105 1392 2197 1442 καὶ
2243 1393 2426 1462 πάσης
2463 1394 2718 1465 τοιαύτης
2763 1395 3180 1465 σκληραγωγίας
3209 1396 3438 1466 ἄπειρος
3457 1434 3472 1459 ,
3500 1396 3594 1448 καὶ
3623 1396 3684 1448 ἐν

2101 1475 2249 1545 οἰκίᾳ
2282 1475 2417 1545 μετά
2444 1476 2648 1546 πολλῆς
2681 1476 2780 1546 τῆς
2827 1479 3101 1548 πατρικῆς
3141 1478 3520 1548 φιλοστοργίας
3547 1480 3679 1530 ἀνα-

2099 1558 2350 1627 τραφεὶς,
2397 1558 2675 1628 ἐπήγαγεν
2716 1561 2750 1630 η
2795 1558 2980 1630 Γραφὴ
3022 1559 3283 1628 λέγουσα’
3315 1562 3422 1614 Καὶ
3458 1557 3537 1630 ἦν
3562 1559 3682 1614 Κύ-

2095 1654 2228 1707 ριος
2253 1641 2404 1707 μετὰ
2454 1640 2699 1708 Ἰωσὴφ,
2754 1641 2850 1693 καὶ
2894 1637 2974 1710 ἦν
3042 1641 3200 1709 ἀνὴρ
3241 1640 3676 1710 ἐπιτυγχάνων.

2101 1720 2168 1772 Τί
2196 1723 2331 1786 ἐστι,
2379 1724 2487 1776 Καὶ
2513 1719 2594 1792 ἦν
2624 1724 2841 1790 Κύριος
2863 1723 3012 1792 μετὰ
3063 1725 3321 1794 Ἰωσήφ;
3377 1725 3680 1796 Συμπαρῆν

2102 1803 2276 1873 αὑτῷ,
2304 1806 2489 1875 φησὶν,
2521 1808 2554 1876 ἡ
2588 1806 2793 1860 ἀνωθεν
2816 1809 2995 1880 χάρις,
3032 1810 3126 1861 καὶ
3152 1810 3293 1880 αὑτὴ
3315 1810 3462 1880 αὑτῴ
3503 1811 3679 1864 πάντα

2097 1887 2167 1940 τά
2195 1889 2430 1959 δυσχερῆ
2480 1887 2857 1962 ἐξευμάριζεν.
2892 1892 3042 1962 Αθτη
3071 1895 3246 1947 πάντα
3269 1894 3337 1948 τά
3363 1894 3481 1948 κατ’
3516 1895 3680 1948 αὑτὸν

2096 1968 2362 2042 ᾠκονόμει
2381 1988 2394 2002 '
2423 1973 2560 2042 αὕτη
2593 1975 2688 2026 καὶ
2714 1975 2840 2039 τοὺς
2871 1976 3144 2048 ἐμπόρους
3173 1977 3416 2039 ἐκείνους
3462 1979 3681 2048 ἡμερω-

2095 2057 2286 2124 τέρους
2333 2056 2481 2126 αὑτῷ
2517 2057 2816 2126 κατέστησε
2840 2100 2854 2123 ,
2889 2061 2982 2112 καὶ
3016 2060 3305 2114 ἀποδόσθαι
3336 2060 3412 2131 τῷ
3439 2063 3678 2133 ἀρχιμα-

2097 2137 2266 2207 γείρῳ
2301 2139 2734 2208 κατηνάγκασεν,
2773 2141 2860 2194 ἵνα
2889 2142 2996 2213 όδῷ
3027 2145 3334 2214 προϐαίνων
3363 2143 3504 2197 οὑτω
3537 2146 3678 2200 κατὰ

2099 2220 2292 2290 μικρὸν
2314 2260 2328 2283 ,
2360 2223 2455 2273 καὶ
2493 2221 2582 2276 διὰ
2617 2223 2726 2276 τῶν
2775 2226 3099 2295 πειρασμῶν
3127 2226 3330 2279 τούτων
3360 2227 3556 2280 ὁδεύων
3585 2229 3679 2282 ἐπὶ

2095 2302 2186 2353 τὸν
2211 2304 2309 2372 τῆς
2336 2303 2612 2373 βασιλείας
2646 2303 2832 2375 θρόνον
2864 2307 3106 2360 ἀνελθεῖν
3135 2307 3358 2380 δυνηθῇ.
3390 2309 3549 2363 ’Λλλά
3584 2312 3674 2372 σὺ,

2095 2385 2384 2454 ἀγαπητέ,
2449 2385 2662 2439 ἀκούων
2707 2389 2788 2440 ὅτι
2837 2389 3094 2459 ὑπέμεινε
3143 2390 3240 2461 τὴν
3286 2391 3534 2446 δουλείαν
3575 2393 3675 2463 τὴν

2095 2466 2246 2537 παρά
2283 2469 2397 2530 τοῖς
2447 2468 2709 2538 ἐμπόροις
2732 2511 2748 2535 ,
2791 2466 2908 2523 εἶτα
2955 2471 3222 2538 διεδέξατο
3253 2475 3287 2544 ή
3326 2472 3537 2528 δουλεία
3579 2474 3676 2528 τοῦ

2095 2549 2495 2620 ἀρχιμαγείρου
2516 2591 2531 2616 ,
2567 2551 2788 2620 λογίζου
2809 2591 2825 2617 ,
2873 2553 2991 2616 πῶς
3024 2554 3125 2607 οὑκ
3158 2556 3515 2626 ἐταράττετο,
3556 2557 3676 2610 οὑδὲ

2093 2630 2417 2699 διελογίζετο
2447 2632 2568 2686 καθ’
2601 2635 2790 2688 ἑαυτὸν
2827 2636 2921 2688 καὶ
2954 2637 3148 2708 ἠπόρει
3176 2639 3268 2690 καὶ
3300 2639 3452 2706 ἔλεγε
3471 2656 3485 2671 ·
3513 2641 3607 2703 Τίς
3636 2642 3672 2710 ἡ

2090 2713 2199 2766 τῶν
2232 2715 2526 2785 ὀνειράτων
2555 2717 2780 2772 ἐκείνων
2801 2719 2984 2790 ἀπάτη
3015 2721 3047 2790 ἡ
3075 2720 3345 2791 τοσαύτην
3377 2721 3476 2792 τὴν
3514 2739 3580 2774 πε
3592 2739 3673 2793 ρι-

2093 2799 2320 2866 φάνειάν
2348 2815 2434 2869 μοι
2478 2800 2794 2870 μηνύουσας
2837 2801 2964 2854 Ἰδοὺ
2995 2803 3103 2873 γάρ
3136 2803 3272 2872 μετά
3319 2804 3390 2858 τὰ
3420 2805 3672 2873 ὀνείρατα

2093 2882 2276 2933 ἐκεῖνα
2317 2881 2562 2948 δουλεία,
2595 2884 2688 2936 καὶ
2729 2885 2941 2937 δουλεία
2980 2885 3225 2956 χαλεπὴ,
3267 2887 3361 2941 καὶ
3403 2887 3672 2952 δεσπότας

2091 2964 2306 3034 ἀμείϐω
2328 3005 2342 3030 ,
2374 2965 2482 3018 ἀπὸ
2517 2966 2709 3020 τούτου
2750 2967 2889 3038 πρὸς
2930 2970 3159 3030 ἐκεῖνον,
3195 2971 3289 3022 καὶ
3337 2970 3432 3024 ἀπ’
3464 2972 3674 3025 ἐκείνου

2092 3047 2229 3117 πρὸς
2273 3047 2496 3110 τοῦτον,
2540 3049 2636 3102 καὶ
2704 3049 3086 3120 ἀναγκάζομαι
3136 3049 3314 3105 ἔθεσιν
3358 3052 3673 3117 ἀλλοκότοις

2092 3129 2609 3198 συναναμίγνυσθαι.
2652 3125 2801 3201 Ἀρα
2851 3131 2925 3203 μὴ
2977 3133 3512 3207 ἐγκατελείφθημεν;
3562 3133 3674 3208 ἄρα

2093 3211 2168 3281 μὴ
2213 3211 2588 3282 παρώφθημεν
2645 3213 2794 3284 παρά
2834 3215 2934 3282 τῆς
2985 3215 3192 3269 ἀνωθεν
3241 3214 3452 3287 ῥοπῆς;
3507 3219 3674 3274 οὐδὲν

2087 3293 2327 3346 τοιοῦτον
2354 3296 2454 3348 οὑκ
2483 3291 2658 3362 εἶπεν,
2687 3297 2787 3349 οὑκ
2813 3298 3116 3368 ἐνενόησεν,
3152 3298 3270 3352 ἀλλ’
3294 3302 3458 3372 ἔφερε
3488 3302 3672 3356 πάντα

2088 3378 2279 3449 πράως
2329 3378 2424 3432 καὶ
2469 3381 2750 3447 γενναίως.
2795 3376 2908 3435 Ἦν
2947 3382 3052 3452 γὰρ
3105 3384 3322 3451 Κύριος
3353 3384 3506 3453 μετὰ
3551 3387 3671 3441 Ἰω-

2088 3459 2219 3528 σὴφ
2245 3501 2259 3523 ,
2293 3460 2392 3514 καὶ
2419 3456 2499 3531 ἦν
2528 3461 2686 3532 ἀνὴρ
2723 3463 3138 3533 ἐπιτυγχάνων
3203 3465 3268 3518 Τί
3307 3468 3476 3532 ἐστιν,
3514 3467 3670 3521 Ἐπι-

2088 3543 2421 3614 τυγχάνων.
2467 3546 2652 3600 Πάντα
2690 3546 2838 3618 αὑτῷ
2873 3548 3200 3613 κατευώδου,
3237 3550 3512 3619 πανταχοῦ
3539 3567 3673 3619 προ-

2086 3626 2339 3680 ωδοποίει
2361 3629 2509 3698 αὑτῷ
2550 3631 2583 3698 ἡ
2615 3629 2822 3684 ἀνωθεν
2848 3633 3040 3702 χάρις,
3073 3632 3169 3684 καὶ
3203 3631 3343 3684 οὕτω
3367 3634 3577 3704 φανερά
3602 3630 3670 3706 ἦν

2086 3708 2120 3776 ή
2157 3709 2465 3762 ἐπανθοῦσα
2490 3711 2638 3782 αὑτῷ
2669 3713 2828 3782 χάρις
2848 3754 2863 3778 ,
2894 3713 2968 3775 ώς
3008 3713 3103 3765 καὶ
3131 3711 3210 3783 τῷ
3236 3713 3472 3786 δεσπότῃ
3503 3715 3668 3769 αὑτοῦ

2085 3788 2167 3859 τῷ
2215 3791 2593 3864 ἀρχιμάγείρφ
2631 3794 2932 3864 κατάδηλον
2975 3793 3135 3846 τοῦτο
3187 3793 3462 3862 γενέσθαι.
3501 3796 3668 3868 ’ῌδει

2085 3870 2217 3941 γὰρ,
2272 3875 2456 3944 φησὶν,
2503 3879 2537 3928 ὁ
2584 3876 2782 3942 κύριος
2810 3875 3017 3940 αὑτοῦ,
3054 3876 3144 3930 ὅτι
3177 3877 3395 3944 Κύριος
3433 3875 3514 3947 ἦν
3539 3880 3668 3947 μετ’

2087 3953 2293 4020 αὐτοῦ,
2325 3954 2424 4008 καί
2456 3955 2652 4010 πάντα
2683 3956 2799 4010 ὅσα
2828 3957 2904 4010 ἂν
2928 3957 3105 4026 ποιῇ,
3139 3959 3351 4026 Κύριος
3376 3959 3579 4014 εὐοδοῖ
3599 3962 3669 4015 ἐν

2087 4037 2217 4104 ταῖς
2247 4039 2460 4106 χερσὶν
2490 4038 2700 4095 αὐτοῦ.
2736 4037 2892 4108 Εὗρε
2933 4041 3003 4094 δὲ
3047 4042 3270 4111 Ἰωσὴφ
3293 4041 3473 4112 χάριν
3492 4045 3668 4098 ἐναν-

2086 4122 2217 4174 τίον
2246 4121 2353 4175 τοῦ
2399 4123 2610 4190 κυρίου
2655 4124 2876 4187 αὐτοῦ,
2925 4124 3022 4178 καί
3073 4124 3450 4193 κατέστησεν
3479 4129 3668 4183 αὺτδν

2085 4201 2184 4255 ἐπὶ
2215 4208 2322 4257 τοῦ
2361 4205 2532 4259 οἴκου
2577 4206 2766 4260 αὐτοῦ
2788 4245 2802 4269 ,
2843 4207 2939 4259 καὶ
2983 4207 3179 4262 πάντα
3215 4209 3333 4262 ὅσα
3377 4205 3456 4277 ἥν
3506 4210 3666 4276 αὑτῴ

2085 4285 2269 4340 ἔδωκε
2294 4286 2392 4340 διὰ
2417 4286 2616 4356 χειρὸς
2647 4287 2878 4356 Ἰωσήφ.
2913 4283 3065 4352 Εἶδες
3088 4291 3211 4344 ὅσον
3255 4292 3402 4345 ἐστὶν
3429 4293 3534 4345 ὑπὸ
3563 4291 3666 4362 τῆς

2086 4366 2293 4420 ἀνωθεν
2341 4368 2652 4438 βοηθεῖσθαι
2685 4368 2898 4435 δεξιᾶς;
2939 4370 3070 4423 Ἰδοὺ
3121 4372 3229 4443 γὰρ
3280 4373 3372 4426 καὶ
3411 4374 3530 4436 νέος
3568 4374 3663 4427 καὶ

2087 4451 2238 4518 ξένος
2285 4453 2379 4503 καὶ
2416 4452 2761 4523 αἰχμάλωτος
2791 4453 2886 4507 καὶ
2916 4452 3122 4517 δοῦλος,
3157 4457 3251 4509 καὶ
3281 4457 3461 4508 πᾶσαν
3485 4457 3664 4527 ἐγχει-

2088 4535 2295 4606 ρίζεται
2328 4535 2478 4605 παρὰ
2505 4535 2599 4588 τοῦ
2629 4537 2890 4589 δεσπότου
2936 4538 3036 4609 τὴν
3073 4539 3274 4593 οἰκίαν.
3321 4539 3433 4593 Καὶ
3467 4539 3665 4596 πάντα

2085 4616 2184 4670 διὰ
2218 4617 2413 4687 χειρὸς
2457 4619 2644 4674 αὐτοῦ
2685 4619 2927 4683 δέδωκε,
2976 4621 3127 4692 φησί.
3177 4622 3274 4676 Διά
3315 4623 3402 4688 τί;
3446 4622 3664 4694 Ἐπειδὴ

2089 4699 2228 4769 μετά
2271 4701 2370 4769 τῆς
2415 4700 2621 4754 ἀνωθεν
2670 4702 2961 4774 συνεργίας
2990 4707 3084 4758 καὶ
3113 4705 3203 4758 τὸν
3234 4707 3432 4758 οίκεῖον
3464 4705 3663 4776 τρόπον

2086 4784 2421 4854 εἰσήνεγκεν.
2456 4784 2783 4853 Εὺηρέστει
2814 4787 2924 4857 γὰρ
2951 4787 3143 4852 αὐτῷ,
3175 4788 3360 4857 φησὶν,
3395 4788 3516 4841 ἀντὶ
3541 4784 3660 4852 τοῦ,

2087 4865 2239 4920 Μετά
2268 4867 2469 4937 πολλῆς
2494 4868 2707 4932 εὐνοίας
2733 4869 2950 4924 ἅπαντα
2973 4870 3343 4941 διεπράττετο.
3381 4867 3512 4922 Εἶτα
3539 4869 3664 4939 βου-

2083 4949 2307 5020 λόμενος
2344 4951 2505 5003 αὑτὸν
2538 4953 2566 5004 6
2593 4951 2973 5022 φιλάνθρωπος
2998 4953 3130 5016 Θεὸς
3156 4954 3215 5005 ἐν
3243 4953 3448 5006 πλείονι
3484 4969 3660 5007 κατα-

2087 5034 2282 5104 στῆσαι
2313 5034 2497 5104 ἀδείᾳ,
2544 5035 2644 5087 οὐκ
2686 5034 2961 5106 ἀπήλλαξε
2991 5036 3092 5105 τῆς
3127 5035 3403 5100 δουλείας,
3448 5034 3570 5088 οὑδὲ
3601 5036 3660 5088 ἐν

2084 5114 2364 5186 ἐλευθερίᾳ
2395 5115 2809 5185 παρεσκεύασεν
2837 5112 2996 5170 εἶναι,
3035 5116 3204 5171 Τοῦτο
3235 5121 3342 5186 γὰρ
3365 5115 3514 5186 αὑτῷ
3539 5115 3660 5179 ἔθος

2084 5198 2191 5258 ἀεὶ,
2244 5199 2370 5261 τοὺς
2421 5198 2710 5270 ἐναρέτους
2758 5199 2958 5270 ἄνδρας
3000 5201 3100 5253 οὑκ
3144 5199 3508 5252 ἀπαλλάττειν
3552 5199 3660 5250 τῶν

2085 5280 2364 5344 κινδύνων,
2405 5281 2524 5334 οὑδὲ
2572 5281 2891 5352 ἐλευθεροῦν
2919 5283 3028 5334 τῶν
3060 5282 3401 5352 πειρασμῶν,
3448 5281 3564 5334 ἀλλ’
3603 5283 3661 5334 ἐν

2083 5365 2267 5428 αὑτοῖς
2309 5369 2422 5428 τοῖς
2449 5367 2779 5435 πειρασμοῖς
2808 5365 3076 5436 τοσαύτην
3120 5365 3525 5419 ἐπιδείκνυσθαι
3559 5364 3660 5436 τὴν

2081 5448 2287 5500 οἰκείαν
2318 5447 2521 5517 ῥοπὴν,
2549 5448 2624 5510 ὡς
2655 5447 2851 5511 αὑτοὺς
2877 5448 3003 5511 τοὺς
3034 5449 3378 5521 πειρασμοὺς
3402 5448 3658 5501 ὑπόθεσιν

2081 5531 2263 5593 αὑτοῖς
2296 5531 2489 5601 ἑορτῆς
2530 5529 2792 5598 γίνεσθαι.
2847 5532 2946 5584 Διά
2987 5529 3144 5584 τοῦτο
3180 5532 3275 5586 καὶ
3319 5535 3347 5586 6
3390 5531 3658 5603 μακάριος

2081 5612 2245 5667 Δαυῖδ
2289 5613 2496 5682 ἔλεγεν⁹
2549 5613 2646 5667 Ἐν
2669 5613 2873 5682 θλίψει
2898 5613 3244 5681 ἐπάάτυνάς
3273 5633 3372 5684 με.
3401 5615 3534 5684 Οὑχὶ
3561 5613 3659 5684 τὴν

2084 5695 2262 5766 θλίψιν
2298 5696 2586 5766 ἀπήλασας
2607 5736 2622 5762 ,
2654 5696 2838 5767 φησὶν,
2868 5696 2989 5750 οὑδὲ
3015 5697 3221 5768 ταύτης
3261 5696 3576 5761 ἀπαλλάξας
3600 5697 3659 5749 ἐν

2082 5780 2264 5834 ἀνέσει
2295 5796 2362 5849 με
2387 5777 2528 5833 εἶναι
2549 5779 2874 5850 πεποίηκας,
2902 5780 3017 5834 ἀλλ’
3042 5781 3178 5852 ὅπερ
3203 5781 3320 5834 ἐστὶ
3345 5778 3659 5852 θαυμαστὸν

2084 5864 2175 5918 καὶ
2214 5863 2510 5935 παράδοξον
2530 5904 2544 5929 ,
2576 5865 2631 5916 ἐν
2669 5862 2816 5935 μέσῳ
2842 5865 2949 5919 τῶν
2980 5864 3210 5935 θλίψεων
3235 5865 3568 5937 τυγχάνοντα
3601 5859 3659 5917 ἐν
