  <div class='ocr_page' id='page_1' title='image "/cluster/home/n/w/nwhite01/storage/ocr_20150623/54/hvd.32044073501926/165.png"; bbox 0 0 4142 6206; ppageno 0'>
   <div class='ocr_carea' id='block_1_1' title="bbox 536 266 642 323">
    <p class='ocr_par' dir='ltr' id='par_1_1' title="bbox 536 266 642 323">
     <span class='ocr_line' id='line_1_1' title="bbox 536 266 642 323; baseline 0 0"><span class='ocrx_word' id='word_1_1' title='bbox 536 266 642 323; x_wconf 67' lang='lat'>537</span> 
     </span>
    </p>
   </div>
   <div class='ocr_carea' id='block_1_2' title="bbox 537 365 2103 455">
    <p class='ocr_par' dir='ltr' id='par_1_2' title="bbox 537 365 2103 455">
     <span class='ocr_line' id='line_1_2' title="bbox 537 365 2103 455; baseline -0.012 -18"><span class='ocrx_word' id='word_1_2' title='bbox 537 385 692 455; x_wconf 69' lang='grc' dir='ltr'>ἀδείᾳ</span> <span class='ocrx_word' id='word_1_3' title='bbox 735 376 871 435; x_wconf 75' lang='grc' dir='ltr'>εἶναι</span> <span class='ocrx_word' id='word_1_4' title='bbox 915 376 1354 455; x_wconf 62' lang='grc' dir='ltr'>παρεσκεύασας,</span> <span class='ocrx_word' id='word_1_5' title='bbox 1398 368 1686 455; x_wconf 11' lang='grc' dir='ltr'>Τοῦτογδὴᾴ</span> <span class='ocrx_word' id='word_1_6' title='bbox 1729 367 1825 420; x_wconf 73' lang='grc' dir='ltr'>καὶ</span> <span class='ocrx_word' id='word_1_7' title='bbox 1870 365 2103 455; x_wconf 79' lang='grc' dir='ltr'>ἐνταῦθα</span> 
     </span>
    </p>
   </div>
   <div class='ocr_carea' id='block_1_3' title="bbox 538 448 2107 532">
    <p class='ocr_par' dir='ltr' id='par_1_3' title="bbox 538 448 2107 532">
     <span class='ocr_line' id='line_1_3' title="bbox 538 448 2107 532; baseline -0.013 -13"><span class='ocrx_word' id='word_1_8' title='bbox 538 448 685 519; x_wconf 78' lang='grc' dir='ltr'>ποιεῖ</span> <span class='ocrx_word' id='word_1_9' title='bbox 719 466 750 518; x_wconf 84' lang='grc' dir='ltr'>ό</span> <span class='ocrx_word' id='word_1_10' title='bbox 778 460 1152 532; x_wconf 81' lang='grc' dir='ltr'>φιλάνθρωπος</span> <span class='ocrx_word' id='word_1_11' title='bbox 1182 454 1479 524; x_wconf 84' lang='grc' dir='ltr'>Δεσπότης.</span> <span class='ocrx_word' id='word_1_12' title='bbox 1522 449 1971 532; x_wconf 56' lang='grc' dir='ltr'>Εὺλόγησεηίιρ</span> <span class='ocrx_word' id='word_1_13' title='bbox 2000 448 2107 532; x_wconf 51' lang='grc' dir='ltr'>ἱὸν·</span> 
     </span>
    </p>
   </div>
   <div class='ocr_carea' id='block_1_4' title="bbox 538 528 2106 610">
    <p class='ocr_par' dir='ltr' id='par_1_4' title="bbox 538 528 2106 610">
     <span class='ocr_line' id='line_1_4' title="bbox 538 528 2106 610; baseline -0.013 -8"><span class='ocrx_word' id='word_1_14' title='bbox 538 544 709 601; x_wconf 77' lang='grc' dir='ltr'>οἶκον</span> <span class='ocrx_word' id='word_1_15' title='bbox 748 528 854 599; x_wconf 80' lang='grc' dir='ltr'>τοῦ</span> <span class='ocrx_word' id='word_1_16' title='bbox 882 528 1205 610; x_wconf 66' lang='grc' dir='ltr'>Αιγυπτίου</span> <span class='ocrx_word' id='word_1_17' title='bbox 1250 534 1347 590; x_wconf 69' lang='grc' dir='ltr'>διὰ</span> <span class='ocrx_word' id='word_1_18' title='bbox 1390 536 1497 588; x_wconf 80' lang='grc' dir='ltr'>τὸν</span> <span class='ocrx_word' id='word_1_19' title='bbox 1537 530 1775 601; x_wconf 63' lang='grc' dir='ltr'>Ἰωσήφ.</span> <span class='ocrx_word' id='word_1_20' title='bbox 1816 529 1963 603; x_wconf 80' lang='lat'>[596]</span> <span class='ocrx_word' id='word_1_21' title='bbox 2002 528 2106 582; x_wconf 75' lang='grc' dir='ltr'>Καὶ</span> 
     </span>
    </p>
   </div>
   <div class='ocr_carea' id='block_1_5' title="bbox 539 612 2108 701">
    <p class='ocr_par' dir='ltr' id='par_1_5' title="bbox 539 612 2108 701">
     <span class='ocr_line' id='line_1_5' title="bbox 539 612 2108 701; baseline -0.013 -18"><span class='ocrx_word' id='word_1_22' title='bbox 539 628 810 701; x_wconf 86' lang='grc' dir='ltr'>ἐμάνθανε</span> <span class='ocrx_word' id='word_1_23' title='bbox 842 623 1026 677; x_wconf 79' lang='grc' dir='ltr'>λοιπὸν</span> <span class='ocrx_word' id='word_1_24' title='bbox 1050 620 1144 675; x_wconf 78' lang='grc' dir='ltr'>καὶ</span> <span class='ocrx_word' id='word_1_25' title='bbox 1168 622 1197 673; x_wconf 86' lang='grc' dir='ltr'>δ</span> <span class='ocrx_word' id='word_1_26' title='bbox 1231 617 1502 689; x_wconf 88' lang='grc' dir='ltr'>βάρϐαρος</span> <span class='ocrx_word' id='word_1_27' title='bbox 1523 652 1540 681; x_wconf 88' lang='grc'>,</span> <span class='ocrx_word' id='word_1_28' title='bbox 1574 618 1669 701; x_wconf 78' lang='grc' dir='ltr'>δτι</span> <span class='ocrx_word' id='word_1_29' title='bbox 1690 615 1799 667; x_wconf 82' lang='grc' dir='ltr'>τῶν</span> <span class='ocrx_word' id='word_1_30' title='bbox 1826 612 2108 701; x_wconf 75' lang='grc' dir='ltr'>ᾠκειωμέ-</span> 
     </span>
    </p>
   </div>
   <div class='ocr_carea' id='block_1_6' title="bbox 540 694 2106 777">
    <p class='ocr_par' dir='ltr' id='par_1_6' title="bbox 540 694 2106 777">
     <span class='ocr_line' id='line_1_6' title="bbox 540 694 2106 777; baseline -0.012 -11"><span class='ocrx_word' id='word_1_31' title='bbox 540 694 650 766; x_wconf 59' lang='grc' dir='ltr'>νων</span> <span class='ocrx_word' id='word_1_32' title='bbox 676 710 792 763; x_wconf 76' lang='grc' dir='ltr'>ἐστὶ</span> <span class='ocrx_word' id='word_1_33' title='bbox 831 706 909 777; x_wconf 81' lang='grc' dir='ltr'>τῷ</span> <span class='ocrx_word' id='word_1_34' title='bbox 935 704 1054 775; x_wconf 83' lang='grc' dir='ltr'>Θεῴ</span> <span class='ocrx_word' id='word_1_35' title='bbox 1102 700 1132 756; x_wconf 86' lang='grc' dir='ltr'>ό</span> <span class='ocrx_word' id='word_1_36' title='bbox 1176 702 1527 773; x_wconf 78' lang='grc' dir='ltr'>νομιζόμενος</span> <span class='ocrx_word' id='word_1_37' title='bbox 1556 699 1772 767; x_wconf 77' lang='grc' dir='ltr'>οἰκέτης</span> <span class='ocrx_word' id='word_1_38' title='bbox 1794 738 1809 763; x_wconf 92' lang='grc'>,</span> <span class='ocrx_word' id='word_1_39' title='bbox 1854 694 1962 750; x_wconf 75' lang='grc' dir='ltr'>Καὶ</span> <span class='ocrx_word' id='word_1_40' title='bbox 2000 695 2106 777; x_wconf 69' lang='grc' dir='ltr'>ἐστ-</span> 
     </span>
    </p>
   </div>
   <div class='ocr_carea' id='block_1_7' title="bbox 539 776 2109 861">
    <p class='ocr_par' dir='ltr' id='par_1_7' title="bbox 539 776 2109 861">
     <span class='ocr_line' id='line_1_7' title="bbox 539 776 2109 861; baseline -0.013 -13"><span class='ocrx_word' id='word_1_41' title='bbox 539 794 774 861; x_wconf 70' lang='grc' dir='ltr'>ἐτρεψε,</span> <span class='ocrx_word' id='word_1_42' title='bbox 809 776 993 861; x_wconf 78' lang='grc' dir='ltr'>φησὶν,</span> <span class='ocrx_word' id='word_1_43' title='bbox 1020 788 1256 843; x_wconf 80' lang='grc' dir='ltr'>ἅπαντα</span> <span class='ocrx_word' id='word_1_44' title='bbox 1302 785 1419 839; x_wconf 85' lang='grc' dir='ltr'>ὅσα</span> <span class='ocrx_word' id='word_1_45' title='bbox 1459 780 1539 853; x_wconf 81' lang='grc' dir='ltr'>ἦν</span> <span class='ocrx_word' id='word_1_46' title='bbox 1574 780 1735 847; x_wconf 77' lang='grc' dir='ltr'>αὐτῷ</span> <span class='ocrx_word' id='word_1_47' title='bbox 1771 780 1869 835; x_wconf 83' lang='grc' dir='ltr'>διὰ</span> <span class='ocrx_word' id='word_1_48' title='bbox 1911 776 2109 861; x_wconf 67' lang='grc' dir='ltr'>χειρὸς</span> 
     </span>
    </p>
   </div>
   <div class='ocr_carea' id='block_1_8' title="bbox 556 856 2106 943">
    <p class='ocr_par' dir='ltr' id='par_1_8' title="bbox 556 856 2106 943">
     <span class='ocr_line' id='line_1_8' title="bbox 556 856 2106 943; baseline -0.01 -12"><span class='ocrx_word' id='word_1_49' title='bbox 556 856 775 943; x_wconf 52' lang='grc' dir='ltr'>Ἰιυσῖήςρ</span> <span class='ocrx_word' id='word_1_50' title='bbox 972 874 1084 926; x_wconf 81' lang='grc' dir='ltr'>οὐκ</span> <span class='ocrx_word' id='word_1_51' title='bbox 1111 869 1239 938; x_wconf 71' lang='grc' dir='ltr'>ᾔδει</span> <span class='ocrx_word' id='word_1_52' title='bbox 1262 867 1463 932; x_wconf 75' lang='grc' dir='ltr'>οὐδὲν,</span> <span class='ocrx_word' id='word_1_53' title='bbox 1493 866 1661 934; x_wconf 68' lang='grc' dir='ltr'>πλὴν</span> <span class='ocrx_word' id='word_1_54' title='bbox 1697 865 1801 919; x_wconf 86' lang='grc' dir='ltr'>τοῦ</span> <span class='ocrx_word' id='word_1_55' title='bbox 1830 864 2011 931; x_wconf 80' lang='grc' dir='ltr'>ἄρτου</span> <span class='ocrx_word' id='word_1_56' title='bbox 2034 856 2106 916; x_wconf 79' lang='grc' dir='ltr'>οὗ</span> 
     </span>
    </p>
   </div>
   <div class='ocr_carea' id='block_1_9' title="bbox 542 943 2109 1025">
    <p class='ocr_par' dir='ltr' id='par_1_9' title="bbox 542 943 2109 1025">
     <span class='ocr_line' id='line_1_9' title="bbox 542 943 2109 1025; baseline -0.01 -14"><span class='ocrx_word' id='word_1_57' title='bbox 542 957 739 1025; x_wconf 75' lang='grc' dir='ltr'>ἤσθιε.</span> <span class='ocrx_word' id='word_1_58' title='bbox 782 954 1082 1025; x_wconf 69' lang='grc' dir='ltr'>Μονονουχί⁵</span> <span class='ocrx_word' id='word_1_59' title='bbox 1117 948 1381 1022; x_wconf 67' lang='grc' dir='ltr'>δεσπίτην</span> <span class='ocrx_word' id='word_1_60' title='bbox 1412 950 1575 1003; x_wconf 80' lang='grc' dir='ltr'>αὐτὸν</span> <span class='ocrx_word' id='word_1_61' title='bbox 1601 947 1899 1017; x_wconf 85' lang='grc' dir='ltr'>κατέστησε</span> <span class='ocrx_word' id='word_1_62' title='bbox 1928 943 2109 1012; x_wconf 81' lang='grc' dir='ltr'>πάσης</span> 
     </span>
    </p>
   </div>
   <div class='ocr_carea' id='block_1_10' title="bbox 540 1028 2109 1110">
    <p class='ocr_par' dir='ltr' id='par_1_10' title="bbox 540 1028 2109 1110">
     <span class='ocr_line' id='line_1_10' title="bbox 540 1028 2109 1110; baseline -0.01 -16"><span class='ocrx_word' id='word_1_63' title='bbox 540 1042 642 1110; x_wconf 88' lang='grc' dir='ltr'>τῆς</span> <span class='ocrx_word' id='word_1_64' title='bbox 673 1037 866 1093; x_wconf 86' lang='grc' dir='ltr'>ἐαυτοῦ</span> <span class='ocrx_word' id='word_1_65' title='bbox 894 1037 1090 1100; x_wconf 84' lang='grc' dir='ltr'>οἰκίας.</span> <span class='ocrx_word' id='word_1_66' title='bbox 1121 1037 1230 1089; x_wconf 63' lang='grc' dir='ltr'>Καὶ⁴</span> <span class='ocrx_word' id='word_1_67' title='bbox 1271 1030 1340 1106; x_wconf 76' lang='grc' dir='ltr'>ἦν</span> <span class='ocrx_word' id='word_1_68' title='bbox 1370 1036 1400 1087; x_wconf 89' lang='grc' dir='ltr'>ό</span> <span class='ocrx_word' id='word_1_69' title='bbox 1431 1032 1648 1096; x_wconf 89' lang='grc' dir='ltr'>δοῦλος,</span> <span class='ocrx_word' id='word_1_70' title='bbox 1690 1032 1719 1083; x_wconf 81' lang='grc' dir='ltr'>ὁ</span> <span class='ocrx_word' id='word_1_71' title='bbox 1765 1028 2109 1100; x_wconf 85' lang='grc' dir='ltr'>αἰχμάλωτος</span> 
     </span>
    </p>
   </div>
   <div class='ocr_carea' id='block_1_11' title="bbox 544 1111 2106 1194">
    <p class='ocr_par' dir='ltr' id='par_1_11' title="bbox 544 1111 2106 1194">
     <span class='ocr_line' id='line_1_11' title="bbox 544 1111 2106 1194; baseline -0.01 -15"><span class='ocrx_word' id='word_1_72' title='bbox 544 1124 652 1178; x_wconf 78' lang='grc' dir='ltr'>ὐπὸ</span> <span class='ocrx_word' id='word_1_73' title='bbox 684 1122 784 1194; x_wconf 83' lang='grc' dir='ltr'>τὴν</span> <span class='ocrx_word' id='word_1_74' title='bbox 829 1121 1019 1177; x_wconf 78' lang='grc' dir='ltr'>ἐαυτοῦ</span> <span class='ocrx_word' id='word_1_75' title='bbox 1047 1122 1204 1190; x_wconf 87' lang='grc' dir='ltr'>χεῖρα</span> <span class='ocrx_word' id='word_1_76' title='bbox 1232 1119 1368 1188; x_wconf 78' lang='grc' dir='ltr'>έχων</span> <span class='ocrx_word' id='word_1_77' title='bbox 1413 1117 1590 1171; x_wconf 83' lang='grc' dir='ltr'>πάντα</span> <span class='ocrx_word' id='word_1_78' title='bbox 1614 1116 1681 1168; x_wconf 86' lang='grc' dir='ltr'>τά</span> <span class='ocrx_word' id='word_1_79' title='bbox 1708 1113 1809 1194; x_wconf 87' lang='grc' dir='ltr'>τοῦ</span> <span class='ocrx_word' id='word_1_80' title='bbox 1827 1111 2106 1166; x_wconf 82' lang='grc' dir='ltr'>δεσπότου.</span> 
     </span>
    </p>
   </div>
   <div class='ocr_carea' id='block_1_12' title="bbox 546 1192 2106 1273">
    <p class='ocr_par' dir='ltr' id='par_1_12' title="bbox 546 1192 2106 1273">
     <span class='ocr_line' id='line_1_12' title="bbox 546 1192 2106 1273; baseline -0.01 -13"><span class='ocrx_word' id='word_1_81' title='bbox 546 1192 808 1260; x_wconf 69' lang='grc' dir='ltr'>Τοσοῦτον</span> <span class='ocrx_word' id='word_1_82' title='bbox 845 1206 992 1257; x_wconf 86' lang='grc' dir='ltr'>ἐστιν</span> <span class='ocrx_word' id='word_1_83' title='bbox 1030 1202 1200 1273; x_wconf 84' lang='grc' dir='ltr'>ἀρετή</span> <span class='ocrx_word' id='word_1_84' title='bbox 1222 1219 1235 1232; x_wconf 88' lang='grc'><strong>·</strong></span> <span class='ocrx_word' id='word_1_85' title='bbox 1282 1202 1416 1254; x_wconf 79' lang='grc' dir='ltr'>ὅπου</span> <span class='ocrx_word' id='word_1_86' title='bbox 1461 1198 1570 1269; x_wconf 83' lang='grc' dir='ltr'>γάρ</span> <span class='ocrx_word' id='word_1_87' title='bbox 1612 1196 1707 1251; x_wconf 84' lang='grc' dir='ltr'>ἐὰν</span> <span class='ocrx_word' id='word_1_88' title='bbox 1748 1192 1887 1264; x_wconf 77' lang='grc' dir='ltr'>αὐτη</span> <span class='ocrx_word' id='word_1_89' title='bbox 1934 1195 2106 1262; x_wconf 83' lang='grc' dir='ltr'>φανῇ,</span> 
     </span>
    </p>
   </div>
   <div class='ocr_carea' id='block_1_13' title="bbox 544 1276 2111 1359">
    <p class='ocr_par' dir='ltr' id='par_1_13' title="bbox 544 1276 2111 1359">
     <span class='ocr_line' id='line_1_13' title="bbox 544 1276 2111 1359; baseline -0.01 -16"><span class='ocrx_word' id='word_1_90' title='bbox 544 1290 762 1343; x_wconf 86' lang='grc' dir='ltr'>πάντων</span> <span class='ocrx_word' id='word_1_91' title='bbox 794 1286 1127 1359; x_wconf 72' lang='grc' dir='ltr'>περιγίνεται</span> <span class='ocrx_word' id='word_1_92' title='bbox 1159 1284 1252 1337; x_wconf 82' lang='grc' dir='ltr'>καὶ</span> <span class='ocrx_word' id='word_1_93' title='bbox 1274 1285 1486 1354; x_wconf 87' lang='grc' dir='ltr'>κρατεῖ.</span> <span class='ocrx_word' id='word_1_94' title='bbox 1511 1282 1721 1351; x_wconf 84' lang='grc' dir='ltr'>Ὥσπερ</span> <span class='ocrx_word' id='word_1_95' title='bbox 1743 1277 1854 1350; x_wconf 91' lang='grc' dir='ltr'>γάρ</span> <span class='ocrx_word' id='word_1_96' title='bbox 1884 1276 1978 1359; x_wconf 83' lang='grc' dir='ltr'>τοῦ</span> <span class='ocrx_word' id='word_1_97' title='bbox 1999 1293 2111 1359; x_wconf 49' lang='grc' dir='ltr'>φωέ-</span> 
     </span>
    </p>
   </div>
   <div class='ocr_carea' id='block_1_14' title="bbox 542 1357 2111 1436">
    <p class='ocr_par' dir='ltr' id='par_1_14' title="bbox 542 1357 2111 1436">
     <span class='ocr_line' id='line_1_14' title="bbox 542 1357 2111 1436; baseline -0.01 -11"><span class='ocrx_word' id='word_1_98' title='bbox 542 1372 636 1436; x_wconf 78' lang='grc' dir='ltr'>τὸς</span> <span class='ocrx_word' id='word_1_99' title='bbox 668 1357 1042 1431; x_wconf 70' lang='grc' dir='ltr'>ἀνατείλαντος</span> <span class='ocrx_word' id='word_1_100' title='bbox 1086 1365 1444 1420; x_wconf 78' lang='grc' dir='ltr'>ἀπελαύνεται</span> <span class='ocrx_word' id='word_1_101' title='bbox 1488 1363 1551 1417; x_wconf 78' lang='grc' dir='ltr'>τὸ</span> <span class='ocrx_word' id='word_1_102' title='bbox 1584 1361 1805 1424; x_wconf 80' lang='grc' dir='ltr'>σκότος,</span> <span class='ocrx_word' id='word_1_103' title='bbox 1839 1357 1982 1412; x_wconf 79' lang='grc' dir='ltr'>οὕτω</span> <span class='ocrx_word' id='word_1_104' title='bbox 2018 1357 2111 1410; x_wconf 78' lang='grc' dir='ltr'>καὶ</span> 
     </span>
    </p>
   </div>
   <div class='ocr_carea' id='block_1_15' title="bbox 544 1438 2111 1523">
    <p class='ocr_par' dir='ltr' id='par_1_15' title="bbox 544 1438 2111 1523">
     <span class='ocr_line' id='line_1_15' title="bbox 544 1438 2111 1523; baseline -0.01 -15"><span class='ocrx_word' id='word_1_105' title='bbox 544 1452 642 1508; x_wconf 85' lang='grc' dir='ltr'>νῦν</span> <span class='ocrx_word' id='word_1_106' title='bbox 678 1453 779 1523; x_wconf 84' lang='grc' dir='ltr'>τῆς</span> <span class='ocrx_word' id='word_1_107' title='bbox 819 1452 1022 1523; x_wconf 83' lang='grc' dir='ltr'>ἀρετῆς</span> <span class='ocrx_word' id='word_1_108' title='bbox 1063 1449 1322 1520; x_wconf 80' lang='grc' dir='ltr'>φανείσης</span> <span class='ocrx_word' id='word_1_109' title='bbox 1359 1445 1605 1502; x_wconf 87' lang='grc' dir='ltr'>ἐκποδὼν</span> <span class='ocrx_word' id='word_1_110' title='bbox 1639 1445 1787 1498; x_wconf 77' lang='grc' dir='ltr'>πᾶσα</span> <span class='ocrx_word' id='word_1_111' title='bbox 1825 1441 1993 1497; x_wconf 86' lang='grc' dir='ltr'>κακία</span> <span class='ocrx_word' id='word_1_112' title='bbox 2029 1438 2111 1509; x_wconf 87' lang='grc' dir='ltr'>γί-</span> 
     </span>
    </p>
   </div>
   <div class='ocr_carea' id='block_1_16' title="bbox 544 1550 718 1590">
    <p class='ocr_par' dir='ltr' id='par_1_16' title="bbox 544 1550 718 1590">
     <span class='ocr_line' id='line_1_16' title="bbox 544 1550 718 1590; baseline -0.011 0"><span class='ocrx_word' id='word_1_113' title='bbox 544 1550 718 1590; x_wconf 84' lang='grc' dir='ltr'>νεται.</span> 
     </span>
    </p>
   </div>
   <div class='ocr_carea' id='block_1_17' title="bbox 615 1609 2111 1687">
    <p class='ocr_par' dir='ltr' id='par_1_17' title="bbox 615 1609 2111 1687">
     <span class='ocr_line' id='line_1_17' title="bbox 615 1609 2111 1687; baseline -0.007 -16"><span class='ocrx_word' id='word_1_114' title='bbox 615 1618 678 1671; x_wconf 82' lang='grc' dir='ltr'>δ’.</span> <span class='ocrx_word' id='word_1_115' title='bbox 705 1616 863 1671; x_wconf 79' lang='grc' dir='ltr'>Ἀλλά</span> <span class='ocrx_word' id='word_1_116' title='bbox 883 1616 944 1670; x_wconf 80' lang='grc' dir='ltr'>τὸ</span> <span class='ocrx_word' id='word_1_117' title='bbox 967 1616 1199 1687; x_wconf 82' lang='grc' dir='ltr'>πονηρὸν</span> <span class='ocrx_word' id='word_1_118' title='bbox 1225 1614 1411 1686; x_wconf 80' lang='grc' dir='ltr'>θηρίον</span> <span class='ocrx_word' id='word_1_119' title='bbox 1438 1615 1467 1667; x_wconf 86' lang='grc' dir='ltr'>ὁ</span> <span class='ocrx_word' id='word_1_120' title='bbox 1493 1611 1754 1676; x_wconf 87' lang='grc' dir='ltr'>διάϐολος,</span> <span class='ocrx_word' id='word_1_121' title='bbox 1779 1609 2111 1679; x_wconf 87' lang='grc' dir='ltr'>θεασάμενος</span> 
     </span>
    </p>
   </div>
   <div class='ocr_carea' id='block_1_18' title="bbox 545 1690 2112 1769">
    <p class='ocr_par' dir='ltr' id='par_1_18' title="bbox 545 1690 2112 1769">
     <span class='ocr_line' id='line_1_18' title="bbox 545 1690 2112 1769; baseline -0.008 -15"><span class='ocrx_word' id='word_1_122' title='bbox 545 1699 642 1754; x_wconf 90' lang='grc' dir='ltr'>τοῦ</span> <span class='ocrx_word' id='word_1_123' title='bbox 670 1699 877 1753; x_wconf 79' lang='grc' dir='ltr'>δικαίου</span> <span class='ocrx_word' id='word_1_124' title='bbox 907 1699 1006 1768; x_wconf 84' lang='grc' dir='ltr'>τὴν</span> <span class='ocrx_word' id='word_1_125' title='bbox 1032 1698 1401 1769; x_wconf 75' lang='grc' dir='ltr'>εὐδοκίμησιν,</span> <span class='ocrx_word' id='word_1_126' title='bbox 1447 1697 1542 1751; x_wconf 75' lang='grc' dir='ltr'>καὶ</span> <span class='ocrx_word' id='word_1_127' title='bbox 1566 1696 1649 1749; x_wconf 87' lang='grc' dir='ltr'>ὅτι</span> <span class='ocrx_word' id='word_1_128' title='bbox 1683 1695 1752 1749; x_wconf 86' lang='grc' dir='ltr'>δι’</span> <span class='ocrx_word' id='word_1_129' title='bbox 1788 1692 1969 1747; x_wconf 81' lang='grc' dir='ltr'>αὐτῶν</span> <span class='ocrx_word' id='word_1_130' title='bbox 2002 1690 2112 1743; x_wconf 83' lang='grc' dir='ltr'>τῶν</span> 
     </span>
    </p>
   </div>
   <div class='ocr_carea' id='block_1_19' title="bbox 547 1774 2113 1854">
    <p class='ocr_par' dir='ltr' id='par_1_19' title="bbox 547 1774 2113 1854">
     <span class='ocr_line' id='line_1_19' title="bbox 547 1774 2113 1854; baseline -0.007 -17"><span class='ocrx_word' id='word_1_131' title='bbox 547 1782 916 1854; x_wconf 77' lang='grc' dir='ltr'>νομιζομένων</span> <span class='ocrx_word' id='word_1_132' title='bbox 945 1779 1201 1851; x_wconf 81' lang='grc' dir='ltr'>λυπηρῶν</span> <span class='ocrx_word' id='word_1_133' title='bbox 1234 1780 1691 1851; x_wconf 77' lang='grc' dir='ltr'>περιφανέστερος</span> <span class='ocrx_word' id='word_1_134' title='bbox 1718 1777 1924 1845; x_wconf 83' lang='grc' dir='ltr'>ἐγίνετο</span> <span class='ocrx_word' id='word_1_135' title='bbox 1943 1814 1959 1842; x_wconf 94' lang='grc'>,</span> <span class='ocrx_word' id='word_1_136' title='bbox 1990 1774 2113 1844; x_wconf 84' lang='grc' dir='ltr'>τρί-</span> 
     </span>
    </p>
   </div>
   <div class='ocr_carea' id='block_1_20' title="bbox 546 1857 2112 1932">
    <p class='ocr_par' dir='ltr' id='par_1_20' title="bbox 546 1857 2112 1932">
     <span class='ocr_line' id='line_1_20' title="bbox 546 1857 2112 1932; baseline -0.008 -13"><span class='ocrx_word' id='word_1_137' title='bbox 546 1866 656 1929; x_wconf 82' lang='grc' dir='ltr'>ζων</span> <span class='ocrx_word' id='word_1_138' title='bbox 684 1866 807 1927; x_wconf 74' lang='grc' dir='ltr'>τοὺς</span> <span class='ocrx_word' id='word_1_139' title='bbox 833 1862 1049 1925; x_wconf 81' lang='grc' dir='ltr'>ὀδόντας</span> <span class='ocrx_word' id='word_1_140' title='bbox 1080 1863 1174 1916; x_wconf 79' lang='grc' dir='ltr'>καὶ</span> <span class='ocrx_word' id='word_1_141' title='bbox 1197 1861 1475 1932; x_wconf 85' lang='grc' dir='ltr'>μεμηνὼς,</span> <span class='ocrx_word' id='word_1_142' title='bbox 1511 1861 1600 1914; x_wconf 81' lang='grc' dir='ltr'>καὶ</span> <span class='ocrx_word' id='word_1_143' title='bbox 1630 1859 1749 1912; x_wconf 88' lang='grc' dir='ltr'>οὐδὲ</span> <span class='ocrx_word' id='word_1_144' title='bbox 1777 1858 1957 1928; x_wconf 87' lang='grc' dir='ltr'>φέρων</span> <span class='ocrx_word' id='word_1_145' title='bbox 1981 1857 2112 1928; x_wconf 84' lang='grc' dir='ltr'>όρᾷν</span> 
     </span>
    </p>
   </div>
   <div class='ocr_carea' id='block_1_21' title="bbox 545 1942 2112 2016">
    <p class='ocr_par' dir='ltr' id='par_1_21' title="bbox 545 1942 2112 2016">
     <span class='ocr_line' id='line_1_21' title="bbox 545 1942 2112 2016; baseline -0.007 -14"><span class='ocrx_word' id='word_1_146' title='bbox 545 1954 639 2002; x_wconf 78' lang='grc' dir='ltr'>τὸν</span> <span class='ocrx_word' id='word_1_147' title='bbox 662 1947 866 2002; x_wconf 84' lang='grc' dir='ltr'>δίκαιον</span> <span class='ocrx_word' id='word_1_148' title='bbox 895 1945 1037 2000; x_wconf 73' lang='grc' dir='ltr'>οὕτω</span> <span class='ocrx_word' id='word_1_149' title='bbox 1067 1945 1191 2000; x_wconf 87' lang='grc' dir='ltr'>καθ’</span> <span class='ocrx_word' id='word_1_150' title='bbox 1228 1947 1465 2013; x_wconf 78' lang='grc' dir='ltr'>ἑκάστην</span> <span class='ocrx_word' id='word_1_151' title='bbox 1496 1942 1709 2016; x_wconf 79' lang='grc' dir='ltr'>ἡμέραν</span> <span class='ocrx_word' id='word_1_152' title='bbox 1735 1942 2112 2014; x_wconf 80' lang='grc' dir='ltr'>λαμπρότερον</span> 
     </span>
    </p>
   </div>
   <div class='ocr_carea' id='block_1_22' title="bbox 547 2024 2114 2100">
    <p class='ocr_par' dir='ltr' id='par_1_22' title="bbox 547 2024 2114 2100">
     <span class='ocr_line' id='line_1_22' title="bbox 547 2024 2114 2100; baseline -0.005 -16"><span class='ocrx_word' id='word_1_153' title='bbox 547 2030 860 2100; x_wconf 87' lang='grc' dir='ltr'>γινόμενον,</span> <span class='ocrx_word' id='word_1_154' title='bbox 889 2028 1078 2099; x_wconf 77' lang='grc' dir='ltr'>βόθρον</span> <span class='ocrx_word' id='word_1_155' title='bbox 1108 2028 1257 2099; x_wconf 75' lang='grc' dir='ltr'>αὐτῷ</span> <span class='ocrx_word' id='word_1_156' title='bbox 1290 2027 1572 2100; x_wconf 83' lang='grc' dir='ltr'>ἀνορύττει</span> <span class='ocrx_word' id='word_1_157' title='bbox 1615 2025 1813 2096; x_wconf 82' lang='grc' dir='ltr'>βαθὺν,</span> <span class='ocrx_word' id='word_1_158' title='bbox 1848 2024 1944 2077; x_wconf 73' lang='grc' dir='ltr'>καὶ</span> <span class='ocrx_word' id='word_1_159' title='bbox 1978 2040 2114 2095; x_wconf 87' lang='grc' dir='ltr'>κρη-</span> 
     </span>
    </p>
   </div>
   <div class='ocr_carea' id='block_1_23' title="bbox 549 2108 2110 2187">
    <p class='ocr_par' dir='ltr' id='par_1_23' title="bbox 549 2108 2110 2187">
     <span class='ocr_line' id='line_1_23' title="bbox 549 2108 2110 2187; baseline -0.004 -19"><span class='ocrx_word' id='word_1_160' title='bbox 549 2114 703 2187; x_wconf 81' lang='grc' dir='ltr'>μνὸν,</span> <span class='ocrx_word' id='word_1_161' title='bbox 729 2114 805 2177; x_wconf 81' lang='grc' dir='ltr'>ὡς</span> <span class='ocrx_word' id='word_1_162' title='bbox 846 2114 1083 2185; x_wconf 83' lang='grc' dir='ltr'>ἐνόμιζε,</span> <span class='ocrx_word' id='word_1_163' title='bbox 1119 2112 1374 2183; x_wconf 84' lang='grc' dir='ltr'>μέγιστον</span> <span class='ocrx_word' id='word_1_164' title='bbox 1416 2111 1564 2182; x_wconf 82' lang='grc' dir='ltr'>αὐτῷ</span> <span class='ocrx_word' id='word_1_165' title='bbox 1597 2110 1849 2164; x_wconf 83' lang='grc' dir='ltr'>τίκτοντα</span> <span class='ocrx_word' id='word_1_166' title='bbox 1874 2108 1965 2163; x_wconf 80' lang='grc' dir='ltr'>τὸν</span> <span class='ocrx_word' id='word_1_167' title='bbox 1993 2108 2110 2161; x_wconf 80' lang='grc' dir='ltr'>δλε-</span> 
     </span>
    </p>
   </div>
   <div class='ocr_carea' id='block_1_24' title="bbox 545 2191 2114 2270">
    <p class='ocr_par' dir='ltr' id='par_1_24' title="bbox 545 2191 2114 2270">
     <span class='ocr_line' id='line_1_24' title="bbox 545 2191 2114 2270; baseline -0.004 -18"><span class='ocrx_word' id='word_1_168' title='bbox 545 2198 705 2270; x_wconf 84' lang='grc' dir='ltr'>θρον,</span> <span class='ocrx_word' id='word_1_169' title='bbox 736 2196 830 2251; x_wconf 74' lang='grc' dir='ltr'>καί⁸</span> <span class='ocrx_word' id='word_1_170' title='bbox 868 2196 1111 2267; x_wconf 85' lang='grc' dir='ltr'>χειμῶνα</span> <span class='ocrx_word' id='word_1_171' title='bbox 1141 2194 1537 2258; x_wconf 80' lang='grc' dir='ltr'>κατασκευάζει</span> <span class='ocrx_word' id='word_1_172' title='bbox 1560 2232 1575 2256; x_wconf 89' lang='grc'>,</span> <span class='ocrx_word' id='word_1_173' title='bbox 1612 2193 1838 2264; x_wconf 76' lang='grc' dir='ltr'>σφοδρὸν</span> <span class='ocrx_word' id='word_1_174' title='bbox 1871 2191 2019 2263; x_wconf 77' lang='grc' dir='ltr'>αὐτῷ</span> <span class='ocrx_word' id='word_1_175' title='bbox 2053 2192 2114 2246; x_wconf 84' lang='grc' dir='ltr'>τὸ</span> 
     </span>
    </p>
   </div>
   <div class='ocr_carea' id='block_1_25' title="bbox 545 2274 2114 2350">
    <p class='ocr_par' dir='ltr' id='par_1_25' title="bbox 545 2274 2114 2350">
     <span class='ocr_line' id='line_1_25' title="bbox 545 2274 2114 2350; baseline -0.003 -18"><span class='ocrx_word' id='word_1_176' title='bbox 545 2279 805 2347; x_wconf 80' lang='grc' dir='ltr'>ναυάγιον</span> <span class='ocrx_word' id='word_1_177' title='bbox 830 2277 1166 2350; x_wconf 85' lang='grc' dir='ltr'>ἐργάσασθαι</span> <span class='ocrx_word' id='word_1_178' title='bbox 1189 2278 1485 2348; x_wconf 80' lang='grc' dir='ltr'>δυνάμενον</span> <span class='ocrx_word' id='word_1_179' title='bbox 1506 2294 1521 2307; x_wconf 81' lang='lat'><strong><em>°</em></strong></span> <span class='ocrx_word' id='word_1_180' title='bbox 1548 2276 1662 2330; x_wconf 89' lang='grc' dir='ltr'>ἀλλ’</span> <span class='ocrx_word' id='word_1_181' title='bbox 1694 2275 1994 2346; x_wconf 73' lang='grc' dir='ltr'>ἐμάνθανεν</span> <span class='ocrx_word' id='word_1_182' title='bbox 2015 2274 2114 2328; x_wconf 89' lang='grc' dir='ltr'>οὐκ</span> 
     </span>
    </p>
   </div>
   <div class='ocr_carea' id='block_1_26' title="bbox 546 2356 2114 2432">
    <p class='ocr_par' dir='ltr' id='par_1_26' title="bbox 546 2356 2114 2432">
     <span class='ocr_line' id='line_1_26' title="bbox 546 2356 2114 2432; baseline -0.003 -18"><span class='ocrx_word' id='word_1_183' title='bbox 546 2363 627 2425; x_wconf 85' lang='grc' dir='ltr'>εἰς</span> <span class='ocrx_word' id='word_1_184' title='bbox 654 2358 893 2432; x_wconf 81' lang='grc' dir='ltr'>μακράν,</span> <span class='ocrx_word' id='word_1_185' title='bbox 931 2361 1013 2414; x_wconf 79' lang='grc' dir='ltr'>ὅτι</span> <span class='ocrx_word' id='word_1_186' title='bbox 1038 2360 1174 2431; x_wconf 76' lang='grc' dir='ltr'>πρὸς</span> <span class='ocrx_word' id='word_1_187' title='bbox 1203 2360 1405 2430; x_wconf 88' lang='grc' dir='ltr'>κέντρα</span> <span class='ocrx_word' id='word_1_188' title='bbox 1434 2358 1695 2423; x_wconf 85' lang='grc' dir='ltr'>λακτίζει,</span> <span class='ocrx_word' id='word_1_189' title='bbox 1721 2360 1814 2411; x_wconf 75' lang='grc' dir='ltr'>καὶ</span> <span class='ocrx_word' id='word_1_190' title='bbox 1846 2356 1989 2412; x_wconf 83' lang='grc' dir='ltr'>κατὰ</span> <span class='ocrx_word' id='word_1_191' title='bbox 2014 2356 2114 2427; x_wconf 88' lang='grc' dir='ltr'>τῆς</span> 
     </span>
    </p>
   </div>
   <div class='ocr_carea' id='block_1_27' title="bbox 544 2437 2114 2515">
    <p class='ocr_par' dir='ltr' id='par_1_27' title="bbox 544 2437 2114 2515">
     <span class='ocr_line' id='line_1_27' title="bbox 544 2437 2114 2515; baseline -0.002 -18"><span class='ocrx_word' id='word_1_192' title='bbox 544 2443 751 2508; x_wconf 90' lang='grc' dir='ltr'>οἰκείας</span> <span class='ocrx_word' id='word_1_193' title='bbox 779 2443 1018 2513; x_wconf 78' lang='grc' dir='ltr'>κεφαλῆς</span> <span class='ocrx_word' id='word_1_194' title='bbox 1046 2444 1260 2498; x_wconf 74' lang='grc' dir='ltr'>ἅπαντα</span> <span class='ocrx_word' id='word_1_195' title='bbox 1297 2442 1706 2515; x_wconf 77' lang='grc' dir='ltr'>διαπράττεται.</span> <span class='ocrx_word' id='word_1_196' title='bbox 1740 2442 1850 2496; x_wconf 77' lang='grc' dir='ltr'>Καὶ</span> <span class='ocrx_word' id='word_1_197' title='bbox 1883 2437 1965 2511; x_wconf 79' lang='grc' dir='ltr'>ἦν</span> <span class='ocrx_word' id='word_1_198' title='bbox 1998 2442 2114 2495; x_wconf 74' lang='grc' dir='ltr'>Ἰω⁶</span> 
     </span>
    </p>
   </div>
   <div class='ocr_carea' id='block_1_28' title="bbox 545 2522 2111 2595">
    <p class='ocr_par' dir='ltr' id='par_1_28' title="bbox 545 2522 2111 2595">
     <span class='ocr_line' id='line_1_28' title="bbox 545 2522 2111 2595; baseline -0.003 -15"><span class='ocrx_word' id='word_1_199' title='bbox 545 2526 698 2595; x_wconf 57' lang='lat' dir='ltr'>vim,</span> <span class='ocrx_word' id='word_1_200' title='bbox 730 2528 897 2595; x_wconf 76' lang='grc' dir='ltr'>φησὶ,</span> <span class='ocrx_word' id='word_1_201' title='bbox 925 2524 1112 2591; x_wconf 67' lang='grc' dir='ltr'>καλὸς</span> <span class='ocrx_word' id='word_1_202' title='bbox 1138 2522 1221 2590; x_wconf 82' lang='grc' dir='ltr'>τῷ</span> <span class='ocrx_word' id='word_1_203' title='bbox 1242 2524 1388 2578; x_wconf 76' lang='grc' dir='ltr'>εῖδει</span> <span class='ocrx_word' id='word_1_204' title='bbox 1407 2563 1423 2589; x_wconf 93' lang='grc'>,</span> <span class='ocrx_word' id='word_1_205' title='bbox 1463 2524 1563 2579; x_wconf 80' lang='grc' dir='ltr'>καί</span> <span class='ocrx_word' id='word_1_206' title='bbox 1604 2524 1813 2592; x_wconf 76' lang='grc' dir='ltr'>ὡραῖος</span> <span class='ocrx_word' id='word_1_207' title='bbox 1848 2522 1923 2591; x_wconf 77' lang='grc' dir='ltr'>τῇ</span> <span class='ocrx_word' id='word_1_208' title='bbox 1954 2522 2111 2592; x_wconf 76' lang='grc' dir='ltr'>ὄψει.</span> 
     </span>
    </p>
   </div>
   <div class='ocr_carea' id='block_1_29' title="bbox 546 2604 2115 2678">
    <p class='ocr_par' dir='ltr' id='par_1_29' title="bbox 546 2604 2115 2678">
     <span class='ocr_line' id='line_1_29' title="bbox 546 2604 2115 2678; baseline -0.003 -16"><span class='ocrx_word' id='word_1_209' title='bbox 546 2610 704 2671; x_wconf 84' lang='grc' dir='ltr'>Τίνος</span> <span class='ocrx_word' id='word_1_210' title='bbox 750 2609 933 2661; x_wconf 78' lang='grc' dir='ltr'>ἐνεκεν</span> <span class='ocrx_word' id='word_1_211' title='bbox 975 2610 1106 2678; x_wconf 77' lang='grc' dir='ltr'>ἡμῖν</span> <span class='ocrx_word' id='word_1_212' title='bbox 1154 2609 1255 2678; x_wconf 79' lang='grc' dir='ltr'>τὴν</span> <span class='ocrx_word' id='word_1_213' title='bbox 1292 2607 1595 2678; x_wconf 79' lang='grc' dir='ltr'>εὐμορφίαν</span> <span class='ocrx_word' id='word_1_214' title='bbox 1625 2606 1721 2660; x_wconf 85' lang='grc' dir='ltr'>τοῦ</span> <span class='ocrx_word' id='word_1_215' title='bbox 1764 2604 2014 2675; x_wconf 81' lang='grc' dir='ltr'>σώματος</span> <span class='ocrx_word' id='word_1_216' title='bbox 2044 2605 2115 2658; x_wconf 81' lang='grc' dir='ltr'>δι·</span> 
     </span>
    </p>
   </div>
   <div class='ocr_carea' id='block_1_30' title="bbox 548 2687 2114 2759">
    <p class='ocr_par' dir='ltr' id='par_1_30' title="bbox 548 2687 2114 2759">
     <span class='ocr_line' id='line_1_30' title="bbox 548 2687 2114 2759; baseline -0.001 -17"><span class='ocrx_word' id='word_1_217' title='bbox 548 2691 797 2759; x_wconf 82' lang='grc' dir='ltr'>ηγείται;</span> <span class='ocrx_word' id='word_1_218' title='bbox 827 2690 944 2742; x_wconf 82' lang='grc' dir='ltr'>’Ίνα</span> <span class='ocrx_word' id='word_1_219' title='bbox 993 2689 1251 2759; x_wconf 82' lang='grc' dir='ltr'>μάθωμεν</span> <span class='ocrx_word' id='word_1_220' title='bbox 1280 2690 1361 2742; x_wconf 81' lang='grc' dir='ltr'>ὅτι</span> <span class='ocrx_word' id='word_1_221' title='bbox 1388 2690 1448 2742; x_wconf 86' lang='grc' dir='ltr'>οὐ</span> <span class='ocrx_word' id='word_1_222' title='bbox 1482 2690 1640 2759; x_wconf 87' lang='grc' dir='ltr'>μόνον</span> <span class='ocrx_word' id='word_1_223' title='bbox 1670 2691 1736 2759; x_wconf 74' lang='grc' dir='ltr'>τῇ</span> <span class='ocrx_word' id='word_1_224' title='bbox 1769 2688 1909 2741; x_wconf 86' lang='grc' dir='ltr'>κατά</span> <span class='ocrx_word' id='word_1_225' title='bbox 1936 2687 2114 2759; x_wconf 70' lang='grc' dir='ltr'>ψυχὴν</span> 
     </span>
    </p>
   </div>
   <div class='ocr_carea' id='block_1_31' title="bbox 546 2768 2115 2843">
    <p class='ocr_par' dir='ltr' id='par_1_31' title="bbox 546 2768 2115 2843">
     <span class='ocr_line' id='line_1_31' title="bbox 546 2768 2115 2843; baseline -0.001 -18"><span class='ocrx_word' id='word_1_226' title='bbox 546 2770 822 2843; x_wconf 72' lang='grc' dir='ltr'>εὐμορφία</span> <span class='ocrx_word' id='word_1_227' title='bbox 848 2768 915 2842; x_wconf 79' lang='grc' dir='ltr'>ἦν</span> <span class='ocrx_word' id='word_1_228' title='bbox 939 2771 1122 2835; x_wconf 80' lang='grc' dir='ltr'>καλὸς,</span> <span class='ocrx_word' id='word_1_229' title='bbox 1154 2770 1290 2824; x_wconf 84' lang='grc' dir='ltr'>ἀλλά</span> <span class='ocrx_word' id='word_1_230' title='bbox 1329 2774 1422 2825; x_wconf 72' lang='grc' dir='ltr'>καὶ</span> <span class='ocrx_word' id='word_1_231' title='bbox 1456 2771 1535 2842; x_wconf 82' lang='grc' dir='ltr'>τῷ</span> <span class='ocrx_word' id='word_1_232' title='bbox 1579 2770 1812 2841; x_wconf 85' lang='grc' dir='ltr'>σώματι.</span> <span class='ocrx_word' id='word_1_233' title='bbox 1851 2772 1940 2823; x_wconf 84' lang='grc' dir='ltr'>Ἐν</span> <span class='ocrx_word' id='word_1_234' title='bbox 1967 2770 2115 2841; x_wconf 82' lang='grc' dir='ltr'>αὐτῷ</span> 
     </span>
    </p>
   </div>
   <div class='ocr_carea' id='block_1_32' title="bbox 549 2850 2115 2926">
    <p class='ocr_par' dir='ltr' id='par_1_32' title="bbox 549 2850 2115 2926">
     <span class='ocr_line' id='line_1_32' title="bbox 549 2850 2115 2926; baseline -0.002 -17"><span class='ocrx_word' id='word_1_235' title='bbox 549 2855 657 2926; x_wconf 85' lang='grc' dir='ltr'>γὰρ</span> <span class='ocrx_word' id='word_1_236' title='bbox 682 2854 760 2925; x_wconf 80' lang='grc' dir='ltr'>τῷ</span> <span class='ocrx_word' id='word_1_237' title='bbox 785 2853 936 2907; x_wconf 83' lang='grc' dir='ltr'>άνθει</span> <span class='ocrx_word' id='word_1_238' title='bbox 962 2854 1059 2924; x_wconf 84' lang='grc' dir='ltr'>τῆς</span> <span class='ocrx_word' id='word_1_239' title='bbox 1083 2852 1301 2924; x_wconf 79' lang='grc' dir='ltr'>ἡλικίας</span> <span class='ocrx_word' id='word_1_240' title='bbox 1329 2856 1446 2916; x_wconf 86' lang='grc' dir='ltr'>νέος</span> <span class='ocrx_word' id='word_1_241' title='bbox 1470 2850 1559 2922; x_wconf 80' lang='grc' dir='ltr'>ἦν,</span> <span class='ocrx_word' id='word_1_242' title='bbox 1588 2856 1679 2907; x_wconf 77' lang='grc' dir='ltr'>καὶ</span> <span class='ocrx_word' id='word_1_243' title='bbox 1700 2854 1901 2920; x_wconf 62' lang='grc' dir='ltr'>Καλὸς</span> <span class='ocrx_word' id='word_1_244' title='bbox 1928 2852 2008 2919; x_wconf 84' lang='grc' dir='ltr'>τῷ</span> <span class='ocrx_word' id='word_1_245' title='bbox 2032 2853 2115 2907; x_wconf 80' lang='lat' dir='ltr'>el-</span> 
     </span>
    </p>
   </div>
   <div class='ocr_carea' id='block_1_33' title="bbox 548 2935 2116 3006">
    <p class='ocr_par' dir='ltr' id='par_1_33' title="bbox 548 2935 2116 3006">
     <span class='ocr_line' id='line_1_33' title="bbox 548 2935 2116 3006; baseline -0.002 -15"><span class='ocrx_word' id='word_1_246' title='bbox 548 2939 637 2992; x_wconf 81' lang='grc' dir='ltr'>δει</span> <span class='ocrx_word' id='word_1_247' title='bbox 655 2974 670 3002; x_wconf 88' lang='grc'>,</span> <span class='ocrx_word' id='word_1_248' title='bbox 697 2938 796 2990; x_wconf 79' lang='grc' dir='ltr'>καί</span> <span class='ocrx_word' id='word_1_249' title='bbox 826 2936 1040 3005; x_wconf 79' lang='grc' dir='ltr'>ὡραῖος</span> <span class='ocrx_word' id='word_1_250' title='bbox 1060 2935 1133 3005; x_wconf 77' lang='grc' dir='ltr'>τῇ</span> <span class='ocrx_word' id='word_1_251' title='bbox 1167 2937 1323 3006; x_wconf 72' lang='grc' dir='ltr'>ὄψει.</span> <span class='ocrx_word' id='word_1_252' title='bbox 1361 2935 1546 2990; x_wconf 80' lang='grc' dir='ltr'>Ταῦτα</span> <span class='ocrx_word' id='word_1_253' title='bbox 1570 2937 1625 2990; x_wconf 87' lang='grc' dir='ltr'>δέ</span> <span class='ocrx_word' id='word_1_254' title='bbox 1650 2935 1995 3006; x_wconf 90' lang='grc' dir='ltr'>προλαϐοῦσα</span> <span class='ocrx_word' id='word_1_255' title='bbox 2038 2936 2116 2988; x_wconf 86' lang='grc' dir='ltr'>δι-</span> 
     </span>
    </p>
   </div>
   <div class='ocr_carea' id='block_1_34' title="bbox 549 3016 2114 3093">
    <p class='ocr_par' dir='ltr' id='par_1_34' title="bbox 549 3016 2114 3093">
     <span class='ocr_line' id='line_1_34' title="bbox 549 3016 2114 3093; baseline 0.001 -21"><span class='ocrx_word' id='word_1_256' title='bbox 549 3022 764 3091; x_wconf 85' lang='grc' dir='ltr'>ηγεῖται</span> <span class='ocrx_word' id='word_1_257' title='bbox 797 3020 924 3090; x_wconf 83' lang='grc' dir='ltr'>περὶ</span> <span class='ocrx_word' id='word_1_258' title='bbox 954 3019 1118 3072; x_wconf 84' lang='grc' dir='ltr'>αὐτοῦ</span> <span class='ocrx_word' id='word_1_259' title='bbox 1164 3022 1196 3089; x_wconf 84' lang='grc' dir='ltr'>ἠ</span> <span class='ocrx_word' id='word_1_260' title='bbox 1241 3019 1359 3073; x_wconf 88' lang='grc' dir='ltr'>θεία</span> <span class='ocrx_word' id='word_1_261' title='bbox 1390 3016 1428 3071; x_wconf 82' lang='grc' dir='ltr'><strong>Γ</strong></span> <span class='ocrx_word' id='word_1_262' title='bbox 1433 3021 1601 3090; x_wconf 82' lang='grc' dir='ltr'>ραφὴ,</span> <span class='ocrx_word' id='word_1_263' title='bbox 1630 3021 1718 3075; x_wconf 82' lang='grc' dir='ltr'>ἵνα</span> <span class='ocrx_word' id='word_1_264' title='bbox 1747 3019 1931 3093; x_wconf 83' lang='grc' dir='ltr'>διδάξῃ</span> <span class='ocrx_word' id='word_1_265' title='bbox 1968 3021 2114 3091; x_wconf 76' lang='grc' dir='ltr'>ἡμᾶς</span> 
     </span>
    </p>
   </div>
   <div class='ocr_carea' id='block_1_35' title="bbox 547 3101 2116 3174">
    <p class='ocr_par' dir='ltr' id='par_1_35' title="bbox 547 3101 2116 3174">
     <span class='ocr_line' id='line_1_35' title="bbox 547 3101 2116 3174; baseline 0.001 -19"><span class='ocrx_word' id='word_1_266' title='bbox 547 3103 624 3164; x_wconf 82' lang='grc' dir='ltr'>ὡς</span> <span class='ocrx_word' id='word_1_267' title='bbox 644 3101 845 3155; x_wconf 77' lang='grc' dir='ltr'>ἁλοῦσα</span> <span class='ocrx_word' id='word_1_268' title='bbox 875 3101 953 3172; x_wconf 83' lang='grc' dir='ltr'>τῷ</span> <span class='ocrx_word' id='word_1_269' title='bbox 979 3101 1161 3154; x_wconf 87' lang='grc' dir='ltr'>κάλλει</span> <span class='ocrx_word' id='word_1_270' title='bbox 1191 3102 1284 3155; x_wconf 85' lang='grc' dir='ltr'>τοῦ</span> <span class='ocrx_word' id='word_1_271' title='bbox 1315 3103 1594 3156; x_wconf 80' lang='grc' dir='ltr'>νεανίσκου</span> <span class='ocrx_word' id='word_1_272' title='bbox 1617 3104 1650 3173; x_wconf 80' lang='grc' dir='ltr'>ἡ</span> <span class='ocrx_word' id='word_1_273' title='bbox 1676 3103 1951 3172; x_wconf 79' lang='grc' dir='ltr'>Αἰγυπτία</span> <span class='ocrx_word' id='word_1_274' title='bbox 1981 3103 2116 3174; x_wconf 87' lang='grc' dir='ltr'>πρὸς</span> 
     </span>
    </p>
   </div>
   <div class='ocr_carea' id='block_1_36' title="bbox 536 3182 2117 3255">
    <p class='ocr_par' dir='ltr' id='par_1_36' title="bbox 536 3182 2117 3255">
     <span class='ocr_line' id='line_1_36' title="bbox 536 3182 2117 3255; baseline 0.001 -18"><span class='ocrx_word' id='word_1_275' title='bbox 536 3182 648 3253; x_wconf 78' lang='grc' dir='ltr'>-τῆν</span> <span class='ocrx_word' id='word_1_276' title='bbox 695 3183 1010 3253; x_wconf 85' lang='grc' dir='ltr'>παράνομον</span> <span class='ocrx_word' id='word_1_277' title='bbox 1068 3184 1284 3254; x_wconf 84' lang='grc' dir='ltr'>ἐκείνην</span> <span class='ocrx_word' id='word_1_278' title='bbox 1338 3184 1483 3255; x_wconf 80' lang='grc' dir='ltr'>μίξιν</span> <span class='ocrx_word' id='word_1_279' title='bbox 1529 3186 1691 3240; x_wconf 81' lang='grc' dir='ltr'>αὐτὸν</span> <span class='ocrx_word' id='word_1_280' title='bbox 1742 3186 1945 3242; x_wconf 91' lang='grc' dir='ltr'>ἐκάλει.</span> <span class='ocrx_word' id='word_1_281' title='bbox 2004 3185 2117 3240; x_wconf 81' lang='grc' dir='ltr'>Καὶ</span> 
     </span>
    </p>
   </div>
   <div class='ocr_carea' id='block_1_37' title="bbox 547 3266 2118 3335">
    <p class='ocr_par' dir='ltr' id='par_1_37' title="bbox 547 3266 2118 3335">
     <span class='ocr_line' id='line_1_37' title="bbox 547 3266 2118 3335; baseline 0.002 -16"><span class='ocrx_word' id='word_1_282' title='bbox 547 3266 804 3335; x_wconf 61' lang='grc' dir='ltr'>ἑγέὶρετο,</span> <span class='ocrx_word' id='word_1_283' title='bbox 836 3267 989 3335; x_wconf 79' lang='grc' dir='ltr'>φησὶ,</span> <span class='ocrx_word' id='word_1_284' title='bbox 1013 3268 1162 3335; x_wconf 82' lang='grc' dir='ltr'>μετὰ</span> <span class='ocrx_word' id='word_1_285' title='bbox 1190 3269 1390 3322; x_wconf 77' lang='grc' dir='ltr'>ταῦτα.</span> <span class='ocrx_word' id='word_1_286' title='bbox 1439 3270 1503 3321; x_wconf 90' lang='grc' dir='ltr'>Τί</span> <span class='ocrx_word' id='word_1_287' title='bbox 1532 3270 1667 3334; x_wconf 85' lang='grc' dir='ltr'>ἐστι,</span> <span class='ocrx_word' id='word_1_288' title='bbox 1704 3271 1862 3325; x_wconf 79' lang='grc' dir='ltr'>Μετὰ</span> <span class='ocrx_word' id='word_1_289' title='bbox 1897 3269 2118 3335; x_wconf 80' lang='grc' dir='ltr'>ταῦτα;</span> 
     </span>
    </p>
   </div>
   <div class='ocr_carea' id='block_1_38' title="bbox 549 3348 2119 3422">
    <p class='ocr_par' dir='ltr' id='par_1_38' title="bbox 549 3348 2119 3422">
     <span class='ocr_line' id='line_1_38' title="bbox 549 3348 2119 3422; baseline 0.002 -19"><span class='ocrx_word' id='word_1_290' title='bbox 549 3348 704 3403; x_wconf 74' lang='grc' dir='ltr'>Μετὰ</span> <span class='ocrx_word' id='word_1_291' title='bbox 735 3349 796 3402; x_wconf 83' lang='grc' dir='ltr'>τὸ</span> <span class='ocrx_word' id='word_1_292' title='bbox 826 3348 1004 3418; x_wconf 83' lang='grc' dir='ltr'>πάσης</span> <span class='ocrx_word' id='word_1_293' title='bbox 1038 3351 1133 3421; x_wconf 84' lang='grc' dir='ltr'>τῆς</span> <span class='ocrx_word' id='word_1_294' title='bbox 1166 3352 1343 3415; x_wconf 78' lang='grc' dir='ltr'>οἰκίας</span> <span class='ocrx_word' id='word_1_295' title='bbox 1369 3352 1467 3422; x_wconf 75' lang='grc' dir='ltr'>τὴν</span> <span class='ocrx_word' id='word_1_296' title='bbox 1499 3353 1743 3417; x_wconf 76' lang='grc' dir='ltr'>ἐξουσίαν</span> <span class='ocrx_word' id='word_1_297' title='bbox 1770 3353 1932 3407; x_wconf 84' lang='grc' dir='ltr'>αὐτὸν</span> <span class='ocrx_word' id='word_1_298' title='bbox 1955 3354 2119 3422; x_wconf 80' lang='grc' dir='ltr'>ἐμπι-</span> 
     </span>
    </p>
   </div>
   <div class='ocr_carea' id='block_1_39' title="bbox 549 3430 2116 3507">
    <p class='ocr_par' dir='ltr' id='par_1_39' title="bbox 549 3430 2116 3507">
     <span class='ocr_line' id='line_1_39' title="bbox 549 3430 2116 3507; baseline 0.004 -23"><span class='ocrx_word' id='word_1_299' title='bbox 549 3430 859 3503; x_wconf 84' lang='grc' dir='ltr'>οτευθῆναι,</span> <span class='ocrx_word' id='word_1_300' title='bbox 887 3433 982 3485; x_wconf 80' lang='grc' dir='ltr'>καὶ</span> <span class='ocrx_word' id='word_1_301' title='bbox 1013 3432 1149 3503; x_wconf 82' lang='grc' dir='ltr'>μετά</span> <span class='ocrx_word' id='word_1_302' title='bbox 1181 3434 1243 3486; x_wconf 78' lang='grc' dir='ltr'>τὸ</span> <span class='ocrx_word' id='word_1_303' title='bbox 1271 3436 1327 3488; x_wconf 86' lang='grc' dir='ltr'>ἐν</span> <span class='ocrx_word' id='word_1_304' title='bbox 1351 3435 1590 3507; x_wconf 79' lang='grc' dir='ltr'>τοσαύτῃ</span> <span class='ocrx_word' id='word_1_305' title='bbox 1622 3431 1763 3489; x_wconf 81' lang='grc' dir='ltr'>εἶναι</span> <span class='ocrx_word' id='word_1_306' title='bbox 1788 3438 1921 3507; x_wconf 78' lang='grc' dir='ltr'>τιμῇ</span> <span class='ocrx_word' id='word_1_307' title='bbox 1951 3436 2116 3503; x_wconf 71' lang='grc' dir='ltr'>ἀξιωο</span> 
     </span>
    </p>
   </div>
   <div class='ocr_carea' id='block_1_40' title="bbox 549 3514 2117 3587">
    <p class='ocr_par' dir='ltr' id='par_1_40' title="bbox 549 3514 2117 3587">
     <span class='ocr_line' id='line_1_40' title="bbox 549 3514 2117 3587; baseline 0.003 -19"><span class='ocrx_word' id='word_1_308' title='bbox 549 3515 709 3586; x_wconf 84' lang='grc' dir='ltr'>θῆναι</span> <span class='ocrx_word' id='word_1_309' title='bbox 744 3514 895 3584; x_wconf 88' lang='grc' dir='ltr'>παρά</span> <span class='ocrx_word' id='word_1_310' title='bbox 924 3514 1018 3568; x_wconf 90' lang='grc' dir='ltr'>τοῦ</span> <span class='ocrx_word' id='word_1_311' title='bbox 1058 3514 1320 3571; x_wconf 74' lang='grc' dir='ltr'>δεσπότου</span> <span class='ocrx_word' id='word_1_312' title='bbox 1339 3558 1355 3582; x_wconf 89' lang='grc'>,</span> <span class='ocrx_word' id='word_1_313' title='bbox 1392 3518 1720 3572; x_wconf 73' lang='grc' dir='ltr'>Ἐπέϐαλεν</span> <span class='ocrx_word' id='word_1_314' title='bbox 1748 3521 1786 3587; x_wconf 75' lang='grc' dir='ltr'><strong><em>ἡ</em></strong></span> <span class='ocrx_word' id='word_1_315' title='bbox 1813 3518 1969 3587; x_wconf 71' lang='grc' dir='ltr'>γυνὴ</span> <span class='ocrx_word' id='word_1_316' title='bbox 2010 3518 2117 3572; x_wconf 85' lang='grc' dir='ltr'>τοῦ</span> 
     </span>
    </p>
   </div>
   <div class='ocr_carea' id='block_1_41' title="bbox 547 3596 2119 3669">
    <p class='ocr_par' dir='ltr' id='par_1_41' title="bbox 547 3596 2119 3669">
     <span class='ocr_line' id='line_1_41' title="bbox 547 3596 2119 3669; baseline 0.002 -17"><span class='ocrx_word' id='word_1_317' title='bbox 547 3598 759 3667; x_wconf 75' lang='grc' dir='ltr'>κυρίου</span> <span class='ocrx_word' id='word_1_318' title='bbox 808 3596 994 3651; x_wconf 80' lang='grc' dir='ltr'>αὑτοῦ</span> <span class='ocrx_word' id='word_1_319' title='bbox 1046 3597 1189 3662; x_wconf 85' lang='grc' dir='ltr'>τοὺς</span> <span class='ocrx_word' id='word_1_320' title='bbox 1239 3600 1584 3669; x_wconf 64' lang='grc' dir='ltr'>ὀφθαλμοὺς</span> <span class='ocrx_word' id='word_1_321' title='bbox 1633 3601 1823 3669; x_wconf 77' lang='grc' dir='ltr'>αὐτῆς</span> <span class='ocrx_word' id='word_1_322' title='bbox 1863 3602 1960 3655; x_wconf 76' lang='grc' dir='ltr'>ἐπὶ</span> <span class='ocrx_word' id='word_1_323' title='bbox 2012 3604 2119 3655; x_wconf 82' lang='grc' dir='ltr'>τὸν</span> 
     </span>
    </p>
   </div>
   <div class='ocr_carea' id='block_1_42' title="bbox 562 3675 2113 3754">
    <p class='ocr_par' dir='ltr' id='par_1_42' title="bbox 562 3675 2113 3754">
     <span class='ocr_line' id='line_1_42' title="bbox 562 3675 2113 3754; baseline 0.003 -20"><span class='ocrx_word' id='word_1_324' title='bbox 562 3675 952 3751; x_wconf 69' lang='grc' dir='ltr'>Ἰωήφ.”ορα</span> <span class='ocrx_word' id='word_1_325' title='bbox 978 3680 1077 3751; x_wconf 75' lang='grc' dir='ltr'>τὴν</span> <span class='ocrx_word' id='word_1_326' title='bbox 1098 3681 1368 3737; x_wconf 87' lang='grc' dir='ltr'>ἀναίδειαν</span> <span class='ocrx_word' id='word_1_327' title='bbox 1386 3684 1488 3754; x_wconf 81' lang='grc' dir='ltr'>τῆς</span> <span class='ocrx_word' id='word_1_328' title='bbox 1515 3685 1812 3739; x_wconf 83' lang='grc' dir='ltr'>ἀκολάστου</span> <span class='ocrx_word' id='word_1_329' title='bbox 1836 3686 2113 3753; x_wconf 89' lang='grc' dir='ltr'>γυναικός.</span> 
     </span>
    </p>
   </div>
   <div class='ocr_carea' id='block_1_43' title="bbox 548 3759 2114 3840">
    <p class='ocr_par' dir='ltr' id='par_1_43' title="bbox 548 3759 2114 3840">
     <span class='ocr_line' id='line_1_43' title="bbox 548 3759 2114 3840; baseline 0.003 -23"><span class='ocrx_word' id='word_1_330' title='bbox 548 3764 663 3834; x_wconf 87' lang='grc' dir='ltr'>Οὐχ</span> <span class='ocrx_word' id='word_1_331' title='bbox 689 3764 772 3816; x_wconf 83' lang='grc' dir='ltr'>ὅτι</span> <span class='ocrx_word' id='word_1_332' title='bbox 804 3762 1061 3816; x_wconf 75' lang='grc' dir='ltr'>δέσποινα</span> <span class='ocrx_word' id='word_1_333' title='bbox 1105 3759 1243 3817; x_wconf 77' lang='grc' dir='ltr'>εἶναι</span> <span class='ocrx_word' id='word_1_334' title='bbox 1273 3765 1553 3836; x_wconf 71' lang='grc' dir='ltr'>ἐνομίζετο</span> <span class='ocrx_word' id='word_1_335' title='bbox 1576 3769 1634 3820; x_wconf 86' lang='grc' dir='ltr'>ἐν</span> <span class='ocrx_word' id='word_1_336' title='bbox 1659 3769 1869 3840; x_wconf 75' lang='grc' dir='ltr'>διανοίᾳ.</span> <span class='ocrx_word' id='word_1_337' title='bbox 1901 3767 2114 3833; x_wconf 79' lang='grc' dir='ltr'>ἐλαϐεν,</span> 
     </span>
    </p>
   </div>
   <div class='ocr_carea' id='block_1_44' title="bbox 544 3841 2118 3923">
    <p class='ocr_par' dir='ltr' id='par_1_44' title="bbox 544 3841 2118 3923">
     <span class='ocr_line' id='line_1_44' title="bbox 544 3841 2118 3923; baseline 0.003 -24"><span class='ocrx_word' id='word_1_338' title='bbox 544 3847 647 3915; x_wconf 82' lang='grc' dir='ltr'>οὐχ</span> <span class='ocrx_word' id='word_1_339' title='bbox 680 3845 763 3899; x_wconf 82' lang='grc' dir='ltr'>δτι</span> <span class='ocrx_word' id='word_1_340' title='bbox 787 3845 1002 3916; x_wconf 81' lang='grc' dir='ltr'>οἰκέτης</span> <span class='ocrx_word' id='word_1_341' title='bbox 1032 3841 1101 3915; x_wconf 78' lang='grc' dir='ltr'>ἦν</span> <span class='ocrx_word' id='word_1_342' title='bbox 1127 3848 1332 3911; x_wconf 83' lang='grc' dir='ltr'>ἐκεῖνος</span> <span class='ocrx_word' id='word_1_343' title='bbox 1353 3886 1371 3911; x_wconf 91' lang='grc'>,</span> <span class='ocrx_word' id='word_1_344' title='bbox 1411 3849 1525 3902; x_wconf 79' lang='grc' dir='ltr'>ἀλλ’</span> <span class='ocrx_word' id='word_1_345' title='bbox 1560 3850 1665 3903; x_wconf 73' lang='grc' dir='ltr'>ὐπὸ</span> <span class='ocrx_word' id='word_1_346' title='bbox 1690 3851 1788 3920; x_wconf 85' lang='grc' dir='ltr'>τῆς</span> <span class='ocrx_word' id='word_1_347' title='bbox 1814 3852 2118 3923; x_wconf 80' lang='grc' dir='ltr'>εὐμορφίας</span> 
     </span>
    </p>
   </div>
   <div class='ocr_carea' id='block_1_45' title="bbox 546 3923 2114 4004">
    <p class='ocr_par' dir='ltr' id='par_1_45' title="bbox 546 3923 2114 4004">
     <span class='ocr_line' id='line_1_45' title="bbox 546 3923 2114 4004; baseline 0.001 -20"><span class='ocrx_word' id='word_1_348' title='bbox 546 3923 769 3995; x_wconf 81' lang='grc' dir='ltr'>ἁλοῦσα,</span> <span class='ocrx_word' id='word_1_349' title='bbox 800 3930 896 3982; x_wconf 77' lang='grc' dir='ltr'>καὶ</span> <span class='ocrx_word' id='word_1_350' title='bbox 926 3928 1016 3983; x_wconf 88' lang='grc' dir='ltr'>τὸν</span> <span class='ocrx_word' id='word_1_351' title='bbox 1039 3930 1367 4001; x_wconf 76' lang='grc' dir='ltr'>ἐμπρησμὸν</span> <span class='ocrx_word' id='word_1_352' title='bbox 1394 3932 1484 3985; x_wconf 80' lang='grc' dir='ltr'>τὸν</span> <span class='ocrx_word' id='word_1_353' title='bbox 1508 3933 1795 3988; x_wconf 77' lang='grc' dir='ltr'>σατανικὸν</span> <span class='ocrx_word' id='word_1_354' title='bbox 1820 3932 2114 4004; x_wconf 82' lang='grc' dir='ltr'>δεξαμένη,</span> 
     </span>
    </p>
   </div>
   <div class='ocr_carea' id='block_1_46' title="bbox 549 4010 2118 4085">
    <p class='ocr_par' dir='ltr' id='par_1_46' title="bbox 549 4010 2118 4085">
     <span class='ocr_line' id='line_1_46' title="bbox 549 4010 2118 4085; baseline 0.004 -23"><span class='ocrx_word' id='word_1_355' title='bbox 549 4010 818 4081; x_wconf 78' lang='grc' dir='ltr'>ἐπιπηδᾷν</span> <span class='ocrx_word' id='word_1_356' title='bbox 852 4010 1147 4082; x_wconf 80' lang='grc' dir='ltr'>’ἐπεχείρει</span> <span class='ocrx_word' id='word_1_357' title='bbox 1191 4012 1375 4066; x_wconf 75' lang='grc' dir='ltr'>λοιπὸν</span> <span class='ocrx_word' id='word_1_358' title='bbox 1420 4013 1498 4084; x_wconf 84' lang='grc' dir='ltr'>τῷ</span> <span class='ocrx_word' id='word_1_359' title='bbox 1547 4016 1844 4085; x_wconf 83' lang='grc' dir='ltr'>νεανίσκῳ,</span> <span class='ocrx_word' id='word_1_360' title='bbox 1898 4016 1994 4069; x_wconf 78' lang='grc' dir='ltr'>καὶ</span> <span class='ocrx_word' id='word_1_361' title='bbox 2027 4014 2118 4069; x_wconf 79' lang='grc' dir='ltr'>τὸν</span> 
     </span>
    </p>
   </div>
   <div class='ocr_carea' id='block_1_47' title="bbox 548 4088 2115 4168">
    <p class='ocr_par' dir='ltr' id='par_1_47' title="bbox 548 4088 2115 4168">
     <span class='ocr_line' id='line_1_47' title="bbox 548 4088 2115 4168; baseline 0.003 -23"><span class='ocrx_word' id='word_1_362' title='bbox 548 4091 783 4163; x_wconf 80' lang='grc' dir='ltr'>πονηρὸν</span> <span class='ocrx_word' id='word_1_363' title='bbox 816 4088 1002 4146; x_wconf 84' lang='grc' dir='ltr'>τοῦτον</span> <span class='ocrx_word' id='word_1_364' title='bbox 1031 4094 1287 4165; x_wconf 81' lang='grc' dir='ltr'>λογισμὸν</span> <span class='ocrx_word' id='word_1_365' title='bbox 1334 4098 1392 4149; x_wconf 88' lang='grc' dir='ltr'>ἐν</span> <span class='ocrx_word' id='word_1_366' title='bbox 1433 4098 1499 4167; x_wconf 79' lang='grc' dir='ltr'>τῇ</span> <span class='ocrx_word' id='word_1_367' title='bbox 1549 4098 1756 4167; x_wconf 78' lang='grc' dir='ltr'>διανοίᾳ</span> <span class='ocrx_word' id='word_1_368' title='bbox 1799 4098 2115 4168; x_wconf 87' lang='grc' dir='ltr'>συνέχουσα,</span> 
     </span>
    </p>
   </div>
   <div class='ocr_carea' id='block_1_48' title="bbox 551 4173 2115 4251">
    <p class='ocr_par' dir='ltr' id='par_1_48' title="bbox 551 4173 2115 4251">
     <span class='ocr_line' id='line_1_48' title="bbox 551 4173 2115 4251; baseline 0.004 -23"><span class='ocrx_word' id='word_1_369' title='bbox 551 4173 741 4244; x_wconf 80' lang='grc' dir='ltr'>καιρὸν</span> <span class='ocrx_word' id='word_1_370' title='bbox 785 4173 1045 4244; x_wconf 82' lang='grc' dir='ltr'>ἐπεζήτει</span> <span class='ocrx_word' id='word_1_371' title='bbox 1081 4177 1176 4229; x_wconf 69' lang='grc' dir='ltr'>καὶ</span> <span class='ocrx_word' id='word_1_372' title='bbox 1212 4177 1450 4248; x_wconf 80' lang='grc' dir='ltr'>ἐρημίαν</span> <span class='ocrx_word' id='word_1_373' title='bbox 1494 4179 1592 4249; x_wconf 83' lang='grc' dir='ltr'>τὴν</span> <span class='ocrx_word' id='word_1_374' title='bbox 1624 4179 1927 4250; x_wconf 83' lang='grc' dir='ltr'>δυναμένην</span> <span class='ocrx_word' id='word_1_375' title='bbox 1974 4182 2115 4251; x_wconf 73' lang='grc' dir='ltr'>αὐτῇ</span> 
     </span>
    </p>
   </div>
   <div class='ocr_carea' id='block_1_49' title="bbox 550 4254 2113 4333">
    <p class='ocr_par' dir='ltr' id='par_1_49' title="bbox 550 4254 2113 4333">
     <span class='ocr_line' id='line_1_49' title="bbox 550 4254 2113 4333; baseline 0.004 -25"><span class='ocrx_word' id='word_1_376' title='bbox 550 4254 870 4326; x_wconf 79' lang='grc' dir='ltr'>συμπρᾶξαι</span> <span class='ocrx_word' id='word_1_377' title='bbox 910 4258 1045 4328; x_wconf 77' lang='grc' dir='ltr'>πρὸς</span> <span class='ocrx_word' id='word_1_378' title='bbox 1068 4259 1165 4330; x_wconf 77' lang='grc' dir='ltr'>τὴν</span> <span class='ocrx_word' id='word_1_379' title='bbox 1188 4260 1503 4331; x_wconf 83' lang='grc' dir='ltr'>παράνομον</span> <span class='ocrx_word' id='word_1_380' title='bbox 1524 4260 1727 4333; x_wconf 87' lang='grc' dir='ltr'>ταύτην</span> <span class='ocrx_word' id='word_1_381' title='bbox 1754 4262 2113 4333; x_wconf 81' lang='grc' dir='ltr'>ἐπιχείρησιν.</span> 
     </span>
    </p>
   </div>
   <div class='ocr_carea' id='block_1_50' title="bbox 563 4335 2117 4413">
    <p class='ocr_par' dir='ltr' id='par_1_50' title="bbox 563 4335 2117 4413">
     <span class='ocr_line' id='line_1_50' title="bbox 563 4335 2117 4413; baseline 0.006 -24"><span class='ocrx_word' id='word_1_382' title='bbox 563 4335 622 4389; x_wconf 86' lang='lat'><strong>&#39;0</strong></span> <span class='ocrx_word' id='word_1_383' title='bbox 653 4337 731 4400; x_wconf 82' lang='grc' dir='ltr'>δέ,</span> <span class='ocrx_word' id='word_1_384' title='bbox 763 4340 945 4409; x_wconf 64' lang='grc' dir='ltr'>φησιν,</span> <span class='ocrx_word' id='word_1_385' title='bbox 974 4341 1075 4394; x_wconf 91' lang='grc' dir='ltr'>οὐκ</span> <span class='ocrx_word' id='word_1_386' title='bbox 1099 4341 1289 4413; x_wconf 75' lang='grc' dir='ltr'>ἤθελεν</span> <span class='ocrx_word' id='word_1_387' title='bbox 1308 4358 1324 4375; x_wconf 90' lang='grc'><strong>·</strong></span> <span class='ocrx_word' id='word_1_388' title='bbox 1349 4344 1448 4396; x_wconf 89' lang='grc' dir='ltr'>οὐκ</span> <span class='ocrx_word' id='word_1_389' title='bbox 1472 4344 1737 4407; x_wconf 84' lang='grc' dir='ltr'>ἐπείθετο,</span> <span class='ocrx_word' id='word_1_390' title='bbox 1758 4346 1876 4398; x_wconf 84' lang='grc' dir='ltr'>οὐδέ</span> <span class='ocrx_word' id='word_1_391' title='bbox 1898 4345 2117 4398; x_wconf 82' lang='grc' dir='ltr'>κατεδέ-</span> 
     </span>
    </p>
   </div>
   <div class='ocr_carea' id='block_1_51' title="bbox 551 4422 2117 4499">
    <p class='ocr_par' dir='ltr' id='par_1_51' title="bbox 551 4422 2117 4499">
     <span class='ocr_line' id='line_1_51' title="bbox 551 4422 2117 4499; baseline 0.006 -27"><span class='ocrx_word' id='word_1_392' title='bbox 551 4437 677 4491; x_wconf 83' lang='grc' dir='ltr'>χετο</span> <span class='ocrx_word' id='word_1_393' title='bbox 706 4422 777 4474; x_wconf 86' lang='grc' dir='ltr'>τά</span> <span class='ocrx_word' id='word_1_394' title='bbox 806 4424 937 4493; x_wconf 82' lang='grc' dir='ltr'>παρ’</span> <span class='ocrx_word' id='word_1_395' title='bbox 960 4423 1176 4494; x_wconf 79' lang='grc' dir='ltr'>ἐκείνης</span> <span class='ocrx_word' id='word_1_396' title='bbox 1210 4427 1451 4495; x_wconf 74' lang='grc' dir='ltr'>ῥήματα.</span> <span class='ocrx_word' id='word_1_397' title='bbox 1475 4427 1627 4498; x_wconf 83' lang='grc' dir='ltr'>ᾜδει</span> <span class='ocrx_word' id='word_1_398' title='bbox 1648 4427 1758 4499; x_wconf 79' lang='grc' dir='ltr'>γὰρ</span> <span class='ocrx_word' id='word_1_399' title='bbox 1780 4428 1945 4482; x_wconf 78' lang='grc' dir='ltr'>πολὺν</span> <span class='ocrx_word' id='word_1_400' title='bbox 1969 4428 2117 4498; x_wconf 83' lang='grc' dir='ltr'>αὐτῷ</span> 
     </span>
    </p>
   </div>
   <div class='ocr_carea' id='block_1_52' title="bbox 553 4502 2118 4580">
    <p class='ocr_par' dir='ltr' id='par_1_52' title="bbox 553 4502 2118 4580">
     <span class='ocr_line' id='line_1_52' title="bbox 553 4502 2118 4580; baseline 0.008 -26"><span class='ocrx_word' id='word_1_401' title='bbox 553 4502 788 4574; x_wconf 84' lang='grc' dir='ltr'>φέροντα</span> <span class='ocrx_word' id='word_1_402' title='bbox 814 4506 903 4556; x_wconf 81' lang='grc' dir='ltr'>τὸν</span> <span class='ocrx_word' id='word_1_403' title='bbox 940 4504 1157 4576; x_wconf 73' lang='grc' dir='ltr'>ὄλεθρον</span> <span class='ocrx_word' id='word_1_404' title='bbox 1178 4524 1192 4537; x_wconf 88' lang='grc'><strong>·</strong></span> <span class='ocrx_word' id='word_1_405' title='bbox 1225 4509 1321 4561; x_wconf 76' lang='grc' dir='ltr'>καὶ</span> <span class='ocrx_word' id='word_1_406' title='bbox 1358 4510 1419 4561; x_wconf 91' lang='grc' dir='ltr'>οὐ</span> <span class='ocrx_word' id='word_1_407' title='bbox 1473 4509 1631 4580; x_wconf 87' lang='grc' dir='ltr'>μόνον</span> <span class='ocrx_word' id='word_1_408' title='bbox 1667 4513 1734 4564; x_wconf 75' lang='grc' dir='ltr'>τὰ</span> <span class='ocrx_word' id='word_1_409' title='bbox 1773 4511 1895 4564; x_wconf 87' lang='grc' dir='ltr'>καθ’</span> <span class='ocrx_word' id='word_1_410' title='bbox 1926 4513 2118 4566; x_wconf 79' lang='grc' dir='ltr'>ἑαυτὸν</span> 
     </span>
    </p>
   </div>
   <div class='ocr_carea' id='block_1_53' title="bbox 551 4585 2118 4661">
    <p class='ocr_par' dir='ltr' id='par_1_53' title="bbox 551 4585 2118 4661">
     <span class='ocr_line' id='line_1_53' title="bbox 551 4585 2118 4661; baseline 0.009 -25"><span class='ocrx_word' id='word_1_411' title='bbox 551 4585 798 4661; x_wconf 78' lang='grc' dir='ltr'>ἐσκόπει,</span> <span class='ocrx_word' id='word_1_412' title='bbox 827 4587 961 4638; x_wconf 79' lang='grc' dir='ltr'>ἀλλὰ.</span> <span class='ocrx_word' id='word_1_413' title='bbox 995 4588 1228 4658; x_wconf 79' lang='grc' dir='ltr'>σπουδὴν</span> <span class='ocrx_word' id='word_1_414' title='bbox 1254 4591 1487 4643; x_wconf 82' lang='grc' dir='ltr'>ἐποιεῖτο</span> <span class='ocrx_word' id='word_1_415' title='bbox 1519 4592 1800 4661; x_wconf 85' lang='grc' dir='ltr'>κάκείνην,</span> <span class='ocrx_word' id='word_1_416' title='bbox 1833 4596 1954 4648; x_wconf 81' lang='grc' dir='ltr'>καθ’</span> <span class='ocrx_word' id='word_1_417' title='bbox 1996 4597 2118 4650; x_wconf 86' lang='grc' dir='ltr'>ὅσον</span> 
     </span>
    </p>
   </div>
   <div class='ocr_carea' id='block_1_54' title="bbox 551 4660 2117 4745">
    <p class='ocr_par' dir='ltr' id='par_1_54' title="bbox 551 4660 2117 4745">
     <span class='ocr_line' id='line_1_54' title="bbox 551 4660 2117 4745; baseline 0.009 -26"><span class='ocrx_word' id='word_1_418' title='bbox 551 4660 664 4719; x_wconf 77' lang='grc' dir='ltr'>οἷόν</span> <span class='ocrx_word' id='word_1_419' title='bbox 705 4682 765 4719; x_wconf 89' lang='grc' dir='ltr'>τε</span> <span class='ocrx_word' id='word_1_420' title='bbox 808 4663 897 4738; x_wconf 81' lang='grc' dir='ltr'>ἦν.</span> <span class='ocrx_word' id='word_1_421' title='bbox 939 4669 1243 4735; x_wconf 78' lang='grc' dir='ltr'>ἀπαλλάξαι</span> <span class='ocrx_word' id='word_1_422' title='bbox 1274 4672 1367 4743; x_wconf 84' lang='grc' dir='ltr'>τῆς</span> <span class='ocrx_word' id='word_1_423' title='bbox 1412 4673 1609 4743; x_wconf 88' lang='grc' dir='ltr'>μανίας</span> <span class='ocrx_word' id='word_1_424' title='bbox 1644 4660 1744 4729; x_wconf 60' lang='grc' dir='ltr'>καί</span> <span class='ocrx_word' id='word_1_425' title='bbox 1778 4676 1878 4745; x_wconf 86' lang='grc' dir='ltr'>τῆς</span> <span class='ocrx_word' id='word_1_426' title='bbox 1918 4677 2117 4732; x_wconf 83' lang='grc' dir='ltr'>ἀτόπου</span> 
     </span>
    </p>
   </div>
   <div class='ocr_carea' id='block_1_55' title="bbox 550 4747 2119 4828">
    <p class='ocr_par' dir='ltr' id='par_1_55' title="bbox 550 4747 2119 4828">
     <span class='ocr_line' id='line_1_55' title="bbox 550 4747 2119 4828; baseline 0.009 -26"><span class='ocrx_word' id='word_1_427' title='bbox 550 4747 756 4820; x_wconf 83' lang='grc' dir='ltr'>ταύτης</span> <span class='ocrx_word' id='word_1_428' title='bbox 785 4749 1095 4820; x_wconf 80' lang='grc' dir='ltr'>ἐπιθυμίας.</span> <span class='ocrx_word' id='word_1_429' title='bbox 1122 4754 1231 4806; x_wconf 67' lang='grc' dir='ltr'>Καὶ</span> <span class='ocrx_word' id='word_1_430' title='bbox 1251 4754 1557 4826; x_wconf 79' lang='grc' dir='ltr'>συμϐουλὴν</span> <span class='ocrx_word' id='word_1_431' title='bbox 1587 4757 1724 4828; x_wconf 78' lang='grc' dir='ltr'>αὐτῇ</span> <span class='ocrx_word' id='word_1_432' title='bbox 1759 4758 1970 4827; x_wconf 86' lang='grc' dir='ltr'>εἰσάγει</span> <span class='ocrx_word' id='word_1_433' title='bbox 2001 4763 2119 4815; x_wconf 77' lang='grc' dir='ltr'>ίκα·</span> 
     </span>
    </p>
   </div>
   <div class='ocr_carea' id='block_1_56' title="bbox 552 4832 2119 4914">
    <p class='ocr_par' dir='ltr' id='par_1_56' title="bbox 552 4832 2119 4914">
     <span class='ocr_line' id='line_1_56' title="bbox 552 4832 2119 4914; baseline 0.006 -26"><span class='ocrx_word' id='word_1_434' title='bbox 552 4833 649 4903; x_wconf 79' lang='grc' dir='ltr'>νὴν</span> <span class='ocrx_word' id='word_1_435' title='bbox 677 4832 845 4903; x_wconf 77' lang='grc' dir='ltr'>αὐτὴν</span> <span class='ocrx_word' id='word_1_436' title='bbox 868 4834 1206 4914; x_wconf 72' lang='grc' dir='ltr'>καταιδέσαι,</span> <span class='ocrx_word' id='word_1_437' title='bbox 1232 4838 1327 4889; x_wconf 78' lang='grc' dir='ltr'>καὶ</span> <span class='ocrx_word' id='word_1_438' title='bbox 1348 4839 1569 4909; x_wconf 83' lang='grc' dir='ltr'>ποιῆσαι</span> <span class='ocrx_word' id='word_1_439' title='bbox 1601 4840 1662 4893; x_wconf 79' lang='grc' dir='ltr'>τὸ</span> <span class='ocrx_word' id='word_1_440' title='bbox 1694 4841 1975 4914; x_wconf 83' lang='grc' dir='ltr'>συμφέρον</span> <span class='ocrx_word' id='word_1_441' title='bbox 1998 4845 2119 4898; x_wconf 79' lang='grc' dir='ltr'>ἐπι-</span> 
     </span>
    </p>
   </div>
   <div class='ocr_carea' id='block_1_57' title="bbox 551 4911 2118 4994">
    <p class='ocr_par' dir='ltr' id='par_1_57' title="bbox 551 4911 2118 4994">
     <span class='ocr_line' id='line_1_57' title="bbox 551 4911 2118 4994; baseline 0.01 -27"><span class='ocrx_word' id='word_1_442' title='bbox 551 4914 774 4983; x_wconf 83' lang='grc' dir='ltr'>γνῶναι.</span> <span class='ocrx_word' id='word_1_443' title='bbox 814 4911 964 4970; x_wconf 61' lang='lat' dir='ltr'>EI.“</span> <span class='ocrx_word' id='word_1_444' title='bbox 994 4918 1137 4986; x_wconf 72' lang='grc' dir='ltr'>γὰρ,</span> <span class='ocrx_word' id='word_1_445' title='bbox 1185 4919 1348 4990; x_wconf 72' lang='grc' dir='ltr'>φησὶ,</span> <span class='ocrx_word' id='word_1_446' title='bbox 1392 4919 1466 4989; x_wconf 79' lang='grc' dir='ltr'>τῇ</span> <span class='ocrx_word' id='word_1_447' title='bbox 1496 4922 1732 4990; x_wconf 76' lang='grc' dir='ltr'>γυναικί</span> <span class='ocrx_word' id='word_1_448' title='bbox 1762 4911 2118 4994; x_wconf 66' lang='grc' dir='ltr'>τοῦκυρίου</span> 
     </span>
    </p>
   </div>
   <div class='ocr_carea' id='block_1_58' title="bbox 549 4997 2112 5081">
    <p class='ocr_par' dir='ltr' id='par_1_58' title="bbox 549 4997 2112 5081">
     <span class='ocr_line' id='line_1_58' title="bbox 549 4997 2112 5081; baseline 0.01 -31"><span class='ocrx_word' id='word_1_449' title='bbox 549 4998 738 5052; x_wconf 82' lang='grc' dir='ltr'>αὐτοῦ</span> <span class='ocrx_word' id='word_1_450' title='bbox 782 5001 850 5081; x_wconf 75' lang='grc' dir='ltr'>(ἡΔ</span> <span class='ocrx_word' id='word_1_451' title='bbox 884 4997 1136 5054; x_wconf 83' lang='grc' dir='ltr'>δέσποινα</span> <span class='ocrx_word' id='word_1_452' title='bbox 1166 5002 1317 5072; x_wconf 87' lang='grc' dir='ltr'>παρά</span> <span class='ocrx_word' id='word_1_453' title='bbox 1345 5002 1438 5056; x_wconf 83' lang='grc' dir='ltr'>τοῦ</span> <span class='ocrx_word' id='word_1_454' title='bbox 1471 5004 1659 5059; x_wconf 89' lang='grc' dir='ltr'>δούλου</span> <span class='ocrx_word' id='word_1_455' title='bbox 1695 5007 2002 5081; x_wconf 84' lang='grc' dir='ltr'>συμϐουλὴν</span> <span class='ocrx_word' id='word_1_456' title='bbox 2027 5011 2112 5065; x_wconf 81' lang='grc' dir='ltr'>δέ·-</span> 
     </span>
    </p>
   </div>
   <div class='ocr_carea' id='block_1_59' title="bbox 550 5078 2119 5159">
    <p class='ocr_par' dir='ltr' id='par_1_59' title="bbox 550 5078 2119 5159">
     <span class='ocr_line' id='line_1_59' title="bbox 550 5078 2119 5159; baseline 0.008 -25"><span class='ocrx_word' id='word_1_457' title='bbox 550 5082 756 5149; x_wconf 79' lang='grc' dir='ltr'>λεται)·</span> <span class='ocrx_word' id='word_1_458' title='bbox 788 5078 855 5134; x_wconf 76' lang='grc' dir='ltr'>Εί</span> <span class='ocrx_word' id='word_1_459' title='bbox 881 5084 913 5135; x_wconf 81' lang='grc' dir='ltr'><em>ὁ</em></span> <span class='ocrx_word' id='word_1_460' title='bbox 945 5082 1148 5150; x_wconf 75' lang='grc' dir='ltr'>κύριός</span> <span class='ocrx_word' id='word_1_461' title='bbox 1164 5100 1282 5151; x_wconf 82' lang='grc' dir='ltr'>μου</span> <span class='ocrx_word' id='word_1_462' title='bbox 1307 5087 1379 5138; x_wconf 84' lang='grc' dir='ltr'>οὐ</span> <span class='ocrx_word' id='word_1_463' title='bbox 1407 5086 1682 5155; x_wconf 75' lang='grc' dir='ltr'>γινώσκει</span> <span class='ocrx_word' id='word_1_464' title='bbox 1705 5088 1779 5143; x_wconf 84' lang='grc' dir='ltr'>δι’</span> <span class='ocrx_word' id='word_1_465' title='bbox 1806 5090 1912 5159; x_wconf 79' lang='grc' dir='ltr'>ἐμὲ</span> <span class='ocrx_word' id='word_1_466' title='bbox 1941 5078 2119 5145; x_wconf 82' lang='grc' dir='ltr'>οὐδὲν</span> 
     </span>
    </p>
   </div>
   <div class='ocr_carea' id='block_1_60' title="bbox 548 5161 2119 5231">
    <p class='ocr_par' dir='ltr' id='par_1_60' title="bbox 548 5161 2119 5231">
     <span class='ocr_line' id='line_1_60' title="bbox 548 5161 2119 5231; baseline 0.008 -16"><span class='ocrx_word' id='word_1_467' title='bbox 548 5163 669 5215; x_wconf 77' lang='grc' dir='ltr'>τῶν</span> <span class='ocrx_word' id='word_1_468' title='bbox 697 5162 767 5216; x_wconf 82' lang='grc' dir='ltr'>ἐν</span> <span class='ocrx_word' id='word_1_469' title='bbox 790 5162 870 5229; x_wconf 82' lang='grc' dir='ltr'>τῷ</span> <span class='ocrx_word' id='word_1_470' title='bbox 896 5161 1044 5231; x_wconf 77' lang='grc' dir='ltr'>οἴκῳ</span> <span class='ocrx_word' id='word_1_471' title='bbox 1079 5165 1285 5230; x_wconf 81' lang='grc' dir='ltr'>αὐτοῦ,</span> <span class='ocrx_word' id='word_1_472' title='bbox 1329 5167 1491 5221; x_wconf 74' lang='grc' dir='ltr'><em>ἀλλὰ</em></span> <span class='ocrx_word' id='word_1_473' title='bbox 1527 5171 1768 5226; x_wconf 69' lang='grc' dir='ltr'>πάνταα</span> <span class='ocrx_word' id='word_1_474' title='bbox 1803 5172 1919 5227; x_wconf 80' lang='grc' dir='ltr'>ὅσα</span> <span class='ocrx_word' id='word_1_475' title='bbox 1949 5174 2119 5228; x_wconf 72' lang='grc' dir='ltr'>ἐστὶν</span> 
     </span>
    </p>
   </div>
   <div class='ocr_carea' id='block_1_61' title="bbox 548 5242 2119 5328">
    <p class='ocr_par' dir='ltr' id='par_1_61' title="bbox 548 5242 2119 5328">
     <span class='ocr_line' id='line_1_61' title="bbox 548 5242 2119 5328; baseline 0.009 -31"><span class='ocrx_word' id='word_1_476' title='bbox 548 5242 727 5328; x_wconf 80' lang='grc' dir='ltr'>αὐτῷ.</span> <span class='ocrx_word' id='word_1_477' title='bbox 748 5245 1019 5328; x_wconf 72' lang='grc' dir='ltr'>δέδωκεν</span> <span class='ocrx_word' id='word_1_478' title='bbox 1048 5250 1136 5314; x_wconf 83' lang='grc' dir='ltr'>είς</span> <span class='ocrx_word' id='word_1_479' title='bbox 1159 5248 1267 5315; x_wconf 82' lang='grc' dir='ltr'>τὰς</span> <span class='ocrx_word' id='word_1_480' title='bbox 1293 5248 1498 5319; x_wconf 65' lang='grc' dir='ltr'>χεῷἀς</span> <span class='ocrx_word' id='word_1_481' title='bbox 1517 5269 1659 5321; x_wconf 82' lang='grc' dir='ltr'>μου.</span> <span class='ocrx_word' id='word_1_482' title='bbox 1686 5256 1749 5307; x_wconf 75' lang='grc' dir='ltr'><strong><em>Ὠ</em></strong></span> <span class='ocrx_word' id='word_1_483' title='bbox 1775 5257 2119 5328; x_wconf 77' lang='grc' dir='ltr'>εὐγνωμοσύ-</span> 
     </span>
    </p>
   </div>
   <div class='ocr_carea' id='block_1_62' title="bbox 548 5326 2118 5404">
    <p class='ocr_par' dir='ltr' id='par_1_62' title="bbox 548 5326 2118 5404">
     <span class='ocr_line' id='line_1_62' title="bbox 548 5326 2118 5404; baseline 0.01 -27"><span class='ocrx_word' id='word_1_484' title='bbox 548 5342 647 5397; x_wconf 89' lang='grc' dir='ltr'>νης</span> <span class='ocrx_word' id='word_1_485' title='bbox 675 5326 1033 5399; x_wconf 81' lang='grc' dir='ltr'>ἀνδρός.”ορα</span> <span class='ocrx_word' id='word_1_486' title='bbox 1062 5329 1178 5393; x_wconf 84' lang='grc' dir='ltr'>πῶς</span> <span class='ocrx_word' id='word_1_487' title='bbox 1205 5332 1598 5404; x_wconf 86' lang='grc' dir='ltr'>ἀπαριθμεῖται</span> <span class='ocrx_word' id='word_1_488' title='bbox 1625 5336 1718 5389; x_wconf 89' lang='grc' dir='ltr'>τοῦ</span> <span class='ocrx_word' id='word_1_489' title='bbox 1738 5326 1996 5391; x_wconf 80' lang='grc' dir='ltr'>δεσπότου</span> <span class='ocrx_word' id='word_1_490' title='bbox 2021 5339 2118 5401; x_wconf 78' lang='grc' dir='ltr'>τάς</span> 
     </span>
    </p>
   </div>
   <div class='ocr_carea' id='block_1_63' title="bbox 549 5409 2118 5491">
    <p class='ocr_par' dir='ltr' id='par_1_63' title="bbox 549 5409 2118 5491">
     <span class='ocr_line' id='line_1_63' title="bbox 549 5409 2118 5491; baseline 0.009 -32"><span class='ocrx_word' id='word_1_491' title='bbox 549 5409 888 5480; x_wconf 84' lang='grc' dir='ltr'>εὐεργεσίας,</span> <span class='ocrx_word' id='word_1_492' title='bbox 926 5411 1011 5491; x_wconf 81' lang='grc' dir='ltr'>ἵνα</span> <span class='ocrx_word' id='word_1_493' title='bbox 1037 5410 1187 5485; x_wconf 82' lang='grc' dir='ltr'>δείξῃ</span> <span class='ocrx_word' id='word_1_494' title='bbox 1212 5414 1315 5488; x_wconf 76' lang='grc' dir='ltr'>ὅσῃ</span> <span class='ocrx_word' id='word_1_495' title='bbox 1339 5418 1404 5486; x_wconf 79' lang='grc' dir='ltr'>τῇ</span> <span class='ocrx_word' id='word_1_496' title='bbox 1433 5418 1793 5491; x_wconf 79' lang='grc' dir='ltr'>ἀγνωμοσύνῃ</span> <span class='ocrx_word' id='word_1_497' title='bbox 1815 5419 1995 5489; x_wconf 86' lang='grc' dir='ltr'>ἐκείνη</span> <span class='ocrx_word' id='word_1_498' title='bbox 2024 5419 2118 5472; x_wconf 83' lang='grc' dir='ltr'>κέ-</span> 
     </span>
    </p>
   </div>
   <div class='ocr_carea' id='block_1_64' title="bbox 548 5489 2116 5573">
    <p class='ocr_par' dir='ltr' id='par_1_64' title="bbox 548 5489 2116 5573">
     <span class='ocr_line' id='line_1_64' title="bbox 548 5489 2116 5573; baseline 0.008 -29"><span class='ocrx_word' id='word_1_499' title='bbox 548 5508 746 5573; x_wconf 83' lang='grc' dir='ltr'>χρηται</span> <span class='ocrx_word' id='word_1_500' title='bbox 784 5494 919 5563; x_wconf 86' lang='grc' dir='ltr'>πρὸς</span> <span class='ocrx_word' id='word_1_501' title='bbox 946 5489 1103 5569; x_wconf 83' lang='grc'>[597]</span> <span class='ocrx_word' id='word_1_502' title='bbox 1122 5496 1213 5549; x_wconf 75' lang='grc' dir='ltr'>τὸν</span> <span class='ocrx_word' id='word_1_503' title='bbox 1237 5498 1522 5568; x_wconf 85' lang='grc' dir='ltr'>ὁμόζυγον.</span> <span class='ocrx_word' id='word_1_504' title='bbox 1557 5503 1618 5554; x_wconf 82' lang='grc' dir='ltr'>Εἰ</span> <span class='ocrx_word' id='word_1_505' title='bbox 1640 5504 1748 5573; x_wconf 76' lang='grc' dir='ltr'>γάρ</span> <span class='ocrx_word' id='word_1_506' title='bbox 1766 5489 1903 5571; x_wconf 80' lang='grc' dir='ltr'>ἐγὼ,</span> <span class='ocrx_word' id='word_1_507' title='bbox 1930 5504 2116 5572; x_wconf 79' lang='grc' dir='ltr'>φησὶν,</span> 
     </span>
    </p>
   </div>
   <div class='ocr_carea' id='block_1_65' title="bbox 547 5569 2114 5655">
    <p class='ocr_par' dir='ltr' id='par_1_65' title="bbox 547 5569 2114 5655">
     <span class='ocr_line' id='line_1_65' title="bbox 547 5569 2114 5655; baseline 0.01 -31"><span class='ocrx_word' id='word_1_508' title='bbox 547 5569 578 5622; x_wconf 83' lang='grc' dir='ltr'>ὁ</span> <span class='ocrx_word' id='word_1_509' title='bbox 604 5574 838 5645; x_wconf 76' lang='grc' dir='ltr'>οἰκέτης,</span> <span class='ocrx_word' id='word_1_510' title='bbox 856 5575 884 5627; x_wconf 86' lang='grc' dir='ltr'>ὁ</span> <span class='ocrx_word' id='word_1_511' title='bbox 908 5575 1078 5641; x_wconf 79' lang='grc' dir='ltr'>ξένος,</span> <span class='ocrx_word' id='word_1_512' title='bbox 1095 5580 1123 5630; x_wconf 89' lang='grc' dir='ltr'>ό</span> <span class='ocrx_word' id='word_1_513' title='bbox 1147 5580 1513 5650; x_wconf 83' lang='grc' dir='ltr'>αἰχμάλωτος,</span> <span class='ocrx_word' id='word_1_514' title='bbox 1532 5569 1799 5653; x_wconf 75' lang='grc' dir='ltr'>τοσαύτης</span> <span class='ocrx_word' id='word_1_515' title='bbox 1814 5569 2114 5655; x_wconf 15' lang='grc' dir='ltr'>Ἵὰπήλαυσα</span> 
     </span>
    </p>
   </div>
   <div class='ocr_carea' id='block_1_66' title="bbox 549 5655 2114 5738">
    <p class='ocr_par' dir='ltr' id='par_1_66' title="bbox 549 5655 2114 5738">
     <span class='ocr_line' id='line_1_66' title="bbox 549 5655 2114 5738; baseline 0.013 -33"><span class='ocrx_word' id='word_1_516' title='bbox 549 5655 680 5724; x_wconf 85' lang='grc' dir='ltr'>παρ’</span> <span class='ocrx_word' id='word_1_517' title='bbox 705 5655 868 5710; x_wconf 80' lang='grc' dir='ltr'>αὐτοῦ</span> <span class='ocrx_word' id='word_1_518' title='bbox 906 5657 1123 5726; x_wconf 87' lang='grc' dir='ltr'>ἀδείας,</span> <span class='ocrx_word' id='word_1_519' title='bbox 1151 5661 1228 5725; x_wconf 83' lang='grc' dir='ltr'>ὡς</span> <span class='ocrx_word' id='word_1_520' title='bbox 1259 5662 1476 5718; x_wconf 76' lang='grc' dir='ltr'>ᾶπαντα</span> <span class='ocrx_word' id='word_1_521' title='bbox 1515 5665 1620 5718; x_wconf 83' lang='grc' dir='ltr'>ὐπὸ</span> <span class='ocrx_word' id='word_1_522' title='bbox 1659 5665 1760 5735; x_wconf 85' lang='grc' dir='ltr'>τὴν</span> <span class='ocrx_word' id='word_1_523' title='bbox 1787 5670 1943 5738; x_wconf 85' lang='grc' dir='ltr'>χεῖρα</span> <span class='ocrx_word' id='word_1_524' title='bbox 1975 5667 2114 5727; x_wconf 78' lang='grc' dir='ltr'>εἶναι</span> 
     </span>
    </p>
   </div>
   <div class='ocr_carea' id='block_1_67' title="bbox 621 5795 1510 5868">
    <p class='ocr_par' dir='ltr' id='par_1_67' title="bbox 621 5795 1510 5868">
     <span class='ocr_line' id='line_1_67' title="bbox 621 5795 1510 5868; baseline 0.016 -24"><span class='ocrx_word' id='word_1_525' title='bbox 621 5796 645 5824; x_wconf 78' lang='grc'>⁸</span> <span class='ocrx_word' id='word_1_526' title='bbox 668 5795 891 5864; x_wconf 79' lang='lat' dir='ltr'>Quinque</span> <span class='ocrx_word' id='word_1_527' title='bbox 916 5816 1033 5861; x_wconf 81' lang='lat' dir='ltr'>mss.</span> <span class='ocrx_word' id='word_1_528' title='bbox 1053 5804 1217 5868; x_wconf 80' lang='grc' dir='ltr'>αὐτοῦ,</span> <span class='ocrx_word' id='word_1_529' title='bbox 1242 5808 1319 5855; x_wconf 82' lang='grc' dir='ltr'>καὶ</span> <span class='ocrx_word' id='word_1_530' title='bbox 1344 5806 1510 5859; x_wconf 81' lang='grc' dir='ltr'>πάντα.</span> 
     </span>
    </p>
   </div>
   <div class='ocr_carea' id='block_1_68' title="bbox 1213 237 3042 316">
    <p class='ocr_par' dir='ltr' id='par_1_68' title="bbox 1213 237 3042 316">
     <span class='ocr_line' id='line_1_68' title="bbox 1213 237 3042 316; baseline -0.015 0"><span class='ocrx_word' id='word_1_531' title='bbox 1213 259 1272 316; x_wconf 89' lang='lat' dir='ltr'>S.</span> <span class='ocrx_word' id='word_1_532' title='bbox 1310 254 1590 315; x_wconf 69' lang='lat' dir='ltr'>JOANNIS</span> <span class='ocrx_word' id='word_1_533' title='bbox 1624 248 2107 308; x_wconf 65' lang='lat' dir='ltr'>CHRYSOSTOMI</span> <span class='ocrx_word' id='word_1_534' title='bbox 2142 243 2459 302; x_wconf 78' lang='lat' dir='ltr'>ARCHIEP.</span> <span class='ocrx_word' id='word_1_535' title='bbox 2499 237 3042 298; x_wconf 66' lang='lat' dir='ltr'>CONSTANTINOP.</span> 
     </span>
    </p>
   </div>
   <div class='ocr_carea' id='block_1_69' title="bbox 3670 237 3780 294">
    <p class='ocr_par' dir='ltr' id='par_1_69' title="bbox 3670 237 3780 294">
     <span class='ocr_line' id='line_1_69' title="bbox 3670 237 3780 294; baseline -0.027 0"><span class='ocrx_word' id='word_1_536' title='bbox 3670 237 3780 294; x_wconf 71' lang='lat'>538</span> 
     </span>
    </p>
   </div>
   <div class='ocr_carea' id='block_1_70' title="bbox 2202 347 3782 431">
    <p class='ocr_par' dir='ltr' id='par_1_70' title="bbox 2202 347 3782 431">
     <span class='ocr_line' id='line_1_70' title="bbox 2202 347 3782 431; baseline -0.014 -17"><span class='ocrx_word' id='word_1_537' title='bbox 2202 361 2301 431; x_wconf 73' lang='grc' dir='ltr'>τὴν</span> <span class='ocrx_word' id='word_1_538' title='bbox 2333 358 2493 429; x_wconf 83' lang='grc' dir='ltr'>ἐμὴν,</span> <span class='ocrx_word' id='word_1_539' title='bbox 2529 356 2623 409; x_wconf 73' lang='grc' dir='ltr'>καὶ</span> <span class='ocrx_word' id='word_1_540' title='bbox 2652 353 2803 407; x_wconf 80' lang='grc' dir='ltr'>οὐδέν</span> <span class='ocrx_word' id='word_1_541' title='bbox 2824 353 2971 404; x_wconf 87' lang='grc' dir='ltr'>ἐστιν</span> <span class='ocrx_word' id='word_1_542' title='bbox 3002 350 3031 402; x_wconf 83' lang='grc' dir='ltr'>δ</span> <span class='ocrx_word' id='word_1_543' title='bbox 3059 347 3435 431; x_wconf 76' lang='grc' dir='ltr'>ὑπεξαιρεῖται</span> <span class='ocrx_word' id='word_1_544' title='bbox 3465 348 3563 419; x_wconf 86' lang='grc' dir='ltr'>τῆς</span> <span class='ocrx_word' id='word_1_545' title='bbox 3594 352 3782 420; x_wconf 66' lang='grc' dir='ltr'>χειρός</span> 
     </span>
    </p>
   </div>
   <div class='ocr_carea' id='block_1_71' title="bbox 2208 429 3777 513">
    <p class='ocr_par' dir='ltr' id='par_1_71' title="bbox 2208 429 3777 513">
     <span class='ocr_line' id='line_1_71' title="bbox 2208 429 3777 513; baseline -0.008 -17"><span class='ocrx_word' id='word_1_546' title='bbox 2208 429 2330 513; x_wconf 84' lang='grc' dir='ltr'>μου,</span> <span class='ocrx_word' id='word_1_547' title='bbox 2354 435 2641 511; x_wconf 74' lang='grc' dir='ltr'>πλὴνσοῦ,</span> <span class='ocrx_word' id='word_1_548' title='bbox 2670 435 2804 490; x_wconf 87' lang='grc' dir='ltr'>ἀλλά</span> <span class='ocrx_word' id='word_1_549' title='bbox 2836 435 2967 489; x_wconf 81' lang='grc' dir='ltr'>πᾶσι</span> <span class='ocrx_word' id='word_1_550' title='bbox 2992 433 3091 502; x_wconf 85' lang='grc' dir='ltr'>μέν</span> <span class='ocrx_word' id='word_1_551' title='bbox 3121 429 3280 493; x_wconf 82' lang='grc' dir='ltr'>αὐτὸς</span> <span class='ocrx_word' id='word_1_552' title='bbox 3305 431 3615 501; x_wconf 81' lang='grc' dir='ltr'>ἐπίκειμαι,</span> <span class='ocrx_word' id='word_1_553' title='bbox 3637 431 3777 503; x_wconf 67' lang='grc' dir='ltr'>μόνῃ</span> 
     </span>
    </p>
   </div>
   <div class='ocr_carea' id='block_1_72' title="bbox 2203 513 3778 591">
    <p class='ocr_par' dir='ltr' id='par_1_72' title="bbox 2203 513 3778 591">
     <span class='ocr_line' id='line_1_72' title="bbox 2203 513 3778 591; baseline -0.006 -13"><span class='ocrx_word' id='word_1_554' title='bbox 2203 525 2261 579; x_wconf 86' lang='grc' dir='ltr'>δέ</span> <span class='ocrx_word' id='word_1_555' title='bbox 2307 524 2389 577; x_wconf 79' lang='grc' dir='ltr'>σοὶ</span> <span class='ocrx_word' id='word_1_556' title='bbox 2426 520 2799 591; x_wconf 83' lang='grc' dir='ltr'>ὐποτέταγμαι</span> <span class='ocrx_word' id='word_1_557' title='bbox 2825 558 2840 582; x_wconf 96' lang='grc'>,</span> <span class='ocrx_word' id='word_1_558' title='bbox 2885 518 2977 571; x_wconf 68' lang='grc' dir='ltr'>καὶ</span> <span class='ocrx_word' id='word_1_559' title='bbox 3024 513 3129 580; x_wconf 75' lang='grc' dir='ltr'>ἔξω</span> <span class='ocrx_word' id='word_1_560' title='bbox 3174 514 3462 584; x_wconf 80' lang='grc' dir='ltr'>τυγχάνεις</span> <span class='ocrx_word' id='word_1_561' title='bbox 3503 515 3603 584; x_wconf 89' lang='grc' dir='ltr'>τῆς</span> <span class='ocrx_word' id='word_1_562' title='bbox 3636 516 3778 585; x_wconf 83' lang='grc' dir='ltr'>ἐμῆς</span> 
     </span>
    </p>
   </div>
   <div class='ocr_carea' id='block_1_73' title="bbox 2206 596 3779 674">
    <p class='ocr_par' dir='ltr' id='par_1_73' title="bbox 2206 596 3779 674">
     <span class='ocr_line' id='line_1_73' title="bbox 2206 596 3779 674; baseline -0.008 -12"><span class='ocrx_word' id='word_1_563' title='bbox 2206 609 2466 674; x_wconf 84' lang='grc' dir='ltr'>ἐξουσίας.</span> <span class='ocrx_word' id='word_1_564' title='bbox 2493 600 2625 658; x_wconf 72' lang='grc' dir='ltr'>Εἶτα</span> <span class='ocrx_word' id='word_1_565' title='bbox 2650 601 2740 657; x_wconf 76' lang='grc' dir='ltr'>ἵνα</span> <span class='ocrx_word' id='word_1_566' title='bbox 2765 600 2981 672; x_wconf 83' lang='grc' dir='ltr'>καιρίαν</span> <span class='ocrx_word' id='word_1_567' title='bbox 3020 597 3096 668; x_wconf 83' lang='grc' dir='ltr'>δῷ</span> <span class='ocrx_word' id='word_1_568' title='bbox 3127 596 3224 669; x_wconf 78' lang='grc' dir='ltr'>τὴν</span> <span class='ocrx_word' id='word_1_569' title='bbox 3252 596 3487 668; x_wconf 78' lang='grc' dir='ltr'>πληγὴν,</span> <span class='ocrx_word' id='word_1_570' title='bbox 3527 598 3623 651; x_wconf 72' lang='grc' dir='ltr'>καὶ</span> <span class='ocrx_word' id='word_1_571' title='bbox 3648 598 3779 650; x_wconf 86' lang='grc' dir='ltr'>ὐπο-</span> 
     </span>
    </p>
   </div>
   <div class='ocr_carea' id='block_1_74' title="bbox 2209 679 3777 762">
    <p class='ocr_par' dir='ltr' id='par_1_74' title="bbox 2209 679 3777 762">
     <span class='ocr_line' id='line_1_74' title="bbox 2209 679 3777 762; baseline -0.009 -18"><span class='ocrx_word' id='word_1_572' title='bbox 2209 692 2385 762; x_wconf 74' lang='grc' dir='ltr'>μνήση</span> <span class='ocrx_word' id='word_1_573' title='bbox 2411 688 2511 758; x_wconf 84' lang='grc' dir='ltr'>τῆς</span> <span class='ocrx_word' id='word_1_574' title='bbox 2547 685 2757 747; x_wconf 84' lang='grc' dir='ltr'>εὐνοίας</span> <span class='ocrx_word' id='word_1_575' title='bbox 2793 682 2889 736; x_wconf 90' lang='grc' dir='ltr'>τοῦ</span> <span class='ocrx_word' id='word_1_576' title='bbox 2922 681 3148 752; x_wconf 73' lang='grc' dir='ltr'>ἀνδρὸς,</span> <span class='ocrx_word' id='word_1_577' title='bbox 3182 680 3277 733; x_wconf 71' lang='grc' dir='ltr'>καὶ</span> <span class='ocrx_word' id='word_1_578' title='bbox 3304 680 3467 750; x_wconf 76' lang='grc' dir='ltr'>πείσῃ</span> <span class='ocrx_word' id='word_1_579' title='bbox 3495 679 3666 762; x_wconf 71' lang='grc' dir='ltr'>αὐτῂν</span> <span class='ocrx_word' id='word_1_580' title='bbox 3701 679 3777 751; x_wconf 76' lang='grc' dir='ltr'>μὴ</span> 
     </span>
    </p>
   </div>
   <div class='ocr_carea' id='block_1_75' title="bbox 2207 745 3777 842">
    <p class='ocr_par' dir='ltr' id='par_1_75' title="bbox 2207 745 3777 842">
     <span class='ocr_line' id='line_1_75' title="bbox 2207 745 3777 842; baseline -0.006 -14"><span class='ocrx_word' id='word_1_581' title='bbox 2207 745 2507 842; x_wconf 33' lang='grc' dir='ltr'>ἀγνώμονα*</span> <span class='ocrx_word' id='word_1_582' title='bbox 2526 770 2654 840; x_wconf 76' lang='grc' dir='ltr'>περὶ</span> <span class='ocrx_word' id='word_1_583' title='bbox 2689 745 2780 821; x_wconf 66' lang='grc' dir='ltr'>τόν</span> <span class='ocrx_word' id='word_1_584' title='bbox 2814 745 3061 819; x_wconf 78' lang='grc' dir='ltr'>σύνοικον</span> <span class='ocrx_word' id='word_1_585' title='bbox 3089 761 3370 832; x_wconf 86' lang='grc' dir='ltr'>γενέσθαι,</span> <span class='ocrx_word' id='word_1_586' title='bbox 3392 745 3527 833; x_wconf 71' lang='grc' dir='ltr'>φησί</span> <span class='ocrx_word' id='word_1_587' title='bbox 3544 745 3683 816; x_wconf 72' lang='grc' dir='ltr'>’καὶ</span> 
     </span>
    </p>
   </div>
   <div class='ocr_carea' id='block_1_76' title="bbox 2206 844 3779 921">
    <p class='ocr_par' dir='ltr' id='par_1_76' title="bbox 2206 844 3779 921">
     <span class='ocr_line' id='line_1_76' title="bbox 2206 844 3779 921; baseline -0.007 -12"><span class='ocrx_word' id='word_1_588' title='bbox 2206 855 2294 909; x_wconf 85' lang='grc' dir='ltr'>διά</span> <span class='ocrx_word' id='word_1_589' title='bbox 2326 853 2484 907; x_wconf 88' lang='grc' dir='ltr'>τοῦτο</span> <span class='ocrx_word' id='word_1_590' title='bbox 2510 850 2614 917; x_wconf 78' lang='grc' dir='ltr'>ἔξω</span> <span class='ocrx_word' id='word_1_591' title='bbox 2640 851 2739 921; x_wconf 83' lang='grc' dir='ltr'>τῆς</span> <span class='ocrx_word' id='word_1_592' title='bbox 2770 846 3013 914; x_wconf 77' lang='grc' dir='ltr'>ἐξουσίας</span> <span class='ocrx_word' id='word_1_593' title='bbox 3040 846 3138 918; x_wconf 82' lang='grc' dir='ltr'>τῆς</span> <span class='ocrx_word' id='word_1_594' title='bbox 3174 845 3315 917; x_wconf 89' lang='grc' dir='ltr'>ἐμῆς</span> <span class='ocrx_word' id='word_1_595' title='bbox 3337 845 3647 915; x_wconf 80' lang='grc' dir='ltr'>τυγχάνεις,</span> <span class='ocrx_word' id='word_1_596' title='bbox 3675 844 3779 898; x_wconf 75' lang='grc' dir='ltr'>Διὰ</span> 
     </span>
    </p>
   </div>
   <div class='ocr_carea' id='block_1_77' title="bbox 2207 924 3776 1007">
    <p class='ocr_par' dir='ltr' id='par_1_77' title="bbox 2207 924 3776 1007">
     <span class='ocr_line' id='line_1_77' title="bbox 2207 924 3776 1007; baseline -0.007 -14"><span class='ocrx_word' id='word_1_597' title='bbox 2207 937 2275 993; x_wconf 81' lang='grc' dir='ltr'>τὸ</span> <span class='ocrx_word' id='word_1_598' title='bbox 2307 937 2382 992; x_wconf 84' lang='grc' dir='ltr'>σὲ</span> <span class='ocrx_word' id='word_1_599' title='bbox 2405 935 2660 1007; x_wconf 77' lang='grc' dir='ltr'>γυναῖκα</span> <span class='ocrx_word' id='word_1_600' title='bbox 2692 929 2878 988; x_wconf 84' lang='grc' dir='ltr'>αὐτοῦ</span> <span class='ocrx_word' id='word_1_601' title='bbox 2927 924 3097 988; x_wconf 74' lang='grc' dir='ltr'>εἶναι,</span> <span class='ocrx_word' id='word_1_602' title='bbox 3140 927 3203 984; x_wconf 84' lang='grc' dir='ltr'>Εἰ</span> <span class='ocrx_word' id='word_1_603' title='bbox 3234 930 3413 984; x_wconf 87' lang='grc' dir='ltr'>τοίνυν</span> <span class='ocrx_word' id='word_1_604' title='bbox 3445 929 3581 1001; x_wconf 78' lang='grc' dir='ltr'>γυνὴ</span> <span class='ocrx_word' id='word_1_605' title='bbox 3610 926 3776 983; x_wconf 87' lang='grc' dir='ltr'>αὐτοῦ</span> 
     </span>
    </p>
   </div>
   <div class='ocr_carea' id='block_1_78' title="bbox 2207 1007 3778 1088">
    <p class='ocr_par' dir='ltr' id='par_1_78' title="bbox 2207 1007 3778 1088">
     <span class='ocr_line' id='line_1_78' title="bbox 2207 1007 3778 1088; baseline -0.004 -17"><span class='ocrx_word' id='word_1_606' title='bbox 2207 1019 2514 1088; x_wconf 83' lang='grc' dir='ltr'>τυγχάνεις,</span> <span class='ocrx_word' id='word_1_607' title='bbox 2542 1015 2667 1082; x_wconf 81' lang='grc' dir='ltr'>πῶς</span> <span class='ocrx_word' id='word_1_608' title='bbox 2688 1009 2805 1070; x_wconf 80' lang='grc' dir='ltr'>οὖν</span> <span class='ocrx_word' id='word_1_609' title='bbox 2832 1010 3067 1079; x_wconf 76' lang='grc' dir='ltr'>ποιήσω</span> <span class='ocrx_word' id='word_1_610' title='bbox 3109 1010 3177 1067; x_wconf 80' lang='grc' dir='ltr'>τὸ</span> <span class='ocrx_word' id='word_1_611' title='bbox 3196 1007 3366 1081; x_wconf 73' lang='grc' dir='ltr'>ῥῆμα</span> <span class='ocrx_word' id='word_1_612' title='bbox 3404 1011 3471 1066; x_wconf 83' lang='grc' dir='ltr'>τὸ</span> <span class='ocrx_word' id='word_1_613' title='bbox 3509 1010 3778 1079; x_wconf 69' lang='grc' dir='ltr'>πονηρὸν</span> 
     </span>
    </p>
   </div>
   <div class='ocr_carea' id='block_1_79' title="bbox 2208 1092 3776 1167">
    <p class='ocr_par' dir='ltr' id='par_1_79' title="bbox 2208 1092 3776 1167">
     <span class='ocr_line' id='line_1_79' title="bbox 2208 1092 3776 1167; baseline -0.006 -13"><span class='ocrx_word' id='word_1_614' title='bbox 2208 1101 2403 1164; x_wconf 86' lang='grc' dir='ltr'>τοῦτο,</span> <span class='ocrx_word' id='word_1_615' title='bbox 2423 1099 2523 1154; x_wconf 76' lang='grc' dir='ltr'>καί</span> <span class='ocrx_word' id='word_1_616' title='bbox 2545 1095 2959 1167; x_wconf 76' lang='grc' dir='ltr'>ἀμαρτήσομαι</span> <span class='ocrx_word' id='word_1_617' title='bbox 2977 1094 3258 1148; x_wconf 80' lang='grc' dir='ltr'>ἐναντίον</span> <span class='ocrx_word' id='word_1_618' title='bbox 3276 1092 3381 1149; x_wconf 88' lang='grc' dir='ltr'>τοῦ</span> <span class='ocrx_word' id='word_1_619' title='bbox 3403 1092 3582 1157; x_wconf 84' lang='grc' dir='ltr'>Θεοῦ;</span> <span class='ocrx_word' id='word_1_620' title='bbox 3598 1093 3776 1145; x_wconf 82' lang='grc' dir='ltr'>Ἐπει-</span> 
     </span>
    </p>
   </div>
   <div class='ocr_carea' id='block_1_80' title="bbox 2208 1172 3778 1252">
    <p class='ocr_par' dir='ltr' id='par_1_80' title="bbox 2208 1172 3778 1252">
     <span class='ocr_line' id='line_1_80' title="bbox 2208 1172 3778 1252; baseline -0.005 -16"><span class='ocrx_word' id='word_1_621' title='bbox 2208 1182 2272 1252; x_wconf 81' lang='grc' dir='ltr'>δὴ</span> <span class='ocrx_word' id='word_1_622' title='bbox 2300 1182 2411 1251; x_wconf 85' lang='grc' dir='ltr'>γάρ</span> <span class='ocrx_word' id='word_1_623' title='bbox 2451 1180 2633 1251; x_wconf 87' lang='grc' dir='ltr'>ἐκείνη</span> <span class='ocrx_word' id='word_1_624' title='bbox 2664 1179 2762 1251; x_wconf 73' lang='grc' dir='ltr'>τὴν</span> <span class='ocrx_word' id='word_1_625' title='bbox 2790 1177 3025 1250; x_wconf 84' lang='grc' dir='ltr'>ἐρημίαν</span> <span class='ocrx_word' id='word_1_626' title='bbox 3053 1176 3233 1248; x_wconf 81' lang='grc' dir='ltr'>ἐζήτει</span> <span class='ocrx_word' id='word_1_627' title='bbox 3253 1215 3269 1240; x_wconf 83' lang='grc'>,</span> <span class='ocrx_word' id='word_1_628' title='bbox 3321 1176 3416 1229; x_wconf 77' lang='grc' dir='ltr'>καὶ</span> <span class='ocrx_word' id='word_1_629' title='bbox 3461 1175 3651 1247; x_wconf 70' lang='grc' dir='ltr'>καιρόν</span> <span class='ocrx_word' id='word_1_630' title='bbox 3690 1172 3778 1229; x_wconf 85' lang='grc' dir='ltr'>ἀν-</span> 
     </span>
    </p>
   </div>
   <div class='ocr_carea' id='block_1_81' title="bbox 2210 1256 3776 1335">
    <p class='ocr_par' dir='ltr' id='par_1_81' title="bbox 2210 1256 3776 1335">
     <span class='ocr_line' id='line_1_81' title="bbox 2210 1256 3776 1335; baseline -0.004 -17"><span class='ocrx_word' id='word_1_631' title='bbox 2210 1263 2587 1335; x_wconf 85' lang='grc' dir='ltr'>έμενε,λαθεῖν</span> <span class='ocrx_word' id='word_1_632' title='bbox 2618 1258 2992 1326; x_wconf 81' lang='grc' dir='ltr'>σπουδάζουσα</span> <span class='ocrx_word' id='word_1_633' title='bbox 3012 1256 3104 1312; x_wconf 78' lang='grc' dir='ltr'>τὸν</span> <span class='ocrx_word' id='word_1_634' title='bbox 3132 1257 3320 1330; x_wconf 84' lang='grc' dir='ltr'>ἄνδρα,</span> <span class='ocrx_word' id='word_1_635' title='bbox 3352 1258 3448 1312; x_wconf 68' lang='grc' dir='ltr'>καί⁵</span> <span class='ocrx_word' id='word_1_636' title='bbox 3470 1260 3597 1323; x_wconf 72' lang='grc' dir='ltr'>τοὺς</span> <span class='ocrx_word' id='word_1_637' title='bbox 3620 1259 3776 1335; x_wconf 79' lang='grc' dir='ltr'>οἰκέ-</span> 
     </span>
    </p>
   </div>
   <div class='ocr_carea' id='block_1_82' title="bbox 2208 1333 3773 1416">
    <p class='ocr_par' dir='ltr' id='par_1_82' title="bbox 2208 1333 3773 1416">
     <span class='ocr_line' id='line_1_82' title="bbox 2208 1333 3773 1416; baseline -0.004 -16"><span class='ocrx_word' id='word_1_638' title='bbox 2208 1333 2308 1411; x_wconf 84' lang='grc' dir='ltr'>τας</span> <span class='ocrx_word' id='word_1_639' title='bbox 2353 1348 2480 1409; x_wconf 79' lang='grc' dir='ltr'>τοὺς</span> <span class='ocrx_word' id='word_1_640' title='bbox 2533 1346 2627 1399; x_wconf 71' lang='grc' dir='ltr'>ἐπὶ</span> <span class='ocrx_word' id='word_1_641' title='bbox 2671 1345 2770 1416; x_wconf 89' lang='grc' dir='ltr'>τῆς</span> <span class='ocrx_word' id='word_1_642' title='bbox 2812 1341 2989 1407; x_wconf 88' lang='grc' dir='ltr'>οἰκίας</span> <span class='ocrx_word' id='word_1_643' title='bbox 3046 1340 3313 1404; x_wconf 79' lang='grc' dir='ltr'>ἅπαντας,</span> <span class='ocrx_word' id='word_1_644' title='bbox 3365 1337 3529 1411; x_wconf 78' lang='grc' dir='ltr'>φησὶν</span> <span class='ocrx_word' id='word_1_645' title='bbox 3584 1333 3773 1404; x_wconf 68' lang='grc' dir='ltr'>οὗτος·</span> 
     </span>
    </p>
   </div>
   <div class='ocr_carea' id='block_1_83' title="bbox 2211 1422 3779 1497">
    <p class='ocr_par' dir='ltr' id='par_1_83' title="bbox 2211 1422 3779 1497">
     <span class='ocr_line' id='line_1_83' title="bbox 2211 1422 3779 1497; baseline -0.003 -14"><span class='ocrx_word' id='word_1_646' title='bbox 2211 1429 2343 1496; x_wconf 84' lang='grc' dir='ltr'>Πῶς</span> <span class='ocrx_word' id='word_1_647' title='bbox 2369 1427 2706 1497; x_wconf 78' lang='grc' dir='ltr'>δυνήσομαι</span> <span class='ocrx_word' id='word_1_648' title='bbox 2738 1422 2989 1496; x_wconf 79' lang='grc' dir='ltr'>ποιῆσαι</span> <span class='ocrx_word' id='word_1_649' title='bbox 3026 1425 3091 1479; x_wconf 84' lang='grc' dir='ltr'>τὸ</span> <span class='ocrx_word' id='word_1_650' title='bbox 3133 1426 3402 1492; x_wconf 68' lang='grc' dir='ltr'>πονηρὸν</span> <span class='ocrx_word' id='word_1_651' title='bbox 3435 1425 3632 1489; x_wconf 87' lang='grc' dir='ltr'>τοῦτο,</span> <span class='ocrx_word' id='word_1_652' title='bbox 3681 1425 3779 1479; x_wconf 78' lang='grc' dir='ltr'>καί</span> 
     </span>
    </p>
   </div>
   <div class='ocr_carea' id='block_1_84' title="bbox 2210 1506 3777 1581">
    <p class='ocr_par' dir='ltr' id='par_1_84' title="bbox 2210 1506 3777 1581">
     <span class='ocr_line' id='line_1_84' title="bbox 2210 1506 3777 1581; baseline 0.003 -16"><span class='ocrx_word' id='word_1_653' title='bbox 2210 1511 2620 1581; x_wconf 79' lang='grc' dir='ltr'>ἀμαρτήσομαι</span> <span class='ocrx_word' id='word_1_654' title='bbox 2639 1510 2915 1564; x_wconf 79' lang='grc' dir='ltr'>ἐναντίον</span> <span class='ocrx_word' id='word_1_655' title='bbox 2934 1510 3040 1563; x_wconf 88' lang='grc' dir='ltr'>τοῦ</span> <span class='ocrx_word' id='word_1_656' title='bbox 3068 1507 3217 1563; x_wconf 83' lang='grc' dir='ltr'>Θεοῦ</span> <span class='ocrx_word' id='word_1_657' title='bbox 3230 1524 3252 1574; x_wconf 88' lang='grc'><strong><em>;</em></strong></span> <span class='ocrx_word' id='word_1_658' title='bbox 3277 1508 3343 1563; x_wconf 86' lang='grc' dir='ltr'>Τί</span> <span class='ocrx_word' id='word_1_659' title='bbox 3372 1509 3481 1581; x_wconf 78' lang='grc' dir='ltr'>γάρ</span> <span class='ocrx_word' id='word_1_660' title='bbox 3504 1506 3777 1579; x_wconf 71' lang='grc' dir='ltr'>νομίζειςῖ</span> 
     </span>
    </p>
   </div>
   <div class='ocr_carea' id='block_1_85' title="bbox 2210 1591 3779 1664">
    <p class='ocr_par' dir='ltr' id='par_1_85' title="bbox 2210 1591 3779 1664">
     <span class='ocr_line' id='line_1_85' title="bbox 2210 1591 3779 1664; baseline -0.003 -16"><span class='ocrx_word' id='word_1_661' title='bbox 2210 1594 2331 1648; x_wconf 83' lang='grc' dir='ltr'>Κᾶν</span> <span class='ocrx_word' id='word_1_662' title='bbox 2352 1595 2560 1657; x_wconf 86' lang='grc' dir='ltr'>πάντας</span> <span class='ocrx_word' id='word_1_663' title='bbox 2576 1591 2756 1647; x_wconf 88' lang='grc' dir='ltr'>λαθεῖν</span> <span class='ocrx_word' id='word_1_664' title='bbox 2779 1592 3116 1664; x_wconf 81' lang='grc' dir='ltr'>δυνηθῶμεν,</span> <span class='ocrx_word' id='word_1_665' title='bbox 3138 1591 3229 1645; x_wconf 80' lang='grc' dir='ltr'>τὸν</span> <span class='ocrx_word' id='word_1_666' title='bbox 3253 1593 3553 1663; x_wconf 79' lang='grc' dir='ltr'>ἀκοίμητον</span> <span class='ocrx_word' id='word_1_667' title='bbox 3574 1593 3779 1661; x_wconf 73' lang='grc' dir='ltr'>ὀφθαλ-</span> 
     </span>
    </p>
   </div>
   <div class='ocr_carea' id='block_1_86' title="bbox 2214 1674 3785 1750">
    <p class='ocr_par' dir='ltr' id='par_1_86' title="bbox 2214 1674 3785 1750">
     <span class='ocr_line' id='line_1_86' title="bbox 2214 1674 3785 1750; baseline -0.001 -18"><span class='ocrx_word' id='word_1_668' title='bbox 2214 1679 2313 1750; x_wconf 73' lang='grc' dir='ltr'>μὸν</span> <span class='ocrx_word' id='word_1_669' title='bbox 2346 1680 2407 1733; x_wconf 89' lang='grc' dir='ltr'>οὐ</span> <span class='ocrx_word' id='word_1_670' title='bbox 2450 1676 2728 1749; x_wconf 87' lang='grc' dir='ltr'>δυνάμεθα</span> <span class='ocrx_word' id='word_1_671' title='bbox 2759 1676 2964 1731; x_wconf 85' lang='grc' dir='ltr'>λαθεῖν.</span> <span class='ocrx_word' id='word_1_672' title='bbox 3007 1677 3243 1731; x_wconf 78' lang='grc' dir='ltr'>Ἐκεῖνον</span> <span class='ocrx_word' id='word_1_673' title='bbox 3284 1677 3444 1748; x_wconf 83' lang='grc' dir='ltr'>μόνον</span> <span class='ocrx_word' id='word_1_674' title='bbox 3482 1674 3785 1731; x_wconf 82' lang='grc' dir='ltr'>δεδοικέναι</span> 
     </span>
    </p>
   </div>
   <div class='ocr_carea' id='block_1_87' title="bbox 2210 1758 3782 1832">
    <p class='ocr_par' dir='ltr' id='par_1_87' title="bbox 2210 1758 3782 1832">
     <span class='ocr_line' id='line_1_87' title="bbox 2210 1758 3782 1832; baseline -0.002 -17"><span class='ocrx_word' id='word_1_675' title='bbox 2210 1762 2308 1823; x_wconf 81' lang='grc' dir='ltr'>δεῖ,</span> <span class='ocrx_word' id='word_1_676' title='bbox 2363 1762 2456 1815; x_wconf 73' lang='grc' dir='ltr'>καλ⁸</span> <span class='ocrx_word' id='word_1_677' title='bbox 2494 1761 2733 1830; x_wconf 81' lang='grc' dir='ltr'>ἀγωνιᾷν</span> <span class='ocrx_word' id='word_1_678' title='bbox 2777 1759 2872 1813; x_wconf 77' lang='grc' dir='ltr'>καί</span> <span class='ocrx_word' id='word_1_679' title='bbox 2910 1758 3155 1831; x_wconf 84' lang='grc' dir='ltr'>τρέμειν,</span> <span class='ocrx_word' id='word_1_680' title='bbox 3201 1759 3342 1813; x_wconf 84' lang='grc' dir='ltr'>ὥστε</span> <span class='ocrx_word' id='word_1_681' title='bbox 3388 1761 3465 1832; x_wconf 84' lang='grc' dir='ltr'>μὴ</span> <span class='ocrx_word' id='word_1_682' title='bbox 3520 1760 3624 1813; x_wconf 78' lang='grc' dir='ltr'>ὐπὸ</span> <span class='ocrx_word' id='word_1_683' title='bbox 3666 1759 3782 1822; x_wconf 86' lang='grc' dir='ltr'>τοῖς</span> 
     </span>
    </p>
   </div>
   <div class='ocr_carea' id='block_1_88' title="bbox 2211 1841 3783 1915">
    <p class='ocr_par' dir='ltr' id='par_1_88' title="bbox 2211 1841 3783 1915">
     <span class='ocr_line' id='line_1_88' title="bbox 2211 1841 3783 1915; baseline -0.001 -17"><span class='ocrx_word' id='word_1_684' title='bbox 2211 1845 2419 1898; x_wconf 86' lang='grc' dir='ltr'>ἐκείνου</span> <span class='ocrx_word' id='word_1_685' title='bbox 2448 1843 2744 1914; x_wconf 83' lang='grc' dir='ltr'>ὀφθαλμοῖς</span> <span class='ocrx_word' id='word_1_686' title='bbox 2775 1841 3090 1914; x_wconf 88' lang='grc' dir='ltr'>παράνομόν</span> <span class='ocrx_word' id='word_1_687' title='bbox 3121 1860 3175 1896; x_wconf 92' lang='grc' dir='ltr'>τι</span> <span class='ocrx_word' id='word_1_688' title='bbox 3205 1841 3630 1915; x_wconf 81' lang='grc' dir='ltr'>διαπράξασθαι.</span> <span class='ocrx_word' id='word_1_689' title='bbox 3671 1844 3783 1898; x_wconf 77' lang='grc' dir='ltr'>Καὶ</span> 
     </span>
    </p>
   </div>
   <div class='ocr_carea' id='block_1_89' title="bbox 2212 1923 3777 2000">
    <p class='ocr_par' dir='ltr' id='par_1_89' title="bbox 2212 1923 3777 2000">
     <span class='ocr_line' id='line_1_89' title="bbox 2212 1923 3777 2000; baseline -0.001 -18"><span class='ocrx_word' id='word_1_690' title='bbox 2212 1928 2298 1982; x_wconf 84' lang='grc' dir='ltr'>ίνα</span> <span class='ocrx_word' id='word_1_691' title='bbox 2323 1927 2582 2000; x_wconf 85' lang='grc' dir='ltr'>μάθωμεν</span> <span class='ocrx_word' id='word_1_692' title='bbox 2609 1929 2708 2000; x_wconf 79' lang='grc' dir='ltr'>τὴν</span> <span class='ocrx_word' id='word_1_693' title='bbox 2738 1925 3177 1997; x_wconf 79' lang='grc' dir='ltr'>ὑπερϐάλλουσαν</span> <span class='ocrx_word' id='word_1_694' title='bbox 3194 1923 3286 1979; x_wconf 90' lang='grc' dir='ltr'>τοῦ</span> <span class='ocrx_word' id='word_1_695' title='bbox 3317 1926 3527 1980; x_wconf 89' lang='grc' dir='ltr'>δικαίου</span> <span class='ocrx_word' id='word_1_696' title='bbox 3554 1928 3777 1999; x_wconf 81' lang='grc' dir='ltr'>ἀρετὴν,</span> 
     </span>
    </p>
   </div>
   <div class='ocr_carea' id='block_1_90' title="bbox 2211 2008 3781 2081">
    <p class='ocr_par' dir='ltr' id='par_1_90' title="bbox 2211 2008 3781 2081">
     <span class='ocr_line' id='line_1_90' title="bbox 2211 2008 3781 2081; baseline -0.001 -15"><span class='ocrx_word' id='word_1_697' title='bbox 2211 2011 2306 2066; x_wconf 74' lang='grc' dir='ltr'>καὶ</span> <span class='ocrx_word' id='word_1_698' title='bbox 2348 2012 2430 2066; x_wconf 83' lang='grc' dir='ltr'>δτι</span> <span class='ocrx_word' id='word_1_699' title='bbox 2467 2011 2567 2081; x_wconf 90' lang='grc' dir='ltr'>οὐχ</span> <span class='ocrx_word' id='word_1_700' title='bbox 2598 2009 2743 2076; x_wconf 74' lang='grc' dir='ltr'>ἅπαξ</span> <span class='ocrx_word' id='word_1_701' title='bbox 2775 2008 2896 2063; x_wconf 80' lang='grc' dir='ltr'>οὐδὲ</span> <span class='ocrx_word' id='word_1_702' title='bbox 2923 2008 3003 2072; x_wconf 70' lang='grc' dir='ltr'>δὶς</span> <span class='ocrx_word' id='word_1_703' title='bbox 3023 2048 3038 2073; x_wconf 96' lang='grc'>,</span> <span class='ocrx_word' id='word_1_704' title='bbox 3083 2008 3218 2063; x_wconf 86' lang='grc' dir='ltr'>ἀλλὰ</span> <span class='ocrx_word' id='word_1_705' title='bbox 3260 2009 3354 2063; x_wconf 75' lang='grc' dir='ltr'>καὶ</span> <span class='ocrx_word' id='word_1_706' title='bbox 3384 2009 3645 2073; x_wconf 86' lang='grc' dir='ltr'>πολλάκις</span> <span class='ocrx_word' id='word_1_707' title='bbox 3689 2011 3781 2064; x_wconf 80' lang='grc' dir='ltr'>τὸν</span> 
     </span>
    </p>
   </div>
   <div class='ocr_carea' id='block_1_91' title="bbox 2210 2090 3782 2165">
    <p class='ocr_par' dir='ltr' id='par_1_91' title="bbox 2210 2090 3782 2165">
     <span class='ocr_line' id='line_1_91' title="bbox 2210 2090 3782 2165; baseline -0.001 -16"><span class='ocrx_word' id='word_1_708' title='bbox 2210 2095 2399 2164; x_wconf 81' lang='grc' dir='ltr'>ἀγῶνα</span> <span class='ocrx_word' id='word_1_709' title='bbox 2426 2093 2613 2148; x_wconf 90' lang='grc' dir='ltr'>τοῦτον</span> <span class='ocrx_word' id='word_1_710' title='bbox 2641 2094 2920 2164; x_wconf 83' lang='grc' dir='ltr'>ὑπέμεινε,</span> <span class='ocrx_word' id='word_1_711' title='bbox 2952 2094 3044 2145; x_wconf 80' lang='grc' dir='ltr'>καὶ</span> <span class='ocrx_word' id='word_1_712' title='bbox 3072 2093 3170 2163; x_wconf 89' lang='grc' dir='ltr'>τῆς</span> <span class='ocrx_word' id='word_1_713' title='bbox 3214 2090 3413 2157; x_wconf 82' lang='grc' dir='ltr'>λέξεως</span> <span class='ocrx_word' id='word_1_714' title='bbox 3447 2093 3654 2165; x_wconf 86' lang='grc' dir='ltr'>ταύτης</span> <span class='ocrx_word' id='word_1_715' title='bbox 3694 2095 3782 2162; x_wconf 74' lang='grc' dir='ltr'>ῆνο</span> 
     </span>
    </p>
   </div>
   <div class='ocr_carea' id='block_1_92' title="bbox 2212 2175 3779 2249">
    <p class='ocr_par' dir='ltr' id='par_1_92' title="bbox 2212 2175 3779 2249">
     <span class='ocr_line' id='line_1_92' title="bbox 2212 2175 3779 2249; baseline -0.001 -18"><span class='ocrx_word' id='word_1_716' title='bbox 2212 2179 2434 2249; x_wconf 89' lang='grc' dir='ltr'>έσχετο,</span> <span class='ocrx_word' id='word_1_717' title='bbox 2477 2178 2571 2230; x_wconf 81' lang='grc' dir='ltr'>καὶ</span> <span class='ocrx_word' id='word_1_718' title='bbox 2614 2175 2994 2247; x_wconf 87' lang='grc' dir='ltr'>συμϐουλεύων</span> <span class='ocrx_word' id='word_1_719' title='bbox 3035 2175 3134 2228; x_wconf 88' lang='grc' dir='ltr'>οὐκ</span> <span class='ocrx_word' id='word_1_720' title='bbox 3176 2176 3484 2239; x_wconf 86' lang='grc' dir='ltr'>ἐπαύσατο,</span> <span class='ocrx_word' id='word_1_721' title='bbox 3531 2177 3695 2247; x_wconf 73' lang='grc' dir='ltr'>φησὶν</span> <span class='ocrx_word' id='word_1_722' title='bbox 3744 2178 3779 2246; x_wconf 86' lang='grc' dir='ltr'><strong>ἡ</strong></span> 
     </span>
    </p>
   </div>
   <div class='ocr_carea' id='block_1_93' title="bbox 2211 2257 3785 2331">
    <p class='ocr_par' dir='ltr' id='par_1_93' title="bbox 2211 2257 3785 2331">
     <span class='ocr_line' id='line_1_93' title="bbox 2211 2257 3785 2331; baseline -0.002 -17"><span class='ocrx_word' id='word_1_723' title='bbox 2211 2261 2403 2331; x_wconf 85' lang='grc' dir='ltr'>Γραφή</span> <span class='ocrx_word' id='word_1_724' title='bbox 2421 2277 2434 2291; x_wconf 90' lang='grc'><strong>·</strong></span> <span class='ocrx_word' id='word_1_725' title='bbox 2471 2259 2672 2314; x_wconf 80' lang='grc' dir='ltr'>Ἠνίκα</span> <span class='ocrx_word' id='word_1_726' title='bbox 2698 2257 2766 2313; x_wconf 84' lang='grc' dir='ltr'>δὲ</span> <span class='ocrx_word' id='word_1_727' title='bbox 2799 2258 3003 2312; x_wconf 70' lang='grc' dir='ltr'>ἐλάλει</span> <span class='ocrx_word' id='word_1_728' title='bbox 3033 2257 3262 2326; x_wconf 75' lang='grc' dir='ltr'>ἡμέραν</span> <span class='ocrx_word' id='word_1_729' title='bbox 3290 2258 3360 2322; x_wconf 78' lang='grc' dir='ltr'>ἐξ</span> <span class='ocrx_word' id='word_1_730' title='bbox 3385 2259 3605 2327; x_wconf 76' lang='grc' dir='ltr'>ἡμέρας</span> <span class='ocrx_word' id='word_1_731' title='bbox 3628 2301 3645 2324; x_wconf 89' lang='grc'>,</span> <span class='ocrx_word' id='word_1_732' title='bbox 3679 2258 3785 2312; x_wconf 71' lang='grc' dir='ltr'>καί</span> 
     </span>
    </p>
   </div>
   <div class='ocr_carea' id='block_1_94' title="bbox 2213 2341 3783 2412">
    <p class='ocr_par' dir='ltr' id='par_1_94' title="bbox 2213 2341 3783 2412">
     <span class='ocr_line' id='line_1_94' title="bbox 2213 2341 3783 2412; baseline -0.003 -14"><span class='ocrx_word' id='word_1_733' title='bbox 2213 2347 2324 2412; x_wconf 82' lang='grc' dir='ltr'>οὐχ</span> <span class='ocrx_word' id='word_1_734' title='bbox 2372 2343 2725 2412; x_wconf 77' lang='grc' dir='ltr'>ὑπήκουσεν</span> <span class='ocrx_word' id='word_1_735' title='bbox 2765 2341 2986 2410; x_wconf 81' lang='grc' dir='ltr'>αὐτῆς·</span> <span class='ocrx_word' id='word_1_736' title='bbox 3032 2341 3414 2411; x_wconf 83' lang='grc' dir='ltr'>ἐπιτηρήσασα</span> <span class='ocrx_word' id='word_1_737' title='bbox 3456 2341 3523 2395; x_wconf 77' lang='grc' dir='ltr'>τὰ</span> <span class='ocrx_word' id='word_1_738' title='bbox 3559 2342 3651 2395; x_wconf 78' lang='grc' dir='ltr'>ἐπὶ</span> <span class='ocrx_word' id='word_1_739' title='bbox 3681 2342 3783 2412; x_wconf 88' lang='grc' dir='ltr'>τῆς</span> 
     </span>
    </p>
   </div>
   <div class='ocr_carea' id='block_1_95' title="bbox 2211 2421 3779 2495">
    <p class='ocr_par' dir='ltr' id='par_1_95' title="bbox 2211 2421 3779 2495">
     <span class='ocr_line' id='line_1_95' title="bbox 2211 2421 3779 2495; baseline -0.002 -15"><span class='ocrx_word' id='word_1_740' title='bbox 2211 2425 2386 2488; x_wconf 88' lang='grc' dir='ltr'>οἰκίας</span> <span class='ocrx_word' id='word_1_741' title='bbox 2424 2424 2862 2495; x_wconf 88' lang='grc' dir='ltr'>διαπραττόμενα</span> <span class='ocrx_word' id='word_1_742' title='bbox 2880 2463 2896 2488; x_wconf 96' lang='grc'>,</span> <span class='ocrx_word' id='word_1_743' title='bbox 2924 2424 3165 2495; x_wconf 81' lang='grc' dir='ltr'>ἐπιπηδᾷ</span> <span class='ocrx_word' id='word_1_744' title='bbox 3191 2421 3270 2494; x_wconf 82' lang='grc' dir='ltr'>τῷ</span> <span class='ocrx_word' id='word_1_745' title='bbox 3295 2424 3580 2495; x_wconf 78' lang='grc' dir='ltr'>νεανίσκῳ,</span> <span class='ocrx_word' id='word_1_746' title='bbox 3611 2425 3779 2478; x_wconf 86' lang='grc' dir='ltr'>καθά-</span> 
     </span>
    </p>
   </div>
   <div class='ocr_carea' id='block_1_96' title="bbox 2212 2504 3780 2578">
    <p class='ocr_par' dir='ltr' id='par_1_96' title="bbox 2212 2504 3780 2578">
     <span class='ocr_line' id='line_1_96' title="bbox 2212 2504 3780 2578; baseline 0 -18"><span class='ocrx_word' id='word_1_747' title='bbox 2212 2524 2317 2578; x_wconf 90' lang='grc' dir='ltr'>περ</span> <span class='ocrx_word' id='word_1_748' title='bbox 2345 2506 2532 2577; x_wconf 85' lang='grc' dir='ltr'>θηρίον</span> <span class='ocrx_word' id='word_1_749' title='bbox 2563 2504 2728 2577; x_wconf 86' lang='grc' dir='ltr'>θῆγον</span> <span class='ocrx_word' id='word_1_750' title='bbox 2755 2507 2882 2569; x_wconf 85' lang='grc' dir='ltr'>τοὺς</span> <span class='ocrx_word' id='word_1_751' title='bbox 2925 2504 3176 2569; x_wconf 84' lang='grc' dir='ltr'>ὀδόντας,</span> <span class='ocrx_word' id='word_1_752' title='bbox 3222 2507 3317 2559; x_wconf 75' lang='grc' dir='ltr'>καὶ</span> <span class='ocrx_word' id='word_1_753' title='bbox 3359 2508 3780 2578; x_wconf 85' lang='grc' dir='ltr'>ἐπισπασαμένη</span> 
     </span>
    </p>
   </div>
   <div class='ocr_carea' id='block_1_97' title="bbox 2210 2586 3779 2660">
    <p class='ocr_par' dir='ltr' id='par_1_97' title="bbox 2210 2586 3779 2660">
     <span class='ocr_line' id='line_1_97' title="bbox 2210 2586 3779 2660; baseline -0.001 -16"><span class='ocrx_word' id='word_1_754' title='bbox 2210 2591 2318 2644; x_wconf 86' lang='grc' dir='ltr'>τῶν</span> <span class='ocrx_word' id='word_1_755' title='bbox 2348 2589 2575 2660; x_wconf 88' lang='grc' dir='ltr'>ίματίων</span> <span class='ocrx_word' id='word_1_756' title='bbox 2602 2591 2842 2659; x_wconf 87' lang='grc' dir='ltr'>κατεῖχε.</span> <span class='ocrx_word' id='word_1_757' title='bbox 2869 2586 2963 2658; x_wconf 85' lang='grc' dir='ltr'>Μὴ</span> <span class='ocrx_word' id='word_1_758' title='bbox 2995 2586 3182 2652; x_wconf 86' lang='grc' dir='ltr'>ἀπλῶς</span> <span class='ocrx_word' id='word_1_759' title='bbox 3221 2587 3379 2642; x_wconf 91' lang='grc' dir='ltr'>τοῦτο</span> <span class='ocrx_word' id='word_1_760' title='bbox 3404 2590 3779 2660; x_wconf 75' lang='grc' dir='ltr'>παραδράμοι-</span> 
     </span>
    </p>
   </div>
   <div class='ocr_carea' id='block_1_98' title="bbox 2215 2669 3783 2744">
    <p class='ocr_par' dir='ltr' id='par_1_98' title="bbox 2215 2669 3783 2744">
     <span class='ocr_line' id='line_1_98' title="bbox 2215 2669 3783 2744; baseline 0.001 -20"><span class='ocrx_word' id='word_1_761' title='bbox 2215 2690 2335 2744; x_wconf 88' lang='grc' dir='ltr'>μεν,</span> <span class='ocrx_word' id='word_1_762' title='bbox 2375 2672 2490 2726; x_wconf 84' lang='grc' dir='ltr'>ἀλλ’</span> <span class='ocrx_word' id='word_1_763' title='bbox 2528 2673 2867 2744; x_wconf 84' lang='grc' dir='ltr'>ἐννοήσωμεν</span> <span class='ocrx_word' id='word_1_764' title='bbox 2913 2669 3035 2726; x_wconf 82' lang='grc' dir='ltr'>ὅσον</span> <span class='ocrx_word' id='word_1_765' title='bbox 3073 2672 3332 2742; x_wconf 88' lang='grc' dir='ltr'>ὑπέμεινε</span> <span class='ocrx_word' id='word_1_766' title='bbox 3374 2670 3466 2727; x_wconf 76' lang='grc' dir='ltr'>τὸν</span> <span class='ocrx_word' id='word_1_767' title='bbox 3517 2673 3704 2741; x_wconf 85' lang='grc' dir='ltr'>ἀγῶνα</span> <span class='ocrx_word' id='word_1_768' title='bbox 3748 2675 3783 2726; x_wconf 83' lang='grc' dir='ltr'>ό</span> 
     </span>
    </p>
   </div>
   <div class='ocr_carea' id='block_1_99' title="bbox 2210 2749 3779 2828">
    <p class='ocr_par' dir='ltr' id='par_1_99' title="bbox 2210 2749 3779 2828">
     <span class='ocr_line' id='line_1_99' title="bbox 2210 2749 3779 2828; baseline 0 -17"><span class='ocrx_word' id='word_1_769' title='bbox 2210 2757 2417 2821; x_wconf 89' lang='grc' dir='ltr'>δίκαιος</span> <span class='ocrx_word' id='word_1_770' title='bbox 2436 2754 2660 2820; x_wconf 84' lang='grc' dir='ltr'>ἐκεῖνος.</span> <span class='ocrx_word' id='word_1_771' title='bbox 2678 2757 2752 2810; x_wconf 87' lang='grc' dir='ltr'>υύ</span> <span class='ocrx_word' id='word_1_772' title='bbox 2774 2755 2882 2827; x_wconf 87' lang='grc' dir='ltr'>γάρ</span> <span class='ocrx_word' id='word_1_773' title='bbox 2899 2756 3040 2810; x_wconf 77' lang='grc' dir='ltr'>οὕτω</span> <span class='ocrx_word' id='word_1_774' title='bbox 3057 2755 3367 2827; x_wconf 83' lang='grc' dir='ltr'>θαυμαστὸν</span> <span class='ocrx_word' id='word_1_775' title='bbox 3383 2749 3471 2828; x_wconf 82' lang='grc' dir='ltr'>ἦν,</span> <span class='ocrx_word' id='word_1_776' title='bbox 3496 2755 3572 2818; x_wconf 81' lang='grc' dir='ltr'>ὡς</span> <span class='ocrx_word' id='word_1_777' title='bbox 3591 2758 3779 2828; x_wconf 75' lang='grc' dir='ltr'>ἔμοιγε</span> 
     </span>
    </p>
   </div>
   <div class='ocr_carea' id='block_1_100' title="bbox 2211 2838 3778 2912">
    <p class='ocr_par' dir='ltr' id='par_1_100' title="bbox 2211 2838 3778 2912">
     <span class='ocr_line' id='line_1_100' title="bbox 2211 2838 3778 2912; baseline 0 -19"><span class='ocrx_word' id='word_1_778' title='bbox 2211 2840 2377 2905; x_wconf 90' lang='grc' dir='ltr'>δοκεῖ,</span> <span class='ocrx_word' id='word_1_779' title='bbox 2426 2841 2484 2892; x_wconf 90' lang='grc' dir='ltr'>ἐν</span> <span class='ocrx_word' id='word_1_780' title='bbox 2534 2839 2670 2910; x_wconf 81' lang='grc' dir='ltr'>μέσῃ</span> <span class='ocrx_word' id='word_1_781' title='bbox 2715 2842 2780 2908; x_wconf 85' lang='grc' dir='ltr'>τῇ</span> <span class='ocrx_word' id='word_1_782' title='bbox 2831 2838 3147 2911; x_wconf 80' lang='grc' dir='ltr'>Βαϐυλωνία</span> <span class='ocrx_word' id='word_1_783' title='bbox 3197 2840 3414 2911; x_wconf 84' lang='grc' dir='ltr'>καμίνῳ</span> <span class='ocrx_word' id='word_1_784' title='bbox 3458 2843 3583 2903; x_wconf 72' lang='grc' dir='ltr'>τοὺς</span> <span class='ocrx_word' id='word_1_785' title='bbox 3628 2844 3778 2912; x_wconf 77' lang='grc' dir='ltr'>τρεῖς</span> 
     </span>
    </p>
   </div>
   <div class='ocr_carea' id='block_1_101' title="bbox 2216 2920 3777 2993">
    <p class='ocr_par' dir='ltr' id='par_1_101' title="bbox 2216 2920 3777 2993">
     <span class='ocr_line' id='line_1_101' title="bbox 2216 2920 3777 2993; baseline 0.001 -20"><span class='ocrx_word' id='word_1_786' title='bbox 2216 2920 2412 2984; x_wconf 86' lang='grc' dir='ltr'>παῖδας</span> <span class='ocrx_word' id='word_1_787' title='bbox 2439 2921 2598 2985; x_wconf 79' lang='grc' dir='ltr'>ὄντας</span> <span class='ocrx_word' id='word_1_788' title='bbox 2624 2920 2881 2984; x_wconf 81' lang='grc' dir='ltr'>ἀϐλαϐεῖς</span> <span class='ocrx_word' id='word_1_789' title='bbox 2905 2922 3197 2992; x_wconf 85' lang='grc' dir='ltr'>διαμεῖναι,</span> <span class='ocrx_word' id='word_1_790' title='bbox 3234 2923 3328 2975; x_wconf 73' lang='grc' dir='ltr'>καὶ</span> <span class='ocrx_word' id='word_1_791' title='bbox 3363 2922 3528 2993; x_wconf 77' lang='grc' dir='ltr'>μηδὲν</span> <span class='ocrx_word' id='word_1_792' title='bbox 3551 2924 3656 2976; x_wconf 77' lang='grc' dir='ltr'>ὐπὸ</span> <span class='ocrx_word' id='word_1_793' title='bbox 3681 2922 3777 2975; x_wconf 85' lang='grc' dir='ltr'>τοῦ</span> 
     </span>
    </p>
   </div>
   <div class='ocr_carea' id='block_1_102' title="bbox 2216 3002 3777 3075">
    <p class='ocr_par' dir='ltr' id='par_1_102' title="bbox 2216 3002 3777 3075">
     <span class='ocr_line' id='line_1_102' title="bbox 2216 3002 3777 3075; baseline 0.001 -19"><span class='ocrx_word' id='word_1_794' title='bbox 2216 3002 2386 3073; x_wconf 83' lang='grc' dir='ltr'>πυρὸς</span> <span class='ocrx_word' id='word_1_795' title='bbox 2413 3003 2601 3057; x_wconf 88' lang='grc' dir='ltr'>παθεῖν</span> <span class='ocrx_word' id='word_1_796' title='bbox 2618 3045 2633 3069; x_wconf 89' lang='grc'>,</span> <span class='ocrx_word' id='word_1_797' title='bbox 2671 3003 2746 3065; x_wconf 83' lang='grc' dir='ltr'>ὡς</span> <span class='ocrx_word' id='word_1_798' title='bbox 2770 3003 3080 3074; x_wconf 83' lang='grc' dir='ltr'>θαυμαστὸν</span> <span class='ocrx_word' id='word_1_799' title='bbox 3107 3002 3323 3073; x_wconf 89' lang='grc' dir='ltr'>ἐγένετο</span> <span class='ocrx_word' id='word_1_800' title='bbox 3354 3006 3449 3057; x_wconf 77' lang='grc' dir='ltr'>καὶ</span> <span class='ocrx_word' id='word_1_801' title='bbox 3477 3005 3777 3075; x_wconf 79' lang='grc' dir='ltr'>παράδοξον</span> 
     </span>
    </p>
   </div>
   <div class='ocr_carea' id='block_1_103' title="bbox 2213 3084 3779 3157">
    <p class='ocr_par' dir='ltr' id='par_1_103' title="bbox 2213 3084 3779 3157">
     <span class='ocr_line' id='line_1_103' title="bbox 2213 3084 3779 3157; baseline 0.003 -21"><span class='ocrx_word' id='word_1_802' title='bbox 2213 3084 2303 3137; x_wconf 81' lang='grc' dir='ltr'>τὸν</span> <span class='ocrx_word' id='word_1_803' title='bbox 2338 3085 2645 3156; x_wconf 80' lang='grc' dir='ltr'>θαυμαστὸν</span> <span class='ocrx_word' id='word_1_804' title='bbox 2676 3085 2863 3139; x_wconf 88' lang='grc' dir='ltr'>τοῦτον</span> <span class='ocrx_word' id='word_1_805' title='bbox 2913 3084 3192 3140; x_wconf 88' lang='grc' dir='ltr'>νεανίσκον</span> <span class='ocrx_word' id='word_1_806' title='bbox 3233 3087 3634 3157; x_wconf 84' lang='grc' dir='ltr'>κατασχεθέντα</span> <span class='ocrx_word' id='word_1_807' title='bbox 3671 3089 3779 3141; x_wconf 83' lang='grc' dir='ltr'>τῶν</span> 
     </span>
    </p>
   </div>
   <div class='ocr_carea' id='block_1_104' title="bbox 2215 3169 3780 3244">
    <p class='ocr_par' dir='ltr' id='par_1_104' title="bbox 2215 3169 3780 3244">
     <span class='ocr_line' id='line_1_104' title="bbox 2215 3169 3780 3244; baseline 0.003 -22"><span class='ocrx_word' id='word_1_808' title='bbox 2215 3170 2445 3238; x_wconf 86' lang='grc' dir='ltr'>ἱματίων</span> <span class='ocrx_word' id='word_1_809' title='bbox 2482 3170 2588 3223; x_wconf 80' lang='grc' dir='ltr'>ὑπὸ</span> <span class='ocrx_word' id='word_1_810' title='bbox 2613 3171 2711 3241; x_wconf 88' lang='grc' dir='ltr'>τῆς</span> <span class='ocrx_word' id='word_1_811' title='bbox 2757 3172 2959 3241; x_wconf 83' lang='grc' dir='ltr'>μιαρᾶς</span> <span class='ocrx_word' id='word_1_812' title='bbox 3002 3169 3200 3241; x_wconf 86' lang='grc' dir='ltr'>ταύτης</span> <span class='ocrx_word' id='word_1_813' title='bbox 3235 3171 3329 3224; x_wconf 79' lang='grc' dir='ltr'>καὶ</span> <span class='ocrx_word' id='word_1_814' title='bbox 3371 3171 3667 3226; x_wconf 85' lang='grc' dir='ltr'>ἀκολάστου</span> <span class='ocrx_word' id='word_1_815' title='bbox 3703 3171 3780 3244; x_wconf 82' lang='grc' dir='ltr'>μὴ</span> 
     </span>
    </p>
   </div>
   <div class='ocr_carea' id='block_1_105' title="bbox 2215 3250 3777 3325">
    <p class='ocr_par' dir='ltr' id='par_1_105' title="bbox 2215 3250 3777 3325">
     <span class='ocr_line' id='line_1_105' title="bbox 2215 3250 3777 3325; baseline 0.003 -22"><span class='ocrx_word' id='word_1_816' title='bbox 2215 3251 2479 3315; x_wconf 88' lang='grc' dir='ltr'>ἐνδοῦναι,</span> <span class='ocrx_word' id='word_1_817' title='bbox 2505 3250 2640 3306; x_wconf 81' lang='grc' dir='ltr'>ἀλλὰ</span> <span class='ocrx_word' id='word_1_818' title='bbox 2664 3253 2758 3305; x_wconf 78' lang='grc' dir='ltr'>καὶ</span> <span class='ocrx_word' id='word_1_819' title='bbox 2780 3252 2849 3305; x_wconf 88' lang='grc' dir='ltr'>τά</span> <span class='ocrx_word' id='word_1_820' title='bbox 2876 3252 3065 3322; x_wconf 78' lang='grc' dir='ltr'>ἱμάτια</span> <span class='ocrx_word' id='word_1_821' title='bbox 3103 3252 3309 3320; x_wconf 82' lang='grc' dir='ltr'>ἀφέντα</span> <span class='ocrx_word' id='word_1_822' title='bbox 3336 3254 3392 3308; x_wconf 87' lang='grc' dir='ltr'>ἐν</span> <span class='ocrx_word' id='word_1_823' title='bbox 3414 3256 3533 3318; x_wconf 88' lang='grc' dir='ltr'>ταῖς</span> <span class='ocrx_word' id='word_1_824' title='bbox 3563 3253 3777 3325; x_wconf 85' lang='grc' dir='ltr'>ἐκείνης</span> 
     </span>
    </p>
   </div>
   <div class='ocr_carea' id='block_1_106' title="bbox 2215 3332 3781 3408">
    <p class='ocr_par' dir='ltr' id='par_1_106' title="bbox 2215 3332 3781 3408">
     <span class='ocr_line' id='line_1_106' title="bbox 2215 3332 3781 3408; baseline 0.004 -24"><span class='ocrx_word' id='word_1_825' title='bbox 2215 3334 2399 3404; x_wconf 75' lang='grc' dir='ltr'>χερσὶν</span> <span class='ocrx_word' id='word_1_826' title='bbox 2429 3332 2601 3397; x_wconf 78' lang='grc' dir='ltr'>οὕτως</span> <span class='ocrx_word' id='word_1_827' title='bbox 2625 3333 2990 3405; x_wconf 86' lang='grc' dir='ltr'>ἀποπηδῆσαι.</span> <span class='ocrx_word' id='word_1_828' title='bbox 3027 3335 3237 3406; x_wconf 80' lang='grc' dir='ltr'>’Ὥσπερ</span> <span class='ocrx_word' id='word_1_829' title='bbox 3259 3334 3371 3407; x_wconf 88' lang='grc' dir='ltr'>γάρ</span> <span class='ocrx_word' id='word_1_830' title='bbox 3400 3337 3450 3390; x_wconf 88' lang='grc' dir='ltr'>οἰ</span> <span class='ocrx_word' id='word_1_831' title='bbox 3474 3339 3624 3408; x_wconf 82' lang='grc' dir='ltr'>τρεῖς</span> <span class='ocrx_word' id='word_1_832' title='bbox 3650 3341 3781 3391; x_wconf 85' lang='grc' dir='ltr'>παῖ-</span> 
     </span>
    </p>
   </div>
   <div class='ocr_carea' id='block_1_107' title="bbox 2214 3414 3781 3489">
    <p class='ocr_par' dir='ltr' id='par_1_107' title="bbox 2214 3414 3781 3489">
     <span class='ocr_line' id='line_1_107' title="bbox 2214 3414 3781 3489; baseline 0.004 -22"><span class='ocrx_word' id='word_1_833' title='bbox 2214 3415 2303 3479; x_wconf 89' lang='grc' dir='ltr'>δες</span> <span class='ocrx_word' id='word_1_834' title='bbox 2339 3418 2535 3469; x_wconf 90' lang='grc' dir='ltr'>ἐκεῖνοι</span> <span class='ocrx_word' id='word_1_835' title='bbox 2569 3414 2657 3468; x_wconf 88' lang='grc' dir='ltr'>διά</span> <span class='ocrx_word' id='word_1_836' title='bbox 2683 3416 2781 3487; x_wconf 86' lang='grc' dir='ltr'>τῆν</span> <span class='ocrx_word' id='word_1_837' title='bbox 2809 3416 3016 3470; x_wconf 86' lang='grc' dir='ltr'>οἰκείαν</span> <span class='ocrx_word' id='word_1_838' title='bbox 3044 3418 3244 3489; x_wconf 82' lang='grc' dir='ltr'>ἀρετὴν</span> <span class='ocrx_word' id='word_1_839' title='bbox 3285 3419 3383 3489; x_wconf 86' lang='grc' dir='ltr'>τῆς</span> <span class='ocrx_word' id='word_1_840' title='bbox 3413 3418 3619 3474; x_wconf 80' lang='grc' dir='ltr'>ἀνωθεν</span> <span class='ocrx_word' id='word_1_841' title='bbox 3643 3421 3781 3473; x_wconf 83' lang='grc' dir='ltr'>ἀπο-</span> 
     </span>
    </p>
   </div>
   <div class='ocr_carea' id='block_1_108' title="bbox 2214 3498 3777 3572">
    <p class='ocr_par' dir='ltr' id='par_1_108' title="bbox 2214 3498 3777 3572">
     <span class='ocr_line' id='line_1_108' title="bbox 2214 3498 3777 3572; baseline 0.002 -21"><span class='ocrx_word' id='word_1_842' title='bbox 2214 3498 2508 3562; x_wconf 87' lang='grc' dir='ltr'>λαύσαντες</span> <span class='ocrx_word' id='word_1_843' title='bbox 2558 3499 2733 3569; x_wconf 77' lang='grc' dir='ltr'>ῥοπῆς</span> <span class='ocrx_word' id='word_1_844' title='bbox 2757 3539 2775 3561; x_wconf 90' lang='grc'>,</span> <span class='ocrx_word' id='word_1_845' title='bbox 2816 3498 2909 3552; x_wconf 91' lang='grc' dir='ltr'>τοῦ</span> <span class='ocrx_word' id='word_1_846' title='bbox 2946 3500 3118 3570; x_wconf 83' lang='grc' dir='ltr'>πυρὸς</span> <span class='ocrx_word' id='word_1_847' title='bbox 3164 3503 3441 3572; x_wconf 85' lang='grc' dir='ltr'>κρείττους</span> <span class='ocrx_word' id='word_1_848' title='bbox 3481 3500 3777 3572; x_wconf 81' lang='grc' dir='ltr'>ὤφθησαν·</span> 
     </span>
    </p>
   </div>
   <div class='ocr_carea' id='block_1_109' title="bbox 2214 3576 3782 3657">
    <p class='ocr_par' dir='ltr' id='par_1_109' title="bbox 2214 3576 3782 3657">
     <span class='ocr_line' id='line_1_109' title="bbox 2214 3576 3782 3657; baseline 0.004 -23"><span class='ocrx_word' id='word_1_849' title='bbox 2214 3579 2359 3635; x_wconf 74' lang='grc' dir='ltr'>οὕτω</span> <span class='ocrx_word' id='word_1_850' title='bbox 2384 3582 2476 3635; x_wconf 77' lang='grc' dir='ltr'>καὶ</span> <span class='ocrx_word' id='word_1_851' title='bbox 2504 3576 2677 3644; x_wconf 73' lang='grc' dir='ltr'>οὗτος,</span> <span class='ocrx_word' id='word_1_852' title='bbox 2713 3581 2900 3652; x_wconf 86' lang='grc' dir='ltr'>ἐπειδὴ</span> <span class='ocrx_word' id='word_1_853' title='bbox 2929 3581 2997 3635; x_wconf 77' lang='grc' dir='ltr'>τά</span> <span class='ocrx_word' id='word_1_854' title='bbox 3022 3584 3152 3654; x_wconf 80' lang='grc' dir='ltr'>παρ’</span> <span class='ocrx_word' id='word_1_855' title='bbox 3177 3584 3373 3637; x_wconf 85' lang='grc' dir='ltr'>ἐαυτοῦ</span> <span class='ocrx_word' id='word_1_856' title='bbox 3405 3586 3670 3657; x_wconf 86' lang='grc' dir='ltr'>εἰσέφερε,</span> <span class='ocrx_word' id='word_1_857' title='bbox 3685 3588 3782 3640; x_wconf 82' lang='grc' dir='ltr'>καὶ</span> 
     </span>
    </p>
   </div>
   <div class='ocr_carea' id='block_1_110' title="bbox 2214 3663 3780 3736">
    <p class='ocr_par' dir='ltr' id='par_1_110' title="bbox 2214 3663 3780 3736">
     <span class='ocr_line' id='line_1_110' title="bbox 2214 3663 3780 3736; baseline 0.004 -20"><span class='ocrx_word' id='word_1_858' title='bbox 2214 3663 2314 3732; x_wconf 88' lang='grc' dir='ltr'>τῆς</span> <span class='ocrx_word' id='word_1_859' title='bbox 2343 3663 2694 3736; x_wconf 89' lang='grc' dir='ltr'>σωφροσύνης</span> <span class='ocrx_word' id='word_1_860' title='bbox 2720 3666 2845 3728; x_wconf 83' lang='grc' dir='ltr'>τοὺς</span> <span class='ocrx_word' id='word_1_861' title='bbox 2871 3664 3089 3733; x_wconf 85' lang='grc' dir='ltr'>ἀγῶνας</span> <span class='ocrx_word' id='word_1_862' title='bbox 3113 3665 3251 3734; x_wconf 85' lang='grc' dir='ltr'>μετά</span> <span class='ocrx_word' id='word_1_863' title='bbox 3277 3665 3471 3721; x_wconf 81' lang='grc' dir='ltr'>πολλοῦ</span> <span class='ocrx_word' id='word_1_864' title='bbox 3499 3666 3593 3722; x_wconf 88' lang='grc' dir='ltr'>τοῦ</span> <span class='ocrx_word' id='word_1_865' title='bbox 3622 3668 3780 3722; x_wconf 84' lang='grc' dir='ltr'>τόνου</span> 
     </span>
    </p>
   </div>
   <div class='ocr_carea' id='block_1_111' title="bbox 2217 3746 3781 3824">
    <p class='ocr_par' dir='ltr' id='par_1_111' title="bbox 2217 3746 3781 3824">
     <span class='ocr_line' id='line_1_111' title="bbox 2217 3746 3781 3824; baseline 0.005 -25"><span class='ocrx_word' id='word_1_866' title='bbox 2217 3746 2593 3809; x_wconf 83' lang='grc' dir='ltr'>ἐπεδείκνυτο,</span> <span class='ocrx_word' id='word_1_867' title='bbox 2620 3746 2823 3816; x_wconf 88' lang='grc' dir='ltr'>πολλῆς</span> <span class='ocrx_word' id='word_1_868' title='bbox 2848 3746 2945 3802; x_wconf 75' lang='grc' dir='ltr'>καὶ</span> <span class='ocrx_word' id='word_1_869' title='bbox 2973 3751 3074 3820; x_wconf 82' lang='grc' dir='ltr'>τῆς</span> <span class='ocrx_word' id='word_1_870' title='bbox 3103 3750 3309 3804; x_wconf 80' lang='grc' dir='ltr'>ἀνωθεν</span> <span class='ocrx_word' id='word_1_871' title='bbox 3336 3752 3650 3824; x_wconf 85' lang='grc' dir='ltr'>συμμαχίας</span> <span class='ocrx_word' id='word_1_872' title='bbox 3674 3754 3781 3807; x_wconf 86' lang='grc' dir='ltr'>ἀπ·</span> 
     </span>
    </p>
   </div>
   <div class='ocr_carea' id='block_1_112' title="bbox 2217 3827 3783 3906">
    <p class='ocr_par' dir='ltr' id='par_1_112' title="bbox 2217 3827 3783 3906">
     <span class='ocr_line' id='line_1_112' title="bbox 2217 3827 3783 3906; baseline 0.004 -26"><span class='ocrx_word' id='word_1_873' title='bbox 2217 3827 2442 3898; x_wconf 85' lang='grc' dir='ltr'>ήλαυσε,</span> <span class='ocrx_word' id='word_1_874' title='bbox 2472 3828 2574 3898; x_wconf 83' lang='grc' dir='ltr'>τῆς</span> <span class='ocrx_word' id='word_1_875' title='bbox 2603 3827 2700 3882; x_wconf 87' lang='grc' dir='ltr'>τοῦ</span> <span class='ocrx_word' id='word_1_876' title='bbox 2736 3827 2869 3883; x_wconf 83' lang='grc' dir='ltr'>Θεοῦ</span> <span class='ocrx_word' id='word_1_877' title='bbox 2910 3828 3089 3895; x_wconf 79' lang='grc' dir='ltr'>δεξιᾶς</span> <span class='ocrx_word' id='word_1_878' title='bbox 3136 3833 3589 3905; x_wconf 88' lang='grc' dir='ltr'>συμπραττούσης</span> <span class='ocrx_word' id='word_1_879' title='bbox 3632 3836 3783 3906; x_wconf 83' lang='grc' dir='ltr'>αὐτῷ</span> 
     </span>
    </p>
   </div>
   <div class='ocr_carea' id='block_1_113' title="bbox 2215 3907 3783 3988">
    <p class='ocr_par' dir='ltr' id='par_1_113' title="bbox 2215 3907 3783 3988">
     <span class='ocr_line' id='line_1_113' title="bbox 2215 3907 3783 3988; baseline 0.005 -24"><span class='ocrx_word' id='word_1_880' title='bbox 2215 3911 2465 3964; x_wconf 87' lang='grc' dir='ltr'>τοσοῦτον</span> <span class='ocrx_word' id='word_1_881' title='bbox 2496 3907 2656 3965; x_wconf 87' lang='grc' dir='ltr'>ἆθλον</span> <span class='ocrx_word' id='word_1_882' title='bbox 2698 3914 2937 3984; x_wconf 89' lang='grc' dir='ltr'>νικῆσαι,</span> <span class='ocrx_word' id='word_1_883' title='bbox 2992 3915 3083 3967; x_wconf 79' lang='grc' dir='ltr'>καὶ</span> <span class='ocrx_word' id='word_1_884' title='bbox 3117 3912 3221 3979; x_wconf 77' lang='grc' dir='ltr'>ἔξω</span> <span class='ocrx_word' id='word_1_885' title='bbox 3265 3915 3371 3969; x_wconf 86' lang='grc' dir='ltr'>τῶν</span> <span class='ocrx_word' id='word_1_886' title='bbox 3409 3915 3638 3971; x_wconf 88' lang='grc' dir='ltr'>δικτύων</span> <span class='ocrx_word' id='word_1_887' title='bbox 3682 3919 3783 3988; x_wconf 90' lang='grc' dir='ltr'>τῆς</span> 
     </span>
    </p>
   </div>
   <div class='ocr_carea' id='block_1_114' title="bbox 2216 3991 3783 4068">
    <p class='ocr_par' dir='ltr' id='par_1_114' title="bbox 2216 3991 3783 4068">
     <span class='ocr_line' id='line_1_114' title="bbox 2216 3991 3783 4068; baseline 0.004 -21"><span class='ocrx_word' id='word_1_888' title='bbox 2216 3991 2478 4061; x_wconf 81' lang='grc' dir='ltr'>ἀσελγοῦς</span> <span class='ocrx_word' id='word_1_889' title='bbox 2521 3993 2733 4065; x_wconf 84' lang='grc' dir='ltr'>ἐκείνης</span> <span class='ocrx_word' id='word_1_890' title='bbox 2773 3997 3125 4067; x_wconf 88' lang='grc' dir='ltr'>καταστῆναι.</span> <span class='ocrx_word' id='word_1_891' title='bbox 3159 3998 3270 4051; x_wconf 78' lang='grc' dir='ltr'>Καὶ</span> <span class='ocrx_word' id='word_1_892' title='bbox 3311 3993 3377 4068; x_wconf 74' lang='grc' dir='ltr'>ἦν</span> <span class='ocrx_word' id='word_1_893' title='bbox 3424 3998 3552 4053; x_wconf 84' lang='grc' dir='ltr'>ἰδεῖν</span> <span class='ocrx_word' id='word_1_894' title='bbox 3596 3999 3783 4054; x_wconf 78' lang='grc' dir='ltr'>λοιπὸν</span> 
     </span>
    </p>
   </div>
   <div class='ocr_carea' id='block_1_115' title="bbox 2214 4074 3786 4154">
    <p class='ocr_par' dir='ltr' id='par_1_115' title="bbox 2214 4074 3786 4154">
     <span class='ocr_line' id='line_1_115' title="bbox 2214 4074 3786 4154; baseline 0.006 -26"><span class='ocrx_word' id='word_1_895' title='bbox 2214 4076 2337 4129; x_wconf 86' lang='grc' dir='ltr'>τότε</span> <span class='ocrx_word' id='word_1_896' title='bbox 2364 4077 2455 4129; x_wconf 82' lang='grc' dir='ltr'>τὸν</span> <span class='ocrx_word' id='word_1_897' title='bbox 2482 4074 2780 4146; x_wconf 89' lang='grc' dir='ltr'>θαυμάσιον</span> <span class='ocrx_word' id='word_1_898' title='bbox 2825 4077 3015 4132; x_wconf 89' lang='grc' dir='ltr'>τοῦτον</span> <span class='ocrx_word' id='word_1_899' title='bbox 3059 4079 3265 4150; x_wconf 82' lang='grc' dir='ltr'>γυμνὸν</span> <span class='ocrx_word' id='word_1_900' title='bbox 3296 4082 3393 4151; x_wconf 82' lang='grc' dir='ltr'>μὲν</span> <span class='ocrx_word' id='word_1_901' title='bbox 3421 4083 3629 4149; x_wconf 78' lang='grc' dir='ltr'>ἐξιόντα</span> <span class='ocrx_word' id='word_1_902' title='bbox 3664 4084 3786 4154; x_wconf 81' lang='grc' dir='ltr'>ίμαο</span> 
     </span>
    </p>
   </div>
   <div class='ocr_carea' id='block_1_116' title="bbox 2217 4158 3786 4235">
    <p class='ocr_par' dir='ltr' id='par_1_116' title="bbox 2217 4158 3786 4235">
     <span class='ocr_line' id='line_1_116' title="bbox 2217 4158 3786 4235; baseline 0.006 -26"><span class='ocrx_word' id='word_1_903' title='bbox 2217 4158 2367 4222; x_wconf 89' lang='grc' dir='ltr'>τίων,</span> <span class='ocrx_word' id='word_1_904' title='bbox 2401 4158 2747 4229; x_wconf 82' lang='grc' dir='ltr'>ἐνδεδυμένον</span> <span class='ocrx_word' id='word_1_905' title='bbox 2773 4159 2830 4213; x_wconf 80' lang='grc' dir='ltr'>δέ</span> <span class='ocrx_word' id='word_1_906' title='bbox 2856 4161 2955 4231; x_wconf 90' lang='grc' dir='ltr'>τῆς</span> <span class='ocrx_word' id='word_1_907' title='bbox 2983 4162 3334 4233; x_wconf 84' lang='grc' dir='ltr'>σωφροσύνης</span> <span class='ocrx_word' id='word_1_908' title='bbox 3359 4163 3418 4216; x_wconf 78' lang='grc' dir='ltr'>τὸ</span> <span class='ocrx_word' id='word_1_909' title='bbox 3439 4164 3661 4235; x_wconf 76' lang='grc' dir='ltr'>ἔνδυμα,</span> <span class='ocrx_word' id='word_1_910' title='bbox 3686 4167 3786 4220; x_wconf 77' lang='grc' dir='ltr'>καὶ</span> 
     </span>
    </p>
   </div>
   <div class='ocr_carea' id='block_1_117' title="bbox 2217 4241 3785 4320">
    <p class='ocr_par' dir='ltr' id='par_1_117' title="bbox 2217 4241 3785 4320">
     <span class='ocr_line' id='line_1_117' title="bbox 2217 4241 3785 4320; baseline 0.008 -28"><span class='ocrx_word' id='word_1_911' title='bbox 2217 4241 2466 4312; x_wconf 88' lang='grc' dir='ltr'>καθάπερ</span> <span class='ocrx_word' id='word_1_912' title='bbox 2503 4241 2610 4294; x_wconf 87' lang='grc' dir='ltr'>ἀπό</span> <span class='ocrx_word' id='word_1_913' title='bbox 2651 4258 2796 4304; x_wconf 89' lang='grc' dir='ltr'>τινος</span> <span class='ocrx_word' id='word_1_914' title='bbox 2823 4246 3002 4313; x_wconf 83' lang='grc' dir='ltr'>πυρᾶς</span> <span class='ocrx_word' id='word_1_915' title='bbox 3034 4245 3128 4299; x_wconf 76' lang='grc' dir='ltr'>καὶ</span> <span class='ocrx_word' id='word_1_916' title='bbox 3154 4245 3383 4317; x_wconf 86' lang='grc' dir='ltr'>καμίνου</span> <span class='ocrx_word' id='word_1_917' title='bbox 3411 4248 3620 4320; x_wconf 82' lang='grc' dir='ltr'>ἀϐλαϐῆ</span> <span class='ocrx_word' id='word_1_918' title='bbox 3666 4250 3785 4304; x_wconf 77' lang='grc' dir='ltr'>δια-</span> 
     </span>
    </p>
   </div>
   <div class='ocr_carea' id='block_1_118' title="bbox 2217 4324 3785 4396">
    <p class='ocr_par' dir='ltr' id='par_1_118' title="bbox 2217 4324 3785 4396">
     <span class='ocr_line' id='line_1_118' title="bbox 2217 4324 3785 4396; baseline 0.01 -21"><span class='ocrx_word' id='word_1_919' title='bbox 2217 4326 2427 4392; x_wconf 84' lang='grc' dir='ltr'>φυγεῖν,</span> <span class='ocrx_word' id='word_1_920' title='bbox 2478 4324 2573 4377; x_wconf 72' lang='grc' dir='ltr'>καὶ</span> <span class='ocrx_word' id='word_1_921' title='bbox 2620 4326 2680 4378; x_wconf 82' lang='grc' dir='ltr'>οὐ</span> <span class='ocrx_word' id='word_1_922' title='bbox 2735 4325 2894 4396; x_wconf 91' lang='grc' dir='ltr'>μόνον</span> <span class='ocrx_word' id='word_1_923' title='bbox 2938 4327 3000 4379; x_wconf 90' lang='grc' dir='ltr'>οὐ</span> <span class='ocrx_word' id='word_1_924' title='bbox 3046 4329 3479 4392; x_wconf 89' lang='grc' dir='ltr'>κατακαυθέντα,</span> <span class='ocrx_word' id='word_1_925' title='bbox 3509 4332 3645 4388; x_wconf 83' lang='grc' dir='ltr'>ἀλλά</span> <span class='ocrx_word' id='word_1_926' title='bbox 3686 4337 3785 4391; x_wconf 78' lang='grc' dir='ltr'>καὶ</span> 
     </span>
    </p>
   </div>
   <div class='ocr_carea' id='block_1_119' title="bbox 2216 4404 3507 4483">
    <p class='ocr_par' dir='ltr' id='par_1_119' title="bbox 2216 4404 3507 4483">
     <span class='ocr_line' id='line_1_119' title="bbox 2216 4404 3507 4483; baseline 0.009 -27"><span class='ocrx_word' id='word_1_927' title='bbox 2216 4404 2589 4476; x_wconf 79' lang='grc' dir='ltr'>λαμπρότερον</span> <span class='ocrx_word' id='word_1_928' title='bbox 2621 4407 2715 4460; x_wconf 77' lang='grc' dir='ltr'>καὶ</span> <span class='ocrx_word' id='word_1_929' title='bbox 2751 4406 3101 4480; x_wconf 88' lang='grc' dir='ltr'>φαιδρότερον</span> <span class='ocrx_word' id='word_1_930' title='bbox 3126 4413 3507 4483; x_wconf 81' lang='grc' dir='ltr'>γεγενημένον.</span> 
     </span>
    </p>
   </div>
   <div class='ocr_carea' id='block_1_120' title="bbox 2285 4486 3784 4567">
    <p class='ocr_par' dir='ltr' id='par_1_120' title="bbox 2285 4486 3784 4567">
     <span class='ocr_line' id='line_1_120' title="bbox 2285 4486 3784 4567; baseline 0.008 -28"><span class='ocrx_word' id='word_1_931' title='bbox 2285 4493 2348 4540; x_wconf 84' lang='grc' dir='ltr'>ε’.</span> <span class='ocrx_word' id='word_1_932' title='bbox 2380 4486 2514 4539; x_wconf 83' lang='grc' dir='ltr'>Ἀλλ’</span> <span class='ocrx_word' id='word_1_933' title='bbox 2546 4489 2646 4559; x_wconf 82' lang='grc' dir='ltr'>ὅρα</span> <span class='ocrx_word' id='word_1_934' title='bbox 2678 4489 2814 4567; x_wconf 85' lang='grc' dir='ltr'>μετά</span> <span class='ocrx_word' id='word_1_935' title='bbox 2842 4489 3108 4560; x_wconf 90' lang='grc' dir='ltr'>τοσαύτην</span> <span class='ocrx_word' id='word_1_936' title='bbox 3139 4494 3314 4563; x_wconf 89' lang='grc' dir='ltr'>νίκην,</span> <span class='ocrx_word' id='word_1_937' title='bbox 3348 4496 3484 4564; x_wconf 72' lang='grc' dir='ltr'>μετὰ</span> <span class='ocrx_word' id='word_1_938' title='bbox 3516 4498 3784 4567; x_wconf 83' lang='grc' dir='ltr'>τοσαύτην</span> 
     </span>
    </p>
   </div>
   <div class='ocr_carea' id='block_1_121' title="bbox 2216 4566 3783 4654">
    <p class='ocr_par' dir='ltr' id='par_1_121' title="bbox 2216 4566 3783 4654">
     <span class='ocr_line' id='line_1_121' title="bbox 2216 4566 3783 4654; baseline 0.009 -33"><span class='ocrx_word' id='word_1_939' title='bbox 2216 4569 2498 4654; x_wconf 69' lang='grc' dir='ltr'>ἀνδρείαν,</span> <span class='ocrx_word' id='word_1_940' title='bbox 2521 4571 2658 4642; x_wconf 84' lang='grc' dir='ltr'>ὐπέρ</span> <span class='ocrx_word' id='word_1_941' title='bbox 2687 4566 2761 4626; x_wconf 82' lang='grc' dir='ltr'>ὧν</span> <span class='ocrx_word' id='word_1_942' title='bbox 2787 4573 2954 4644; x_wconf 81' lang='grc' dir='ltr'>ἐχρῆν</span> <span class='ocrx_word' id='word_1_943' title='bbox 2986 4574 3148 4629; x_wconf 81' lang='grc' dir='ltr'>αὐτὸν</span> <span class='ocrx_word' id='word_1_944' title='bbox 3183 4579 3607 4649; x_wconf 85' lang='grc' dir='ltr'>στεφανωθῆναι,</span> <span class='ocrx_word' id='word_1_945' title='bbox 3640 4566 3783 4654; x_wconf 65' lang='grc' dir='ltr'>ὑπὲρ</span> 
     </span>
    </p>
   </div>
   <div class='ocr_carea' id='block_1_122' title="bbox 2215 4645 3788 4727">
    <p class='ocr_par' dir='ltr' id='par_1_122' title="bbox 2215 4645 3788 4727">
     <span class='ocr_line' id='line_1_122' title="bbox 2215 4645 3788 4727; baseline 0.008 -23"><span class='ocrx_word' id='word_1_946' title='bbox 2215 4645 2289 4705; x_wconf 78' lang='grc' dir='ltr'>ὧν</span> <span class='ocrx_word' id='word_1_947' title='bbox 2317 4653 2485 4723; x_wconf 83' lang='grc' dir='ltr'>ἐχρῆν</span> <span class='ocrx_word' id='word_1_948' title='bbox 2513 4654 2674 4707; x_wconf 80' lang='grc' dir='ltr'>αὐτὸν</span> <span class='ocrx_word' id='word_1_949' title='bbox 2702 4655 3167 4727; x_wconf 84' lang='grc' dir='ltr'>ἀνακηρυχθῆναι,</span> <span class='ocrx_word' id='word_1_950' title='bbox 3193 4659 3354 4714; x_wconf 89' lang='grc' dir='ltr'>πάλιν</span> <span class='ocrx_word' id='word_1_951' title='bbox 3378 4645 3578 4715; x_wconf 80' lang='grc' dir='ltr'>ὡσανεὶ</span> <span class='ocrx_word' id='word_1_952' title='bbox 3616 4645 3788 4717; x_wconf 79' lang='grc' dir='ltr'>ὑπεύό</span> 
     </span>
    </p>
   </div>
   <div class='ocr_carea' id='block_1_123' title="bbox 2218 4732 3788 4815">
    <p class='ocr_par' dir='ltr' id='par_1_123' title="bbox 2218 4732 3788 4815">
     <span class='ocr_line' id='line_1_123' title="bbox 2218 4732 3788 4815; baseline 0.009 -29"><span class='ocrx_word' id='word_1_953' title='bbox 2218 4732 2376 4787; x_wconf 90' lang='grc' dir='ltr'>θυνον</span> <span class='ocrx_word' id='word_1_954' title='bbox 2409 4733 2559 4807; x_wconf 81' lang='lat'>[598]</span> <span class='ocrx_word' id='word_1_955' title='bbox 2587 4736 2657 4789; x_wconf 89' lang='grc' dir='ltr'>τά</span> <span class='ocrx_word' id='word_1_956' title='bbox 2690 4737 2858 4809; x_wconf 86' lang='grc' dir='ltr'>μυρία</span> <span class='ocrx_word' id='word_1_957' title='bbox 2891 4739 3232 4809; x_wconf 86' lang='grc' dir='ltr'>ὑπομένοντα</span> <span class='ocrx_word' id='word_1_958' title='bbox 3255 4741 3425 4798; x_wconf 87' lang='grc' dir='ltr'>δεινά.</span> <span class='ocrx_word' id='word_1_959' title='bbox 3467 4743 3529 4797; x_wconf 85' lang='grc' dir='ltr'><em>Ἢ</em></span> <span class='ocrx_word' id='word_1_960' title='bbox 3559 4746 3667 4815; x_wconf 83' lang='grc' dir='ltr'>γὰρ</span> <span class='ocrx_word' id='word_1_961' title='bbox 3686 4747 3788 4800; x_wconf 76' lang='grc' dir='ltr'>Δία·</span> 
     </span>
    </p>
   </div>
   <div class='ocr_carea' id='block_1_124' title="bbox 2217 4817 3785 4899">
    <p class='ocr_par' dir='ltr' id='par_1_124' title="bbox 2217 4817 3785 4899">
     <span class='ocr_line' id='line_1_124' title="bbox 2217 4817 3785 4899; baseline 0.011 -32"><span class='ocrx_word' id='word_1_962' title='bbox 2217 4817 2420 4899; x_wconf 83' lang='grc' dir='ltr'>γυπτία</span> <span class='ocrx_word' id='word_1_963' title='bbox 2448 4817 2628 4899; x_wconf 65' lang='grc' dir='ltr'>ἐκείνη</span> <span class='ocrx_word' id='word_1_964' title='bbox 2670 4820 2731 4873; x_wconf 89' lang='grc' dir='ltr'>οὐ</span> <span class='ocrx_word' id='word_1_965' title='bbox 2766 4820 3006 4891; x_wconf 89' lang='grc' dir='ltr'>φέρουσα</span> <span class='ocrx_word' id='word_1_966' title='bbox 3059 4823 3244 4878; x_wconf 86' lang='grc' dir='ltr'>λοιπὸν</span> <span class='ocrx_word' id='word_1_967' title='bbox 3281 4825 3378 4897; x_wconf 81' lang='grc' dir='ltr'>τὴν</span> <span class='ocrx_word' id='word_1_968' title='bbox 3408 4828 3665 4899; x_wconf 85' lang='grc' dir='ltr'>αἰσχύνην</span> <span class='ocrx_word' id='word_1_969' title='bbox 3691 4833 3785 4886; x_wconf 76' lang='grc' dir='ltr'>καὶ</span> 
     </span>
    </p>
   </div>
   <div class='ocr_carea' id='block_1_125' title="bbox 2216 4891 3783 4982">
    <p class='ocr_par' dir='ltr' id='par_1_125' title="bbox 2216 4891 3783 4982">
     <span class='ocr_line' id='line_1_125' title="bbox 2216 4891 3783 4982; baseline 0.009 -31"><span class='ocrx_word' id='word_1_970' title='bbox 2216 4897 2277 4952; x_wconf 84' lang='grc' dir='ltr'>τὸ</span> <span class='ocrx_word' id='word_1_971' title='bbox 2301 4899 2531 4965; x_wconf 79' lang='grc' dir='ltr'>ὄνειδος,</span> <span class='ocrx_word' id='word_1_972' title='bbox 2649 4903 3004 4973; x_wconf 85' lang='grc' dir='ltr'>περιέϐαλλεν</span> <span class='ocrx_word' id='word_1_973' title='bbox 3037 4906 3232 4977; x_wconf 80' lang='grc' dir='ltr'>ἑαυτὴν</span> <span class='ocrx_word' id='word_1_974' title='bbox 3259 4891 3538 4973; x_wconf 72' lang='grc' dir='ltr'>ἀδυνάτοίς</span> <span class='ocrx_word' id='word_1_975' title='bbox 3572 4891 3783 4982; x_wconf 77' lang='grc' dir='ltr'>ἐπιχει-</span> 
     </span>
    </p>
   </div>
   <div class='ocr_carea' id='block_1_126' title="bbox 2219 4984 3784 5060">
    <p class='ocr_par' dir='ltr' id='par_1_126' title="bbox 2219 4984 3784 5060">
     <span class='ocr_line' id='line_1_126' title="bbox 2219 4984 3784 5060; baseline 0.009 -24"><span class='ocrx_word' id='word_1_976' title='bbox 2219 4985 2452 5055; x_wconf 82' lang='grc' dir='ltr'>ρήσασα,</span> <span class='ocrx_word' id='word_1_977' title='bbox 2486 4984 2748 5056; x_wconf 86' lang='grc' dir='ltr'>πρότερον</span> <span class='ocrx_word' id='word_1_978' title='bbox 2780 4986 2878 5057; x_wconf 84' lang='grc' dir='ltr'>μὲν</span> <span class='ocrx_word' id='word_1_979' title='bbox 2904 4990 3028 5051; x_wconf 71' lang='grc' dir='ltr'>τοὺς</span> <span class='ocrx_word' id='word_1_980' title='bbox 3059 4990 3151 5043; x_wconf 78' lang='grc' dir='ltr'>ἐπὶ</span> <span class='ocrx_word' id='word_1_981' title='bbox 3177 4987 3274 5058; x_wconf 87' lang='grc' dir='ltr'>τῆς</span> <span class='ocrx_word' id='word_1_982' title='bbox 3306 4991 3480 5055; x_wconf 85' lang='grc' dir='ltr'>οἰκίας</span> <span class='ocrx_word' id='word_1_983' title='bbox 3515 4996 3784 5060; x_wconf 85' lang='grc' dir='ltr'>συγκαλε-</span> 
     </span>
    </p>
   </div>
   <div class='ocr_carea' id='block_1_127' title="bbox 2219 5068 3785 5150">
    <p class='ocr_par' dir='ltr' id='par_1_127' title="bbox 2219 5068 3785 5150">
     <span class='ocr_line' id='line_1_127' title="bbox 2219 5068 3785 5150; baseline 0.007 -29"><span class='ocrx_word' id='word_1_984' title='bbox 2219 5068 2428 5139; x_wconf 82' lang='grc' dir='ltr'>σαμένη</span> <span class='ocrx_word' id='word_1_985' title='bbox 2461 5073 2759 5140; x_wconf 80' lang='grc' dir='ltr'>κατηγορεῖ</span> <span class='ocrx_word' id='word_1_986' title='bbox 2785 5071 2878 5123; x_wconf 88' lang='grc' dir='ltr'>τοῦ</span> <span class='ocrx_word' id='word_1_987' title='bbox 2904 5071 3182 5124; x_wconf 85' lang='grc' dir='ltr'>νεανίσκου</span> <span class='ocrx_word' id='word_1_988' title='bbox 3198 5114 3211 5137; x_wconf 91' lang='grc'>,</span> <span class='ocrx_word' id='word_1_989' title='bbox 3248 5075 3342 5127; x_wconf 80' lang='grc' dir='ltr'>καὶ</span> <span class='ocrx_word' id='word_1_990' title='bbox 3368 5073 3437 5127; x_wconf 81' lang='grc' dir='ltr'>τά</span> <span class='ocrx_word' id='word_1_991' title='bbox 3465 5078 3593 5147; x_wconf 88' lang='grc' dir='ltr'>παρ’</span> <span class='ocrx_word' id='word_1_992' title='bbox 3614 5078 3785 5150; x_wconf 87' lang='grc' dir='ltr'>αὐτῆς</span> 
     </span>
    </p>
   </div>
   <div class='ocr_carea' id='block_1_128' title="bbox 2220 5150 3787 5234">
    <p class='ocr_par' dir='ltr' id='par_1_128' title="bbox 2220 5150 3787 5234">
     <span class='ocr_line' id='line_1_128' title="bbox 2220 5150 3787 5234; baseline 0.008 -33"><span class='ocrx_word' id='word_1_993' title='bbox 2220 5150 2826 5234; x_wconf 32' lang='grc' dir='ltr'>μανικῶςῌπροταθέντα</span> <span class='ocrx_word' id='word_1_994' title='bbox 2846 5192 2861 5214; x_wconf 96' lang='grc'>,</span> <span class='ocrx_word' id='word_1_995' title='bbox 2887 5152 2962 5234; x_wconf 74' lang='grc' dir='ltr'>ὡς</span> <span class='ocrx_word' id='word_1_996' title='bbox 2990 5153 3119 5224; x_wconf 80' lang='grc' dir='ltr'>παρ’</span> <span class='ocrx_word' id='word_1_997' title='bbox 3151 5156 3360 5210; x_wconf 88' lang='grc' dir='ltr'>ἐκείνου</span> <span class='ocrx_word' id='word_1_998' title='bbox 3389 5158 3654 5229; x_wconf 85' lang='grc' dir='ltr'>εἰρημένα</span> <span class='ocrx_word' id='word_1_999' title='bbox 3674 5163 3787 5234; x_wconf 79' lang='grc' dir='ltr'>φή-</span> 
     </span>
    </p>
   </div>
   <div class='ocr_carea' id='block_1_129' title="bbox 2219 5230 3787 5310">
    <p class='ocr_par' dir='ltr' id='par_1_129' title="bbox 2219 5230 3787 5310">
     <span class='ocr_line' id='line_1_129' title="bbox 2219 5230 3787 5310; baseline 0.01 -26"><span class='ocrx_word' id='word_1_1000' title='bbox 2219 5248 2358 5284; x_wconf 88' lang='grc' dir='ltr'>σασα</span> <span class='ocrx_word' id='word_1_1001' title='bbox 2382 5271 2396 5293; x_wconf 95' lang='grc'>,</span> <span class='ocrx_word' id='word_1_1002' title='bbox 2436 5230 2606 5294; x_wconf 77' lang='grc' dir='ltr'>οὕτως</span> <span class='ocrx_word' id='word_1_1003' title='bbox 2650 5235 2865 5303; x_wconf 78' lang='grc' dir='ltr'>ἀπατᾷν</span> <span class='ocrx_word' id='word_1_1004' title='bbox 2906 5232 3151 5299; x_wconf 77' lang='grc' dir='ltr'>ἅπαντας</span> <span class='ocrx_word' id='word_1_1005' title='bbox 3191 5238 3485 5310; x_wconf 88' lang='grc' dir='ltr'>ἐπεχείρει.</span> <span class='ocrx_word' id='word_1_1006' title='bbox 3533 5230 3787 5301; x_wconf 82' lang='grc' dir='ltr'>Τοιοῦτον</span> 
     </span>
    </p>
   </div>
   <div class='ocr_carea' id='block_1_130' title="bbox 2217 5311 3788 5394">
    <p class='ocr_par' dir='ltr' id='par_1_130' title="bbox 2217 5311 3788 5394">
     <span class='ocr_line' id='line_1_130' title="bbox 2217 5311 3788 5394; baseline 0.006 -30"><span class='ocrx_word' id='word_1_1007' title='bbox 2217 5311 2326 5383; x_wconf 81' lang='grc' dir='ltr'>γὰρ</span> <span class='ocrx_word' id='word_1_1008' title='bbox 2348 5311 2466 5394; x_wconf 82' lang='grc' dir='ltr'>ἔθος</span> <span class='ocrx_word' id='word_1_1009' title='bbox 2494 5315 2559 5384; x_wconf 77' lang='grc' dir='ltr'>τῇ</span> <span class='ocrx_word' id='word_1_1010' title='bbox 2596 5313 2797 5385; x_wconf 77' lang='grc' dir='ltr'>κακία,</span> <span class='ocrx_word' id='word_1_1011' title='bbox 2830 5317 2917 5368; x_wconf 80' lang='grc' dir='ltr'>ἀεὶ</span> <span class='ocrx_word' id='word_1_1012' title='bbox 2965 5319 3100 5390; x_wconf 73' lang='grc' dir='ltr'>πρὸς</span> <span class='ocrx_word' id='word_1_1013' title='bbox 3140 5319 3238 5391; x_wconf 80' lang='grc' dir='ltr'>τὴν</span> <span class='ocrx_word' id='word_1_1014' title='bbox 3277 5322 3477 5394; x_wconf 77' lang='grc' dir='ltr'>ἀρετὴν</span> <span class='ocrx_word' id='word_1_1015' title='bbox 3525 5326 3788 5393; x_wconf 78' lang='grc' dir='ltr'>ἀγωνιζο.</span> 
     </span>
    </p>
   </div>
   <div class='ocr_carea' id='block_1_131' title="bbox 2221 5393 3787 5481">
    <p class='ocr_par' dir='ltr' id='par_1_131' title="bbox 2221 5393 3787 5481">
     <span class='ocr_line' id='line_1_131' title="bbox 2221 5393 3787 5481; baseline 0.012 -36"><span class='ocrx_word' id='word_1_1016' title='bbox 2221 5396 2389 5481; x_wconf 76' lang='grc' dir='ltr'>μένην</span> <span class='ocrx_word' id='word_1_1017' title='bbox 2412 5393 2482 5481; x_wconf 78' lang='grc' dir='ltr'>τά</span> <span class='ocrx_word' id='word_1_1018' title='bbox 2502 5394 2699 5481; x_wconf 77' lang='grc' dir='ltr'>ἑαυτῆς</span> <span class='ocrx_word' id='word_1_1019' title='bbox 2725 5395 3079 5481; x_wconf 69' lang='grc' dir='ltr'>ἐλαττιῦματα</span> <span class='ocrx_word' id='word_1_1020' title='bbox 3108 5403 3292 5475; x_wconf 78' lang='grc' dir='ltr'>ἐκείνῃ</span> <span class='ocrx_word' id='word_1_1021' title='bbox 3308 5393 3604 5479; x_wconf 83' lang='grc' dir='ltr'>ἐπιχειρεῖν</span> <span class='ocrx_word' id='word_1_1022' title='bbox 3624 5426 3787 5481; x_wconf 61' lang='grc' dir='ltr'>προσ.</span> 
     </span>
    </p>
   </div>
   <div class='ocr_carea' id='block_1_132' title="bbox 2218 5477 3789 5555">
    <p class='ocr_par' dir='ltr' id='par_1_132' title="bbox 2218 5477 3789 5555">
     <span class='ocr_line' id='line_1_132' title="bbox 2218 5477 3789 5555; baseline 0.011 -23"><span class='ocrx_word' id='word_1_1023' title='bbox 2218 5477 2528 5549; x_wconf 85' lang='grc' dir='ltr'>τρίϐεσθαι·</span> <span class='ocrx_word' id='word_1_1024' title='bbox 2559 5478 2588 5532; x_wconf 84' lang='grc' dir='ltr'><strong>ὃ</strong></span> <span class='ocrx_word' id='word_1_1025' title='bbox 2615 5480 2679 5552; x_wconf 84' lang='grc' dir='ltr'>δὴ</span> <span class='ocrx_word' id='word_1_1026' title='bbox 2711 5482 2803 5535; x_wconf 71' lang='grc' dir='ltr'>καὶ</span> <span class='ocrx_word' id='word_1_1027' title='bbox 2835 5478 2973 5555; x_wconf 79' lang='grc' dir='ltr'>αῦτη</span> <span class='ocrx_word' id='word_1_1028' title='bbox 3010 5482 3131 5538; x_wconf 89' lang='grc' dir='ltr'>τότε</span> <span class='ocrx_word' id='word_1_1029' title='bbox 3161 5487 3354 5550; x_wconf 84' lang='grc' dir='ltr'>ἐποίει,</span> <span class='ocrx_word' id='word_1_1030' title='bbox 3390 5477 3789 5553; x_wconf 15' lang='grc' dir='ltr'>τὸντνεανίσκον</span> 
     </span>
    </p>
   </div>
   <div class='ocr_carea' id='block_1_133' title="bbox 2218 5559 3788 5645">
    <p class='ocr_par' dir='ltr' id='par_1_133' title="bbox 2218 5559 3788 5645">
     <span class='ocr_line' id='line_1_133' title="bbox 2218 5559 3788 5645; baseline 0.011 -31"><span class='ocrx_word' id='word_1_1031' title='bbox 2218 5561 2294 5625; x_wconf 80' lang='grc' dir='ltr'>ὡς</span> <span class='ocrx_word' id='word_1_1032' title='bbox 2342 5559 2638 5645; x_wconf 82' lang='grc' dir='ltr'>ἀκόλαστον</span> <span class='ocrx_word' id='word_1_1033' title='bbox 2692 5561 3052 5621; x_wconf 83' lang='grc' dir='ltr'>διαϐάλλουσα</span> <span class='ocrx_word' id='word_1_1034' title='bbox 3098 5569 3189 5623; x_wconf 79' lang='grc' dir='ltr'>καὶ</span> <span class='ocrx_word' id='word_1_1035' title='bbox 3241 5570 3405 5643; x_wconf 80' lang='grc' dir='ltr'>ἑαυτῇ</span> <span class='ocrx_word' id='word_1_1036' title='bbox 3446 5580 3788 5645; x_wconf 87' lang='grc' dir='ltr'>προσωπεῖον</span> 
     </span>
    </p>
   </div>
   <div class='ocr_carea' id='block_1_134' title="bbox 2228 5643 3789 5721">
    <p class='ocr_par' dir='ltr' id='par_1_134' title="bbox 2228 5643 3789 5721">
     <span class='ocr_line' id='line_1_134' title="bbox 2228 5643 3789 5721; baseline 0.012 -24"><span class='ocrx_word' id='word_1_1037' title='bbox 2228 5643 2579 5716; x_wconf 89' lang='grc' dir='ltr'>σωφροσύνης</span> <span class='ocrx_word' id='word_1_1038' title='bbox 2606 5645 2907 5718; x_wconf 84' lang='grc' dir='ltr'>περιθεῖσα,</span> <span class='ocrx_word' id='word_1_1039' title='bbox 2939 5652 3033 5706; x_wconf 73' lang='grc' dir='ltr'>καὶ</span> <span class='ocrx_word' id='word_1_1040' title='bbox 3060 5651 3293 5721; x_wconf 83' lang='grc' dir='ltr'>λέγουσα</span> <span class='ocrx_word' id='word_1_1041' title='bbox 3309 5654 3396 5710; x_wconf 83' lang='grc' dir='ltr'>διὰ</span> <span class='ocrx_word' id='word_1_1042' title='bbox 3421 5643 3576 5712; x_wconf 88' lang='grc' dir='ltr'>τοῦτο</span> <span class='ocrx_word' id='word_1_1043' title='bbox 3598 5662 3789 5715; x_wconf 78' lang='grc' dir='ltr'>κάκεῖ-</span> 
     </span>
    </p>
   </div>
   <div class='ocr_carea' id='block_1_135' title="bbox 2219 5724 3791 5811">
    <p class='ocr_par' dir='ltr' id='par_1_135' title="bbox 2219 5724 3791 5811">
     <span class='ocr_line' id='line_1_135' title="bbox 2219 5724 3791 5811; baseline 0.013 -34"><span class='ocrx_word' id='word_1_1044' title='bbox 2219 5741 2308 5778; x_wconf 89' lang='grc' dir='ltr'>νον</span> <span class='ocrx_word' id='word_1_1045' title='bbox 2352 5724 2420 5778; x_wconf 90' lang='grc' dir='ltr'>τά</span> <span class='ocrx_word' id='word_1_1046' title='bbox 2467 5728 2655 5798; x_wconf 79' lang='grc' dir='ltr'>ἱμάτια</span> <span class='ocrx_word' id='word_1_1047' title='bbox 2706 5730 3149 5787; x_wconf 87' lang='grc' dir='ltr'>καταλελοιπέναι</span> <span class='ocrx_word' id='word_1_1048' title='bbox 3173 5774 3187 5797; x_wconf 95' lang='grc'>,</span> <span class='ocrx_word' id='word_1_1049' title='bbox 3239 5738 3332 5790; x_wconf 76' lang='grc' dir='ltr'>καὶ</span> <span class='ocrx_word' id='word_1_1050' title='bbox 3373 5737 3577 5811; x_wconf 88' lang='grc' dir='ltr'>ταύτην</span> <span class='ocrx_word' id='word_1_1051' title='bbox 3611 5742 3791 5798; x_wconf 88' lang='grc' dir='ltr'>ταῦτα</span> 
     </span>
    </p>
   </div>
   <div class='ocr_carea' id='block_1_136' title="bbox 2223 5809 3791 5903">
    <p class='ocr_par' dir='ltr' id='par_1_136' title="bbox 2223 5809 3791 5903">
     <span class='ocr_line' id='line_1_136' title="bbox 2223 5809 3791 5903; baseline 0.013 -42"><span class='ocrx_word' id='word_1_1052' title='bbox 2223 5809 2638 5892; x_wconf 78' lang='grc' dir='ltr'>κατεσχηκέναι.</span> <span class='ocrx_word' id='word_1_1053' title='bbox 2667 5812 2774 5867; x_wconf 69' lang='grc' dir='ltr'>Καὶ</span> <span class='ocrx_word' id='word_1_1054' title='bbox 2801 5814 2828 5867; x_wconf 81' lang='grc' dir='ltr'>ό</span> <span class='ocrx_word' id='word_1_1055' title='bbox 2851 5812 3227 5903; x_wconf 81' lang='grc' dir='ltr'>φιλάνθρωπος</span> <span class='ocrx_word' id='word_1_1056' title='bbox 3254 5819 3383 5885; x_wconf 72' lang='grc' dir='ltr'>Θεὸς</span> <span class='ocrx_word' id='word_1_1057' title='bbox 3408 5809 3791 5902; x_wconf 79' lang='grc' dir='ltr'>ἐμακροθύμει</span> 
     </span>
    </p>
   </div>
  </div>
