4142 6206
359 269 462 326 537

362 381 647 445 abstulisti,
673 396 845 449 neque
862 379 1007 434 abea
1039 379 1319 433 liberatqu
1349 380 1400 433 in
1429 381 1810 448 tranquillitate
1835 393 1956 433 esse

366 472 577 529 voluisti
602 490 617 526 :
639 471 735 527 sed
768 471 820 526 id
849 470 989 541 quod
1021 479 1104 525 est
1139 471 1477 535 miraculum,
1505 479 1561 525 et
1588 486 1840 540 perquam
1869 486 1956 522 ra-

365 582 505 632 rttm,
536 564 589 620 in
621 564 798 620 medio
837 563 1195 618 tribulationis
1233 563 1608 630 constitutum,
1636 565 1839 635 absque
1867 580 1960 633 pa-

364 672 491 714 vore
513 671 634 712 esse
663 671 750 710 me
781 654 952 709 fecisti
983 673 996 708 :
1030 655 1156 710 illud
1184 670 1318 710 sane
1341 663 1396 711 et
1431 656 1517 710 hic
1540 655 1662 711 fecit
1696 656 1957 725 benignus

365 749 641 803 humilius.
681 747 734 802 5.
773 744 1040 800 Benedixit
1079 746 1211 800 enim
1247 747 1452 800 domum
1477 746 1718 818 Egyptii
1755 758 1962 818 propter

361 837 578 907 Joseph.
613 838 676 891 Et
696 836 882 892 didicit
905 847 1086 906 postea
1118 836 1396 904 barbarus,
1429 853 1552 893 eum
1579 839 1665 909 qui
1693 850 1747 892 ut
1772 853 1961 893 servus

363 928 677 991 habebatur,
716 928 827 982 Deo
848 929 1188 998 peculiariter
1224 939 1433 999 gratum
1462 943 1602 996 esse,
1638 929 1704 982 Et
1729 929 1958 1000 permisit

368 1019 539 1073 canna
563 1031 678 1089 qua:
703 1017 915 1072 habebat
943 1035 997 1072 τη
1024 1021 1255 1074 manibus
1278 1021 1509 1092 Joreph;
1536 1024 1588 1076 6.
1620 1029 1667 1074 et
1700 1037 1800 1075 non
1827 1022 1957 1075 scie-

365 1112 449 1166 bat
486 1111 782 1182 quidquam,
831 1121 1019 1182 printer
1046 1127 1228 1182 panem
1267 1127 1416 1183 quem
1457 1112 1764 1167 comedebat.
1797 1113 1958 1180 Quasi

367 1205 642 1259 dominum
685 1204 849 1259 totius
878 1203 1071 1259 domus
1113 1205 1409 1260 constituit.
1445 1204 1527 1259 En
1565 1218 1752 1260 servus
1787 1213 1842 1259 et
1872 1219 1963 1256 ra-

369 1298 540 1366 ptivus
565 1295 664 1351 sub
690 1311 850 1350 manu
877 1310 971 1352 sua
999 1295 1163 1351 habet
1187 1297 1365 1351 omnia
1391 1312 1510 1368 quae
1549 1308 1702 1353 erant
1733 1295 1960 1350 domini.

367 1389 536 1444 Tanta
564 1403 648 1444 res
674 1399 758 1445 est
787 1389 956 1444 virtus
985 1407 997 1441 :
1022 1403 1144 1444 nam
1175 1390 1498 1459 ubicumque
1527 1389 1614 1444 illa
1635 1389 1960 1459 apparuerit,

369 1481 620 1538 omnibus
640 1482 947 1536 dominatur
965 1491 1021 1536 et
1046 1483 1318 1552 praevalet.
1351 1481 1561 1536 Etenim
1591 1483 1729 1536 sicut
1759 1483 1964 1536 oriente

369 1576 484 1633 sole
510 1575 744 1632 tenebra:
769 1575 1147 1640 discutiuntur,
1182 1576 1252 1629 ita
1293 1582 1349 1628 et
1378 1588 1518 1628 nunc
1544 1581 1835 1644 apparente
1860 1574 1964 1628 vir-

371 1677 484 1724 tute
510 1682 544 1724 e
565 1667 744 1722 medio
775 1665 979 1720 tollitur
1000 1665 1178 1720 onuds
1207 1666 1428 1719 malitia.

437 1761 494 1815 4.
530 1758 674 1813 Victa
700 1775 731 1811 a
754 1756 983 1829 Iosepho
1020 1772 1151 1811 uxor
1179 1756 1522 1828 I’utipharis;
1565 1755 1698 1812 Deus
1738 1762 1876 1812 solus
1898 1760 1966 1810 ti-

368 1853 584 1906 mendus
609 1849 892 1906 etc—Sed
923 1851 1059 1904 mala
1079 1851 1245 1905 bestia
1267 1851 1530 1915 diabolus.
1561 1860 1616 1904 ut
1636 1851 1866 1922 primum
1894 1854 1968 1905 ri-

367 1941 446 1995 dit
471 1941 673 2010 justum
707 1949 915 2010 gratum
949 1952 1088 2006 esse,
1122 1948 1176 1994 et
1220 1954 1316 2011 per
1341 1956 1403 1997 ea
1433 1956 1551 2011 qua:
1582 1951 1832 2012 putantur
1847 1957 1969 1998 esse

368 2033 592 2087 adversa
623 2033 903 2086 clariorem
947 2029 1084 2098 fieri,
1129 2031 1305 2087 fremit
1333 2030 1583 2089 dentibus
1626 2042 1678 2088 et
1723 2033 1965 2090 insanit:

371 2138 544 2197 neque
571 2125 756 2181 videre
799 2135 970 2195 potest
991 2125 1189 2194 justum
1214 2125 1448 2196 quotidie
1486 2126 1652 2194 magis
1697 2139 1759 2181 ac
1801 2126 1969 2196 magis

370 2218 688 2281 clarescere,
717 2217 810 2272 sed
843 2217 1160 2288 profundum
1187 2217 1492 2272 barathrum
1517 2217 1717 2282 cli'odit,
1749 2227 1801 2273 et
1824 2232 1966 2289 pra!-

372 2309 606 2379 ripitium
656 2319 836 2377 parat,
889 2325 994 2378 quo
1044 2309 1190 2363 illum
1243 2311 1495 2374 maximo,
1549 2318 1605 2364 ut
1656 2309 1966 2377 arbitratur,

369 2399 564 2452 damno
589 2397 816 2462 alliciat;
850 2405 903 2453 et
942 2406 1313 2470 tempestatem
1367 2402 1599 2462 excitat.
1642 2415 1760 2470 qua:
1803 2401 1971 2470 possit

373 2490 660 2545 violentum
705 2490 805 2561 ipsi
849 2491 1182 2561 naufragium
1214 2506 1404 2560 parcre
1443 2508 1457 2546 :
1498 2492 1592 2547 sed
1635 2492 1818 2547 didicit
1862 2509 1966 2546 non

372 2594 494 2652 post
523 2584 738 2655 longum
771 2593 998 2654 tempus,
1030 2597 1090 2640 se
1119 2593 1302 2639 contra
1343 2585 1616 2639 stimulum
1665 2585 1966 2653 calcitraro,

371 2683 426 2730 ct
448 2681 633 2730 contra
672 2690 827 2728 suum
855 2679 1013 2743 caput
1041 2677 1252 2744 operari
1282 2677 1481 2730 omnia.
1525 2675 1590 2730 Et
1617 2687 1724 2730 erat
1751 2677 1966 2745 Joscph,

366 2767 558 2836 inquit.
591 2767 798 2837 pulcher
825 2767 1008 2836 specie,
1035 2775 1082 2821 et
1113 2769 1366 2837 formosus
1391 2778 1616 2835 aspectu.
1649 2768 1825 2837 Quare
1867 2785 1969 2823 no-

375 2859 455 2913 bis
482 2862 721 2928 corporis
754 2859 1200 2927 pulchritudinem
1225 2862 1443 2913 narrat?
1463 2857 1532 2915 Ut
1554 2861 1822 2915 discamus
1847 2875 1968 2916 eum

375 2966 481 3008 non
510 2953 681 3008 solum
706 2953 878 3006 anima
913 2952 1189 3022 pulchrum
1215 2949 1398 3019 fuisse,
1429 2954 1521 3008 sed
1560 2964 1610 3008 et
1633 2970 1876 3025 corpore.
1915 2954 1970 3008 in

375 3044 492 3112 ipso
520 3042 662 3097 enim
691 3043 824 3098 ﬂore
853 3044 1025 3098 mtatis
1048 3055 1162 3098 erat
1187 3062 1198 3096 :
1223 3043 1437 3114 juvenis
1478 3055 1613 3112 erat,
1647 3054 1702 3101 et
1747 3045 1972 3102 Pulcher

371 3134 557 3200 specie,
590 3142 636 3186 et
656 3133 907 3202 formosus
930 3135 1082 3206 facie.
1109 3135 1232 3190 ilmc
1261 3145 1437 3191 autem
1469 3138 1614 3208 prius
1643 3141 1877 3194 narravit
1901 3139 1972 3194 de

372 3239 440 3278 νο
463 3224 759 3294 Scriptura.
809 3236 866 3280 ut
911 3226 1098 3282 doceat
1132 3244 1227 3282 nos
1263 3227 1567 3300 Egyptiam
1613 3230 1971 3288 adolescentis

375 3315 765 3386 pulchritudine
789 3329 996 3387 captam
1023 3319 1088 3373 ad
1118 3319 1356 3376 illicitum
1376 3337 1496 3376 cum
1525 3323 1864 3378 concubitum
1890 3324 1966 3378 iu-

372 3410 586 3464 ritasse.
616 3409 668 3466 7.
699 3409 768 3464 Et
785 3410 976 3479 factum
1002 3420 1074 3466 est
1097 3422 1208 3483 post
1237 3414 1364 3468 lucc.
1387 3415 1522 3481 Quid
1550 3425 1650 3478 est,
1675 3415 1799 3471 Post
1825 3417 1973 3471 lucc?

378 3500 662 3570 Postquam
694 3499 744 3555 ei
774 3501 1077 3557 concredita
1112 3514 1347 3573 potestas
1387 3508 1549 3561 totius
1577 3507 1788 3572 domus,
1824 3519 1969 3577 post-

375 3606 535 3657 quam
567 3598 772 3646 tantum
801 3593 1057 3647 honorem
1079 3609 1109 3648 a
1132 3595 1349 3650 domino
1368 3609 1465 3650 suo
1485 3609 1844 3668 consequutus
1866 3612 1968 3665 ρει,

379 3681 558 3754 lujecit
605 3699 734 3736 uxor
772 3683 964 3737 domini
1004 3685 1083 3738 sui
1129 3687 1300 3740 oculos
1343 3705 1460 3742 suos
1498 3689 1549 3742 in
1591 3689 1805 3760 Joscph.
1840 3691 1970 3746 Vide

378 3777 836 3844 intemperantiam
885 3777 1094 3832 lascivae
1151 3779 1411 3836 mulieris.
1443 3781 1557 3835 Non
1595 3783 1757 3837 subiit
1796 3783 1869 3838 illi
1919 3785 1971 3840 in

377 3877 608 3923 mentem
637 3885 696 3924 se
728 3868 907 3924 haberi
939 3870 1230 3937 dominam,
1263 3888 1366 3928 non
1395 3874 1641 3944 cogitavit
1683 3875 1830 3930 illum
1852 3891 1973 3932 esse

379 3975 612 4024 servum,
641 3958 735 4015 sed
761 3977 790 4015 a
823 3961 1152 4018 formositate
1175 3974 1349 4034 capta,
1370 3974 1423 4020 et
1443 3966 1704 4022 diabolico
1727 3968 1972 4023 incendio

379 4061 648 4121 suscepto,
678 4053 729 4107 in
768 4054 1014 4123 juvenem
1046 4068 1228 4126 postea
1269 4058 1472 4113 insilire
1513 4069 1677 4113 tentat
1705 4078 1718 4114 :
1751 4061 1975 4115 malam~

377 4159 480 4212 que
502 4145 644 4198 illam
671 4145 1046 4215 cogitationem
1075 4149 1127 4203 in
1160 4161 1338 4206 mente
1363 4168 1604 4219 servans,
1639 4161 1849 4224 tempus
1886 4156 1971 4209 in-

379 4236 623 4303 quircbat
649 4245 704 4293 et
731 4239 1096 4307 solitudinem,
1119 4259 1238 4313 qua:
1279 4256 1494 4312 possent
1521 4247 1568 4301 ci
1597 4249 1874 4316 cooperari
1905 4249 1971 4304 ad

383 4326 614 4382 illicitum
657 4344 810 4383 suum
858 4344 1127 4387 conatum.
1189 4331 1372 4389 Verum
1418 4337 1506 4391 ille
1548 4339 1757 4394 noluit:
1799 4357 1973 4411 neque

382 4424 572 4490 paruit,
603 4440 775 4494 neque
799 4427 958 4480 verba
986 4428 1126 4483 illius
1155 4433 1412 4501 suscepit.
1441 4431 1654 4488 Sciebat
1679 4434 1821 4488 enim
1851 4436 1974 4490 hinc

380 4515 476 4570 sibi
500 4531 745 4586 magnam
779 4520 1064 4586 perniciem
1093 4525 1270 4579 enasci
1297 4543 1310 4579 :
1338 4535 1393 4580 et
1419 4542 1522 4580 non
1544 4528 1714 4582 solum
1737 4544 1824 4584 res
1847 4545 1974 4584 suas

379 4607 674 4674 spectabat,
721 4609 814 4664 sed
863 4627 1079 4679 operam
1108 4613 1268 4668 dabat
1319 4625 1375 4669 ut
1420 4627 1472 4670 et
1516 4617 1682 4685 illam,
1713 4631 1972 4688 quantum

382 4700 633 4766 possibile
663 4711 800 4764 erat,
830 4701 899 4755 ab
930 4703 1130 4758 insania
1159 4704 1259 4759 hac
1289 4707 1559 4773 liberaret,
1589 4719 1644 4762 et
1685 4711 1754 4764 ab
1786 4711 1972 4766 illicita

383 4797 478 4847 ista
509 4799 938 4866 concupiscentia
971 4836 986 4849 .
1017 4808 1176 4868 atque
1217 4801 1498 4854 consilium
1527 4803 1574 4855 ei
1618 4804 1792 4869 aii'ert,
1828 4805 1971 4874 quod

379 4903 405 4937 δ
446 4883 676 4942 fliciebat
705 4889 754 4943 ci
779 4897 834 4942 ut
861 4888 1176 4958 pudeﬁeret,
1201 4898 1256 4944 et
1281 4890 1405 4958 quid
1434 4892 1531 4945 sibi
1561 4905 1704 4948 esset
1735 4896 1974 4963 profutu-

382 4991 498 5030 rum
532 4990 900 5046 cognosCeret.
929 4982 981 5035 8.
1021 4979 1166 5033 Dixit
1203 4981 1359 5048 enim,
1396 4981 1584 5052 inquit,
1617 4987 1763 5039 uxori
1782 4987 1972 5041 domini

379 5072 456 5121 sui
489 5073 722 5137 (domina
765 5089 794 5126 a
838 5089 994 5128 servo
1033 5073 1314 5127 consilium
1341 5065 1566 5144 accepit)
1592 5093 1605 5130 :
1636 5077 1696 5131 Si
1738 5078 1970 5134 dominus

383 5175 521 5210 uicus
543 5173 746 5228 propter
772 5180 848 5214 me
871 5165 996 5218 nihil
1023 5166 1112 5218 scit
1139 5165 1190 5218 in
1218 5166 1368 5217 domo
1388 5183 1500 5226 sua,
1533 5168 1622 5220 sed
1643 5169 1811 5222 omnia
1835 5186 1972 5241 qua!-

380 5267 591 5314 cnmque
615 5253 782 5316 habet,
810 5254 942 5307 dedit
971 5256 1021 5308 in
1047 5273 1224 5310 uiantis
1252 5273 1408 5312 meas.
1431 5257 1476 5312 0
1500 5269 1708 5327 gratum
1736 5262 1832 5314 viri
1859 5265 1974 5314 ani-

382 5343 562 5396 mum!
598 5343 724 5398 Vide
763 5347 1031 5415 quomodo
1069 5362 1346 5405 enumerat
1376 5351 1633 5407 benelicia
1659 5353 1883 5416 domini,
1913 5365 1974 5410 ut

380 5431 570 5487 doceat
597 5445 849 5503 quantum
881 5437 967 5490 illa
991 5454 1048 5492 se
1070 5439 1328 5510 ingratam
1351 5459 1474 5512 erga
1497 5445 1775 5515 conjugem
1792 5456 1972 5502 osten-

382 5524 490 5576 dat.
519 5524 573 5578 Si
601 5528 743 5580 enim
770 5541 889 5596 ego,
925 5529 1091 5599 inquit
1113 5571 1126 5592 ,
1150 5535 1237 5602 qui
1276 5533 1501 5588 famulus
1527 5549 1646 5590 sum
1669 5578 1685 5602 ,
1715 5539 1804 5606 qui
1847 5554 1969 5608 prr-

380 5619 617 5680 egrinus,
649 5617 738 5685 qui
763 5620 1023 5694 wptivus,
1049 5632 1193 5675 tanta
1221 5623 1366 5677 fruor
1385 5626 1522 5691 apud
1551 5642 1672 5682 eum
1703 5629 1967 5694 libertate,

382 5719 435 5758 ut
463 5706 641 5762 omnia
680 5722 776 5762 sua
814 5708 918 5763 sub
954 5729 1114 5769 inauu
1144 5731 1260 5770 mea
1295 5718 1570 5772 tradiderit
1602 5736 1613 5747 ·
1647 5729 1699 5775 ct
1726 5720 1855 5777 nihil
1885 5733 1966 5778 est

1348 263 1412 319 IN
1449 265 1602 320 CAP.
1647 263 1894 321 XXXIX.
1937 263 2184 320 GENES.
2229 263 2456 322 ilOMIL.
2502 265 2658 323 LXII.

3199 251 3225 260 “
3554 257 3653 318 δδδ

2064 379 2205 448 quod
2237 381 2446 451 excepit
2473 381 2541 436 de
2568 394 2728 435 malm
2766 393 2906 446 mea,
2948 387 3144 452 prastcr
3182 387 3234 433 te
3275 394 3287 430 :
3319 385 3373 433 et
3410 379 3657 433 oniuibus

2063 471 2182 525 aliis
2209 485 2308 541 ego
2336 485 2584 542 praesum,
2617 472 2718 527 soli
2749 481 2924 525 autem
2962 467 3052 524 tibi
3079 467 3351 537 subjicior,
3376 483 3540 538 esquc
3567 484 3659 523 ex-

2068 570 2146 616 tra
2177 576 2349 617 meam
2381 571 2720 634 potestatem.
2774 560 2976 617 Deinde
3007 565 3066 614 ut
3103 560 3315 615 letalem
3355 560 3404 613 ei
3448 561 3656 629 plagam

2064 654 2238 720 daret,
2284 665 2338 709 et
2389 657 2440 709 in
2488 665 2721 710 mentem
2763 663 3040 709 reVocaret
3069 651 3162 707 \iri
3210 651 3656 712 benevolentiam,

2070 746 2521 816 persuaderetque
2545 747 2594 801 ei
2627 761 2693 801 ne
2724 755 2828 801 tam
2852 744 3052 814 ingrata
3071 750 3213 798 esset
3229 757 3352 810 erga
3378 742 3657 810 conjugem

2067 851 2243 902 suum,
2272 839 2477 907 inquit:
2505 837 2568 891 Et
2598 847 2650 891 tu
2673 846 2954 906 propterea
2975 848 3121 890 extra
3148 840 3462 904 potestatem
3487 848 3658 886 meam

2067 943 2125 983 es
2153 969 2169 994 ,
2199 944 2264 984 co
2290 929 2341 984 9.
2373 928 2522 996 Quod
2546 937 2598 982 tu
2625 943 2758 982 uxor
2785 929 2894 998 ejus
2922 927 3008 981 sis.
3043 925 3174 979 Cum
3206 925 3363 994 igitur
3388 937 3519 976 uxor
3545 924 3662 991 ejus

2068 1021 2161 1083 sis,
2194 1016 2460 1084 Quomodo
2500 1020 2686 1090 faciam
2734 1019 2828 1072 hoc
2875 1016 3063 1071 malum
3109 1016 3330 1082 verbum,
3361 1026 3408 1068 et
3449 1011 3662 1085 ρεσεαὺο

2067 1127 2237 1166 coram
2273 1111 2383 1166 Deo
2403 1113 2430 1166 .9
2455 1111 2713 1178 Quoniam
2736 1111 2877 1165 enim
2910 1109 2996 1164 illa
3025 1107 3365 1163 solitudinem
3397 1105 3660 1160 observa-

2071 1207 2178 1269 bat,
2212 1215 2266 1260 et
2292 1215 2502 1274 tempus
2531 1203 2874 1272 exspectabat
2907 1216 3013 1272 quo
3050 1201 3214 1254 latere
3260 1206 3439 1267 posset
3464 1196 3658 1260 virum,

2069 1306 2122 1351 ct
2151 1311 2338 1351 omnes
2365 1297 2453 1365 qui
2500 1297 2551 1350 in
2597 1296 2758 1349 domo
2794 1301 2968 1362 erant,
2999 1292 3129 1348 dicit
3158 1308 3170 1344 :
3199 1289 3461 1357 Quomodo
3489 1303 3669 1358 potero

2070 1395 2236 1459 facere
2267 1391 2456 1442 malum
2499 1389 2615 1455 hoc,
2645 1395 2692 1441 et
2723 1387 2935 1455 peccatio
2959 1399 3128 1439 coram
3161 1381 3311 1437 Deo?
3339 1381 3476 1448 Quid
3518 1380 3661 1433 enim

2072 1485 2264 1554 putas?
2297 1480 2513 1537 Etiamsi
2567 1481 2851 1536 fecerimus
2901 1489 2960 1533 ut
3011 1489 3097 1531 res
3133 1475 3268 1530 clam
3300 1475 3368 1529 sit
3394 1472 3662 1534 omnibus,

2069 1577 2285 1632 oculum
2311 1585 2487 1632 tamen
2512 1574 2681 1640 illum,
2711 1573 2798 1644 qui
2819 1571 3106 1627 dormitare
3133 1565 3332 1639 nequit,
3365 1565 3528 1620 latere
3557 1580 3664 1617 nou

2072 1670 2366 1740 poterimus
2398 1685 2410 1721 :
2445 1666 2591 1721 illmn
2623 1664 2798 1720 solum
2841 1663 3029 1718 timere
3069 1668 3300 1732 oportet,
3351 1665 3405 1712 ct
3436 1665 3664 1711 tremere

2070 1777 2133 1816 ac
2159 1775 2372 1832 pavere,
2405 1767 2463 1813 ut
2489 1773 2554 1812 ne
2583 1759 2634 1811 in
2661 1764 2952 1825 conspectu
2995 1752 3110 1822 ejus
3140 1749 3260 1804 mali
3289 1746 3556 1819 quidpiam
3587 1745 3663 1797 fa-

2071 1853 2300 1910 ciamus.
2329 1852 2391 1906 Et
2419 1859 2476 1905 ut
2495 1850 2762 1904 discamus
2781 1844 2910 1917 justi
2932 1844 3282 1900 excellentem
3305 1841 3580 1903 virtutem,
3611 1847 3666 1892 ct

2072 1963 2194 2003 eum
2225 1961 2329 2001 non
2365 1943 2535 2000 semel
2575 1956 2747 2012 neque
2791 1941 2893 2007 bis,
2938 1939 3033 1994 sed
3073 1945 3127 1992 et
3169 1935 3364 2006 saepius
3393 1943 3664 1988 certamen

2073 2040 2174 2094 hoc
2194 2039 2530 2099 sustinuisse,
2560 2047 2615 2090 et
2637 2032 2962 2101 colloquium
2993 2029 3093 2085 hoc
3125 2029 3329 2090 tulisse,
3359 2023 3667 2080 consulere-

2073 2147 2177 2201 que
2207 2145 2310 2184 non
2333 2129 2653 2188 cessavisse.
2683 2123 2858 2180 subdit
2886 2120 3158 2192 Scriptura
3185 2139 3198 2177 :
3228 2119 3313 2174 l0.
3346 2114 3472 2172 Cum
3503 2124 3668 2168 autem

2075 2221 2356 2291 loqueretur
2379 2221 2442 2274 de
2457 2219 2540 2273 die
2557 2221 2608 2272 in
2631 2219 2782 2283 diem,
2810 2227 2855 2270 et
2881 2231 2981 2268 non
3005 2212 3226 2267 obediret
3252 2209 3296 2264 ei
3323 2226 3341 2264 :
3363 2209 3451 2262 ubi
3481 2207 3667 2260 obser-

2076 2314 2218 2368 vavit
2240 2312 2291 2367 in
2323 2313 2485 2366 domo
2516 2310 2797 2364 iacientem
2823 2304 3044 2376 aliquid,
3073 2303 3264 2358 assiliit
3311 2301 3363 2354 in
3389 2304 3664 2366 juvenem,

2074 2407 2213 2460 sicut
2266 2404 2376 2458 fera
2419 2404 2668 2456 dentibus
2711 2398 2983 2460 frendens,
3024 2402 3079 2450 et
3119 2389 3468 2463 apprehensis
3502 2387 3665 2441 vesti-

2075 2497 2269 2554 mentis
2317 2495 2488 2550 tenuit
2516 2509 2658 2548 cum.
2692 2489 2807 2547 Non
2860 2487 3176 2559 simpliciter
3227 2486 3329 2540 hoc
3377 2489 3667 2552 prmterea-

2075 2605 2216 2656 ltlllS,
2265 2588 2358 2644 sed
2402 2587 2697 2657 cogitemus
2743 2591 2996 2654 quantum
3039 2589 3311 2634 certamen
3358 2572 3670 2628 sustinuerit

2070 2688 2248 2755 justus
2278 2681 2384 2737 ille.
2432 2681 2547 2735 Non
2589 2679 2730 2733 enim
2757 2682 2872 2731 erat
2912 2681 3019 2728 tam
3067 2667 3403 2732 admirabile,
3447 2675 3502 2718 nt
3539 2661 3666 2718 mihi

2075 2779 2306 2844 videtur,
2335 2776 2386 2829 in
2420 2776 2632 2828 fornace
2681 2767 2966 2841 Babylonis
3011 2762 3212 2820 verSari
3257 2773 3366 2816 tres
3395 2775 3586 2829 pueros
3615 2766 3670 2811 et

2077 2872 2269 2925 illaesos
2301 2881 2632 2938 permanere,
2678 2859 2916 2931 nihilque
2943 2858 3011 2913 ab
3035 2858 3154 2928 igne
3178 2855 3282 2926 pali
3313 2852 3474 2925 (Dan.
3496 2849 3574 2921 ὅ),
3611 2858 3668 2902 ιιι

2075 2960 2386 3019 admirabile
2417 2959 2517 3012 hoc
2544 2967 2596 3012 et
2643 2971 2845 3019 rarum,
2885 2966 3078 3020 nempe
3115 2944 3483 3002 admirandum
3521 2941 3666 2995 illum

2071 3055 2319 3124 juvenem
2349 3049 2568 3106 retineri
2595 3039 2926 3100 vestimentis
2953 3058 2981 3096 a
3007 3039 3232 3095 scelesta
3262 3036 3347 3092 illa
3371 3045 3420 3089 et
3451 3032 3666 3096 lasciva,

2079 3163 2176 3203 nec
2203 3157 2379 3200 tamen
2410 3143 2484 3198 illi
2516 3139 2728 3203 cedere,
2771 3135 2866 3192 sed
2895 3144 2948 3190 et
2976 3133 3215 3189 vestibus
3241 3125 3439 3185 relictis
3470 3125 3520 3180 in
3553 3137 3666 3178 ma-

2078 3239 2234 3294 nibus
2262 3237 2404 3291 illius
2436 3234 2660 3290 resilire.
2691 3227 2840 3286 Sicttt
2859 3229 3001 3285 enim
3031 3239 3137 3282 tres
3168 3223 3314 3295 pueri
3352 3221 3422 3275 illi
3454 3229 3665 3291 propter

2077 3346 2226 3385 suam
2258 3327 2506 3382 virtutem
2534 3339 2765 3394 superno
2792 3321 2911 3376 freti
2938 3318 3153 3382 auxilio,
3184 3319 3302 3386 igne
3337 3309 3662 3384 prtcStaniiu-

2077 3439 2165 3479 res
2199 3423 2296 3479 visi
2324 3430 2448 3476 sunt
2479 3439 2491 3474 :
2525 3421 2594 3473 ita
2622 3427 2678 3474 et
2708 3417 2816 3480 ille,
2840 3415 2961 3486 quia
2991 3412 3133 3483 quod
3174 3410 3224 3463 in
3261 3423 3320 3462 se
3340 3415 3454 3461 erat
3483 3401 3670 3457 παίει-ο-

2077 3514 2188 3579 bat,
2219 3525 2273 3571 et
2301 3510 2644 3568 continentiae
2682 3503 2974 3563 certamina
3002 3520 3122 3558 cum
3159 3515 3347 3570 magna
3385 3493 3671 3551 exhibebat

2076 3605 2398 3672 constantia,
2444 3616 2638 3671 magno
2667 3611 3006 3670 supernoque
3035 3591 3281 3664 pnesidio
3311 3587 3667 3643 muniebatur.

2077 3697 2260 3768 Neque
2285 3697 2428 3752 enim
2479 3693 2758 3765 potuisset,
2805 3689 3024 3744 dextera
3073 3685 3165 3740 Dei
3213 3699 3317 3738 non
3349 3685 3672 3748 cooperante

2077 3789 2147 3853 ci,
2176 3796 2380 3843 tantum
2403 3796 2672 3840 certamen
2695 3791 2923 3846 certare,
2960 3787 3016 3834 et
3044 3794 3074 3830 a
3099 3775 3298 3830 retibus
3327 3772 3465 3827 illius
3497 3769 3671 3824 libidi-

2079 3896 2222 3935 nosa:
2251 3877 2490 3933 mulieris
2529 3875 2800 3944 aul'ugere.
2834 3872 2902 3926 Et
2935 3868 3126 3924 licebat
3157 3875 3338 3936 postea
3367 3864 3548 3917 videre
3571 3861 3671 3913 ad-

2079 3974 2376 4029 mirabilem
2403 3973 2571 4035 illum,
2601 3969 2801 4025 nudum
2819 3965 3033 4038 quidem
3057 3963 3288 4020 veStibus
3317 3963 3483 4023 exire,
3515 3959 3670 4013 indu-

2079 4076 2188 4121 tum
2219 4077 2394 4120 autem
2439 4062 2783 4119 continentia:
2813 4057 3162 4121 vestimentis,
3207 4066 3262 4112 et
3300 4055 3452 4126 quasi
3489 4053 3556 4108 ab
3586 4052 3670 4105 in-

2076 4157 2268 4212 cendio
2309 4166 2362 4211 et
2409 4156 2623 4209 fornace
2653 4153 2875 4208 ill:esum
2915 4150 3191 4220 effugere:
3239 4163 3301 4202 ac
3348 4163 3452 4200 non
3497 4143 3670 4198 solum

2078 4267 2184 4306 non
2219 4249 2488 4315 adustum,
2515 4247 2608 4303 sed
2640 4257 2695 4302 et
2723 4245 2890 4301 multo
2916 4242 3250 4314 fulgidiurem
3294 4250 3349 4296 et
3386 4238 3670 4293 clariorem

2078 4344 2294 4398 factum.

2148 4437 2201 4490 5.
2231 4431 2336 4490 Sed
2368 4433 2485 4489 vide
2514 4441 2634 4504 post
2661 4441 2858 4488 tantam
2887 4430 3184 4490 victoriam,
3218 4434 3440 4497 postque
3468 4431 3668 4476 tantam

2077 4526 2461 4590 fortitudinem,
2507 4527 2661 4596 cujus
2703 4540 2862 4579 causa
2905 4522 3053 4577 illum
3090 4519 3368 4590 oportebat
3401 4516 3668 4581 coronari,

2076 4630 2131 4677 et
2176 4621 2331 4691 cujus
2377 4635 2535 4674 causa
2592 4617 2874 4690 oportebat
2928 4616 3078 4670 illum
3129 4611 3428 4683 prmdicari,
3477 4610 3671 4665 iterum

2076 4716 2228 4786 quasi
2251 4731 2404 4771 reum
2424 4725 2477 4770 et
2502 4714 2790 4769 obnoxium
2819 4711 3099 4766 innumera
3128 4709 3478 4763 sustinentem
3507 4703 3669 4758 mala.

2077 4807 2208 4862 Nam
2235 4805 2480 4878 Aigyptia
2504 4806 2592 4860 illa
2624 4820 2729 4858 non
2757 4803 2933 4858 ferens
2956 4801 3211 4872 pudorem
3233 4811 3285 4855 et
3299 4795 3668 4868 opprobrium,

2078 4901 2130 4954 in
2161 4916 2280 4970 quae
2315 4899 2547 4968 seipsam
2586 4897 2843 4965 injecerat
2875 4893 3220 4964 impossibilia
3247 4898 3535 4952 attentans,
3563 4887 3673 4955 pri-

2078 5008 2223 5047 mum
2250 4991 2464 5061 quidem
2491 4988 2803 5043 conVocavit
2827 5001 2921 5043 eos
2942 4987 3029 5056 qui
3059 4985 3112 5039 in
3142 4984 3304 5038 domo
3323 4988 3496 5043 erant,
3519 4993 3670 5032 accu-

2076 5096 2204 5136 sans
2240 5081 2633 5136 adolescentem
2677 5096 2692 5131 :
2738 5077 3154 5144 testiﬁcaturque
3184 5074 3329 5127 illum
3358 5069 3559 5124 dixisse
3605 5084 3670 5123 ea

2075 5189 2194 5244 qua:
2222 5173 2291 5227 ab
2315 5173 2425 5240 ipsa
2447 5185 2640 5240 magno
2667 5171 2844 5224 furore
2872 5168 3138 5238 proposita
3169 5167 3395 5230 fuerant,
3420 5173 3578 5234 atque
3597 5163 3670 5218 ita

2076 5278 2266 5319 omnes
2305 5262 2553 5330 decipere
2591 5269 2777 5316 tentat.
2824 5260 2921 5316 Hic
2945 5261 3089 5314 enim
3135 5274 3252 5313 mos
3297 5267 3382 5313 est
3429 5256 3666 5318 malitias.

2076 5370 2288 5426 semper
2330 5363 2514 5408 contra
2562 5355 2812 5408 virtutem
2863 5360 3082 5424 pugnat,
3124 5363 3180 5406 et
3222 5351 3270 5405 ei
3313 5365 3407 5404 sua
3452 5359 3669 5421 pet-cata

2076 5446 2380 5501 adscribere
2409 5448 2640 5516 satagit:
2675 5445 2726 5500 id
2751 5445 2894 5516 quod
2933 5455 2984 5502 et
3027 5445 3142 5499 haec
3178 5442 3425 5506 iaciebat,
3483 5439 3670 5494 adole-

2079 5549 2320 5594 scentem
2344 5539 2492 5608 quasi
2520 5540 2964 5608 intemperantem
2993 5538 3281 5593 criminans
3310 5545 3365 5590 et
3409 5548 3470 5589 se
3494 5532 3668 5587 couti-

2079 5640 2272 5685 nentue
2302 5632 2445 5684 larva
2489 5640 2691 5701 tegens,
2723 5629 3016 5703 dicensque
3045 5638 3263 5700 propter
3294 5626 3396 5680 hoc
3423 5635 3477 5680 et
3521 5623 3668 5678 illum

2080 5732 2253 5780 vestes
2282 5723 2578 5795 reliquisse,
2608 5734 2663 5781 ct
2687 5740 2745 5781 ac
2771 5725 3053 5784 retinuisse
3081 5721 3218 5779 illas.
3254 5718 3517 5791 Benignus
3538 5726 3666 5768 vero
