4150 6206
491 279 598 338 559

497 395 638 451 licus
669 396 782 452 lucc
811 397 922 452 fieri
953 396 1224 466 permittit,
1249 406 1304 449 ut
1336 411 1428 463 per
1448 396 1622 449 omnia
1651 392 1901 449 famulum
1915 408 2069 448 suum

495 490 776 544 clariorem
812 487 1028 542 efficiat.
1057 485 1186 540 Nam
1219 486 1330 538 lucc
1355 486 1530 540 omnia
1560 485 1788 540 venienti
1810 486 1924 538 viro
1951 500 2070 539 cum

497 593 686 648 magna
716 578 911 630 malitia
940 577 1105 640 dixit,
1155 585 1210 631 et
1235 575 1627 630 adolescentem
1654 577 1920 629 accusavit
1945 614 1960 636 ,
1987 574 2071 628 di-

496 681 624 720 Ceus
659 685 672 720 :
705 667 789 720 l7.
824 663 1036 718 Intravit
1059 666 1126 718 ad
1154 682 1233 720 me
1261 683 1384 735 puer
1409 665 1674 728 chrwus,
1704 683 1850 734 quem
1885 664 2073 719 duxisti

497 756 564 806 ad
585 772 693 819 nos,
725 765 780 807 ut
808 756 1038 809 illuderet
1064 757 1204 808 mihi.
1229 757 1272 810 0
1299 757 1488 811 misera
1519 766 1574 810 ct
1593 755 1927 810 calamitosa!
1956 755 2072 808 Non

500 847 609 914 ipse
641 847 947 911 introduxit,
982 858 1038 902 ttt
1079 848 1323 903 illuderet
1350 847 1441 900 tibi
1477 866 1490 900 :
1523 847 1616 902 sed
1641 848 1880 902 diabolus
1912 855 1962 900 te
1990 846 2076 900 ina

495 936 664 1000 duxit,
695 945 750 991 ut
773 954 878 992 non
903 939 1075 993 solum
1115 939 1352 993 adultera
1396 940 1569 1004 lieres,
1601 937 1693 993 sed
1721 947 1773 992 et
1803 948 1878 1000 ut,
1911 951 2077 1005 quan-

499 1038 610 1081 tum
641 1030 691 1082 in
721 1038 773 1084 te
813 1030 926 1096 fttit,
963 1031 1304 1086 homicidium
1335 1042 1586 1100 patrares.
1623 1030 1688 1083 Et
1712 1029 1943 1083 ostendit
1981 1042 2076 1096 po-

497 1130 610 1174 stea
638 1120 703 1174 ad
727 1123 1213 1192 eomprobationem
1241 1140 1422 1178 eorum
1453 1139 1572 1192 quae
1596 1122 1737 1176 dicta
1767 1129 1921 1176 erant
1943 1119 2070 1173 ado-

500 1208 750 1264 lescentis
772 1221 965 1266 vestes.

573 1299 669 1353 Dei
695 1301 1004 1369 providentia
1023 1318 1142 1373 erga
1168 1301 1467 1371 Josepltum.
1490 1332 1560 1342 --
1580 1300 1891 1366 Considera,
1917 1298 2046 1353 obse
2061 1329 2073 1336 -

498 1405 614 1455 cro,
670 1391 753 1444 hic
800 1393 1095 1446 communis
1141 1397 1377 1448 omnium
1432 1391 1638 1446 Domini
1687 1390 2072 1445 clementiam:

501 1481 640 1535 sicut
669 1482 808 1536 enim
843 1499 870 1535 a
899 1484 1148 1538 fratribus
1191 1485 1335 1539 illum
1378 1485 1592 1553 eripuit,
1633 1483 1928 1537 volentibus
1954 1497 2075 1536 cum

503 1573 800 1634 interficere
838 1591 850 1626 :
901 1583 954 1628 et
994 1575 1171 1629 ell'ecit
1205 1577 1431 1644 primum
1460 1575 1672 1645 quidem
1704 1584 1760 1629 ut
1785 1573 2078 1628 secundum

501 1665 781 1719 consilium
803 1666 985 1720 Ruben
1015 1667 1064 1719 in
1087 1667 1368 1722 cisternam
1395 1668 1784 1732 inunitteretur,
1817 1675 1869 1720 et
1895 1675 2076 1734 postea

504 1756 693 1809 iterum
723 1757 1012 1810 secundum
1036 1758 1312 1811 consilium
1341 1756 1488 1810 ludar
1512 1757 1922 1826 negotiatoribus
1950 1771 2079 1808 vcn-

504 1847 738 1911 det‘etur,
772 1855 828 1900 ut
852 1849 1180 1901 somniorum
1205 1863 1423 1903 eventus
1449 1847 1856 1916 complerentur,
1889 1845 2076 1899 fidem-

505 1953 609 2006 que
656 1938 890 1993 facerent
921 1940 1085 2010 justo,
1134 1956 1238 1995 non
1285 1942 1474 1994 frustra
1523 1956 1693 2009 neque
1732 1949 1930 1993 temere
1967 1939 2080 1992 lucc

507 2031 818 2100 pmesignata
850 2031 1012 2088 fuisse
1048 2051 1061 2088 :
1093 2033 1161 2087 ita
1187 2042 1241 2087 ct
1281 2049 1419 2088 nunc
1455 2049 1684 2102 superna
1733 2047 1922 2086 manus
1962 2040 2080 2086 erat

505 2137 622 2190 qua:
653 2123 933 2178 barbarum
966 2124 1211 2193 detinuit,
1241 2136 1296 2182 et
1320 2143 1425 2182 non
1461 2127 1697 2196 permisit
1731 2135 1786 2180 ιιι
1813 2126 1989 2180 statim
2013 2124 2078 2179 ad

505 2213 704 2267 eaedem
729 2215 853 2283 justi
885 2216 1175 2272 festinaret.
1213 2217 1346 2284 Quid
1393 2219 1533 2273 enim
1580 2217 1933 2286 prohibuisset
1956 2232 2080 2271 eum

505 2307 606 2362 hoc
635 2308 825 2373 facere,
871 2326 993 2364 cum
1042 2311 1358 2379 intelligeret
1400 2311 1546 2366 illum
1579 2312 1772 2366 violare
1816 2326 1968 2364 suum
1998 2309 2079 2364 le-

503 2409 647 2452 ctum
677 2401 1004 2455 teutavisse?
1049 2401 1246 2456 Verum
1290 2402 1538 2470 providus
1573 2403 1708 2456 Deus
1736 2401 1856 2456 ideo
1882 2410 2078 2455 tantam

504 2490 705 2543 curavit
747 2491 815 2544 ab
869 2491 960 2544 illo
998 2491 1235 2546 exhiberi
1277 2492 1634 2553 clementiam,
1681 2501 1737 2544 ιιι
1775 2491 1997 2559 injectus
2027 2491 2077 2544 in

503 2587 791 2638 carcerem,
822 2575 982 2628 etiam
1014 2575 1121 2628 illic
1148 2591 1298 2628 suam
1324 2575 1616 2629 declararet
1637 2576 1903 2640 virtutem,
1930 2586 1984 2630 et
2005 2575 2082 2628 sic

506 2661 571 2713 ad
601 2664 946 2731 principatum
973 2665 1118 2734 regni
1150 2667 1466 2733 perveniret.
1496 2666 1581 2720 l9.
1608 2667 1906 2721 Succensuit
1926 2669 2077 2736 enim,

507 2752 694 2819 inquit,
727 2753 957 2807 dominus
983 2756 1110 2824 ejus,
1151 2756 1239 2811 9.0.
1287 2765 1333 2810 et
1369 2756 1503 2810 misit
1531 2773 1641 2809 eum
1689 2757 1740 2809 in
1778 2759 2079 2827 custodiam,

509 2841 593 2895 ubi
615 2844 765 2896 vincti
791 2845 921 2914 regis
965 2845 1333 2900 detinebantur.
1377 2845 1481 2901 Sed
1527 2847 1573 2901 si
1599 2846 1814 2916 quidem
1842 2863 1945 2902 non
1966 2863 2082 2903 cre-

505 2933 684 3003 debat,
715 2949 815 2987 non
843 2935 1116 3004 oportebat
1147 2952 1266 2991 eum
1299 2937 1348 2989 in
1371 2952 1638 2991 carcerem
1668 2938 1969 3007 conjicere:
1998 2939 2079 2993 sin

506 3025 756 3080 credebat
775 3042 957 3081 verum
976 3041 1094 3082 esse
1123 3027 1260 3097 quod
1282 3027 1527 3099 Egyptia
1560 3027 1802 3095 finxerat,
1832 3039 1957 3084 tunc
1983 3046 2079 3084 ne-

506 3132 610 3184 que
643 3131 856 3170 carcere
895 3117 1085 3186 dignus
1112 3127 1245 3183 erat,
1287 3120 1380 3173 sed
1423 3119 1576 3188 plecti
1599 3119 1771 3188 capite
1807 3127 1862 3174 et
1898 3129 2080 3176 extre.

509 3222 648 3260 tuam
697 3222 904 3277 pinnam
955 3207 1059 3276 pati
1112 3209 1354 3264 debebat.
1414 3209 1610 3265 Verum
1665 3209 1878 3280 quando
1925 3224 2082 3266 suum

507 3297 756 3350 auxilium
788 3297 971 3353 dextra
1003 3314 1231 3368 superna
1259 3300 1510 3365 ostendit,
1538 3302 1715 3356 omnia
1753 3301 1892 3357 levia
1921 3311 1976 3357 et
1999 3301 2076 3356 fa-

505 3387 626 3443 cilia
658 3389 817 3454 fiuut;
849 3399 903 3444 et
925 3389 1127 3444 feroces
1153 3393 1537 3447 mansuetiores
1556 3405 1615 3447 se
1635 3401 1905 3461 przestant.
1931 3391 2082 3447 Tune

509 3488 685 3534 autem
729 3495 1013 3550 supernum
1061 3482 1358 3551 praesidium
1398 3483 1621 3538 ubertim
1662 3484 1815 3539 nobis
1859 3485 2076 3550 assistit,

506 3570 717 3637 quando
760 3571 976 3625 multam
1007 3581 1062 3627 et
1088 3588 1185 3627 nos
1224 3574 1614 3630 OStenderimns
1639 3576 1906 3632 virtutem.
1947 3577 2079 3632 Nam

507 3659 592 3714 hic
619 3661 865 3730 quoniam
909 3663 1128 3717 inultum
1159 3665 1400 3730 certavit,
1443 3675 1718 3734 propterea
1760 3668 1920 3721 etiam
1965 3684 2080 3723 ma-

501 3767 632 3819 gnas
663 3753 1032 3809 retributiones
1058 3757 1418 3826 consequitur.
1451 3757 1516 3810 Et
1547 3767 1664 3826 post
1693 3766 1890 3812 tantam
1924 3759 2077 3812 forti-

507 3842 736 3896 tudinem
763 3843 1041 3899 ahducilnr
1082 3845 1134 3899 in
1164 3861 1455 3911 carcerem,
1492 3855 1546 3902 et
1579 3847 1799 3902 silenter
1832 3847 1935 3903 fert
1960 3864 2078 3902 Olll-

505 3932 612 3985 nia.
642 3933 801 3989 Scitis
821 3935 960 3989 enim
988 3946 1184 4004 quanta
1228 3937 1262 3992 ii
1296 3937 1386 4008 qui
1428 3953 1531 3992 non
1575 3948 1698 3992 sunt
1742 3938 1841 3993 sibi
1880 3940 2079 3993 conscii

507 4021 758 4088 malitim,
810 4025 1022 4094 quando
1070 4029 1206 4081 sicut
1249 4027 1325 4082 rei
1377 4027 1814 4092 condemnamur,
1866 4036 2081 4082 utantur

506 4129 649 4183 saepe
697 4116 907 4182 liducia,
956 4118 1271 4187 dicendique
1315 4119 1554 4173 libertate
1605 4120 1840 4174 instructi
1882 4121 2077 4190 ingenti

504 4203 684 4257 animo
725 4203 997 4275 insurgant
1041 4217 1222 4262 contra
1269 4223 1360 4261 eos
1409 4209 1497 4277 qui
1546 4210 1838 4264 insontibus
1875 4216 2078 4266 crimen

505 4294 784 4348 intentant.
830 4295 1026 4350 Verum
1071 4297 1160 4352 ille
1211 4312 1315 4350 non
1354 4297 1474 4351 sic:
1517 4299 1608 4352 sed
1650 4300 1790 4364 silet,
1820 4310 1873 4354 et
1899 4301 2075 4355 omnia

507 4395 778 4440 mansuete
821 4385 941 4452 fert,
973 4396 1025 4441 et
1056 4402 1239 4456 magna
1266 4401 1385 4440 cum
1418 4387 1664 4456 patientia
1699 4389 1786 4442 Dei
1807 4399 2078 4458 exspectat

503 4477 820 4530 subsidium.
849 4478 977 4532 Vide
1005 4479 1142 4530 enim
1174 4479 1439 4547 quomodo
1469 4487 1524 4533 et
1565 4479 1616 4532 in
1641 4495 1854 4535 carcere
1885 4482 2078 4549 princi-

507 4577 686 4632 patum
715 4583 926 4621 (ιιιιιιθιιι
951 4568 1173 4636 accipiat
1195 4585 1223 4620 a
1250 4568 1469 4622 custode
1493 4572 1742 4634 carceris,
1775 4571 1930 4638 idque
1959 4589 2074 4627 me-

506 4656 609 4706 rito
641 4671 654 4706 :
681 4655 771 4706 2|.
812 4654 940 4708 Erat
965 4657 1104 4710 enim
1135 4655 1382 4709 Dominus
1407 4675 1520 4710 cum
1564 4657 1774 4725 Joseph,
1813 4661 1997 4729 inquit,
2030 4672 2077 4716 et

505 4744 790 4810 elfundebat
817 4746 861 4798 ei
893 4760 1037 4799 suam
1059 4748 1468 4804 misericordiam.
1525 4748 1658 4816 Quid
1681 4759 1780 4813 est,
1823 4749 2075 4816 E/funde-

505 4837 588 4888 but
613 4836 655 4888 et
681 4851 825 4887 suam
852 4835 1285 4890 misericordiam?
1309 4838 1386 4891 Ad
1419 4839 1810 4893 miserationem
1840 4841 2076 4896 inflecte-

508 4925 594 4978 bat
625 4925 928 4995 prarfcctttm
964 4929 1214 4993 carceris,
1247 4940 1302 4983 et
1339 4931 1471 4985 mire
1510 4947 1632 5000 erga
1665 4932 1810 4987 illum
1841 4933 2075 4990 benevo-

507 5014 724 5070 lentiam
749 5031 898 5070 suam
927 5017 1181 5072 declarari
1211 5020 1427 5074 curabat
1469 5040 1483 5076 :
1529 5021 1677 5074 Dedit
1715 5024 1853 5076 enim
1885 5025 1930 5077 ei
1957 5041 2076 5094 gra-

503 5107 624 5160 tiam
643 5123 811 5159 coram
829 5108 938 5162 illo.
963 5107 1098 5163 Vere
1124 5109 1254 5164 nihil
1282 5110 1484 5164 beatius
1508 5127 1572 5164 co
1592 5113 1679 5181 qui
1715 5113 1810 5166 Dei
1841 5112 2074 5168 benevo-

505 5197 662 5251 lentia
689 5197 895 5253 fruitur.
922 5197 1014 5255 εξ.
1049 5199 1194 5253 Dedit
1231 5202 1391 5265 enim,
1439 5201 1624 5270 inquit,
1672 5203 1934 5272 prafectus
1956 5220 2074 5256 car-

501 5290 628 5343 ceris
649 5307 893 5345 carcerem
915 5292 966 5345 in
990 5308 1192 5346 manum
1212 5292 1424 5362 Joseplt.
1451 5293 1579 5348 Vide
1599 5295 1864 5363 quomodo
1892 5305 2073 5352 custos

446 5371 453 5379 ’
503 5382 731 5436 carceris
771 5383 966 5454 aliquid
1016 5384 1234 5440 honoris
1270 5386 1322 5440 ei
1362 5385 1553 5454 defert,
1600 5389 2070 5458 auctoritatemque

503 5473 552 5526 ei
575 5475 845 5542 permittit,
874 5485 1032 5547 atque
1068 5493 1255 5533 omnes
1283 5478 1372 5548 qui
1423 5479 1474 5534 in
1522 5493 1733 5533 carcere
1758 5487 1928 5544 erant,
1952 5494 2072 5534 esse

499 5565 649 5636 jubet
691 5567 791 5622 sub
839 5577 1096 5637 potestate
1132 5570 1266 5639 ejus.
1311 5569 1398 5625 25.
1448 5569 1515 5623 Et
1539 5570 1780 5623 nesciebat
1806 5573 2071 5637 praefectus

502 5660 714 5714 ιρι-σιγὴ
737 5661 930 5732 aliquid
955 5677 975 5715 :
1002 5663 1170 5717 omnia
1196 5662 1326 5716 enim
1347 5675 1488 5716 erant
1513 5677 1565 5714 tu
1593 5677 1742 5714 manu
1766 5658 1978 5732 Ioseph,
2009 5677 2067 5716 ea

1197 279 1250 336 S.
1291 278 1565 335 10.“le
1600 276 2070 336 CIIRYSOSTOMI
2109 273 2423 331 ARClllEl’.
2463 275 2994 333 CONSTANTINOP.

3649 279 3762 336 550

2180 392 2316 461 quod
2347 390 2593 445 Dominus
2620 402 2724 446 erat
2749 410 2859 445 cum
2881 409 2959 455 eo,
2990 402 3037 446 et
3065 393 3234 444 omnia
3257 408 3377 462 quie-
3393 394 3500 461 ipse
3519 397 3756 461 faciebat,

2180 481 2426 536 Dominus
2450 498 2745 551 prosperare
2763 483 2974 552 faciebat
2998 481 3051 536 in
3075 484 3304 537 manibus
3323 484 3451 553 ejus.
3481 483 3760 554 Viduqmr-

2180 570 2339 626 modo
2377 572 2729 626 comitabatur
2759 587 2880 627 eum
2918 583 3174 642 perpetuo
3215 588 3444 642 superna
3489 576 3677 645 gratia,
3703 586 3761 630 et

2179 662 2352 714 oinnia
2379 676 2496 728 qua:
2520 659 2761 726 faciebat,
2790 671 2941 716 erant
2970 662 3121 731 plena
3142 663 3328 731 gratia.

2253 751 2306 802 Μ
2313 751 2464 804 oratis
2489 752 2735 821 epilogus.
2753 751 2848 805 Dei
2869 754 3032 821 gratia
3055 753 3198 822 efficit
3226 763 3282 806 ut
3305 754 3473 807 omnia
3493 753 3616 808 bene
3639 773 3759 807 suc-

2181 842 2456 896 cedunt.—
2478 840 2590 895 lloc
2619 841 2776 910 igitur
2799 851 2854 896 et
2881 858 2978 896 nos
3018 843 3345 907 Studeamus,
3385 855 3441 898 ut
3481 845 3757 899 nobiscum

2181 945 2389 998 semper
2415 931 2700 985 habeamus
2730 933 3026 996 Dominum,
3054 944 3108 988 et
3138 943 3194 987 ut
3220 950 3339 1002 qua!
3360 949 3391 988 a
3423 935 3574 989 nobis
3602 936 3758 1000 fiunt,

2181 1022 2366 1075 abillo
2405 1033 2798 1090 prosperentnr.
2843 1022 2973 1076 Nam
2999 1025 3089 1093 qui
3133 1023 3275 1078 illius
3312 1025 3564 1078 auxilium
3605 1041 3760 1081 asse-

2180 1113 2379 1180 qttitur,
2427 1114 2586 1167 etiam
2637 1115 2688 1168 in
2731 1114 2919 1168 mediis
2964 1115 3114 1168 malis
3153 1116 3420 1170 exsistens
3447 1116 3660 1183 ridebit,
3691 1132 3759 1175 ac

2182 1202 2330 1256 nihili
2359 1204 2562 1271 putabit
2585 1205 2784 1268 omnia,
2819 1205 3041 1259 Domino
3059 1207 3294 1260 omnium
3327 1206 3550 1262 faciente
3567 1219 3623 1263 et
3647 1210 3761 1266 dis-

2184 1301 2414 1360 ponente
2443 1303 2651 1354 cuncta,
2683 1304 2739 1347 ut
2769 1309 3020 1363 prospere
3057 1295 3345 1350 succedant
3365 1299 3557 1363 omnia,
3600 1309 3760 1369 atque

2181 1383 2344 1437 ardua
2391 1383 2560 1436 facilia
2607 1384 2880 1439 reddente.
2926 1386 3207 1452 Quomodo
3251 1397 3429 1442 autem
3468 1392 3759 1458 poterimus

2183 1475 2458 1530 nobiscum
2508 1476 2705 1531 habere
2756 1478 3066 1544 Dominum,
3114 1478 3183 1532 ita
3232 1488 3290 1533 ut
3340 1479 3453 1547 ipso
3498 1480 3761 1552 dirigcnte

2185 1579 2439 1634 prospere
2469 1581 2686 1635 agamus
2714 1567 2764 1620 in
2795 1568 3080 1621 omnibus?
3107 1567 3162 1623 Si
3190 1570 3351 1623 sobrii
3379 1571 3761 1642 vigilantesquo

2186 1655 2459 1720 fuerimus,
2489 1666 2544 1710 et
2573 1657 2762 1710 imitati
2793 1656 3048 1713 fuerimus
3077 1659 3288 1728 juvenis
3326 1661 3464 1715 illius
3490 1663 3764 1717 continen-

2185 1747 2308 1800 tiam
2339 1757 2392 1800 et
2419 1748 2550 1801 alias
2572 1749 2815 1814 virtutes,
2843 1750 3183 1820 animumque
3219 1767 3558 1827 generosum,
3583 1769 3645 1808 ac
3673 1758 3760 1808 vi-

2182 1839 2418 1894 derimus
2445 1841 2521 1894 sic
2549 1842 2723 1894 omnia
2775 1843 2886 1896 fieri
2915 1843 3193 1912 diligenter
3231 1854 3496 1913 oportere,
3526 1856 3582 1898 ut
3607 1861 3762 1900 nutu-

2182 1946 2338 1998 quam
2366 1946 2394 1984 a
2426 1931 2645 1984 Domino
2665 1934 3114 1998 condemnemur;
3142 1933 3235 1988 sed
3261 1935 3489 1990 sciamus
3510 1936 3762 2005 possibile

2185 2036 2286 2074 non
2315 2036 2452 2086 esse,
2486 2031 2542 2074 ut
2569 2022 2858 2076 occultetur
2885 2023 3081 2092 aliquid
3121 2025 3188 2078 ab
3215 2026 3370 2080 oculo
3400 2026 3491 2080 illo
3515 2028 3604 2096 qui
3629 2027 3760 2082 dor-

2183 2110 2372 2164 tnitare
2399 2110 2603 2180 nequit,
2629 2125 2812 2166 verum
2843 2127 3061 2168 necesse
3084 2115 3300 2168 omnino
3323 2129 3464 2180 esse,
3495 2125 3552 2170 ut
3593 2116 3637 2170 is
3669 2115 3764 2184 qui

2185 2209 2385 2270 peccat,
2420 2202 2690 2271 suppliciis
2723 2202 2986 2258 obnoxius
3012 2203 3120 2258 fiat.
3150 2203 3329 2275 Neque
3356 2206 3570 2274 majoris
3597 2207 3759 2262 facia-

2184 2307 2301 2345 mus
2341 2293 2584 2347 timorem
2640 2294 2932 2360 hominum,
2981 2311 3138 2366 quam
3187 2297 3595 2368 indignationem
3643 2300 3758 2362 Dei,

2183 2381 2276 2436 sed
2307 2397 2569 2436 memores
2598 2385 2764 2438 simus
2792 2400 3002 2453 semper
3022 2385 3304 2440 verborum
3345 2386 3539 2456 Joseph
3573 2389 3761 2443 dicen-

2186 2473 2252 2527 tis
2283 2491 2295 2526 :
2328 2473 2590 2538 Quomodo
2629 2476 2814 2543 faciam
2842 2477 3040 2530 verbum
3086 2478 3179 2531 hoc
3215 2479 3425 2544 malum,
3457 2492 3504 2534 et
3546 2485 3762 2550 peccabo

2187 2582 2355 2620 coram
2387 2566 2537 2620 Deo?
2566 2568 2729 2637 lgitur
2757 2568 2968 2638 quando
3010 2584 3108 2624 nos
3149 2570 3323 2639 aliqua
3353 2573 3599 2641 cogitatio
3636 2588 3760 2642 pcr-

2188 2659 2383 2725 tnrbat,
2412 2659 2512 2712 hoc
2539 2661 2589 2713 in
2615 2669 2792 2715 mente
2829 2676 3100 2716 versemus
3126 2661 3365 2729 verbum,
3397 2672 3452 2718 et
3476 2665 3656 2718 statim
3681 2663 3762 2719 ef-

2187 2753 2346 2822 fugiet
2371 2752 2542 2805 omnis
2584 2752 2758 2806 illicita
2789 2753 3233 2823 concupiscentia.
3268 2753 3447 2825 Itaque
3490 2757 3603 2809 sive
3640 2757 3762 2825 quis

2185 2856 2465 2910 corporum
2506 2843 2928 2912 concupiscentia
2971 2845 3228 2914 capiatur,
3265 2847 3376 2900 sive
3420 2847 3758 2915 pecuniarum

2185 2945 2388 2999 amore,
2417 2931 2528 2987 sive
2573 2932 2673 2987 alia
2714 2933 2938 3002 quadam
2982 2933 3208 2988 absurda
3253 2936 3540 3004 voluptate.
3581 2937 3761 2993 statim

2186 3020 2288 3077 hoc
2312 3023 2528 3093 cogitet,
2561 3024 2707 3078 illum
2745 3041 2933 3095 nempe
2959 3040 3078 3079 esse
3106 3027 3194 3096 qui
3237 3043 3333 3082 nos
3362 3029 3697 3094 condemnet,
3728 3047 3760 3084 a

2185 3129 2288 3185 quo
2314 3129 2418 3169 non
2447 3123 2530 3169 est
2548 3114 2797 3184 possibile
2817 3116 3083 3170 occultare
3108 3117 3266 3171 etiam
3287 3133 3346 3172 ea
3369 3134 3486 3187 qua:
3504 3120 3554 3172 in
3583 3130 3762 3175 mento

2186 3215 2364 3260 nostra
2396 3215 2673 3261 versantur
2704 3225 2718 3260 :
2747 3216 2801 3260 et
2823 3207 3040 3260 omnino
3061 3206 3373 3278 eﬂ‘ugiemus
3393 3209 3552 3264 etiam
3574 3209 3761 3264 diabo-

2187 3296 2313 3351 licas
2342 3297 2775 3361 machinationes,
2806 3314 3102 3370 magnoque
3129 3301 3392 3370 adjutorio
3414 3314 3647 3371 superno
3670 3303 3761 3371 ju-

2186 3389 2454 3455 vabimur;
2483 3405 2587 3458 quo
2607 3389 2757 3444 nobis
2780 3389 2879 3443 frui
2909 3391 3178 3460 contingat
3206 3393 3452 3446 omnibus
3478 3396 3642 3462 gratia
3702 3401 3762 3447 et.

2185 3481 2506 3551 benignitate
2532 3481 2736 3536 Domini
2764 3481 2928 3536 nostri
2953 3481 3304 3548 Jesquristi,
3335 3483 3419 3536 cui
3459 3498 3578 3537 cum
3603 3482 3765 3538 Patro

2184 3583 2238 3628 et
2265 3585 2446 3629 sancto
2466 3574 2660 3644 Spiritu
2687 3575 2754 3629 sit
2782 3575 2968 3645 gloria,
3001 3576 3302 3644 imperium,
3329 3576 3516 3643 honor,
3542 3589 3680 3630 nunc
3703 3585 3761 3631 et

2185 3681 2415 3737 semper,
2443 3676 2496 3723 et
2516 3668 2568 3722 in
2594 3667 2784 3723 saecula
2811 3667 3144 3722 saeculorum.
3177 3669 3366 3722 Amen.

2733 3795 3006 3851 HOMILIA
3040 3795 3219 3850 LXlll.

2185 3906 2255 3962 Et
2282 3908 2525 3962 nesciebat
2563 3907 2756 3977 aliquid
2799 3910 3064 3978 prwfectus
3088 3907 3299 3961 carceris
3326 3916 3528 3977 prapter
3559 3909 3755 3981 Ioseph

2785 3998 2936 4070 (aen.
2963 3998 3052 4054 59.
3080 3998 3192 4068 εδ).

2255 4112 2306 4166 l.
2341 4110 2611 4180 Reliquias
2644 4125 2828 4164 eorum
2858 4125 2977 4180 qua:
3004 4124 3034 4164 a
3077 4109 3231 4164 nobis
3270 4109 3382 4164 heri
3425 4109 3560 4164 dicta
3586 4117 3752 4176 sunt,

2184 4202 2424 4255 volumus
2469 4200 2626 4256 hodie
2671 4200 2892 4255 reddere
2933 4201 3138 4256 caritati
3191 4211 3383 4256 vestra:
3411 4241 3426 4264 ,
3459 4209 3512 4256 et
3560 4200 3754 4256 iterum

2183 4293 2442 4361 attingere
2473 4291 2744 4346 historiam
2767 4291 3007 4362 Josephi.
3038 4293 3193 4348 Scitis
3212 4293 3353 4348 enim
3377 4293 3624 4348 hesterno
3642 4308 3753 4348 εει-ο

2185 4397 2341 4435 mone
2386 4383 2636 4450 prolixius
2677 4391 2897 4437 extenso
2921 4425 2936 4448 ,
2969 4399 3066 4438 nos
3109 4399 3214 4438 non
3261 4384 3496 4455 potuisse
3533 4385 3753 4439 ulterius

2184 4474 2448 4543 progredi,
2480 4472 2572 4527 sed
2597 4473 2828 4526 sermoni
2853 4472 3006 4527 finem
3026 4474 3371 4548 imposuisse,
3386 4475 3600 4547 quando
3627 4490 3750 4543 pro-

2183 4575 2300 4634 pter
2328 4563 2588 4634 Aigyptia:
2614 4564 2930 4618 calumniam
2956 4567 3023 4619 ab
3041 4566 3388 4636 archimagiro
3412 4566 3463 4620 in
3485 4581 3751 4621 carcerem

2182 4666 2262 4709 est
2285 4655 2572 4722 conjectus.
2598 4655 2719 4708 Ideo
2741 4653 2894 4708 hodie
2922 4669 3098 4723 aperte
3127 4656 3350 4723 pretium
3381 4655 3534 4709 fuerit
3559 4655 3754 4710 docere

2181 4756 2408 4800 vestram
2436 4745 2730 4808 caritatem,
2755 4758 2874 4813 qua:
2902 4744 2953 4798 in
2983 4759 3196 4800 carcere
3215 4745 3262 4799 ei
3291 4745 3597 4799 acciderint.
3620 4743 3751 4799 Nam

2183 4843 2456 4904 postquam
2481 4834 2531 4887 in
2557 4848 2824 4888 carcerem
2849 4841 2934 4889 est
2957 4834 3248 4902 conjectus,
3276 4844 3330 4888 et
3360 4835 3582 4888 traditus
3612 4849 3752 4903 prte-

2183 4929 2317 4980 l'ccto
2344 4925 2591 4991 carceris,
2615 4926 2772 4980 etiam
2800 4925 2906 4980 illic
2936 4935 3134 4980 tantum
3161 4925 3252 4980 Dei
3283 4925 3574 4979 subsidium
3603 4939 3753 4980 asse-

2180 5025 2376 5087 quntus
2401 5025 2484 5070 cst
2506 5057 2519 5079 ,
2555 5024 2610 5070 ttt
2639 5017 2798 5070 totius
2825 5016 3051 5070 carceris
3089 5016 3412 5085 principatus
3445 5031 3488 5099 a.
3503 5014 3753 5084 praefecto

2179 5111 2410 5165 careeris
2435 5110 2532 5180 ipsi
2559 5108 2954 5165 concederetur.
2987 5108 3052 5162 Et
3079 5107 3321 5160 nesciebat
3349 5109 3540 5177 aliquid
3571 5112 3752 5178 prafe-

2178 5211 2286 5254 ctus
2309 5201 2522 5254 carceris
2553 5209 2753 5270 prapter
2779 5199 2988 5267 Ioseph.
3016 5196 3207 5251 Vidisti
3244 5196 3510 5266 quomodo
3538 5199 3588 5250 in
3622 5197 3753 5266 ipsis

2179 5291 2432 5346 terumnis
2456 5304 2672 5345 verSans
2693 5331 2707 5356 ,
2738 5289 3108 5343 adversitatem
3137 5302 3203 5341 ne
3246 5287 3474 5340 senserit
3495 5286 3707 5355 quidem
3733 5325 3748 5351 ,

2178 5383 2269 5438 sed
2321 5382 2537 5451 provida
2576 5381 2833 5449 sapientia
2872 5379 2961 5433 Dei
3003 5377 3177 5431 omnia
3220 5391 3406 5444 aspera
3450 5375 3666 5430 verterit
3696 5376 3749 5428 in

2171 5473 2423 5544 jucunda.
2455 5473 2520 5526 Et
2559 5473 2694 5525 sicut
2733 5471 2853 5524 licet
2878 5469 2996 5538 quis
3037 5466 3371 5534 margaritam
3404 5465 3515 5518 luto
3538 5465 3743 5531 obruat,

2177 5565 2519 5620 nihilominus
2559 5563 2784 5616 nativam
2835 5562 3026 5616 retinet
3069 5555 3510 5628 pulchritudinem
3543 5597 3557 5610 .
3589 5557 3666 5610 sic
3696 5569 3750 5610 et

2179 5658 2364 5721 virtus,
2394 5668 2725 5728 quocumque
2749 5669 2862 5709 cam
2885 5649 3192 5722 projcccris,
3220 5661 3368 5704 suam
3396 5647 3502 5707 vim
3528 5647 3750 5710 exserit,
