4150 6206
404 319 507 374 539

404 435 498 490 καὶ
545 434 808 506 ἠνείχετο,
856 433 943 489 ἵνα
992 430 1080 487 διὰ
1123 433 1340 487 πάντων
1385 433 1476 486 τὸν
1516 434 1710 488 ἑαυτοῦ
1756 433 1974 502 οἰκέτην

402 518 790 589 λαμπρότερον
836 518 1113 588 ἀποφήνῃ.
1168 516 1352 570 Ταῦτα
1383 517 1491 589 γὰρ
1527 517 1741 571 ἅπαντα
1771 515 1977 570 ἐλθόντι

377 591 480 671 ’τῷ
511 600 667 670 ἀνδρὶ
697 598 834 670 μετά
861 598 1063 669 πολλῆς
1100 601 1199 668 τῆς
1251 600 1589 670 κακουργίας
1616 599 1846 653 εἰποῦσα
1886 597 1979 650 καὶ

406 686 832 756 κατηγορήσασα
866 684 958 737 τοῦ
986 684 1270 737 νεανίσκου
1290 684 1475 753 ἔλεγεν
1498 700 1512 713 ·
1535 684 1801 753 Εἰσῆλθε
1828 684 1978 752 πρός

398 786 476 839 με
507 773 541 824 ὁ
568 769 709 835 ,ταῖς
747 772 780 822 ὁ
820 767 1087 836 Ἐϐραῖος
1105 811 1120 833 ,
1155 768 1227 822 ὃν
1251 769 1572 840 εἰσήγαγες
1597 770 1749 839 πρὸς
1782 769 1940 837 ἡμᾶς
1960 808 1975 830 ,

401 850 684 918 ἐμπαῖξαι
717 867 840 918 μοι.
896 850 1078 903 ’Λθλία
1125 851 1220 905 καὶ
1258 852 1594 922 ταλαίπωρε.
1646 854 1761 907 Οὐκ
1817 852 1980 915 αὑτὸς

402 935 694 1004 εἰσήγαγεν
723 933 863 986 ὥστε
893 934 1156 1003 ἐμπαῖξαί
1186 953 1288 998 σοι,
1307 936 1420 989 ἀλλ’
1450 938 1478 989 ὁ
1500 937 1745 998 διάϐολός
1768 953 1827 988 σε
1859 938 1978 988 εἰσ-

405 1020 644 1088 ήγαγεν,
673 1017 816 1071 ὥστε
867 1017 942 1088 μὴ
988 1017 1146 1087 μόνον
1174 1018 1456 1088 μοιχαλίδα
1487 1019 1738 1087 γενέσθαι
1764 1061 1778 1083 ,
1820 1018 1976 1081 ἀλλά,

401 1102 462 1155 τὸ
486 1097 621 1172 ἧκον
653 1102 734 1162 εἰς
777 1101 859 1159 σὲ,
905 1103 997 1153 καὶ
1035 1101 1194 1169 φόνον
1243 1103 1599 1173 ἐργάσασθαι.
1628 1103 1733 1156 Καὶ
1767 1103 1980 1155 ἐδείκνυ

402 1183 587 1238 λοιπόν
641 1186 721 1247 εἰς
746 1182 1018 1248 ἀπόδειξιν
1043 1183 1154 1237 τῶν
1185 1184 1315 1255 παρ’
1361 1185 1530 1255 αὑτῆς
1575 1184 1882 1255 λεγομένων
1913 1187 1981 1237 τὰ

405 1267 598 1338 ίμάτια
620 1265 714 1319 τοῦ
740 1266 1044 1318 νεανίσκου.

484 1361 680 1413 Ἐννόει
710 1378 799 1431 μοι
830 1361 1064 1414 ἐνταῦθα
1088 1360 1182 1414 τοῦ
1222 1361 1402 1414 κοινοῦ
1430 1362 1648 1416 πάντων
1677 1361 1980 1433 ἀνθρώπων

402 1447 672 1499 Δεσπότου
699 1447 796 1516 τὴν
827 1445 1256 1515 φιλανθρωπίαν.
1286 1446 1499 1518 Ὠσπερ
1531 1447 1640 1517 γὰρ
1679 1445 1785 1498 τῶν
1822 1445 1978 1500 ἀδελ-

403 1529 519 1598 φῶν
563 1528 723 1582 αὑτὸν
753 1529 990 1595 ἐξείλετο
1043 1529 1383 1599 βουλομένων
1428 1529 1591 1582 αὑτὸν
1622 1529 1852 1590 ἀνελεῖν,
1889 1531 1981 1581 καὶ

407 1613 790 1683 παρεσκεύασε
821 1613 1086 1684 πρότερον
1116 1614 1214 1684 μὲν
1244 1613 1385 1667 κατὰ
1410 1614 1510 1685 τὴν
1543 1614 1852 1685 συμϐουλὴν
1884 1614 1979 1667 τοῦ

413 1695 634 1767 Ῥουϐἡν
663 1698 742 1758 εἰς
770 1695 863 1748 τὸν
896 1695 1098 1748 λάκκον
1129 1694 1488 1767 ἐμϐληθῆναι,
1519 1697 1610 1749 καὶ
1642 1697 1780 1767 μετά
1807 1696 1981 1750 ταῦτα

400 1778 562 1831 πάλιν
591 1778 730 1831 κατά
762 1777 862 1848 τὴν
893 1777 1202 1848 συμϐουλὴν
1228 1778 1322 1830 τοῦ
1373 1778 1542 1833 Ἰούδα
1572 1782 1684 1843 τοῖς
1717 1781 1979 1851 ἐμπόροις

398 1860 788 1932 διαπραθῆναι,
819 1861 906 1915 ἵνα
938 1859 1046 1913 τῶν
1067 1860 1362 1931 ὀνειράτων
1393 1862 1427 1931 ἡ
1459 1860 1683 1925 ἔκϐασις
1710 1864 1791 1924 εἰς
1820 1862 1979 1933 ἔργον

394 1945 628 1999 ἐλθοῦσα
660 1944 824 2016 πείσῃ
855 1945 946 1998 τὸν
979 1944 1208 2008 δίκαιον,
1251 1945 1327 2008 ῶς
1359 1946 1421 1997 οὐ
1469 1946 1647 2015 μάτην
1703 1946 1822 1998 οὑδέ
1856 1947 1977 2017 εἰκῆ

399 2028 581 2081 ἐκεῖνα
607 2026 756 2098 αὑτῷ
793 2027 1169 2098 προεμηνύετο
1195 2043 1207 2056 ·
1256 2026 1400 2080 οὑτω
1427 2029 1521 2081 καὶ
1555 2028 1650 2080 νῦν
1700 2030 1733 2097 ἡ
1774 2029 1980 2082 ἄνωθεν

403 2113 528 2183 χεὶρ
552 2107 620 2184 ῆν
650 2112 684 2182 ἡ
721 2111 812 2164 τὸν
845 2110 1121 2182 βάρϐαρον
1160 2112 1366 2164 ἐκεῖνον
1397 2111 1705 2181 κατέχουσα
1724 2151 1738 2171 ,
1768 2112 1863 2164 καὶ
1906 2112 1979 2182 μὴ

396 2195 808 2266 συγχωρήσασα
849 2191 1054 2255 εύθέως
1101 2193 1194 2244 ἐπὶ
1227 2194 1326 2262 τὴν
1357 2194 1574 2263 σφαγὴν
1614 2195 1852 2263 ὁρμῆσαι
1885 2193 1978 2246 τοῦ

399 2279 698 2331 νεανίσκου.
729 2277 795 2330 Τί
823 2278 933 2348 γὰρ
965 2273 1030 2347 ἦν
1053 2277 1114 2329 τὸ
1143 2276 1372 2340 κωλύον,
1402 2277 1642 2346 μαθόντα
1665 2277 1741 2339 ὡς
1772 2279 1853 2338 εἰς
1884 2277 1982 2330 αὑ-

397 2361 499 2432 τὴν
524 2360 620 2430 τὴν
648 2358 808 2430 εὐνὴν
833 2358 1091 2428 ἀδικῆσαι
1131 2359 1294 2412 αὑτὸν
1321 2359 1643 2430 ἐπεχείρησε
1661 2400 1676 2421 ,
1711 2358 1785 2429 μὴ
1822 2356 1981 2412 τοῦτο

401 2443 661 2513 ποιῆσαι;
725 2442 864 2495 Ἀλλ’
913 2444 943 2495 ό
988 2442 1298 2512 εὐμήχανος
1347 2441 1475 2504 Θεὸς
1525 2442 1794 2512 τοσαύτην
1839 2459 1982 2512 παρ-

400 2525 699 2579 εσκεύασεν
727 2525 889 2578 αὑτὸν
917 2524 1286 2589 ἐπιδείξασθαι
1311 2523 1407 2593 τὴν
1437 2525 1746 2595 πραΰτητα,
1767 2525 1853 2578 ἵνα
1877 2526 1978 2592 ἐμ-

399 2608 619 2679 ϐληθεὶς
646 2607 724 2678 τῷ
755 2607 1136 2678 δεσμωτηρίῳ,
1166 2607 1261 2660 καί
1293 2606 1458 2658 πάλιν
1485 2609 1601 2659 ἐκεῖ
1624 2607 1724 2676 τὴν
1771 2607 1980 2660 οἰκείαν

399 2690 808 2761 ἐπιδειξάμενος
839 2689 1062 2761 ἀρετὴν,
1089 2688 1261 2752 οὑτως
1291 2689 1382 2742 ἐπὶ
1419 2687 1519 2760 τὴν
1551 2688 1726 2760 ἀρχὴν
1754 2689 1851 2760 τῆς
1884 2689 1980 2758 βα-

401 2773 604 2837 σιλείας
640 2773 1038 2844 παραγένηται.
1081 2772 1385 2842 Ἑθινμώθη
1417 2774 1547 2842 γὰρ,
1587 2773 1773 2842 φησὶν,
1810 2776 1842 2826 ὁ
1874 2774 1978 2825 κύ-

393 2875 522 2925 ριος
561 2857 770 2915 αὐτοῦ,
802 2856 902 2910 καὶ
935 2855 1223 2910 ἐνέϐαλεν
1251 2855 1438 2908 αὐτὸν
1463 2856 1551 2920 είς
1582 2855 1646 2907 τὸ
1679 2856 1975 2923 ὀχύρωμα,

398 2941 553 2993 ὅπου
586 2942 638 2993 οἱ
679 2937 984 3008 δεσμῶται
1020 2937 1124 2991 τοῦ
1155 2936 1464 3002 ,ϐασιλέως
1510 2936 1878 3006 κατέχονται.
1919 2938 1978 2990 Et

402 3025 501 3094 μὲν
527 3022 637 3094 γὰρ
669 3020 745 3094 μὴ
773 3021 1081 3084 ἐπίστευσε,
1110 3021 1210 3072 οὑκ
1245 3019 1412 3090 ἐχρῆν
1439 3019 1602 3072 αὑτὸν
1632 3019 1886 3090 ἐμϐαλεῖν
1921 3021 1979 3072 ἐν

398 3105 476 3176 τῷ
501 3104 886 3175 δεσμωτηρίῳ’
923 3105 971 3156 εἰ
999 3103 1056 3155 δὲ
1085 3103 1375 3155 ἐπίστευσε
1403 3101 1565 3156 πάλιν
1606 3102 1804 3172 ἀληθὲς
1840 3097 1978 3154 εἶναι

398 3187 462 3240 τὸ
485 3186 635 3258 παρά
664 3187 760 3258 τῆς
790 3186 1094 3254 Αἰγυπτίας
1121 3185 1434 3254 λεγόμενον,
1459 3185 1580 3238 οὑδὲ
1609 3184 1750 3237 οὕτω
1774 3183 1980 3254 δεσμω-

396 3271 591 3344 τηρίου
613 3270 764 3336 ἄξιος
791 3264 880 3341 ἡν,
915 3269 1052 3322 ἀλλά
1084 3268 1468 3339 ἀποτμηθῆναι
1503 3268 1597 3320 καὶ
1617 3267 1777 3338 δίκην
1796 3266 1977 3320 δοῦναι

396 3355 496 3424 τὴν
535 3353 786 3424 ἐσχάτην.
828 3353 967 3406 Ἀλλ’
1002 3354 1130 3406 ὅταν
1162 3353 1195 3422 ἡ
1228 3351 1435 3405 ἀνωθεν
1465 3349 1617 3417 δεξιὰ
1654 3350 1750 3422 τὴν
1779 3350 1979 3419 ἑαυτῆς

399 3437 656 3507 πρόνοιαν
681 3435 1080 3498 ἐπιδείκνυται,
1118 3435 1294 3488 πάντα
1327 3433 1524 3486 εὔκολα
1564 3433 1659 3486 καὶ
1696 3434 1859 3504 ῥᾴδια
1892 3433 1978 3501 γίο

397 3537 570 3579 νεται.
596 3520 690 3573 καὶ
712 3521 760 3571 οί
787 3517 968 3588 ἄγριοι
990 3517 1334 3588 ἡμερώτεροι
1354 3516 1726 3570 καθίστανται.
1760 3518 1893 3570 Τότε
1921 3517 1979 3569 δὲ

399 3605 550 3675 καὶὴ
576 3603 781 3658 ἄνωθεν
825 3603 966 3671 ῥοπὴ
1010 3603 1145 3670 μετά
1185 3600 1460 3668 δαψιλείας
1507 3601 1638 3670 ἡμῖν
1678 3600 1976 3669 παραγίνε-

397 3705 508 3749 ται,
527 3689 654 3740 ὅταν
676 3685 874 3756 πολλὴν
897 3685 992 3737 καὶ
1019 3686 1178 3755 ἡμεῖς
1201 3684 1300 3754 τὴν
1332 3683 1532 3754 ἀρετὴν
1562 3681 1976 3752 ἐπιδειξὼμεθα.

411 3770 630 3840 Ἐπειδὴ
654 3767 762 3840 γὰρ
790 3767 1039 3837 μεγάλως
1067 3761 1220 3828 οὗτος
1239 3766 1566 3834 ἠγωνίσατο,
1587 3765 1672 3816 διὰ
1700 3763 1858 3816 τοῦτο
1887 3765 1980 3817 καί

403 3853 653 3924 μεγάλων
680 3850 943 3904 ἀπολαύει
981 3849 1087 3901 τῶν
1122 3847 1385 3918 ἀμοιϐῶν.
1418 3849 1527 3899 Καὶ
1565 3846 1702 3916 μετά
1731 3845 1830 3917 τὴν
1865 3863 1979 3899 τοσ⁹

399 3935 572 4005 αύτην
619 3933 872 4005 ἀνδρείαν
915 3933 1159 4001 ἀπήγετο
1210 3933 1290 3994 εἰς
1332 3931 1392 3982 τὸ
1435 3930 1839 4000 δεσμωτήριον,
1885 3929 1979 3981 καὶ

401 4021 530 4090 σιγῇ
555 4019 732 4070 πάντα
767 4014 1060 4085 ὑπέμενεν.
1092 4013 1235 4066 Ἰστε
1265 4012 1374 4084 γὰρ
1411 4013 1559 4074 ὅπως
1587 4014 1635 4064 οἱ
1669 4011 1833 4082 μηδὲν
1854 4013 1977 4065 ἐαυο

398 4104 511 4163 τοῖς
538 4099 834 4162 συνειδότες
866 4097 1122 4170 πονηρὸν,
1151 4097 1371 4150 ἐπειδὰν
1400 4094 1474 4158 ὡς
1497 4093 1787 4149 ὑπεύθυνοι
1810 4113 1978 4149 κατα-

399 4181 748 4245 δικάζωνται,
785 4181 930 4254 πόσῃ
966 4181 1263 4252 κέχρηνται
1297 4177 1556 4240 πολλάκις
1590 4179 1656 4248 τῇ
1695 4178 1978 4248 παρρησίᾳ

399 4267 493 4318 καὶ
519 4268 586 4335 τῇ
616 4265 1069 4336 ἐλευθεροστομίᾳ
1091 4303 1106 4324 ,
1143 4261 1656 4330 κατεξανιστάμενοι
1703 4263 1794 4313 καὶ
1825 4260 1975 4333 [599]

403 4347 932 4418 μεγαλοφρονοῦντες
963 4345 1104 4400 κατὰ
1135 4345 1243 4398 τῶν
1272 4345 1370 4414 τὴν
1412 4343 1568 4413 δίκην
1606 4343 1788 4406 αὑτοῖς
1823 4344 1978 4396 ἀνευ-

400 4430 579 4494 θύνοις
616 4427 764 4484 οῦσιν
791 4432 1121 4500 ἐπαγόντων.
1155 4429 1293 4482 Ἀλλ’
1321 4419 1474 4491 οὗτος
1503 4428 1601 4497 οὑχ
1631 4426 1822 4491 οὓτως,
1844 4426 1978 4481 ἀλλὰ

401 4515 496 4568 καὶ
541 4515 670 4584 σιγᾷ
695 4553 710 4577 ,
751 4515 842 4567 καὶ
892 4515 1067 4567 πάντα
1109 4513 1298 4584 πράως
1337 4511 1569 4580 δέχεται,
1614 4509 1705 4561 καὶ
1749 4510 1976 4579 ἀνέμενε

403 4598 541 4670 μετά
566 4598 762 4667 πολλῆς
793 4598 890 4666 τῆς
913 4598 1187 4667 ὑπομονῆς
1214 4596 1312 4664 τὴν
1340 4595 1433 4646 τοῦ
1460 4592 1594 4645 Θεοῦ
1628 4595 1817 4664 ῥοπήν.
1837 4595 1978 4664 Ὅρα

399 4682 511 4752 γὰρ
546 4680 662 4743 πῶς
698 4681 791 4732 καὶ
820 4680 876 4730 ἐν
897 4678 974 4748 τῷ
1003 4677 1359 4747 δεσμωτηρίῳ
1395 4675 1469 4728 ῶν
1495 4676 1657 4728 πάλιν
1686 4675 1784 4746 τὴν
1803 4677 1976 4747 ἀρχὴν

403 4766 619 4819 ἃπασαν
665 4762 826 4824 αὐτὸς
868 4761 1078 4830 ἐδέχετο
1111 4760 1260 4830 παρὰ
1289 4759 1380 4812 τοῦ
1423 4759 1828 4828 δεσμοφύλακος
1848 4777 1861 4789 ·
1895 4763 1975 4812 5E-

403 4848 607 4909 κότως·
637 4841 762 4900 Ἦν
793 4843 921 4914 γὰρ,
967 4841 1134 4912 φησὶ,
1165 4842 1382 4907 Κύριος
1403 4840 1549 4908 μετὰ
1590 4841 1810 4911 Ἰωσὴφ
1833 4883 1844 4901 ,
1878 4842 1977 4896 καὶ

401 4930 684 5000 κατέχεεν
706 4929 894 4983 αὑτοῦ
927 4926 1118 4989 ἔλεος.
1140 4925 1204 4976 Τί
1228 4925 1344 4975 ἐστι
1371 4923 1451 4987 τὸ,
1469 4925 1764 4993 Κατέχεεν
1788 4924 1976 4978 αὑτοῦ

406 5014 606 5079 ἔ.ιεος;
631 5013 771 5084 Πρὸς
800 5007 980 5065 οἶκτον
1009 5005 1294 5077 ἐπέκαμψε
1317 5005 1408 5058 τὸν
1440 5006 1972 5076 ἀρχιδεσμοφύλακα,

402 5097 497 5150 καὶ
532 5095 730 5166 πολλὴν
758 5096 885 5166 περὶ
911 5093 1071 5148 αὑτὸν
1108 5090 1206 5162 τὴν
1234 5087 1446 5142 εὔνοιαν
1474 5088 1843 5155 ἐπιδείξασθαι
1871 5107 1975 5143 παο

405 5178 758 5248 ρεσκεύασενο
793 5176 1010 5230 Ἔδωκε
1041 5176 1154 5245 γὰρ
1175 5172 1335 5238 αὐτῷ
1369 5171 1543 5240 χάριν
1569 5173 1845 5227 ἐναντίον
1871 5177 1976 5228 αὐ-

402 5260 530 5317 τοῦ.
587 5260 811 5331 Αληθῶς
839 5260 993 5312 οὐδὲν
1027 5257 1490 5329 μακαριστὸτερον
1517 5254 1610 5307 τοῦ
1639 5257 1738 5326 τῆς
1771 5257 1976 5311 ἄνωθεν

404 5343 614 5406 εὐνοίας
664 5341 1047 5404 ἀπολαύοντος.
1082 5341 1303 5393 Ἔδωκε
1335 5339 1444 5410 γὰρ
1469 5380 1482 5403 ,
1518 5339 1714 5408 φησὶν,
1746 5341 1773 5392 ό
1813 5341 1978 5408 ἁρχι-

402 5425 797 5497 δεσμοφύλαξ
822 5424 889 5478 τό
920 5421 1325 5492 δεσμωτήριον
1366 5420 1464 5476 διὰ
1498 5421 1694 5489 χειρὸς
1735 5421 1815 5487 τῷ
1859 5424 1977 5478 Ἰωη

399 5509 552 5578 orig.
581 5510 720 5580 Ὅρα
765 5509 880 5572 πῶς
911 5507 1263 5574 ὑπεξίσταται
1291 5506 1319 5557 ὁ
1355 5503 1718 5574 δεσμοφύλαξ,
1750 5499 1843 5559 καὶ
1870 5524 1976 5559 πα-

408 5596 661 5664 ραχωρεῖ,
711 5595 802 5646 καὶ
852 5590 1002 5662 αύτῷ
1052 5590 1152 5661 τὴν
1194 5587 1477 5641 αὑθεντίαν
1528 5587 1848 5658 ἐπιτρέπει,
1885 5591 1977 5643 καὶ

402 5678 611 5739 πάντας
640 5677 765 5740 τοὺς
807 5676 864 5728 ἐν
895 5675 971 5745 τῷ
1005 5670 1361 5744 δεσμωτηρίῳ
1387 5669 1491 5724 ὑπὸ
1516 5670 1615 5741 τὴν
1646 5670 1856 5725 ἐκείνου
1888 5673 1976 5738 ἐξ·

400 5761 587 5814 ουσίαν
613 5756 750 5813 εἶναι
777 5758 1049 5812 ἐκέλευσε.
1079 5757 1191 5811 Καὶ
1223 5757 1335 5809 οὐκ
1358 5750 1437 5824 ἦν
1471 5756 1504 5808 ό
1528 5754 1974 5823 ἀρχιόεσμοφύ-

403 5845 522 5910 λιιε
551 5844 860 5919 γινώσκων
894 5838 1100 5897 οὐδέν’
1145 5839 1341 5896 πάντα
1381 5839 1491 5908 γὰρ
1526 5833 1606 5907 ἦν
1647 5837 1744 5891 διὰ
1778 5838 1975 5906 χειρὸς

1358 313 1620 374 ‘INCAP.
1653 310 1874 366 XXXIX
1911 308 2152 366 GENES;
2199 311 2431 368 IIOMIL.
2473 311 2631 368 LXI"
3558 311 3664 368 ιιι)

2100 429 2342 499 Ἰωσὴφ,
2370 431 2466 484 διὰ
2492 431 2557 483 τὸ
2591 430 2698 484 τὸν
2727 432 2945 498 Κύριον
2969 431 3095 499 μετ’
3130 429 3318 484 αὑτοῦ
3350 425 3526 492 εἶναι,
3567 436 3661 488 και

2079 511 2198 565 ὅσα
2224 515 2405 579 αὐτὸς
2439 513 2626 567 ἐποίει
2647 552 2661 575 ,
2696 514 2912 581 Κύριος
2943 513 3170 567 εὐώδου
3199 515 3267 566 ἐν
3295 512 3424 579 ταῖς
3451 516 3666 583 χερσίν

2079 595 2286 650 αὐτοῦ.
2324 596 2523 651 Σκόπει
2557 596 2674 660 πῶς
2711 597 3005 667 συμπαρῆν
3030 596 3179 667 αὑτῷ
3217 595 3480 666 διηνεκῶς
3511 597 3546 668 ἡ
3571 599 3666 668 χάρ

2083 695 2169 748 ρις
2208 678 2242 748 ἡ
2280 677 2508 742 ἄνωθεν,
2545 679 2639 732 καὶ
2668 678 2848 733 πάντα
2879 679 3025 750 άπερ
3063 678 3301 750 ἔπραττε
3329 679 3554 750 χάριτος
3592 677 3664 750 ἦν

2083 761 2512 834 πεπληρωμένα.

2152 845 2324 900 Τοῦτο
2364 844 2540 900 τοίνυν
2589 845 2682 898 καὶ
2728 845 2888 916 ἡμεῖς
2937 844 3351 915 σπουδάσωμεν,
3409 843 3496 897 ἵνα
3543 845 3664 915 μεθ’

2081 928 2290 981 ἑαυτῶν
2313 927 2525 998 ἔχωμεν
2545 928 2632 980 ἀεὶ
2660 927 2751 980 τὸν
2774 927 2996 998 Κύριον,
3025 927 3120 978 καὶ
3143 927 3231 978 ἵνα
3251 930 3320 983 τὰ
3352 929 3478 997 παρ’
3503 929 3662 998 ἡμῶν

2081 1011 2342 1080 γινόμενα
2393 1011 2484 1063 ὑπ’
2533 1010 2743 1064 ἐκείνου
2782 1009 3170 1062 κατευοδῶται.
3221 1009 3280 1062 ὐ
3319 1010 3430 1080 γὰρ
3460 1015 3662 1082 ταύτης

2081 1092 2330 1157 ἀξιωθεὶς
2355 1096 2454 1163 τῆς
2489 1093 2684 1163 ῥοπῆς,
2719 1092 2822 1146 κᾶν
2859 1093 3041 1162 μέσοις
3067 1097 3176 1156 τοῖς
3210 1093 3401 1156 δεινοῖς
3434 1093 3508 1146 ὢν
3532 1111 3662 1166 τυγ-

2081 1175 2240 1246 χάνῃ,
2275 1177 2705 1244 καταγελάσεται
2737 1175 2976 1237 πάντων,
3019 1177 3112 1228 καὶ
3154 1176 3306 1228 οὐδὲν
3351 1177 3490 1229 αὑτά
3519 1179 3662 1248 ἡγή-

2083 1276 2255 1323 σεται,
2295 1259 2388 1312 τοῦ
2412 1260 2684 1312 Δεσπότου
2720 1259 2829 1311 τῶν
2857 1259 3012 1325 ὅλων,
3042 1260 3136 1312 τοῦ
3170 1260 3348 1312 πάντα
3379 1261 3660 1324 ποιοῦντος

2081 1342 2175 1394 καὶ
2219 1343 2750 1411 μετασκευάζοντος,
2796 1341 3209 1404 κατευοδοῦντος
3251 1342 3402 1412 αὑτῷ
3447 1345 3662 1396 ἃπαντα

2082 1425 2174 1477 καὶ
2199 1425 2268 1476 τὰ
2293 1425 2528 1495 δυσχερῆ
2564 1425 2720 1497 ῥᾴδια
2764 1425 3213 1495 ἀπεργαζομένου
3231 1437 3278 1476 ιι.
3335 1425 3458 1489 Πῶς
3485 1425 3541 1478 δὲ
3571 1425 3660 1478 δυ·

2080 1507 2360 1577 νησόμεθα
2389 1507 2509 1576 μεθ’
2537 1507 2745 1559 ἑαυτῶν
2770 1507 2913 1577 ἔχειν
2940 1507 3029 1560 τὸν
3060 1505 3284 1577 Κύριον,
3322 1507 3416 1559 καὶ
3447 1509 3537 1560 ὑπ’
3563 1509 3662 1560 αύ-

2080 1589 2173 1642 τοῦ
2202 1584 2638 1643 ’κατευοδοῦσθαι
2670 1591 2727 1642 ἐν
2764 1591 2997 1653 ἆπασιν;
3045 1590 3170 1642 Ἐάν
3209 1589 3470 1659 νήφοντες
3509 1585 3660 1662 ὦμεν

2081 1673 2174 1726 καὶ⁹
2201 1674 2590 1746 ἐγρηγορότες,
2623 1674 2716 1728 καὶ
2751 1675 3120 1745 μιμησωμεθα
3163 1672 3258 1726 τοῦ
3303 1673 3426 1726 νέου
3467 1674 3658 1728 τούτου

2079 1757 2177 1825 τὴν
2199 1757 2573 1827 σωφροσύνην,
2598 1759 2695 1810 καὶ
2729 1756 2826 1826 τὴν
2851 1756 3014 1826 ἄλλην
3057 1756 3277 1827 ἀρετὴν,
3315 1757 3408 1810 καὶ
3437 1757 3496 1811 τδ
3525 1759 3658 1830 φρό-

2080 1855 2228 1908 νημα
2264 1838 2324 1892 τὸ
2353 1841 2627 1907 γενναῖον,
2666 1839 2758 1892 καὶ
2796 1838 2994 1908 ῖδωμεν
3039 1837 3120 1890 ὃτι
3181 1838 3323 1892 οὑτω
3361 1840 3468 1910 χρὴ
3519 1842 3658 1910 μετᾶ

2079 1921 2366 1994 ἀκριϐείας
2396 1923 2611 1976 ἅπαντα
2646 1923 3096 1994 διαπράττεσθαι,
3135 1922 3211 1986 ὡς
3241 1923 3510 1995 μηδέποτε
3552 1925 3659 1978 ὑπὸ

2079 2005 2174 2059 τοῦ
2216 2007 2487 2060 Δεσπότου
2532 2007 3019 2076 καταγνωσθῆναι,
3060 2005 3175 2059 ἀλλ’
3206 2008 3289 2060 ὄτι
3321 2007 3419 2077 οὑχ
3447 2003 3561 2062 οἷόν
3596 2011 3657 2062 τέ

2079 2105 2198 2141 τινα
2224 2088 2405 2142 λαθεῖν
2429 2090 2635 2143 ἐκεῖνον
2668 2090 2760 2142 τὸν
2790 2089 3090 2158 ἀκοίμητον
3120 2089 3398 2160 ὀφθαλμὸν
3431 2090 3654 2154 ειδέναι,

2081 2169 2193 2224 ἀλλ’
2227 2171 2439 2243 ἀνάγκη
2480 2172 2698 2235 πάντως
2728 2171 2820 2225 τὸν
2847 2172 3164 2242 ἁμαρτόντα
3211 2175 3330 2236 ταῖς
3359 2173 3656 2242 τιμωρίαις

2083 2253 2380 2307 ὑπεύθυνον
2398 2253 2667 2322 γενέσθαι.
2693 2255 2803 2308 Καὶ
2830 2253 2905 2324 μὴ
2932 2257 3324 2325 προτιμότερον
3352 2255 3657 2327 ἡγώμεθαδ

2081 2335 2170 2389 τὸν
2188 2337 2294 2389 τῶν
2311 2335 2610 2407 ἀνθρώπων
2630 2336 2792 2406 φόϐον
2819 2338 2920 2406 τῆς
2941 2337 3033 2390 τοῦ
3055 2336 3191 2390 Θεοῦ
3214 2339 3654 2409 ἀγανακτήσεως,

2082 2417 2222 2471 ἀλλά
2269 2419 2696 2489 μνημονεύωμεν
2733 2419 2822 2472 διὰ
2859 2420 3058 2484 παντὸς
3103 2419 3215 2472 τῶν
3259 2421 3520 2492 ῥημάτων
3561 2421 3656 2474 τοῦ

2093 2502 2290 2573 Ἰωσὴφ
2323 2502 2599 2570 λέγοντος·
2637 2503 2770 2568 Πῶς
2802 2503 3036 2566 ποιήσω
3074 2503 3140 2556 τὸ
3166 2501 3335 2571 ῥῆμα
3371 2504 3435 2557 τὸ
3471 2517 3658 2572 πονη-

2071 2584 2188 2653 ρὸν
2213 2584 2388 2638 τοῦτο
2405 2623 2420 2648 ,
2452 2585 2552 2638 καί
2584 2585 2999 2653 ἀμαρτήσομαι
3023 2585 3302 2638 ἐναντίον
3327 2586 3436 2640 τοῦ
3463 2587 3612 2640 Θεοῦ
3637 2603 3657 2644 :

2082 2669 2250 2722 Ὅταν
2277 2685 2361 2732 τις
2384 2665 2477 2721 οῦν
2507 2668 2764 2738 λογισμὸς
2786 2669 2932 2738 ἡμᾶς
2957 2667 3310 2742 διαταράττῃ,
3330 2669 3488 2722 τοῦτο
3511 2671 3570 2722 ἐν
3588 2673 3657 2741 τῇ

2079 2751 2288 2822 διανοίᾳ
2315 2752 2636 2822 στρέφωμεν
2672 2751 2734 2804 τὸ
2765 2753 2915 2822 ῥῆμα
2936 2790 2951 2814 ,
2984 2752 3079 2804 καὶ
3115 2753 3458 2824 παραχρῆμα
3482 2770 3658 2822 φυγα·

2079 2835 2291 2888 δεύεται
2335 2836 2483 2888 πᾶσα
2515 2835 2713 2896 ἄτοπος
2759 2834 3046 2905 ἐπιθυμία.
3096 2834 3222 2887 Εἴτε
3265 2832 3357 2888 οὗν
3387 2836 3658 2906 σωμάτων

2080 2916 2348 2986 ἐπιθυμίᾳ
2375 2934 2460 2978 τις
2489 2916 2601 2982 ἁλῷ
2627 2955 2642 2979 ,
2678 2917 2786 2969 εἴτε
2817 2916 3121 2988 χρημάτων
3155 2917 3352 2986 ἔρωτι,
3384 2920 3491 2971 εἴτε
3520 2919 3660 2992 ἄλλῃ

2081 2999 2185 3052 τινὶ
2215 2999 2402 3068 ἀτόπῳ
2428 3000 2609 3070 ἡδονῇ,
2636 2999 2842 3063 εὐθέως
2871 2998 3029 3052 τοῦτο
3055 2999 3373 3068 λογιζέσθω,
3402 3002 3484 3054 ὅτι
3513 3004 3658 3055 ἐκεῖ·

2081 3098 2168 3144 νος
2199 3082 2330 3151 ἡμῖν
2369 3083 2513 3133 ἐστιν
2542 3083 2569 3132 ό
2599 3081 2851 3146 δικάζων,
2884 3083 2942 3135 ὃν
2969 3083 3066 3153 οὑχ
3104 3077 3214 3136 οἷόν
3242 3101 3301 3136 τε
3328 3083 3508 3136 λαθεῖν
3536 3084 3658 3138 οὑδὲ

2081 3165 2146 3219 τά
2178 3167 2234 3216 ἐν
2263 3167 2328 3235 τῇ
2366 3165 2572 3234 διανοίᾳ
2618 3164 3011 3234 βουλευόμενα·
3051 3167 3144 3220 καὶ
3190 3167 3406 3230 πάντως
3435 3167 3660 3236 διαφευ-

2081 3247 2282 3317 ξόμεθα
2321 3249 2415 3300 καὶ
2443 3247 2541 3311 τὰς
2574 3248 2667 3301 τοῦ
2695 3248 2942 3303 διαϐόλου
2983 3250 3231 3321 μηχανὰς
3250 3290 3264 3312 ,
3303 3251 3397 3304 καὶ
3421 3251 3659 3304 ἀπολαύ-

2081 3347 2246 3399 σομεν
2290 3329 2488 3399 πολλῆς
2531 3331 2631 3399 τῆς
2676 3332 2881 3384 ἄνωθεν
2930 3334 3287 3403 συμμαχίας·
3335 3329 3404 3404 ἦς
3446 3333 3659 3401 γένοιτο

2080 3415 2286 3476 πάντας
2315 3416 2462 3484 ἡμᾶς
2489 3416 2790 3484 ἐπιτυχεῖν,
2817 3417 3000 3486 χάριτι
3032 3419 3126 3469 καὶ
3147 3415 3535 3488 φιλανθρωπίᾳ
3557 3416 3656 3471 τοῦ

2079 3498 2283 3568 Κυρίου
2311 3498 2466 3568 ἡμῶν
2506 3498 2679 3568 Ἰησοῦ
2725 3498 2985 3569 Χριστοῦ,
3013 3497 3166 3570 [600]
3209 3499 3328 3569 μεθ’
3358 3495 3420 3554 οὗ
3444 3501 3522 3569 τῷ
3553 3502 3660 3553 Πα-

2078 3581 2188 3651 τρὶ,
2214 3581 2330 3651 ἆμα
2355 3580 2433 3651 τῷ
2459 3581 2600 3651 ἁγίῳ
2628 3581 2926 3652 Πνεύματι,
2952 3582 3100 3647 δόξα,
3136 3582 3358 3653 κράτος.
3382 3581 3538 3652 τιμὴ,
3559 3582 3657 3635 νῦν

2079 3664 2172 3717 καὶ
2198 3665 2304 3730 ἀεὶ,
2334 3666 2427 3717 καὶ
2451 3664 2531 3727 εἰς
2563 3665 2689 3730 τοὺς
2714 3665 2917 3727 αἰῶνας
2947 3664 3057 3717 τῶν
3084 3665 3314 3719 αἰώνων.
3356 3665 3546 3734 Ἀμήν.

2657 3796 2906 3848 ΟΜιΛῐΑ
2944 3793 3061 3847 EI".

2079 3878 2185 3931 Καὶ
2221 3880 2330 3931 οὐκ
2366 3878 2446 3946 ἦν
2479 3877 2788 3947 γινώσκων
2824 3878 3006 3930 οὐδὲν
3047 3881 3080 3930 ό
3120 3876 3655 3946 ἀρχιδεσμοφύλαε

2671 3947 2770 4000 διὰ
2806 3947 3038 4016 Ἰωσήφ.

2149 4045 2217 4098 α’.
2247 4045 2329 4099 Τά
2345 4044 2572 4114 λείψανα
2588 4041 2694 4096 τῶν
2712 4041 2839 4113 χθὲς
2867 4045 2997 4114 ἡμῖν
3020 4042 3324 4114 εἰρημένων
3349 4042 3654 4116 βουλόμεθα

2081 4129 2320 4198 σήμερον
2350 4127 2724 4198 ἀποδοῦναιτῇ
2761 4128 3005 4198 ὑμετέρᾳ
3023 4125 3229 4198 ἀγάπῃ,
3262 4127 3356 4179 καὶ
3384 4126 3482 4197 τῆς
3511 4129 3654 4183 κατά

2079 4211 2170 4264 τὸν
2217 4211 2416 4281 Ἰωσὴφ
2456 4211 2617 4264 πάλιν
2653 4209 2893 4278 ἱστορίας
2933 4207 3198 4278 ἅψασθαι.
3234 4211 3379 4262 Ἷστε
3423 4209 3531 4280 γὰρ
3566 4211 3650 4264 ὅτι

2079 4293 2203 4364 χθὲς
2221 4295 2302 4356 εἰς
2327 4293 2501 4362 μῆκος
2517 4295 2649 4364 ἡμῖν
2671 4293 2992 4355 ἐκταθέντος
3019 4291 3111 4345 τοῦ
3136 4292 3295 4360 λόγου
3315 4293 3414 4345 οὑκ
3432 4293 3654 4363 ἰσχύσα-

2083 4394 2181 4446 μεν
2214 4375 2524 4448 περαιτέρω
2575 4375 2881 4446 προελθεῖν,
2919 4375 3054 4428 ἀλλά
3081 4379 3275 4446 μέχρις
3306 4376 3514 4429 ἐκείνου
3559 4376 3654 4429 τὸν

2078 4458 2235 4526 λόγον
2265 4459 2595 4529 ἐστήσαμεν,
2626 4458 2788 4528 ἡνίκα
2815 4458 2904 4511 διὰ
2925 4459 3020 4530 τὴν
3045 4459 3142 4528 τῆς
3157 4458 3460 4526 Αἰγυπτίας
3493 4475 3654 4512 συκοο

2081 4542 2306 4612 φαντίαν
2339 4543 2443 4596 ὑπὸ
2490 4541 2583 4595 τοῦ
2619 4544 3019 4614 ἀρχιμαγείρου
3063 4545 3143 4606 είς
3189 4543 3248 4596 τὸ
3281 4542 3652 4615 δεσμωτήριον

2079 4624 2360 4696 ἐνεϐλήθη.
2394 4626 2484 4678 Διὸ
2512 4627 2751 4697 σήμερον
2785 4628 3079 4694 ἀναγκαῖον
3107 4625 3313 4690 διδάξαι
3338 4625 3434 4696 τὴν
3456 4626 3654 4697 ὑμετέ·

2082 4724 2176 4778 ραν
2206 4709 2426 4777 ἀγάπην
2455 4709 2524 4762 τὰ
2542 4710 2683 4762 κατά
2717 4709 2776 4761 τὸ
2797 4709 3167 4780 δεσμωτήριον
3190 4707 3338 4778 αύτῷ
3372 4709 3651 4780 συμϐεϐη-

2081 4791 2234 4844 κότα.
2254 4791 2474 4862 Ἐπειδὴ
2496 4793 2602 4862 γὰρ
2628 4791 2890 4861 ἐνεϐλήθη
2913 4793 2993 4854 εἰς
3009 4793 3067 4844 τὸ
3082 4791 3362 4863 ὀχύρωμα,
3387 4794 3480 4846 καὶ
3509 4807 3652 4860 παρ-

2078 4873 2232 4943 εδόθη
2279 4873 2357 4942 τῷ
2404 4873 2925 4943 ἀρχιδεσμοφύλακι,
2964 4875 3123 4926 κάκεῖ
3160 4875 3394 4942 τοσαύτη
3426 4873 3652 4940 γέγονεν

2083 4958 2163 5018 εἰς
2193 4956 2405 5026 αὑτὸνὴ
2429 4955 2582 5027 παρὰ
2596 4957 2689 5009 τοῦ
2720 4955 2854 5008 Θεοῦ
2885 4956 3047 5026 ῥοπὴ,
3073 4957 3147 5018 ὡς
3164 4958 3342 5008 πᾶσαν
3369 4951 3650 5024 τὴνάρχὴν

2075 5039 2170 5093 τοῦ
2196 5039 2572 5110 δεσμωτηρίου
2588 5038 2753 5091 αὑτὸν
2775 5038 3203 5108 ἐμπιστευθῆναι
3218 5035 3370 5106 παρὰ
3383 5034 3476 5088 τοῦ
3493 5037 3652 5105 ἁρχι-

2076 5123 2503 5193 δεσμοφύλακος.
2535 5123 2643 5174 Καὶ
2661 5124 2772 5176 οὐκ
2801 5119 2880 5191 ἦν
2906 5121 3236 5189 γινώσκων,
3256 5118 3439 5188 φησὶν,
3468 5116 3652 5170 οὐδὲν

2078 5210 2109 5262 ό
2137 5205 2671 5276 ἀρχιδεσμοφύλαε
2714 5205 2810 5258 διὰ
2850 5203 3092 5272 Ἰωσήφ.
3133 5197 3283 5264 Εἶδες
3313 5201 3428 5264 πῶς
3458 5202 3515 5253 ἐν
3552 5201 3651 5252 αὐ-

2077 5291 2196 5352 ταῖς
2218 5291 2338 5350 ταῖς
2361 5287 2570 5355 θλίψεσι
2603 5287 2890 5356 γενόμενος
2915 5285 3168 5354 οὐδεμίαν
3200 5282 3451 5353 αἴσθησιν
3481 5282 3651 5353 ἐλάμ-

2079 5371 2206 5423 ϐανε
2233 5369 2340 5422 τῶν
2359 5369 2640 5440 λυπηρῶν,
2666 5369 2778 5421 ἀλλ’
2799 5371 2832 5439 ἡ
2863 5369 3169 5438 εὐμήχανος
3195 5365 3290 5420 τοῦ
3323 5364 3458 5418 Θεοῦ
3487 5365 3652 5435 σοφία.

2078 5455 2254 5508 πάντα
2278 5451 2568 5523 μετέϐαλλε
2592 5451 2660 5504 τὰ
2673 5450 2912 5520 λυπηρά.
2933 5450 3044 5503 Καὶ
3059 5449 3270 5503 καθάπε
3281 5466 3310 5519 ρ
3322 5448 3414 5501 τὸν
3433 5466 3502 5518 μα
3511 5464 3650 5519 ργα-

2081 5537 2235 5609 ρίτην
2248 5536 2351 5590 κᾶν
2377 5537 2434 5588 ἐν
2452 5534 2696 5606 βορϐόρῳ
2723 5552 2806 5598 τις
2829 5532 3186 5604 καταχώσειε,
3209 5533 3267 5586 τὸ
3295 5534 3492 5586 οἰκεῖον
3517 5530 3651 5585 κάλ-

2077 5621 2164 5683 λος
2197 5619 2566 5674 ἐπιδείκνυται
2588 5634 2600 5646 ⁸
2621 5616 2764 5670 οὕτω
2779 5617 2870 5669 καὶ
2891 5615 3130 5687 ἡάρετὴ,
3157 5617 3291 5672 ὅπου
3317 5615 3362 5671 δ’
3385 5615 3453 5671 ἂν
3479 5619 3650 5692 αὐτὴν

2145 5787 2170 5815 ⁸
2192 5787 2409 5897 gnatum
2431 5800 2545 5835 mss.
2572 5785 2991 5852 κατεργαζομένου.

2149 5848 2174 5883 ³
2221 5851 2298 5897 ‘ex
2326 5863 2422 5897 mss
2461 5851 2524 5897 μὴ
2548 5849 2771 5897 πρότερον
2789 5848 2991 5897 mmo:

2149 5848 2174 5883 ⁵
2200 5848 2298 5897 Sex
2326 5863 2422 5898 mss
2461 5851 2524 5911 μή
2548 5848 2771 5911 πρότερον
2789 5848 3009 5909 ἡγώμεθα
