4142 6206
395 353 489 410 {ill

388 465 618 522 etiamin
637 467 908 527 servitute,
924 462 1081 520 etiam
1103 465 1151 518 in
1170 477 1399 529 carcere,
1419 467 1576 519 etiam
1590 468 1640 519 in
1658 466 1962 528 afﬂictione,

390 567 549 613 etiam
578 561 634 611 in
669 559 1033 627 prosperitate.
1060 557 1320 624 Quoniam
1350 558 1505 626 igitur
1530 568 1584 612 et
1624 560 1674 612 in
1700 574 1967 612 carcerem

387 651 656 718 coniectus
685 650 783 704 sibi
811 649 1113 704 conciliavit
1136 648 1441 719 prmiectunt
1465 651 1713 714 carceris,
1737 659 1791 703 et
1813 665 1971 717 super

389 755 576 794 tntines
598 742 684 811 qui
715 742 780 794 ibi
813 749 962 794 erant
991 749 1302 810 potestatem
1327 741 1394 794 ab
1418 756 1483 795 eo
1509 741 1714 810 accepit
1743 759 1757 793 :
1783 741 1966 793 videa-

389 848 508 886 mus
533 843 585 886 et
615 833 698 885 hic
722 831 989 900 quomodo
1016 832 1118 884 vim
1148 831 1331 900 gratia:
1360 831 1458 884 sibi
1489 845 1755 884 concessa:
1797 830 1966 882 mani-

390 919 610 976 festarit.
640 923 690 976 i.
723 919 935 975 Factum
977 931 1051 975 est
1096 923 1258 984 enim,
1289 922 1489 991 inquit,
1520 933 1632 991 post
1677 920 1823 974 verba
1863 919 1968 971 Ιηιέ

393 1010 541 1082 (Cap.
571 1015 680 1082 till).
705 1012 926 1079 Qualia?
957 1013 1086 1079 Quae
1115 1014 1346 1066 narravit
1377 1023 1493 1082 post
1533 1014 1724 1066 factam
1765 1011 1967 1064 calum-

391 1103 552 1166 niam,
572 1114 848 1172 postquam
866 1103 1247 1157 condemnatus
1267 1112 1349 1157 est
1375 1103 1440 1156 ad
1467 1117 1732 1156 carcerem
1759 1110 1844 1154 :et
1861 1115 1964 1154 non

393 1195 490 1248 hoc
525 1195 693 1249 solum
719 1237 732 1257 .
765 1195 856 1249 sed
887 1206 940 1248 et
970 1207 1244 1263 postquam
1286 1196 1634 1263 signiﬁcatum
1684 1201 1766 1246 est
1813 1191 1965 1244 nobis

394 1287 669 1339 Dominmn
701 1301 818 1339 cum
849 1287 937 1339 illo
964 1285 1147 1350 fuisse,
1178 1296 1230 1339 et
1257 1285 1560 1356 prmfectunt
1586 1284 1816 1339 carceris
1845 1298 1963 1338 om-

391 1378 474 1429 nia
505 1392 621 1446 qua:
653 1377 719 1429 ibi
749 1384 898 1430 crant
928 1376 1023 1445 ipsi
1051 1379 1400 1440 commisisse,
1425 1385 1482 1429 ut
1511 1391 1604 1444 per
1623 1375 1765 1427 illum
1791 1373 1962 1425 admi-

391 1467 756 1520 nistrarentur.
787 1466 999 1520 Factum
1027 1478 1117 1528 est,
1150 1469 1338 1536 inquit.
1363 1477 1473 1536 post
1498 1468 1644 1518 verba
1673 1466 1798 1528 lucc,
1824 1475 1964 1532 post-

387 1575 542 1626 quam
559 1558 782 1629 injectus
797 1569 875 1613 est
895 1559 946 1612 in
968 1573 1255 1620 carcerem.
1275 1575 1389 1611 cuin
1410 1567 1687 1626 peccassent
1703 1557 1964 1626 prtefectus

389 1651 736 1717 pincernarunt
760 1661 805 1704 et
833 1653 1100 1721 prtcfecttts
1127 1650 1387 1719 pistorum,
1419 1649 1474 1702 2.
1501 1659 1553 1702 ct
1572 1650 1624 1703 ’5.
1650 1648 1964 1701 condemnati

386 1752 500 1793 sunt
525 1759 556 1792 a
595 1758 740 1810 rege.
780 1751 833 1792 ut
873 1743 923 1793 in
968 1757 1216 1793 carcerem
1243 1743 1572 1803 mitterentur,
1595 1741 1647 1794 4.
1677 1756 1798 1808 quos
1829 1755 1961 1805 pre-

387 1836 541 1900 fectus
584 1836 797 1884 carceris
833 1831 1054 1902 Josepho
1098 1831 1479 1884 commendavit.
1513 1829 1692 1899 Neque
1735 1830 1877 1883 enim
1909 1837 1964 1882 ιιι

317 1937 339 1959 ο
394 1923 572 1975 vincto
603 1937 724 1974 usus
750 1933 828 1975 est
859 1923 965 1985 illo,
998 1923 1090 1976 sed
1122 1932 1177 1976 ut
1198 1938 1442 1976 curarum
1476 1923 1751 1991 participe,
1778 1922 1885 1975 imo
1907 1930 1964 1976 ut.

387 2026 452 2064 eo
477 2013 563 2081 qni
595 2013 660 2065 ibi
685 2012 1017 2067 detentorum
1042 2013 1279 2068 miserias
1308 2013 1464 2067 solari
1490 2023 1686 2083 posset.
1716 2012 1782 2066 Et
1805 2014 1962 2066 adsti-

389 2103 446 2154 tit
471 2103 539 2155 eis
563 2145 576 2167 ,
607 2103 793 2171 inquit.
819 2103 954 2170 Quid
981 2114 1061 2158 est
1081 2145 1094 2169 ,
1129 2106 1326 2158 Adstitit
1355 2105 1424 2157 eis
1447 2105 1472 2158 .9
1493 2105 1604 2158 lloc
1637 2115 1738 2167 est,
1767 2119 1961 2158 consi-

388 2193 520 2244 latus
541 2201 620 2245 est
640 2233 654 2258 ,
680 2193 950 2248 roboravit
971 2210 1154 2249 eorum
1181 2205 1404 2260 mentes,
1437 2196 1607 2248 erexit
1634 2211 1816 2248 eorum
1844 2195 1959 2247 ani-

386 2297 500 2335 mos
523 2324 538 2347 ,
566 2292 619 2336 ct
655 2300 758 2337 non
805 2287 1043 2352 permisit
1079 2286 1349 2340 absorberi
1394 2301 1504 2354 pra:
1539 2288 1767 2340 tristitia.
1800 2285 1962 2340 Erant

383 2382 550 2425 autent
590 2375 762 2426 diebus
807 2375 977 2428 multis
1004 2377 1053 2428 in
1082 2393 1278 2428 carcere
1298 2417 1312 2439 ,
1338 2377 1390 2430 5.
1419 2386 1465 2430 et
1492 2377 1721 2429 viderunt
1761 2385 1962 2445 uterque

383 2463 686 2515 insomnium
714 2465 765 2516 in
792 2476 933 2518 nocte
953 2482 1073 2530 una,
1098 2467 1362 2534 praefectus
1388 2467 1736 2534 pincernarum
1765 2477 1812 2519 et
1831 2483 1961 2537 pra:-

383 2557 541 2623 [ες-τηε
590 2557 851 2622 pistorum.
881 2556 984 2610 Sed
1018 2557 1200 2610 beatus
1241 2557 1330 2610 ille
1353 2597 1369 2620 ,
1399 2557 1482 2610 cui
1514 2572 1655 2610 cum
1684 2567 1796 2611 erat
1825 2573 1954 2626 quc-

386 2645 542 2698 modo
573 2647 935 2701 consolaretur
961 2649 1074 2701 illos
1100 2690 1114 2712 ,
1146 2657 1203 2702 ut
1233 2649 1360 2701 vidit
1391 2664 1482 2702 eos
1504 2650 1573 2701 ob
1596 2650 1850 2703 visionem
1880 2649 1962 2702 in—

383 2739 708 2791 somniorum
742 2739 960 2801 turbari,
994 2750 1047 2794 ct
1073 2750 1250 2795 mente
1278 2740 1554 2806 confundi,
1582 2741 1708 2795 dicit
1737 2759 1751 2796 :
1779 2742 1829 2795 7.
1859 2740 1960 2794 Car

383 2831 535 2895 [acies
562 2841 736 2882 vestra:
762 2831 910 2884 hodie
947 2840 1048 2882 tant
1073 2831 1320 2884 obnubilte
1361 2839 1406 2883 et
1445 2843 1632 2884 nursia
1651 2838 1676 2888 ?
1697 2832 1956 2885 Ostende-

387 2921 505 2973 bant
522 2921 661 2973 enim
685 2921 844 2975 facies
860 2937 1043 2975 eormn
1064 2923 1202 2975 intus
1219 2923 1466 2976 latentem
1483 2923 1954 2992 perturbationem.

387 3009 670 3077 l’roiiterea
709 3020 762 3064 et
803 3013 1014 3079 sapiens
1042 3013 1254 3081 quidam
1284 3012 1494 3066 dicebat
1522 3035 1536 3064 :
1569 3012 1732 3066 Corde
1763 3015 1960 3067 (tutante

383 3101 526 3166 ﬂoret
554 3100 725 3166 facies,
758 3101 810 3152 in
839 3101 1041 3155 tristitia
1064 3114 1232 3154 autem
1261 3104 1554 3166 exsistente,
1578 3115 1748 3155 niteret
1779 3103 1954 3171 (Prov.

387 3190 469 3242 l5.
507 3190 615 3259 I3).
648 3189 805 3258 Igitur
832 3193 950 3260 quia
978 3193 1107 3245 vidit
1147 3207 1239 3245 eos
1267 3194 1474 3246 tristitia
1505 3193 1721 3247 allectos
1749 3203 1912 3261 propti
1934 3208 1962 3247 ι’

385 3279 763 3333 insomniorum
791 3282 1081 3343 visionem,
1111 3297 1324 3335 causam
1353 3283 1559 3336 discere
1587 3283 1772 3337 volens
1801 3299 1957 3353 roga.

386 3368 617 3424 vit.Vide
643 3371 909 3440 quomodo
931 3382 986 3427 et
1009 3373 1059 3426 in
1085 3389 1296 3428 carcere
1320 3377 1581 3429 cxsistens
1605 3391 1753 3429 suam
1780 3388 1960 3430 osten-

384 3462 461 3514 dit
506 3462 792 3528 virtutem,
821 3472 876 3516 et
919 3463 1141 3518 aliormn
1183 3480 1440 3520 maerores
1473 3467 1701 3520 ailerare
1738 3467 1956 3522 studuit.

384 3552 516 3619 Quid
549 3553 705 3622 igitur
747 3555 859 3608 illi?
885 3556 938 3609 8.
974 3556 1238 3610 Somnium
1277 3558 1520 3622 vidimus,
1553 3568 1598 3612 et
1627 3576 1726 3612 non
1755 3569 1826 3612 est
1871 3561 1957 3629 qui

384 3647 622 3711 conjectet
660 3647 809 3698 illud.
846 3645 1161 3715 ignorabant
1188 3650 1497 3718 sapientiam
1544 3651 1659 3719 ejus
1703 3667 1826 3705 cum
1853 3667 1959 3721 quo

387 3734 752 3803 loquebantur.
776 3735 866 3789 sed
889 3736 1157 3806 vulgarem
1179 3739 1408 3808 aliquem
1431 3755 1549 3794 esse
1564 3742 1958 3809 existimabant,

385 3833 438 3875 et
468 3835 740 3892 propterea
771 3826 1035 3880 somnium
1058 3828 1105 3880 ei
1132 3843 1236 3882 non
1268 3839 1516 3896 narrant,
1550 3832 1640 3885 sed
1671 3842 1870 3886 tantum
1902 3848 1960 3889 se

385 3915 580 3968 vidisse
621 3914 837 3979 dicunt,
866 3925 920 3970 et
961 3917 1198 3973 addunt:
1227 3919 1414 3975 Nullus
1456 3932 1537 3976 est
1565 3924 1654 3992 qui
1698 3924 1962 3993 conjcetet

389 4002 536 4055 illud.
567 4002 764 4059 Verum
791 4006 1116 4062 admirabilis
1159 4009 1248 4065 ille
1278 4011 1362 4064 vir
1400 4013 1527 4067 dicit
1569 4014 1646 4068 eis
1673 4032 1686 4068 :
1720 4013 1903 4068 Nonne
1929 4034 1960 4069 a

389 4091 494 4146 Deo
532 4095 868 4164 manifestatio
904 4099 1012 4169 ejus
1037 4099 1146 4153 est?
1171 4099 1396 4156 Narrate
1418 4104 1572 4174 igitur
1595 4106 1736 4159 mihi.
1765 4107 1898 4161 Num
1930 4123 1957 4160 a

387 4197 472 4236 me
514 4183 630 4252 ipso
671 4187 922 4254 promitto
960 4189 1111 4243 vobis
1149 4191 1346 4262 aliquid
1379 4210 1462 4248 me
1489 4194 1790 4251 dicturum?
1823 4198 1960 4253 Dens

384 4285 464 4327 est
483 4275 570 4344 qui
588 4277 806 4333 revelat.
833 4277 1056 4334 Narrate
1073 4281 1224 4351 igitur
1245 4284 1386 4337 mihi.
1410 4283 1541 4340 Vide
1563 4286 1958 4358 intelligentiam

385 4377 438 4418 et
467 4367 775 4422 lmmiiitatis
795 4371 1183 4427 excellentiam.
1213 4373 1326 4428 Non
1355 4375 1529 4441 dixit,
1559 4378 1668 4447 Ego
1694 4378 1842 4432 vobis
1875 4379 1958 4432 di-

385 4457 578 4525 iudico,
607 4474 704 4528 ego
732 4461 882 4515 vobis
904 4463 1023 4519 dico
1043 4467 1367 4520 somniorum
1391 4477 1660 4534 eventum;
1686 4469 1778 4524 sed
1799 4470 1962 4540 quid?

393 4547 610 4601 Narrate
649 4551 802 4620 igitur
823 4554 964 4606 mihi.
998 4555 1135 4611 Deus
1163 4559 1304 4612 enim
1331 4569 1411 4612 est
1441 4559 1586 4613 solus
1616 4561 1702 4629 qui
1732 4563 1850 4614 talia
1877 4576 1961 4615 re-

388 4637 546 4692 velat.
577 4639 631 4693 9.
663 4638 728 4692 Et
769 4645 987 4697 narravit
1032 4647 1292 4713 prefectus
1336 4649 1708 4716 piucernarum.
1756 4652 1841 4704 η.
1893 4649 1961 4704 Ut

389 4739 554 4783 autent
582 4731 770 4784 audivit
788 4730 998 4802 Ioseph,
1024 4737 1181 4804 inquit
1201 4753 1218 4791 :
1238 4737 1362 4792 Ηωε
1377 4749 1450 4793 est
1467 4740 1810 4807 interpretatio
1830 4743 1958 4811 ejus.

391 4822 477 4875 l3.
503 4820 624 4876 Tres
652 4825 973 4894 propagines,
1006 4836 1104 4879 tres
1129 4837 1246 4880 sunt
1265 4829 1368 4881 dies
1392 4845 1411 4881 :
1429 4830 1596 4883 adhuc
1625 4841 1724 4884 tres
1748 4832 1853 4884 dies
1870 4874 1884 4892 .
1913 4843 1960 4884 et

387 4910 729 4966 recordubitur
773 4911 977 4967 Pharao
1005 4923 1102 4968 tate
1144 4917 1493 4986 pincernarutu
1534 4925 1888 4991 profectura:
1917 4931 1963 4974 et

389 5002 504 5054 hinc
528 5006 749 5058 restituet
777 5016 852 5070 te,
881 5016 928 5060 ct
955 5008 1097 5061 dabis
1122 5009 1358 5078 poculum
1388 5009 1652 5065 Pharaoni
1678 5013 1730 5066 in
1757 5030 1960 5066 mattunt

388 5095 497 5162 ejus
532 5096 684 5164 juxta
712 5098 976 5163 pristinum
1021 5099 1233 5169 ofﬁcium
1261 5111 1432 5166 tuum,
1456 5110 1510 5153 ut
1535 5104 1759 5166 solebas,
1793 5105 1962 5157 sinunt

385 5186 673 5255 infundens.
701 5187 896 5242 15.8w
915 5193 1177 5244 recordare
1199 5192 1298 5244 mei
1315 5209 1402 5260 per
1417 5194 1745 5261 temetipsum,
1761 5195 1963 5261 quando

387 5274 472 5326 tibi
501 5275 622 5327 bene
645 5277 756 5341 erit,
772 5288 817 5330 et
837 5278 989 5346 {acies
1016 5282 1136 5335 mihi
1158 5283 1570 5347 misericordiam,
1593 5294 1638 5337 et
1658 5301 1845 5338 memor
1864 5287 1962 5338 eris

390 5365 487 5418 mei
514 5367 652 5433 apud
693 5366 1010 5424 Pharaonem
1034 5415 1049 5434 .
1073 5383 1120 5426 et
1161 5375 1340 5429 educes
1384 5392 1463 5429 me
1497 5392 1558 5430 ea:
1601 5393 1798 5430 carcere
1825 5377 1916 5430 hoc
1937 5396 1955 5429 :

391 5457 476 5510 15.
507 5459 626 5524 quia
651 5461 824 5528 furtim
865 5463 1106 5518 abductus
1133 5482 1241 5518 sum
1270 5483 1332 5520 ea:
1369 5477 1500 5520 terra
1528 5466 1885 5531 Ilebrceorutn,
1917 5479 1964 5523 et

389 5549 470 5599 hic
509 5549 606 5616 feci
649 5550 812 5616 nihil,
844 5565 890 5606 et
919 5555 1228 5610 immiserunt
1254 5574 1332 5611 me
1358 5559 1410 5611 in
1438 5559 1570 5612 hunc
1612 5559 1801 5613 locum.
1831 5561 1963 5626 Quia

393 5638 708 5704 prmdiscrat
747 5642 797 5696 ei
829 5643 961 5697 bona
983 5654 1238 5702 eventura
1258 5689 1276 5715 ,
1306 5658 1357 5702 et
1404 5649 1853 5705 reconciliandum
1881 5665 1965 5706 re-

387 5749 542 5805 gem,
585 5739 753 5794 dicit:
787 5740 980 5797 Memor
1022 5755 1123 5800 esto
1176 5746 1270 5800 mei
1324 5763 1403 5815 per
1455 5749 1665 5812 teipsnm
1692 5786 1709 5807 .
1753 5749 1964 5814 quando

1422 350 1488 408 IN
1522 351 1672 409 CAP.
1716 351 1827 410 XL.
1870 349 2112 409 CENFS.
2155 352 2359 408 IIOSIII.
2424 352 2601 409 LXIII.

3543 364 3650 424 ΜΞ

2079 465 2382 524 felicitatem
2421 477 2560 521 tuam
2587 469 2896 535 obtinncris,
2926 473 3245 529 mentionem
3271 475 3512 534 faciendo
3532 483 3654 552 ejus

2074 557 2162 624 qtti
2190 556 2303 609 bazc
2327 557 2419 610 tibi
2449 559 2713 626 prmiixit,
2735 569 2790 615 et
2809 560 2970 617 facies
2994 563 3120 618 mihi
3143 565 3576 626 misericordiam.

2143 644 2198 699 2.
2223 645 2490 700 Fortitudo
2527 650 2685 702 animi
2711 649 2922 721 Iosephi
2947 666 3158 718 quanta;
3186 670 3373 723 quanta
3395 667 3506 730 ejus
3529 680 3650 734 erga

2074 737 2361 803 proximum
2389 739 2593 792 caritas.
2619 770 2691 781 -—-
2717 741 2838 795 Iltcc
2868 743 3093 798 audiens
3114 785 3130 811 ,
3163 745 3354 802 dilecto
3376 788 3394 815 ,
3418 767 3486 805 ne
3520 767 3651 808 con-

2071 827 2292 884 demncs
2317 830 2800 899 pusillammitatem
2823 837 2952 904 justi
2978 856 2992 891 :
3015 839 3108 893 sed
3136 839 3233 894 hac
3258 844 3462 898 ratione
3487 849 3650 914 potis.

2068 919 2259 972 simum
2281 920 2614 989 obstupesce,
2638 926 2778 994 quod
2809 943 2926 980 cum
2959 937 3064 982 tam
3096 931 3255 984 multa
3283 945 3462 989 essent
3483 937 3650 992 mole-

2069 1017 2170 1074 sta,
2205 1019 2307 1063 tam
2337 1010 2546 1066 fortiter
2573 1024 2628 1069 et
2667 1030 2819 1084 aequo
2845 1019 3026 1073 animo
3056 1020 3172 1074 tulit
3203 1023 3346 1076 illam
3378 1025 3645 1082 inhabita-

2073 1102 2293 1156 tionem.
2321 1103 2450 1158 Nam
2480 1107 2603 1161 licet
2631 1124 2873 1178 magnam
2901 1127 2930 1164 a
2960 1115 3184 1170 custode
3220 1119 3451 1172 carceris
3491 1132 3644 1188 pote-

2068 1203 2257 1248 statem
2279 1199 2590 1264 accepisset,
2613 1209 2844 1254 attamen
2864 1204 3244 1270 gravabaturin
3265 1217 3410 1262 tanto
3431 1211 3647 1278 paedore

2069 1297 2189 1336 cum
2219 1285 2447 1338 sordidis
2467 1295 2520 1339 et
2547 1290 2798 1357 squalidis
2823 1291 3046 1360 agendo.
3080 1293 3210 1349 Nam
3235 1296 3354 1351 vide
3381 1299 3496 1367 ejus
3524 1301 3642 1368 phi-

2072 1373 2395 1441 losophicam
2427 1387 2657 1433 mentem
2677 1421 2691 1444 ,
2721 1384 2986 1449 quomodo
3012 1383 3216 1438 fortiter
3245 1387 3422 1442 tulerit
3440 1393 3642 1458 omnia,

2071 1461 2121 1513 in
2149 1464 2392 1518 omnibus
2429 1483 2672 1538 magnam
2717 1472 2996 1530 declarans
3038 1481 3232 1535 anima:
3271 1483 3640 1544 humilitatem.

2070 1551 2133 1604 Et
2155 1555 2310 1621 facies
2332 1597 2347 1620 ,
2377 1558 2568 1627 inquit,
2599 1562 2652 1615 in
2675 1580 2754 1618 me
2777 1570 3190 1638 misericordiam,
3223 1585 3270 1629 et
3304 1580 3644 1636 recordaberis

2068 1645 2162 1694 mei
2190 1646 2330 1713 apud
2373 1646 2729 1718 Pharaonem,
2759 1666 2808 1708 et
2851 1658 3030 1714 educes
3071 1679 3153 1716 me
3194 1681 3256 1718 ea:
3293 1683 3492 1723 carcere
3523 1671 3638 1726 hoc.

2068 1736 2294 1789 Attende
2318 1781 2332 1802 ,
2365 1740 2587 1796 obsecro
2617 1785 2630 1804 ,
2665 1745 2750 1800 hic
2793 1753 3058 1816 quomodo
3096 1754 3222 1808 nihil
3271 1758 3410 1812 dicat
3454 1772 3640 1816 contra

2066 1827 2342 1880 scelestam
2390 1831 2529 1884 illam
2560 1834 2854 1892 adulteram
2877 1879 2892 1902 ,
2917 1856 3088 1910 neque
3113 1858 3296 1914 arguat
3321 1849 3592 1906 dominum
3623 1893 3638 1917 .

2067 1930 2237 1985 mque
2267 1929 2443 1973 narret
2469 1920 2688 1978 fratrum
2716 1926 2766 1980 in
2796 1942 2854 1982 se
2886 1929 3342 2000 inhumanitatem,
3371 1941 3464 1994 sed
3489 1945 3643 1998 tectis

2065 2009 2310 2063 oumibus
2330 2052 2346 2074 ,
2374 2012 2499 2067 dicit
2531 2031 2543 2067 :
2577 2016 2876 2076 Recordare
2905 2025 3007 2079 mei
3042 2066 3056 2089 ,
3089 2036 3144 2080 et
3174 2027 3255 2083 fac
3281 2033 3433 2087 educi
3462 2050 3549 2090 me
3571 2052 3638 2092 es

2064 2116 2278 2157 carcere
2303 2105 2402 2160 hoc
2429 2125 2443 2161 :
2477 2109 2608 2173 Quia
2634 2114 2808 2180 furtim
2835 2117 3081 2171 abductus
3106 2137 3216 2173 sum
3246 2126 3311 2176 de
3348 2135 3480 2179 terra
3528 2127 3638 2181 lico

2066 2193 2310 2249 bratorum
2335 2239 2349 2261 ,
2379 2209 2426 2251 et
2451 2200 2531 2252 hic
2574 2204 2702 2256 nihil
2728 2207 2858 2274 feci,
2889 2219 2936 2261 et
2959 2210 3270 2266 itmniscrunt
3294 2233 3372 2269 me
3395 2218 3446 2270 in
3473 2219 3641 2273 lacum

2065 2287 2215 2338 hunc.
2245 2287 2322 2342 Ne
2351 2290 2706 2356 perfunctorie
2736 2297 2834 2350 hoc
2863 2309 3261 2367 prtetereamus,
3284 2305 3380 2359 sed
3400 2309 3641 2364 conside-

2065 2390 2241 2431 remus
2279 2393 2436 2448 quam
2475 2382 2840 2454 philosophica
2883 2400 3061 2445 mente
3089 2394 3338 2461 praeditus
3365 2396 3557 2465 fuerit,
3587 2411 3641 2456 et

2063 2470 2329 2538 quomodo
2368 2473 2576 2528 inventa
2622 2481 3013 2546 Opportunitate
3061 2488 3345 2554 temporis,
3375 2499 3428 2544 et
3465 2492 3639 2546 sciens

2063 2560 2370 2626 prasfectum
2402 2563 2771 2632 pinccrnarnm
2803 2571 2853 2622 in
2881 2571 3085 2626 felicem
3115 2586 3306 2629 statum
3339 2582 3640 2637 restitutum

2066 2663 2221 2713 posse
2273 2668 2431 2706 (llllllc
2485 2657 2748 2722 negotium
2797 2673 2952 2714 suum
2999 2664 3107 2732 regi
3165 2666 3500 2732 significare,
3530 2686 3640 2724 non

2063 2737 2365 2808 Egyptians
2395 2745 2739 2813 reprehendit
2766 2749 2983 2814 (iterum
3015 2753 3158 2806 enim
3188 2756 3375 2810 eadem
3419 2759 3636 2830 dicam).

2063 2844 2168 2882 non
2186 2832 2457 2887 dominum
2483 2835 2632 2888 affert
2657 2838 2710 2890 in
2737 2840 2989 2904 medium,
3012 2859 3118 2896 non
3146 2845 3354 2911 fratres;
3384 2863 3488 2902 non
3513 2849 3642 2904 dicit

2063 2936 2276 2977 causam
2319 2938 2532 2994 propter
2556 2944 2711 2997 quam
2741 2933 3124 2990 condemnatus
3151 2939 3220 2990 sit
3247 2940 3300 2992 in
3334 2955 3600 2996 carcerem
3621 2982 3639 3002 .

2065 3025 2235 3081 neque
2276 3016 2450 3069 scelus
2491 3017 2628 3073 inse
2669 3024 3010 3078 commissum
3051 3041 3268 3082 narrare
3307 3030 3515 3086 studet:
3543 3033 3640 3086 sed

2066 3103 2166 3158 hoc
2193 3120 2353 3160 unum
2393 3118 2572 3174 curat,
2603 3127 2705 3165 non
2734 3121 2789 3166 ut
2813 3115 2931 3168 illos
2955 3117 3272 3173 condemnet
3295 3161 3308 3184 ,
3335 3121 3428 3174 sed
3456 3130 3515 3175 ut
3542 3137 3642 3193 pro

2063 3210 2121 3250 se
2151 3198 2266 3252 solo
2294 3199 2450 3254 dicat.
2484 3203 2548 3256 Et
2576 3204 2797 3259 fratrum
2823 3208 3036 3276 quidem
3063 3225 3274 3264 causam
3315 3215 3592 3270 occultavit
3617 3257 3638 3282 ,

2063 3289 2246 3346 dicens
2272 3310 2284 3346 :
2308 3292 2470 3347 Furta
2489 3296 2729 3350 abductus
2749 3316 2860 3351 sum
2885 3317 2948 3354 ea:
2973 3311 3103 3355 terra
3133 3302 3183 3356 11
3188 3305 3458 3359 ebra'orum
3483 3323 3502 3360 :
3523 3323 3636 3378 quae

2062 3394 2238 3440 autem
2264 3387 2510 3458 {Egyptia
2544 3391 2626 3444 illa
2660 3391 2853 3446 fecerat
2877 3434 2891 3457 ,
2920 3410 3022 3448 non
3060 3396 3260 3465 profert
3287 3398 3337 3450 in
3365 3400 3594 3453 medium
3620 3443 3639 3465 ,

2065 3493 2233 3546 neque
2277 3479 2522 3549 injustam
2568 3483 2769 3537 domini
2815 3486 2894 3539 sui
2947 3502 3067 3556 erga
3100 3502 3157 3541 se
3203 3488 3632 3558 indignationem.

2064 3569 2170 3625 Sed
2209 3573 2331 3640 quid
2372 3575 2531 3628 dicit?
2556 3574 2653 3628 Hic
2691 3577 2788 3647 feci
2829 3578 2987 3641 nihil,
3022 3588 3069 3631 et
3110 3579 3423 3634 immiserunt
3465 3598 3544 3635 me
3585 3582 3644 3635 in

2063 3678 2310 3716 carcerem
2360 3666 2508 3718 lianc.
2543 3666 2666 3720 ιιι-ο
2708 3667 2982 3723 audientes
3029 3669 3327 3734 discamus,
3355 3672 3399 3725 si
3437 3671 3487 3726 in
3517 3672 3648 3726 talia

2067 3753 2404 3809 inciderimus
2427 3798 2442 3821 ,
2475 3766 2532 3810 ut
2557 3771 2838 3812 caveamus
2877 3774 2944 3811 ne
2969 3760 3222 3814 conviciis
3252 3762 3368 3814 illos
3391 3803 3405 3825 ,
3429 3762 3516 3831 qui
3543 3777 3641 3815 nos

2065 3857 2318 3901 vexarunt
2340 3889 2356 3914 ,
2385 3849 2710 3903 inccssamus
2734 3890 2747 3912 ,
2777 3858 2830 3904 et
2873 3850 2936 3903 ad
2965 3851 3354 3906 accusationem
3385 3854 3401 3884 ¹
3426 3853 3642 3908 illorum

2066 3938 2297 4008 linguam
2321 3955 2570 3994 acuanms
2599 3958 2610 3990 :
2641 3940 2732 3994 sed
2757 3941 2929 3995 solum
2956 3942 3381 3998 demonstremus
3412 3945 3462 3998 in
3493 3959 3644 3998 man-

2065 4029 2347 4085 suetudine
2387 4040 2442 4084 et
2467 4030 2683 4086 lenitate
2710 4045 2807 4085 nos
2834 4031 3077 4086 innoxios
3114 4047 3234 4088 esse
3257 4073 3272 4096 ,
3295 4044 3349 4087 ct
3373 4035 3641 4088 imitemur

2068 4122 2213 4174 illum
2241 4120 2626 4186 admirabilem,
2657 4121 2746 4192 qui
2775 4137 2945 4191 neque
2974 4123 3025 4176 in
3051 4123 3352 4178 calamitate
3377 4126 3643 4183 assistens

2067 4212 2228 4266 voluit
2261 4213 2344 4267 vel
2393 4212 2567 4267 verbis
2608 4214 2951 4283 petulantiam
2979 4223 3032 4269 et
3060 4214 3335 4270 libidinem
3376 4215 3647 4287 Egyptian

2065 4305 2353 4377 divulgare.
2404 4306 2560 4361 Scitis
2597 4307 2740 4362 enim
2784 4307 2980 4362 multos
3009 4308 3318 4363 criminibus
3353 4310 3512 4364 etiam
3539 4311 3642 4364 ob-

2067 4401 2252 4453 noxios
2270 4441 2285 4464 ,
2309 4414 2494 4470 magna
2523 4400 2845 4470 impudentia
2883 4401 2934 4454 in
2959 4400 3094 4456 alios
3121 4416 3215 4454 sua
3245 4401 3435 4454 delicta
3464 4412 3639 4456 trans-

2067 4493 2204 4547 ferre
2230 4494 2408 4546 conari
2441 4510 2454 4546 :
2482 4493 2565 4546 hic
2590 4500 2766 4545 autem
2795 4492 2908 4546 sole
2935 4492 3130 4546 clarior
3155 4493 3440 4558 essistens,
3468 4502 3524 4548 et
3547 4495 3641 4565 qui

2067 4594 2267 4652 poterat
2301 4583 2477 4637 omnia
2503 4599 2623 4637 cum
2654 4584 2879 4638 veritate
2903 4583 3101 4646 dicere,
3131 4594 3184 4638 et
3212 4583 3352 4638 illius
3381 4585 3642 4641 insaniam

2067 4674 2398 4730 manifestam
2428 4674 2623 4741 facere,
2651 4687 2705 4730 et
2731 4676 3077 4743 semetipsum
3105 4675 3388 4731 clariorem
3414 4677 3640 4732 detnouo

2065 4777 2235 4822 strarc
2258 4809 2272 4828 .
2303 4769 2430 4823 nihil
2471 4769 2680 4823 illorum
2731 4769 2782 4822 in
2818 4768 3051 4822 medium
3077 4768 3251 4823 δῦθι-ι.
3279 4768 3462 4839 Neque
3498 4771 3644 4824 enim

2068 4860 2349 4914 humanam
2377 4860 2667 4912 venabatur
2691 4859 2930 4928 gloriam.
2961 4859 3054 4914 sed
3082 4860 3374 4914 sufficiebat
3399 4861 3446 4914 ei
3479 4859 3642 4914 bene-

2066 4954 2294 5006 volentia
2321 4967 2568 5022 superna,
2597 4959 2652 5005 et
2672 4952 2885 5006 oculum
2910 4953 3056 5006 illum
3085 4953 3258 5006 solum
3279 4951 3365 5020 qui
3389 4965 3492 5002 non
3519 4949 3645 5003 dor-

2066 5047 2163 5099 mit
2183 5043 2379 5098 habere
2402 5042 2612 5097 volebat
2635 5040 2964 5096 laudatorem
2981 5041 3239 5096 factorum
3260 5054 3494 5092 suorum.
3517 5037 3644 5094 Ideo

2066 5134 2255 5189 silente
2278 5147 2344 5188 eo
2367 5175 2382 5199 ,
2408 5141 2463 5188 et
2487 5132 2664 5186 omnia
2691 5131 2943 5201 obtegere
2971 5131 3240 5192 moliente,
3271 5130 3505 5183 clcnseus
3537 5128 3644 5182 Do-

2068 5230 2241 5284 minus
2272 5227 2322 5280 in
2351 5235 2548 5280 tantam
2585 5240 2706 5280 eum
2731 5225 2952 5295 gloriam
2983 5223 3243 5292 perduxit,
3275 5220 3487 5288 quando
3513 5220 3645 5276 vidit

2067 5320 2320 5374 athletam
2367 5331 2521 5371 suum
2560 5325 2703 5370 recte
2730 5326 2984 5370 certasse.
3012 5313 3127 5368 Jam
3157 5322 3333 5367 autem
3374 5312 3643 5367 discamus

2066 5423 2120 5468 ct
2160 5427 2223 5466 ex
2272 5409 2336 5465 iis
2379 5425 2494 5478 qua:
2541 5417 2721 5478 postea
2768 5416 3063 5476 sequuntur
3097 5404 3196 5458 viri
3229 5404 3647 5473 patientiam,et

2068 5501 2334 5578 quomodo
2365 5518 2468 5556 non
2498 5501 2754 5574 gravatim
2789 5499 2887 5555 fert
2911 5498 3220 5554 dilationem
3242 5541 3260 5565 ,
3291 5512 3462 5569 neque
3491 5511 3521 5552 a
3548 5511 3644 5552 sua

2068 5597 2340 5650 alacritate
2383 5593 2735 5656 cxcidit;scd
2788 5607 2940 5664 :cquo
2989 5591 3166 5646 animo
3202 5589 3378 5645 omnia
3423 5587 3562 5658 Icrt,
3593 5595 3646 5640 et

2139 5755 2155 5787 ι
2189 5751 2349 5811 mist,
2375 5749 2736 5802 detractionem.
