4150 6206
478 302 586 361 545

478 429 724 492 prorupte
757 417 956 488 gratias
985 414 1092 484 agit
1113 413 1336 468 Domino
1362 426 1462 466 suo
1485 451 1500 476 ,
1526 410 1616 480 qui
1645 409 1756 464 lucc
1785 409 1900 464 fieri
1932 425 2054 479 per-

476 509 738 565 mittebat.
769 506 861 562 llis
885 504 1096 569 auditis,
1114 503 1359 573 princeps
1385 501 1638 570 pistorum
1669 510 1814 554 ratus
1833 509 1887 554 et
1905 515 2056 554 suum

477 599 578 653 sibi
609 597 868 652 somnium
908 594 1030 647 boni
1071 591 1267 661 aliquid
1311 591 1653 660 praasignare,
1683 599 1862 644 narrat
1885 592 1933 644 ei
1973 605 2060 644 Sn-

479 688 613 744 mnii
644 685 921 740 visioaem.
945 683 1096 750 Quod
1124 691 1179 736 ut
1203 681 1369 736 audiit
1391 681 1612 750 .loseph,
1640 690 1856 750 accepta
1898 682 2058 735 etiam

477 795 542 834 ex
569 791 796 846 superna
825 775 1151 830 revelatione
1178 774 1294 843 ejus
1325 773 1783 843 interpretatione,
1819 771 2059 841 prmdicit

478 873 550 926 illi
594 870 864 925 interitum
909 870 1271 924 imminentem
1294 909 1310 934 ,
1339 877 1394 922 et
1422 867 1550 920 dicit
1580 883 1594 920 :
1623 865 1707 920 19.
1737 864 1917 918 Adhuc
1959 873 2058 917 tres

477 961 583 1014 dics
605 1000 620 1024 ,
651 970 697 1012 et
724 962 918 1030 auferet
949 958 1156 1012 Pharao
1197 969 1347 1028 caput
1379 969 1517 1010 tuum
1544 973 1576 1008 a
1605 965 1650 1009 te
1671 996 1686 1021 ,
1717 965 1762 1008 et
1789 955 2057 1023 suspendet

477 1064 524 1106 te
561 1054 614 1106 in
641 1052 820 1122 ligno;
847 1062 892 1106 et
919 1052 1178 1105 comedent
1201 1053 1424 1105 volucres
1449 1051 1557 1104 ειειί
1585 1065 1761 1102 carnes
1786 1059 1897 1102 tuas
1925 1065 1956 1100 a
1986 1058 2054 1103 te.

477 1143 700 1210 Propter
725 1143 826 1196 hoc
853 1143 996 1211 prius
1014 1142 1277 1204 dicebam,
1302 1141 1490 1209 inquit,
1517 1154 1620 1192 non
1639 1153 1667 1191 a
1685 1139 1889 1208 meipso
1906 1137 2054 1191 vobis

473 1236 706 1303 pnedico
727 1276 743 1300 ,
771 1233 862 1288 sed
893 1249 1242 1303 quzecumque
1277 1233 1414 1286 Deus
1457 1230 1815 1285 revelaverit:
1845 1238 1900 1281 ut
1941 1229 2055 1283 sive

476 1328 673 1384 benum
717 1327 913 1396 aliquid
942 1368 956 1392 ,
987 1325 1098 1380 sive
1145 1324 1342 1380 malum
1395 1323 1678 1392 praesignet
1728 1320 2052 1375 somniorum

480 1419 650 1484 visio,
679 1433 782 1472 noo
811 1417 940 1472 mihi
971 1417 1303 1471 adscribatis.
1334 1414 1448 1470 Non
1480 1413 1620 1470 enim
1657 1429 1686 1464 a
1724 1427 1811 1466 me
1838 1411 1952 1465 haec
1977 1410 2055 1462 lo-

477 1524 632 1578 quor.
656 1509 748 1562 sed
777 1508 862 1562 illa
891 1507 1042 1564 vobis
1065 1507 1297 1572 declare,
1321 1518 1664 1576 quaecumque
1683 1517 1909 1571 superna
1935 1516 2055 1571 gra-

478 1604 548 1657 tia
589 1602 716 1655 mihi
744 1599 1113 1655 manifestarit.
1136 1599 1398 1654 Caeterum
1437 1613 1560 1652 cum
1585 1596 1833 1649 adessent
1871 1594 2049 1648 statuti

475 1692 612 1757 dies,
641 1707 803 1760 opere
827 1691 1044 1760 impleta
1074 1699 1197 1744 sunt
1220 1704 1340 1759 qua:
1357 1687 1554 1756 .loseph
1580 1686 1788 1740 dixerat
1813 1693 1899 1738 :et
1917 1685 2051 1738 sicut

476 1784 590 1853 ipse
620 1785 996 1852 interpretatus
1037 1791 1154 1836 erat
1178 1821 1193 1846 ,
1227 1781 1295 1834 ita
1334 1778 1554 1847 contigit
1603 1778 1813 1844 utrique
1835 1816 1850 1840 ,
1879 1785 1934 1829 et
1964 1775 2050 1827 ille

474 1875 689 1944 quidem
736 1873 801 1928 ad
848 1873 1124 1944 pristinam
1175 1871 1331 1926 rediit
1376 1870 1712 1932 felicitatem,
1746 1866 1833 1920 hic
1875 1875 2050 1921 autem

476 1983 688 2037 [mnam
728 1966 842 2021 luit.
889 1965 980 2020 ‘23.
1025 1963 1192 2018 Porro
1235 1965 1500 2033 prafectus
1547 1961 1934 2029 pincernarum,
1963 1958 2050 2026 qui

476 2066 677 2110 tantam
714 2054 1134 2110 consolationem
1177 2061 1484 2121 acceperat,
1514 2067 1614 2103 non
1653 2059 1724 2103 est
1761 2047 2053 2102 recordatus

474 2145 667 2214 δοκρή
690 2187 707 2208 .
729 2145 820 2200 sed
846 2144 1026 2198 oblitus
1046 2153 1118 2197 est
1147 2145 1277 2215 ejus.
1304 2141 1432 2196 Vide
1453 2141 1643 2194 iterum
1661 2139 1861 2208 justum
1885 2138 1937 2191 in
1963 2153 2024 2206 pa
2039 2168 2062 2222 οἱ

476 2236 651 2291 laestra
679 2236 852 2306 aliqua
880 2243 1171 2289 certantem
1197 2273 1214 2300 ,
1242 2240 1298 2287 et
1324 2247 1433 2286 suae
1477 2231 1684 2286 virtutis
1712 2227 2052 2284 exhibentem

473 2328 786 2398 specimina,
818 2343 922 2382 non
955 2325 1270 2396 perturbari,
1302 2338 1474 2394 neque
1511 2321 1855 2386 commoveri,
1883 2333 2054 2388 neque

473 2434 614 2488 a-gre
633 2417 792 2473 ferre.
819 2417 952 2472 Nam
977 2417 1022 2470 si
1047 2417 1165 2486 quis
1191 2430 1255 2468 ex
1287 2412 1592 2483 vulgaribus
1621 2411 1826 2475 fuisset,
1847 2414 1917 2463 ita
1945 2407 2052 2462 for-

475 2511 634 2564 tassis
657 2510 798 2564 intra
824 2525 883 2564 se
906 2508 1158 2562 dixisset:
1182 2506 1320 2572 Quid
1355 2506 1456 2558 hoc
1483 2505 1601 2559 rei?
1631 2507 1908 2572 prml'ectus
1934 2501 2049 2570 pin-

475 2615 758 2654 eernarum
778 2641 794 2666 ,
826 2615 948 2653 mox
982 2605 1041 2652 ut
1075 2599 1448 2665 interpretatus
1483 2609 1602 2648 sum
1641 2595 1690 2648 ei
1724 2593 2051 2648 somniorum

475 2689 734 2743 visionem
754 2729 769 2749 ,
799 2687 1078 2757 pristinam
1121 2685 1430 2739 felicitatem
1476 2684 1680 2752 accepit
1709 2701 1722 2737 :
1751 2690 1807 2737 et
1836 2699 1942 2736 non
1971 2691 2053 2738 est

477 2793 683 2833 memor
712 2778 826 2847 ejus
854 2777 941 2845 qui
967 2776 1066 2830 sibi
1098 2773 1359 2844 prtedixit.
1389 2772 1482 2827 ille
1508 2773 1723 2841 quidem
1748 2772 1902 2826 solita
1937 2773 2052 2827 feli-

474 2878 635 2923 citate
678 2866 907 2930 fruitur,
948 2881 1046 2936 ego
1075 2875 1294 2930 autem,
1331 2863 1420 2933 qui
1464 2863 1592 2918 nihil
1635 2862 1759 2918 mali
1805 2870 2056 2932 operatus

475 2975 613 3018 sum.
648 2958 732 3014 hic.
751 2957 1042 3013 concludor
1063 2971 1182 3012 cum
1207 2954 1506 3019 homicidis,
1533 2968 1652 3008 cum
1678 2953 1899 3018 furibus,
1930 2969 2051 3008 cum

477 3049 791 3111 latronibus,
820 3063 939 3102 cum
969 3047 1032 3101 iis
1060 3045 1150 3115 qui
1178 3047 1450 3098 innumera
1487 3044 1623 3098 mala
1645 3045 2050 3098 commiserunt.

475 3137 612 3194 Nihil
639 3140 825 3193 hormn
847 3137 926 3191 vel
952 3136 1105 3200 dixit,
1134 3135 1214 3190 vel
1240 3133 1492 3204 cogitavit
1512 3151 1525 3187 :
1544 3133 1745 3188 sciebat
1768 3133 1910 3186 enim
1935 3148 2055 3187 am-

478 3230 643 3300 pliora
665 3228 766 3284 sibi
792 3229 958 3282 stadia
991 3226 1182 3298 parari,
1216 3235 1272 3281 ttt
1299 3225 1532 3296 legitime
1551 3224 1806 3280 certando
1836 3225 2048 3278 clariori

477 3320 814 3374 redimiretur
841 3333 1056 3373 corona.

545 3413 600 3466 5.
640 3411 929 3466 Considera
956 3411 1097 3465 enim
1125 3408 1390 3481 quomodo
1418 3417 1540 3480 post
1573 3407 1958 3462 restitutionem
1989 3406 2051 3458 il-

475 3503 579 3556 lius
600 3501 705 3557 duo
729 3502 852 3555 anni
883 3501 1250 3571 prwterierint.
1274 3500 1563 3570 Oportebat
1590 3499 1733 3552 enim
1755 3496 2050 3566 exspectari

476 3607 683 3662 tempus
708 3602 1084 3663 Opportunum,
1121 3602 1174 3645 ιιι
1205 3591 1390 3661 majori
1418 3606 1541 3644 cum
1571 3590 1739 3661 gloria
1767 3588 1889 3642 inde
1917 3588 2052 3644 edu-

470 3695 700 3741 ceretur.
728 3684 783 3740 Si
812 3686 954 3740 enim
984 3682 1273 3754 praafectus
1302 3684 1669 3752 pincernarum
1698 3690 1822 3734 ante
1847 3681 2049 3734 somnia

472 3778 762 3834 Pharaonis
787 3777 1096 3834 recordatus
1119 3819 1134 3841 ,
1166 3792 1288 3832 eum
1314 3775 1551 3830 subsidio
1589 3790 1687 3830 suo
1735 3775 2011 3829 liberasset
2034 3813 2049 3835 ,

471 3870 710 3926 fortassis
738 3885 846 3924 non
884 3880 993 3924 tam
1035 3870 1312 3939 perspicua
1354 3868 1540 3922 fuisset
1565 3867 1684 3921 aliis
1711 3865 1828 3935 ejus
1860 3864 2047 3918 virtus.

470 3959 622 4014 Nune
647 3970 825 4014 autem
851 3960 1023 4015 solers
1047 3972 1102 4014 et
1121 3960 1333 4030 sapiens
1361 3959 1498 4013 Deus
1525 3958 1720 4025 sciens,
1752 3958 1889 4011 sicut
1915 3957 2052 4026 opti-

469 4069 588 4108 mtts
610 4051 795 4107 artifex
821 4093 836 4115 ,
861 4061 1059 4122 quanto
1099 4061 1341 4120 tempore
1388 4052 1439 4104 in
1484 4051 1605 4120 igne
1644 4049 1836 4104 debeat
1859 4064 2046 4102 aurqu

469 4144 673 4208 teneri,
705 4153 760 4198 et
786 4143 977 4198 iterum
1019 4143 1140 4197 inde
1166 4142 1346 4198 reduci
1372 4182 1388 4208 ,
1421 4142 1678 4210 permittit
1723 4140 1790 4194 ad
1843 4149 2051 4210 tempus

467 4238 694 4292 duorum
717 4251 976 4289 annorum
1003 4234 1313 4304 praefectum
1342 4234 1714 4302 pincernarum
1745 4233 1888 4287 illius
1915 4232 2051 4286 obli-

467 4327 598 4382 visci
623 4368 637 4389 ,
670 4337 725 4380 ut
750 4335 805 4379 et
826 4334 1032 4396 tempus
1059 4326 1390 4380 somniorum
1423 4325 1716 4379 Pharaonis
1741 4326 1918 4379 veniat
1946 4366 1960 4387 ,
1994 4333 2048 4377 et

462 4420 821 4488 compcllente
846 4416 1161 4472 necessitate
1182 4419 1314 4485 ipsa.
1342 4416 1518 4484 justus
1547 4417 1632 4470 ille
1661 4418 1710 4469 in
1745 4425 1855 4468 toto
1887 4432 2049 4485 regno

466 4509 762 4564 Pharaonis
809 4520 966 4564 notus
997 4509 1105 4562 fiat.
1139 4511 1188 4562 1.
1221 4507 1359 4561 Nam
1391 4517 1501 4576 post
1537 4511 1663 4562 duos
1698 4525 1858 4562 annos
1887 4510 2045 4575 vidit,

469 4598 641 4667 inqttit
662 4639 677 4662 ,
703 4599 898 4652 somnia
930 4597 1154 4652 Pharao.
1182 4597 1234 4652 8.
1272 4597 1333 4651 Et
1361 4602 1550 4668 factum
1577 4608 1648 4650 est
1671 4614 1836 4662 mane,
1861 4607 1905 4650 ct
1935 4609 2046 4650 tur-

467 4687 583 4742 bata
604 4697 676 4741 est
701 4687 871 4740 anima
899 4689 1027 4760 ejus.
1062 4687 1126 4742 Et
1153 4689 1305 4751 misit,
1329 4698 1374 4741 et
1397 4689 1583 4741 vocavit
1607 4704 1776 4741 omnes
1798 4689 2050 4757 conjecto-

465 4795 548 4833 res
597 4776 815 4847 rEgypti
839 4818 852 4840 ,
882 4787 927 4831 et
963 4795 1134 4832 omnes
1169 4779 1415 4848 sapientes
1448 4795 1587 4845 suos,
1626 4789 1673 4831 et
1727 4780 1944 4831 narravit
1980 4781 2049 4834 eis

469 4867 678 4922 Pharao
696 4869 966 4933 somnium,
985 4879 1029 4921 et
1055 4886 1153 4922 non
1173 4879 1276 4922 erat
1295 4869 1604 4922 annuntians
1628 4869 1756 4922 illud
1791 4868 2049 4923 Pharaoni

467 4959 668 5030 (Caput
698 4957 824 5030 41).
861 4961 988 5014 Vide
1035 4961 1375 5029 multiplicem
1429 4960 1524 5014 Dei
1576 4960 2044 5030 dispensationem.

468 5053 622 5109 Prius
667 5054 924 5123 permittit
964 5068 1150 5108 omnes
1181 5054 1267 5122 qui
1300 5053 1369 5106 ibi
1417 5052 1744 5106 habebantur
1781 5053 2046 5120 sapientes

467 5147 695 5212 tentari,
733 5155 789 5200 ut
826 5145 1188 5201 demonstrata
1235 5159 1419 5199 eorum
1470 5143 1763 5214 ignorantia
1787 5185 1802 5208 ,
1834 5144 2042 5198 tandem

469 5235 554 5290 hic
580 5237 821 5303 vinctus,
849 5237 1122 5306 captivus,
1156 5250 1342 5291 servus
1364 5277 1380 5302 ,
1412 5235 1667 5290 Hebraeus
1710 5237 1760 5290 in
1810 5235 2043 5290 medium

467 5327 726 5382 adductus
746 5338 868 5380 nota
894 5327 1090 5382 faceret
1113 5341 1175 5382 ea
1192 5342 1310 5396 qua:
1336 5326 1517 5381 multis
1541 5326 1714 5394 ignota
1741 5335 1911 5390 erant,
1937 5340 2045 5395 quo

467 5418 716 5471 omnibus
746 5416 1171 5472 tnauifestaretur
1197 5433 1424 5486 superna
1465 5427 1631 5487 gratia
1674 5418 1725 5471 in
1763 5417 1856 5472 illo
1884 5419 2048 5472 reful-

466 5521 616 5574 gens.
639 5506 772 5561 Cum
797 5507 954 5578 igitur
977 5522 1162 5564 omnes
1191 5509 1458 5576 sapientes
1486 5517 1777 5570 venissent,
1795 5518 1847 5562 et
1874 5522 2045 5578 neque

466 5599 646 5652 dicere
669 5598 864 5668 aliquid
892 5639 908 5663 ,
943 5614 1114 5669 neque
1139 5614 1200 5654 os
1227 5600 1435 5668 aperire
1473 5608 1691 5669 possent
1715 5617 1727 5651 :
1753 5608 1876 5653 tunc
1904 5601 2044 5666 priu-

469 5703 596 5757 eeps
624 5690 993 5758 pinternarum
1024 5691 1330 5746 recordatus
1368 5693 1631 5748 recensuit
1665 5691 1924 5746 Pharaoni
1974 5705 2037 5746 ea

1225 299 1282 353 S.
1313 294 1589 352 IOANNIS
1627 295 2101 351 (IIIIH'SOSTUMI
2142 297 2454 353 ARCHIEP.
2498 300 3026 358 COASTANTINOP.
3617 303 3730 364 διδ

2165 429 2284 482 qua:
2314 413 2414 467 sibi
2450 413 2503 468 in
2529 429 2744 471 carcere
2765 419 3096 487 contigerant
3121 457 3137 484 ,
3169 424 3223 470 et
3248 416 3416 487 inquit
3440 435 3453 472 :
3477 416 3528 473 9.
3563 421 3750 476 Pcccao

2167 514 2272 556 tum
2301 521 2463 558 meum
2488 507 2780 561 reminiscor
2809 510 2976 563 hodie.
3009 509 3076 563 Et
3101 519 3281 564 narrat
3306 511 3487 564 statim
3519 525 3748 581 quomo-

2163 593 2236 648 do
2263 594 2313 648 in
2340 609 2613 650 carcerem
2640 595 2911 667 conjectus
2937 601 3008 652 sit
3044 600 3156 668 ipse
3181 608 3236 654 et
3263 600 3547 670 praefectus
3575 603 3747 672 pisto-
3777 595 3800 606 ⁵

2163 703 2299 750 rum,
2325 697 2378 742 et
2403 688 2631 743 viderint
2655 691 2882 756 somnia,
2908 699 2962 746 et
2990 692 3479 760 interpretationem
3504 707 3690 748 eorum
3717 711 3750 748 a

2161 775 2357 847 Jnseph
2385 781 2717 848 acceperint,
2741 790 2796 836 et
2819 781 3087 850 quomodo
3112 781 3402 836 secundum
3431 781 3570 836 illius
3609 799 3748 852 pra:-

2161 867 2448 924 dictionem
2478 869 2606 938 ipsis
2632 871 2910 925 evenerint
2934 873 3132 926 omnia.
3161 873 3244 926 14.
3279 871 3400 927 ffwc
3421 890 3533 926 cum
3560 875 3746 927 audis-

2159 968 2230 1010 set
2259 975 2348 1012 rea:
2369 999 2383 1021 ,
2408 961 2541 1014 misit
2564 961 2632 1014 ad
2661 960 2875 1029 Joseph,
2908 971 2956 1015 et
2979 962 3153 1016 eduxit
3192 979 3304 1016 eum
3340 979 3404 1016 ea:
3431 979 3631 1019 carcere
3653 1004 3673 1032 ,
3701 973 3752 1019 et

2161 1049 2478 1104 totonderunt
2513 1067 2627 1105 eum
2647 1091 2662 1116 ,
2685 1061 2732 1106 et
2769 1062 3082 1105 mutaverunt
3131 1054 3475 1107 vestimentum
3521 1055 3628 1126 ejus
3656 1095 3670 1120 ,
3703 1066 3754 1107 et

2160 1140 2363 1194 intravit
2409 1141 2479 1194 ad
2511 1140 2850 1196 Pharaonem.
2875 1142 3008 1197 Vide
3045 1143 3222 1196 statim
3249 1143 3316 1195 ah
3341 1143 3492 1197 initio
3518 1155 3752 1212 quantus

2160 1245 2302 1284 nunc
2330 1231 2520 1286 honor.
2546 1233 2828 1302 Postquam
2853 1234 2993 1288 enim
3027 1243 3282 1301 purgatus
3315 1243 3400 1288 est
3425 1249 3520 1303 per
3538 1239 3750 1304 patien-

2158 1323 2308 1387 tiam,
2322 1324 2461 1377 sicut
2478 1339 2665 1378 aurum
2685 1325 2906 1379 rutilans
2919 1325 3047 1378 exiit
3065 1325 3131 1378 de
3151 1335 3440 1389 carcere,ct
3460 1323 3650 1379 ductus
3663 1337 3751 1381 est

2163 1413 2229 1466 ad
2257 1413 2608 1469 Pharaonem.
2644 1413 2833 1469 Vidisti
2868 1422 3123 1484 quantum
3151 1414 3220 1467 sit
3246 1429 3276 1468 a
3305 1429 3532 1483 superna
3573 1415 3746 1485 gratia

2157 1504 2432 1573 adjuvari?
2452 1505 2582 1560 Vide
2600 1521 2738 1560 nunc
2754 1517 2948 1575 quanta
2961 1505 3261 1574 dispensata
3283 1506 3408 1570 sint,
3430 1514 3486 1559 ut
3504 1522 3586 1560 res
3600 1505 3749 1560 Jose-

2159 1595 2246 1663 phi
2263 1597 2674 1665 complerentur.
2696 1597 2824 1651 Nam
2845 1606 3118 1667 postquam
3140 1612 3403 1652 summum
3420 1596 3549 1652 illud
3571 1614 3749 1652 ceria-

2159 1701 2280 1741 tnen
2297 1688 2883 1754 certasset,etscelestte
2895 1687 3301 1757 illiusIEgyptia:
3317 1687 3529 1756 pedicas
3539 1687 3750 1758 effugis.

2157 1788 2258 1842 set,
2274 1788 2327 1833 et
2343 1779 2394 1832 in
2411 1793 2679 1834 carcerem
2691 1778 2964 1848 coniectus
2976 1779 3382 1847 esset,permis':t
3395 1787 3449 1832 nt
3462 1778 3747 1847 pra-fectus

2159 1867 2531 1936 pineernarum
2556 1879 2611 1923 et
2631 1869 2908 1938 praefectus
2926 1870 3181 1936 pistorum
3194 1867 3485 1921 Pharaonis
3508 1884 3601 1937 per
3615 1868 3745 1922 illud

2160 1966 2364 2027 tempus
2390 1958 2443 2012 in
2477 1973 2746 2014 carcerem
2783 1959 2929 2012 illum
2957 1958 3297 2028 injicerentur
3322 1998 3336 2021 ,
3363 1967 3417 2013 et
3449 1975 3541 2028 per
3581 1960 3747 2013 inter-

2158 2050 2508 2119 pretationem
2540 2052 2868 2105 somniorum
2896 2051 3164 2105 discerent
3194 2051 3289 2104 viri
3313 2051 3649 2120 sapientiam.
3684 2059 3746 2104 ut

2157 2155 2339 2194 eorum
2356 2141 2490 2198 alter
2513 2156 2652 2196 nunc
2677 2142 2989 2210 tempeSIive
3009 2141 3147 2194 illius
3171 2141 3494 2196 mentionem
3517 2143 3742 2207 faciens,

2155 2247 2278 2284 etim
2315 2233 2365 2284 in
2405 2231 2636 2286 medium
2678 2230 2956 2301 proferret.
2992 2233 3077 2287 15.
3113 2231 3253 2285 Dixit
3292 2242 3498 2297 autem,
3530 2231 3700 2299 inquit
3725 2272 3743 2289 .

2158 2319 2366 2374 Pharao
2392 2321 2459 2374 ad
2481 2319 2674 2392 Ioseph
2697 2340 2714 2376 :
2737 2323 3005 2377 Somnium
3025 2322 3145 2384 vidi,
3167 2333 3213 2376 et
3242 2339 3342 2376 non
3367 2331 3438 2376 est
3467 2322 3552 2392 qui
3585 2323 3752 2374 inter-

2158 2421 2378 2472 pretetur
2425 2411 2595 2465 illud:
2630 2429 2718 2482 ego
2755 2423 2920 2465 autent
2957 2413 3127 2466 audivi
3167 2412 3229 2465 de
3271 2423 3317 2466 te
3353 2413 3569 2466 dicentes
3605 2414 3744 2481 quod

2156 2516 2271 2556 cum
2296 2500 2516 2556 audieris
2543 2505 2756 2568 somnia,
2790 2503 2902 2572 ipsa
2928 2503 3284 2573 interpreteris.
3321 2503 3450 2557 Vide
3471 2502 3743 2574 quomodo

2157 2589 2408 2645 confusus
2441 2592 2646 2646 Pharao
2675 2608 2777 2646 non
2810 2593 2938 2648 dicit
2963 2594 3260 2658 manifeste,
3287 2595 3487 2648 nullum
3514 2608 3737 2648 suorum

2157 2682 2473 2751 sapientium
2518 2685 2754 2753 potuisse
2808 2685 3098 2754 dijudicare
3139 2687 3341 2740 somnia
3377 2703 3389 2739 :
3422 2687 3515 2740 sed
3561 2687 3686 2754 quid
3717 2687 3743 2739 ἲ

2159 2771 2422 2825 Somnium
2453 2775 2572 2839 vidi,
2593 2784 2638 2827 et
2663 2791 2761 2828 non
2790 2785 2860 2829 est
2897 2777 2981 2844 qui
3006 2777 3355 2847 interpretetur
3383 2777 3531 2831 illud.
3558 2775 3743 2831 Audiui

2157 2874 2324 2916 autem
2349 2865 2412 2917 de
2431 2875 2479 2918 te
2507 2868 2724 2921 dicentes
2748 2909 2764 2934 ,
2789 2868 2921 2938 quod
2946 2870 2988 2922 si
3014 2869 3234 2923 audieris
3254 2869 3448 2922 somnia
3471 2911 3487 2934 ,
3517 2869 3628 2938 ipsa
3653 2871 3704 2921 iu
3722 2897 3740 2909 -

2158 2958 2460 3024 terpreteris.
2481 2957 2770 3013 Considera
2797 3000 2811 3023 ,
2843 2961 3089 3026 obsecro,
3120 2959 3208 3014 hic
3240 2975 3482 3029 magnam
3509 2959 3745 3030 pruden-

2159 3045 2286 3102 tiam
2306 3059 2360 3102 et
2392 3049 2641 3118 pietatem
2669 3049 2887 3118 .loseph,
2914 3053 3181 3120 quomodo
3209 3051 3470 3105 Pharaoni
3512 3066 3741 3120 respon-

2155 3140 2298 3194 deat.
2328 3139 2405 3194 Ne
2447 3141 2767 3210 suspiceris,
2802 3141 2970 3209 inquit
2993 3183 3008 3206 ,
3039 3158 3124 3196 me
3149 3141 3347 3212 aliquid
3373 3157 3402 3196 a
3441 3157 3527 3197 me
3569 3141 3738 3197 dictu.

2156 3246 2276 3284 rum
2298 3272 2313 3296 ,
2341 3231 2424 3285 vel
2449 3230 2744 3284 secundum
2771 3231 3051 3284 humanam
3082 3233 3393 3300 sapientiam
3425 3231 3743 3302 dijudicatu-

2158 3339 2294 3376 rum.
2320 3325 2651 3396 Nequeenim
2663 3321 2916 3393 possibile
2928 3330 3010 3376 est
3023 3320 3383 3388 sinesuperna
3415 3326 3742 3380 revelatione

2158 3415 2338 3467 talium
2370 3413 2611 3467 notitiam
2654 3413 2866 3466 habere.
2912 3412 3060 3468 Scias
3099 3413 3256 3482 igitur
3286 3415 3438 3478 ,sine
3482 3415 3588 3470 Dco
3631 3431 3739 3470 non

2157 3519 2314 3573 posse
2336 3518 2420 3558 me
2447 3502 2769 3573 respondere
2801 3504 2915 3557 tibi.
2944 3503 3030 3558 16.
3062 3504 3186 3559 Sine
3212 3504 3318 3558 Deo
3343 3548 3356 3572 ,
3391 3506 3559 3575 inquit
3583 3548 3597 3569 ,
3633 3524 3740 3561 non

2156 3593 2534 3664 respondebitur
2575 3593 2794 3647 salutare
2826 3593 3107 3648 Pharaoni.
3137 3596 3413 3665 Cognosce
3457 3597 3740 3651 universi»-

2158 3700 2274 3738 rum
2311 3685 2589 3738 Dominum
2617 3700 2733 3738 esse
2768 3687 2853 3755 qui
2887 3687 3086 3738 revelat
3114 3729 3126 3744 .
3158 3693 3212 3739 et
3240 3701 3306 3739 ne
3335 3685 3402 3740 ab
3433 3687 3738 3740 hominibus

2155 3793 2353 3846 qiucrc,
2382 3791 2499 3845 qum
2522 3778 2685 3830 solius
2717 3777 2808 3830 Dei
2838 3788 2918 3830 est
2941 3776 3304 3831 manifestare.

2225 3869 2408 3922 Divina
2436 3871 2658 3938 potentia
2696 3886 2782 3938 per
2818 3867 3098 3938 Josephum
3141 3871 3478 3936 manifestata.
3497 3900 3568 3910 —
3599 3869 3735 3923 Vide

2154 3960 2424 4030 quomrzdo
2459 3975 2714 4030 responso
2740 3976 2836 4014 suo
2860 3961 3016 4016 docet
3046 3961 3395 4027 Pharaonem,
3444 3979 3601 4032 quam
3629 3965 3740 4016 sint

2156 4051 2351 4106 inlirmi
2381 4065 2433 4105 et
2476 4053 2688 4106 inutiles
2719 4053 2983 4120 sapientes
3011 4053 3148 4123 ejus,
3195 4065 3248 4109 et
3289 4065 3482 4124 quanta
3527 4057 3594 4108 sit
3637 4070 3736 4122 po-

2157 4145 2317 4198 tentia
2351 4143 2460 4199 Dei.
2491 4143 2649 4213 Igitur
2673 4145 2922 4214 quoniam
2949 4145 3241 4214 cognovisti
3267 4161 3329 4198 ex
3352 4160 3458 4211 me,
3483 4160 3653 4214 neque
3668 4161 3738 4198 ex

2156 4233 2381 4289 humana
2409 4234 2687 4302 sapientia,
2739 4251 2910 4304 neque
2948 4251 3011 4287 ex
3044 4234 3271 4305 propriis
3304 4234 3591 4287 rationibus
3621 4233 3739 4288 hsce

2154 4339 2239 4378 me
2261 4324 2422 4394 loqui,
2450 4323 2535 4378 die
2554 4340 2672 4394 qua:
2692 4341 2722 4379 a
2749 4326 2855 4379 Deo
2878 4325 2969 4380 tibi
2999 4337 3122 4378 sunt
3149 4325 3498 4378 manifestata.
3529 4324 3740 4378 Pharao

2156 4414 2242 4467 ubi
2270 4413 2382 4467 haec
2415 4413 2598 4480 audiit,
2642 4423 2823 4471 narrat
2850 4416 3075 4481 somnia,
3102 4426 3156 4469 et
3181 4417 3408 4484 primum
3452 4424 3506 4470 et
3545 4430 3739 4469 secun-

2154 4504 2302 4568 dum,
2325 4513 2379 4558 et
2401 4505 2567 4572 inquit
2590 4523 2603 4558 :
2628 4504 2716 4559 Ἡ.
2748 4504 2869 4560 Dixi
2901 4507 3282 4577 conjectoribus,
3316 4519 3360 4560 et
3389 4525 3488 4561 non
3517 4517 3620 4561 erat
3649 4510 3737 4576 qui

2155 4593 2476 4646 annuntiaret
2501 4595 2640 4648 mihi.
2665 4595 2780 4650 Non
2811 4597 3023 4662 audisti,
3059 4597 3242 4666 inquit,
3276 4613 3304 4651 a
3337 4613 3443 4663 me,
3476 4613 3580 4652 non
3611 4615 3738 4654 eSse

2155 4683 2399 4736 humana:
2425 4685 2696 4752 sapientia:
2720 4687 2838 4740 talia
2858 4688 3156 4757 signiﬁcare
3173 4689 3194 4740 ἱ)
3214 4689 3289 4742 Ne
3313 4690 3469 4758 igitur
3490 4690 3594 4744 illis
3616 4704 3738 4744 suc-

2153 4789 2404 4828 censeas:
2437 4790 2722 4845 numquam
2766 4778 2912 4831 enim
2956 4787 3204 4846 poterunt
3234 4779 3354 4832 talia
3386 4781 3737 4848 comprehen-

2154 4865 2299 4930 dere,
2331 4882 2447 4935 qua:
2477 4883 2704 4937 superna
2735 4879 2891 4940 egent
2918 4871 3258 4926 revelatione.
3286 4871 3376 4926 25.
3402 4871 3463 4925 Et
3491 4872 3618 4926 dixit
3641 4871 3745 4926 Jo-

2153 4958 2295 5024 seph,
2329 4959 2531 5027 inquit:
2566 4960 2835 5015 Somnium
2884 4962 3172 5016 Pharaonis
3214 4980 3370 5016 unum
3399 4973 3487 5019 est.
3529 4964 3615 5020 32.
3668 4965 3738 5019 Ut

2151 5061 2316 5100 autem
2345 5050 2518 5102 credas
2549 5051 2680 5118 quod
2720 5068 2888 5106 verum
2925 5054 3037 5116 erit,
3083 5055 3217 5120 quod
3239 5072 3272 5106 a
3303 5053 3408 5109 Deo
3448 5055 3533 5108 tibi
3561 5059 3740 5124 prasi-

2150 5149 2361 5208 gnatum
2389 5150 2480 5202 est,
2510 5150 2554 5193 et
2578 5141 2713 5210 quod
2736 5143 3028 5196 accelerabit
3056 5141 3192 5196 Deus
3221 5144 3358 5196 istud
3384 5145 3569 5214 facere,
3593 5163 3737 5215 ηριο-

2152 5230 2296 5282 titum
2323 5239 2394 5284 est
2419 5232 2657 5285 secundo.
2685 5231 2951 5299 Repetitio
2970 5238 3134 5299 enim,
3168 5235 3356 5304 inquit,
3397 5237 3735 5290 conﬁrmatio

2152 5331 2235 5378 est
2259 5325 2514 5389 visorum,
2548 5334 2602 5378 et
2630 5325 2897 5393 copiosior
2928 5326 3167 5394 probatio
3205 5327 3346 5396 quod
3372 5330 3590 5382 omnino
3620 5331 3734 5384 itare

2153 5415 2324 5469 futura
2357 5416 2483 5474 sint.
2513 5417 2574 5470 Et
2613 5427 2890 5485 poSIquam
2927 5417 3167 5472 distinxit
3212 5433 3492 5474 numerum
3529 5431 3732 5488 Septem

2152 5506 2311 5568 boum
2333 5516 2386 5560 et
2415 5515 2619 5577 septem
2649 5507 2938 5574 spicarum,
2968 5523 3030 5561 ac
3067 5507 3199 5561 dixit
3227 5523 3473 5578 magnam
3505 5508 3732 5563 futuram

2151 5596 2548 5659 abundantiam.
2581 5606 2634 5652 et
2663 5606 2842 5666 postea
2867 5613 3083 5665 gravem
3113 5611 3455 5668 sequuturam
3497 5617 3614 5654 esse
3658 5601 3734 5653 fa-

2155 5701 2314 5754 mem,
2334 5686 2525 5743 deinde
2551 5689 2806 5756 Optimum
2833 5688 3109 5744 consilium
3139 5690 3312 5750 Μῖνι-ι.
3337 5702 3388 5744 et
3410 5690 3534 5745 dicit
3553 5707 3567 5749 ;
3587 5692 3728 5745 Con-
