4142 6206
392 308 500 362 545

397 513 661 568 nudantes
687 511 889 566 fruetus
925 522 1128 579 septem
1170 525 1451 574 annorum,
1476 525 1535 563 ac
1559 511 1632 564 sic
1653 512 1984 580 dispen-are,

398 617 451 660 ut
482 607 649 676 possit
679 605 731 658 in
764 613 1004 673 tempore
1044 603 1195 656 famis
1227 601 1473 656 snlatium
1505 601 1752 666 inveniri,
1799 610 1850 655 et
1882 618 1984 655 non

395 698 484 752 fiat
512 694 818 752 omnimoda
863 693 1220 762 consumplio.
1257 695 1344 748 57.
1385 692 1687 746 Placuerunt
1716 694 1821 747 hare
1847 691 1988 746 Pha-

395 790 540 842 raoni
561 799 605 842 et
632 788 860 842 omnibus
881 787 1035 841 servis
1056 787 1183 855 ejus.
1230 786 1482 855 Tuncque
1509 785 1825 839 ministravit
1851 785 1987 838 Pha-

392 897 487 935 rao
517 880 679 936 exitni
726 880 1055 934 Somniorum
1097 877 1316 946 Joseph,
1364 894 1484 948 qua:
1526 879 1729 932 viderat
1772 877 1982 947 quando

394 973 532 1042 apud
565 982 771 1042 patrem
799 972 1008 1042 agebat.
1042 972 1109 1025 Et
1135 972 1246 1042 ipse
1271 972 1485 1041 quidem
1514 974 1717 1026 somnia
1750 973 1976 1026 Pharao-

397 1066 475 1119 nis
504 1065 860 1132 dijudiCabat:
891 1064 1098 1116 Pharao
1137 1072 1315 1117 autent
1359 1064 1686 1117 somniorum
1733 1076 1981 1118 eventum

393 1159 646 1227 ignorans
675 1157 739 1210 ad
770 1158 926 1210 linem
957 1156 1199 1211 ducebat.
1237 1155 1368 1210 Nam
1395 1167 1450 1209 ut
1478 1157 1590 1212 lucc
1624 1157 1842 1220 audivit,
1891 1158 1980 1211 58.

397 1249 539 1302 Dixit
563 1250 717 1302 servis
751 1248 852 1301 suis
876 1263 892 1298 :
928 1246 1066 1299 Nam
1093 1247 1400 1300 inveniemus
1424 1247 1672 1299 hominem
1700 1248 1872 1313 talem,
1895 1247 1982 1313 qui

393 1343 538 1396 habet
557 1343 786 1409 spiritum
815 1339 911 1392 Dei
940 1341 989 1392 in
1019 1339 1319 1407 semetipso?

461 1437 514 1490 4.
561 1435 744 1488 Vidiin
798 1433 1063 1502 quomodo
1105 1433 1354 1499 cognmit
1395 1440 1447 1484 et
1489 1431 1622 1500 ipse,
1656 1447 1719 1485 ex
1752 1445 1978 1500 superna

391 1527 716 1583 revelatione
758 1526 869 1579 luec
918 1525 965 1578 ei
1009 1523 1347 1578 manifestata
1387 1523 1588 1578 fuisse?
1618 1526 1786 1589 Quem
1813 1525 1975 1586 enim,

393 1619 581 1688 inqttit,
631 1616 984 1680 inveniemus,
1017 1614 1106 1683 qui
1137 1623 1335 1668 tantam
1375 1624 1733 1678 consequutus
1759 1615 1826 1669 sit
1853 1631 1977 1683 gra-

391 1712 538 1775 tiam,
573 1720 627 1763 ut
668 1709 914 1776 spiritum
960 1706 1048 1760 Dei
1079 1706 1211 1761 inse
1243 1705 1470 1759 habeat?
1497 1706 1584 1760 59.
1623 1706 1685 1758 Et
1715 1707 1865 1770 dixit,
1896 1707 1974 1759 iu-

388 1803 523 1872 quit,
550 1802 616 1853 ad
639 1799 832 1869 Ioseph
855 1814 872 1852 :
898 1796 1030 1862 Quia
1061 1797 1354 1850 monstravit
1381 1797 1470 1850 tibi
1500 1795 1632 1850 Deus
1649 1797 1818 1849 omnia
1846 1797 1972 1859 haec,

363 1873 488 1948 κηοη
509 1902 578 1945 est
605 1893 753 1944 homo
775 1890 1068 1961 prudentior
1091 1905 1241 1958 quam
1263 1897 1336 1943 tu.

463 1981 609 2036 Nihil
638 1981 844 2049 impedit
882 1981 1132 2032 decretum
1167 1978 1284 2032 Dei.
1318 1977 1576 2045 Quantum
1605 1979 1669 2032 sit
1704 1982 1835 2050 ferre
1862 1995 1977 2032 cum

387 2074 664 2145 gratiarum
685 2073 881 2124 actione
901 2071 1214 2124 tentationes.
1233 2100 1307 2110 —
1325 2070 1554 2124 Attende
1577 2069 1660 2126 hic
1685 2071 1972 2140 quomodo,

386 2164 830 2236 quandocumque
851 2163 1076 2216 voluerit
1096 2163 1342 2231 providus
1366 2163 1504 2216 Dens
1525 2178 1686 2232 opere
1707 2164 1976 2231 complere

387 2275 504 2327 quze
533 2258 631 2311 sibi
664 2257 772 2309 visa
803 2256 1018 2322 fuerint,
1053 2255 1180 2309 nihil
1211 2272 1398 2310 eorum
1426 2272 1543 2325 qum
1593 2257 1642 2310 in
1687 2259 1861 2310 medio
1883 2258 1977 2311 ob-

387 2361 529 2406 stare
552 2351 816 2415 videntur,
845 2349 1101 2419 impedire
1127 2350 1310 2418 possit.
1342 2349 1480 2405 Ecce
1501 2350 1644 2404 enim
1669 2369 1696 2401 a
1730 2350 1974 2405 fratribus

387 2458 555 2513 prope
583 2443 792 2497 occisus
825 2443 1012 2505 fuerat,
1055 2450 1242 2510 postea
1272 2449 1452 2495 autem
1481 2441 1748 2505 venditus,
1794 2456 1977 2496 acces-

386 2546 528 2590 serat
553 2537 678 2590 item
699 2534 960 2589 calumnia
985 2535 1036 2587 in
1053 2545 1348 2588 extremum
1373 2533 1665 2603 periculum
1681 2533 1972 2602 adducens,

386 2637 438 2681 et
466 2628 518 2680 in
545 2639 761 2681 carcere
792 2633 940 2679 tanto
966 2634 1207 2693 tempore
1233 2623 1422 2687 fuerat,
1446 2633 1500 2678 et
1520 2635 1638 2693 post
1661 2623 1774 2677 hzec
1796 2625 1972 2679 omnia

385 2718 450 2770 ad
480 2718 672 2788 ipsum,
705 2731 869 2786 prope
897 2715 1150 2777 dixerim,
1199 2715 1341 2785 regis
1384 2715 1576 2769 solium
1615 2727 1830 2770 evectus
1867 2726 1970 2773 est.

391 2809 642 2876 Quoniam
667 2807 880 2861 ostendit
928 2807 1016 2860 tibi
1059 2805 1335 2860 Deus-lucc
1363 2808 1554 2870 omnia,
1587 2824 1685 2861 non
1715 2817 1787 2861 est
1827 2809 1974 2864 homo

387 2900 680 2969 prudentior
721 2910 767 2951 et
814 2897 1172 2968 intelligentior
1195 2907 1261 2952 te.
1285 2899 1374 2954 40.
1413 2898 1489 2951 Tu
1515 2900 1669 2970 igitur
1697 2901 1795 2953 eris
1824 2918 1977 2972 super

388 2995 594 3046 donum:
620 3009 802 3057 meam,
832 3001 875 3044 et
903 2991 954 3044 in
981 3007 1069 3044 ore
1094 3002 1179 3046 tuo
1205 2992 1397 3046 obediet
1425 2994 1588 3047 omnis
1620 2994 1835 3062 papulas
1853 3010 1872 3047 :
1889 3011 1973 3048 ve-

386 3095 667 3139 rumtamen
697 3085 880 3138 throno
906 3101 996 3154 ego
1017 3095 1064 3138 te
1091 3085 1406 3139 antecellunt.
1433 3085 1566 3140 Vide
1596 3087 1861 3156 quomodo
1887 3103 1977 3143 ea-

389 3177 563 3245 ptit-us
588 3185 808 3242 repente
835 3177 1179 3230 constituitur
1217 3193 1310 3231 rex
1342 3178 1501 3231 totius
1540 3177 1774 3249 A‘Igypti,
1805 3190 1856 3234 et
1887 3183 1974 3252 qtti

388 3270 456 3323 ab
481 3269 834 3338 archimagiro
864 3268 915 3322 in
951 3283 1226 3323 carcerem
1269 3269 1540 3339 conjectus
1571 3270 1758 3333 fuerat,
1788 3288 1816 3325 a
1850 3289 1976 3344 rege

391 3361 441 3413 in
488 3374 754 3416 summum
784 3359 991 3413 locum‘
1024 3361 1286 3415 exaltatus
1313 3372 1428 3415 est:
1460 3377 1521 3416 ac
1548 3363 1634 3432 qui
1667 3364 1834 3416 fuerat
1861 3365 1976 3432 ejus

389 3453 652 3514 dominus,
684 3460 906 3520 repente
953 3451 1083 3504 vidit
1121 3467 1279 3520 quem
1311 3461 1366 3505 nt
1391 3453 1689 3508 adulterum
1717 3456 1766 3508 in
1790 3471 1975 3510 carec-

390 3558 503 3596 rem
526 3543 764 3606 miserat,
792 3542 953 3594 totius
983 3540 1198 3613 Egypti
1227 3544 1527 3612 suscepisse
1550 3547 1855 3614 imperium.
1893 3549 1978 3601 \‘i-

390 3633 512 3687 disti
538 3640 794 3702 quantum
822 3631 891 3684 sit
921 3631 1066 3686 ferre
1095 3648 1216 3687 cum
1239 3635 1525 3702 gratiarum
1565 3636 1770 3692 actione
1800 3647 1975 3692 tenta-

392 3725 596 3779 tiones?
622 3723 910 3792 Prnpterea
957 3723 1152 3776 Paulus
1177 3723 1409 3791 dicebat,
1441 3725 1650 3794 Απιίειὶο
1685 3728 1977 3796 patientiam

391 3826 650 3884 operatur,
705 3815 945 3882 patientia
995 3814 1360 3882 probationem,
1409 3815 1638 3884 probatio
1667 3833 1827 3887 spent,
1865 3836 1978 3888 spes

391 3923 491 3960 non
544 3905 802 3976 pudefacit
876 3904 1051 3976 (Rom.
1085 3905 1138 3959 5.
1171 3905 1292 3961 3-5
1319 3905 1357 3976 ).
1397 3904 1530 3960 Vide
1574 3907 1731 3976 igitur
1769 3926 1781 3960 :
1839 3909 1971 3962 affli-

391 4011 596 4052 ctiones
625 3998 883 4066 patienter
913 3997 1057 4062 tulit;
1092 3997 1341 4066 patientia
1370 3998 1652 4068 probatum
1674 4015 1794 4054 eum
1819 4000 1973 4064 fecit;

393 4092 643 4162 probatus
675 4093 841 4145 lactus
870 4092 920 4144 in
951 4106 1138 4160 magna
1169 4105 1264 4160 spe
1290 4090 1510 4161 agebat;
1541 4107 1666 4161 spes
1688 4107 1789 4146 non
1819 4093 1980 4161 pudc-

393 4187 534 4240 fecit.
567 4186 654 4239 41.
687 4183 827 4238 Dixit
855 4195 1022 4237 autem
1043 4183 1112 4236 ad
1141 4200 1251 4236 eum
1273 4200 1290 4235 :
1323 4183 1450 4237 Ecce
1475 4186 1725 4238 constituo
1755 4195 1801 4238 te
1831 4186 1981 4239 hodie

392 4293 544 4346 super
569 4293 767 4329 onmem
817 4288 1000 4329 terram
1032 4273 1268 4344 zEgypti.
1314 4274 1401 4329 4:2.
1450 4273 1515 4327 Et
1560 4274 1767 4329 Pharao
1810 4277 1978 4330 ablato

392 4370 582 4423 annulo
603 4369 666 4422 de
694 4386 844 4421 manu
885 4386 997 4435 sua,
1027 4370 1191 4438 posuit
1227 4385 1337 4420 eum
1368 4369 1420 4421 in
1451 4385 1603 4422 manu
1637 4367 1849 4442 Ioseph,
1895 4373 1976 4425 in-

393 4461 596 4529 daitque
620 4476 730 4512 eum
756 4470 888 4512 reste
927 4461 1148 4529 byssina,
1195 4469 1240 4512 et
1278 4460 1609 4513 circumdedit
1649 4462 1834 4514 collum
1872 4464 1980 4533 ejus

395 4563 569 4620 torque
593 4567 764 4612 aureo,
795 4551 882 4604 15.
913 4561 959 4604 et
990 4553 1106 4621 fecit
1147 4568 1257 4605 eum
1285 4553 1555 4607 ascendere
1593 4571 1744 4624 super
1773 4572 1979 4608 currum

394 4658 542 4697 suum
584 4643 874 4694 secundum.
925 4640 991 4693 Et
1043 4643 1376 4712 promulgavit
1419 4660 1588 4696 coram
1630 4661 1686 4696 eo
1715 4662 1898 4713 prtam,
1935 4656 1979 4700 et

395 4735 648 4789 constituit
672 4750 781 4786 eum
801 4750 950 4803 super
978 4742 1131 4785 totam
1162 4733 1467 4804 digyptum.
1497 4735 1628 4790 Nam
1665 4737 1801 4790 Deus
1822 4753 1979 4808 quem

396 4826 626 4880 habebat
655 4840 858 4890 secum,
891 4835 1040 4878 antea
1069 4825 1116 4878 ei
1141 4827 1317 4878 omnia
1349 4826 1484 4882 bene
1508 4827 1866 4896 disposuerat,
1895 4841 1978 4883 at-

396 4934 497 4983 que
524 4933 645 4972 eum
691 4918 740 4971 in
787 4926 990 4970 tantum
1015 4915 1198 4986 glorim
1227 4917 1436 4970 culmen
1489 4919 1682 4973 evexit.
1715 4921 1801 4976 ΔΙ..
1840 4920 1981 4975 Dixit

397 5021 561 5063 autem
593 5008 797 5062 Pharao
819 5025 834 5062 :
861 5010 1055 5078 Absque
1080 5018 1126 5061 te
1145 5009 1315 5061 nullus
1336 5009 1515 5063 let-abit
1541 5029 1742 5064 manum
1769 5031 1912 5067 suam
1931 5015 1982 5067 in

397 5101 534 5154 omni
561 5111 692 5154 terra
720 5099 952 5171 zEgypti.
984 5101 1070 5155 15.
1101 5097 1166 5152 Et
1200 5101 1391 5154 vocarit
1439 5100 1643 5156 Pharao
1681 5121 1858 5157 nomen
1885 5105 1983 5158 Jo-

399 5194 542 5255 seph.
581 5192 1100 5261 Psomt/tomphanech
1123 5208 1141 5246 :
1168 5192 1528 5262 appellatione.
1557 5195 1740 5248 volens
1766 5198 1980 5264 sapien-

399 5289 526 5339 tiam
546 5284 662 5349 ejus
695 5293 944 5351 perpetua
974 5285 1226 5338 memoria
1261 5293 1504 5339 testatam
1531 5300 1670 5341 esse.
1707 5286 1815 5340 lloe
1842 5291 1983 5342 enim

401 5375 683 5440 significat,
728 5372 1051 5427 Occal'orum
1081 5376 1333 5445 cognitor,
1377 5391 1442 5430 eo
1471 5377 1608 5448 quod
1632 5394 1692 5432 ea
1725 5394 1841 5448 quae
1871 5395 1985 5434 om-

402 5467 556 5518 nibus
583 5463 790 5517 occulta
835 5465 1464 5542 erant_manifestarcrit,
1497 5469 1615 5523 ideo
1641 5484 1706 5524 ex
1738 5486 1795 5524 re
1834 5482 1982 5542 gesta

401 5557 809 5625 appellationem
833 5556 879 5609 ei
904 5534 1144 5626 imponit.
1167 5555 1231 5610 Et
1252 5561 1682 5616 utaccumularet
1704 5561 1982 5630 honorem,

469 5739 482 5769 ³
527 5736 622 5794 Alii,
651 5737 717 5784 at!
741 5750 970 5785 summam
990 5741 1278 5800 potestatein

1431 304 1494 359 ιΝ
1535 303 1682 357 C.\l‘.
1729 304 1859 358 XLI.
1905 307 2148 362 GliNES.
2192 309 2418 364 lli).‘illl..
2461 312 2640 369 LXlll.

396 423 557 475 stitue
577 418 747 470 virum
779 432 939 487 super
954 415 1264 488 Egyptian,
1288 417 1373 486 qui
1404 419 1568 486 possit
1595 418 1844 487 colligere
1872 419 1992 472 red-

3583 330 3686 384 δια

2107 421 2196 475 dat
2225 424 2271 476 ei
2305 425 2464 480 filiam
2508 427 2783 497 Petephra:
2830 431 2881 485 in
2923 449 3166 489 uxorem.
3198 436 3397 494 Deinde
3435 445 3554 512 quia
3587 447 3685 501 iste

2095 514 2333 583 ejusdem
2379 519 2609 573 nominis
2638 533 2752 575 erat
2781 538 2902 578 cum
2934 542 2997 578 eo
3025 525 3112 596 qui
3142 528 3388 585 dominus
3431 532 3546 603 ejus
3574 537 3682 590 [που

2095 615 2196 666 rat,
2222 607 2371 671 dzeit,
2404 609 2695 666 Sacerdotis
2732 613 3070 682 lleliopoleos.
3119 619 3182 673 Et
3225 629 3280 674 nt
3321 623 3590 681 discamus
3631 633 3682 684 in

2093 712 2193 766 qua
2223 709 2378 754 a-tate
2409 701 2565 756 fuerit
2594 705 2922 760 admirabilis
2953 706 3060 774 ille,
3086 725 3173 775 qut
3205 721 3402 766 tantam
3429 729 3688 786 assequu-

2095 800 2177 843 tus
2221 801 2302 844 est
2343 794 2662 859 mercedem,
2700 807 2949 868 tantaque
2977 803 3263 855 certamina
3294 804 3553 874 exhibuit,
3601 811 3675 863 iu-

2091 883 2236 949 qnit:
2264 886 2348 938 16.
2380 884 2574 956 Joseph
2607 899 2773 942 autem
2803 902 2908 944 erat
2935 894 3142 962 triginta
3169 913 3438 961 annorum,
3480 904 3683 968 quando

2089 976 2222 1028 stetit
2248 993 2418 1030 coram
2455 978 2739 1035 Pharaone.
2770 983 2846 1038 Ne
2869 993 3071 1039 temere
3095 998 3337 1056 putemus
3359 993 3680 1063 assignatum

2089 1081 2208 1120 esse
2237 1084 2514 1122 tmtnerttm
2547 1086 2828 1135 annorum,
2862 1075 2956 1130 sed
2995 1087 3050 1129 nt
3087 1078 3356 1133 discamus
3395 1084 3683 1155 negligeuti

2089 1155 2335 1210 virtutem
2361 1160 2557 1213 nullam
2587 1176 2706 1215 esse
2728 1167 3122 1220 excusationem
3147 1186 3160 1222 :
3189 1184 3358 1239 neque
3386 1174 3526 1226 enim
3559 1175 3678 1231 licet

2087 1248 2240 1301 alicui
2271 1250 2503 1318 ohjicerc
2529 1251 2886 1319 jttvetitulem,
2930 1257 3015 1309 ubi
3048 1258 3213 1312 virtus
3248 1264 3541 1318 exercenda
3572 1275 3676 1320 est.

2090 1339 2228 1394 Ecce
2271 1341 2357 1396 ille
2386 1360 2487 1396 non
2517 1344 2686 1399 solum
2725 1347 2935 1415 juvenis
2963 1360 3106 1415 erat,
3148 1352 3240 1405 sed
3271 1355 3428 1408 etiam
3461 1358 3682 1424 pulcher

2087 1433 2288 1500 specie,
2320 1443 2371 1486 et
2405 1434 2670 1490 formosus
2711 1438 2862 1493 faeie.
2907 1439 3179 1510 Coutiugit
3221 1443 3360 1496 enim
3392 1446 3676 1516 aliquando

2082 1521 2332 1589 juvenem
2363 1539 2501 1591 esse,
2531 1534 2586 1580 et
2616 1527 2756 1580 nulla
2787 1530 3027 1598 corporis
3055 1530 3453 1600 pulchritudine
3479 1537 3677 1604 praedi-

2087 1621 2215 1664 tum.
2249 1611 2343 1668 llic
2380 1624 2557 1669 autem
2589 1625 2643 1670 et
2665 1616 2874 1684 juvenis
2900 1627 2954 1673 et
2982 1619 3202 1688 pulcher
3225 1632 3338 1676 erat
3365 1624 3564 1691 specie,
3594 1624 3674 1677 fa-

2085 1703 2272 1772 cieque
2312 1704 2560 1772 decorus,
2590 1723 2650 1760 ac
2676 1709 2826 1777 quasi
2857 1710 2908 1764 in
2941 1711 3057 1779 ipso
3082 1711 3373 1780 juventutis
3401 1713 3532 1769 ﬂore
3557 1731 3674 1772 scr-

2085 1811 2178 1848 vus
2206 1805 2257 1848 et
2288 1797 2528 1864 captivus
2561 1798 2732 1853 factus
2757 1809 2857 1852 est.
2888 1800 3080 1854 Decem
3108 1804 3250 1855 enim
3272 1814 3323 1858 et
3347 1815 3548 1873 septem
3576 1806 3675 1862 ha-

2085 1883 2240 1939 bebat
2266 1900 2454 1949 annos,
2487 1888 2698 1957 quando
2722 1888 2983 1945 deductus
3009 1900 3090 1946 est
3116 1892 3168 1945 in
3198 1892 3488 1963 {Egyptnm
3519 1895 3671 1967 (Gen.

2082 1977 2168 2030 57.
2209 1979 2280 2047 1).
2316 1978 2514 2034 Deinde
2541 1981 2590 2034 in
2621 1982 2730 2050 ipsa
2763 1982 3292 2052 fornacejuventntis
3321 1987 3548 2056 positum
3570 1990 3674 2043 Sol-

2085 2067 2301 2124 licita-it
2330 2072 2690 2141 intemperans
2717 2073 2966 2145 Egyptia
2995 2076 3210 2131 domina
3240 2079 3377 2147 ejus,
3407 2096 3580 2150 neque
3597 2083 3672 2136 sic

2081 2164 2352 2230 superavit
2389 2163 2517 2230 justi
2550 2164 2645 2217 viri
2679 2163 3069 2231 fortitudinem;
3099 2169 3328 2238 denique
3374 2171 3425 2223 in
3457 2187 3673 2226 carcere

2085 2263 2230 2306 tanto
2259 2264 2496 2324 tempore
2527 2272 2860 2310 mrumnosus
2902 2257 3028 2313 fuit:
3057 2268 3109 2313 ct
3139 2261 3329 2315 mansit
3362 2264 3509 2330 quasi
3549 2264 3673 2316 ada-

2083 2365 2226 2414 mas;
2261 2365 2364 2403 non
2395 2350 2566 2404 solmn
2597 2366 2700 2404 non
2735 2351 2902 2406 factus
2931 2351 3212 2419 infirmior,
3245 2354 3338 2408 sed
3368 2364 3422 2408 et
3447 2355 3562 2423 plus
3586 2371 3674 2409 ro-

2080 2438 2226 2494 boris
2271 2456 2572 2495 assmnens.
2609 2442 2804 2496 llabuit
2833 2444 2974 2496 enim
3023 2444 3364 2498 roborantem
3395 2460 3452 2497 se.
3483 2461 3673 2516 super-

2081 2547 2200 2584 nam
2231 2533 2474 2601 gratiam.
2504 2534 2765 2600 Quoniam
2799 2535 2946 2603 prius
2983 2534 3124 2602 quod
3157 2551 3309 2589 suum
3355 2548 3470 2590 erat
3503 2547 3670 2590 totum

2079 2626 2346 2686 attulerat,
2383 2635 2660 2693 prepterea
2687 2639 2718 2679 e
2753 2639 2970 2678 carcere
2999 2624 3066 2678 ad
3111 2626 3466 2695 principatum
3514 2629 3675 2684 totius

2079 2715 2296 2788 Egypti
2325 2717 2611 2771 accersitus
2641 2725 2741 2771 est.

2151 2809 2203 2862 5.
2250 2807 2472 2862 Fortiter
2500 2808 2720 2879 ferendte
2758 2819 2875 2863 sunt
2901 2809 3210 2879 aﬂlictionrs.
3239 2809 3412 2864 Oculis
3453 2813 3572 2879 fidei
3594 2830 3673 2866 res

2080 2898 2366 2967 spirituales
2391 2898 2760 2966 conspicienda:
2784 2909 2918 2963 stmt,
2949 2909 2994 2952 et
3021 2900 3164 2952 verba
3190 2898 3285 2951 Dei
3316 2901 3527 2967 ﬁrmiter
3564 2918 3671 2955 cre-

2080 2982 2321 3034 dendum.
2343 3011 2414 3022 --—
2443 2981 2568 3036 llazc
2597 2982 2873 3036 audientes
2925 2983 2974 3035 in
3015 2983 3102 3036 alii
3126 2985 3389 3036 etiaribus
3435 2987 3668 3038 animum

2082 3089 2368 3145 numquam
2415 3074 2862 3145 despondeamus,
2914 3091 3086 3145 neque
3140 3077 3349 3145 propria
3396 3077 3669 3131 ratiocinia

2081 3177 2368 3237 Sequentes
2413 3182 2555 3237 :rgre
2611 3166 3002 3221 feramus:sed
3056 3183 3300 3235 magnam
3361 3168 3670 3235 patientiam

2081 3259 2394 3314 exhibentes
2424 3275 2518 3329 spe
2541 3261 2676 3314 bona
2706 3258 3000 3323 foveamur,
3027 3262 3258 3314 scientes
3279 3261 3550 3314 solertiam
3581 3261 3674 3313 Do-

2082 3350 2210 3404 tniui
2241 3350 2405 3404 nostri
2434 3367 2447 3402 :
2477 3350 2564 3419 qui
2593 3349 2774 3403 sinetis
2807 3364 2904 3404 nos
2934 3365 3126 3419 aspir:
3153 3351 3406 3418 experiri,
3441 3365 3544 3405 non
3576 3351 3672 3403 de-

2081 3441 2211 3494 serit
2238 3455 2354 3505 nos,
2386 3441 2479 3494 sed
2505 3440 2612 3494 \‘llll
2639 3449 2697 3494 ut
2723 3450 2991 3495 certantes
3031 3441 3243 3494 clariori
3288 3456 3485 3496 corona
3531 3441 3672 3494 redi-

2083 3534 2329 3586 miamur.
2365 3533 2434 3586 lta
2466 3548 2654 3587 omnes
2682 3532 2850 3586 sancti
2882 3514 3088 3602 probati
3115 3541 3258 3586 sunt.
3299 3533 3586 3602 Propterea
3619 3543 3673 3587 et

2081 3624 2306 3693 apostoli
2333 3624 2580 3678 dicebant
2603 3644 2614 3679 :
2644 3625 2748 3679 Per
2771 3625 2956 3679 multas
2983 3625 3271 3694 aﬁiictioucs
3292 3635 3488 3693 oportet
3509 3643 3600 3679 nos
3621 3627 3674 3680 in

2080 3733 2292 3784 regnum
2325 3715 2416 3768 Dei
2445 3717 2633 3769 intrare
2655 3716 2789 3785 (Act.
2823 3718 2908 3769 H.
2935 3716 3045 3785 22).
3083 3717 3143 3770 Et
3169 3719 3282 3784 ipse
3308 3715 3552 3772 Christus
3590 3717 3674 3772 div

2082 3808 2233 3862 cebat
2262 3807 2538 3876 discipulis
2563 3807 2708 3860 suis:
2742 3805 2806 3858 In
2850 3808 3038 3858 nmndo
3076 3807 3390 3877 omit-tionem
3433 3809 3676 3862 habebitis

2084 3902 2262 3976 (Joau.
2296 3904 2382 3956 16.
2413 3904 2528 3970 55).
2560 3902 2635 3957 Ne
2659 3904 2817 3972 igitur
2843 3917 3164 3959 mmreamus
3198 3907 3246 3958 in
3275 3906 3670 3970 afflictionibus,

2082 3996 2174 4049 sed
2202 3995 2477 4049 audiamus
2501 3995 2718 4048 Paulum
2741 3995 3026 4061 dicentem,
3076 3997 3175 4062 Qui
3219 3999 3390 4051 volunt
3417 4001 3498 4068 pie
3518 4002 3677 4053 vivere

2082 4089 2133 4140 in
2163 4087 2363 4142 Christo
2404 4086 2550 4151 Jesu,
2577 4089 2999 4156 persequutioncm
3043 4092 3295 4160 patientur
3325 4091 3419 4162 (Ξ.
3451 4091 3584 4145 Tim.
3619 4093 3674 4148 5.

2087 4179 2194 4245 l2).
2233 4179 2297 4234 Et
2325 4194 2390 4233 ne
2420 4178 2766 4244 admiremur,
2801 4197 2972 4252 neque
2992 4199 3133 4253 mgre
3161 4183 3415 4252 feramus,
3440 4187 3532 4241 sed
3556 4203 3667 4239 om-

2086 4272 2170 4324 nia
2201 4287 2320 4325 cnm
2356 4271 2662 4326 fortitudine
2703 4281 2756 4326 et
2802 4275 3054 4340 patientia
3088 4275 3400 4341 toleremus,
3457 4292 3560 4329 nou
3607 4278 3672 4330 ad

2085 4363 2402 4418 afﬂictiones
2451 4365 2822 4432 respicientes,
2865 4365 2957 4419 sed
3003 4365 3068 4419 ad
3116 4367 3319 4420 lucrum
3369 4367 3508 4436 quod
3552 4369 3674 4424 inde

2085 4469 2471 4524 congregamus
2515 4473 2527 4506 :
2572 4456 2864 4525 spiritualis
2910 4457 3051 4510 enim
3102 4457 3343 4526 quaedam
3390 4461 3675 4529 negotiatio

2087 4553 2190 4599 est.
2221 4545 2288 4599 Et
2315 4546 2452 4600 sicut
2482 4547 2569 4617 qui
2600 4549 2850 4616 pecunias
2879 4549 3130 4618 colligere
3160 4549 3363 4614 volunt,
3391 4560 3549 4621 atque
3580 4551 3671 4605 lut-

2082 4637 2170 4704 jus
2190 4637 2370 4692 saeculi
2401 4639 2809 4707 negotiationem
2836 4649 3105 4701 exercent,
3137 4656 3240 4694 non
3269 4642 3425 4695 aliter
3458 4654 3674 4712 possunt

2087 4741 2281 4795 augere
2308 4743 2430 4782 suas
2458 4744 2607 4798 opes,
2645 4730 2742 4785 nisi
2775 4730 2936 4784 multa
2966 4732 3198 4800 pericula
3243 4743 3380 4787 terra
3436 4736 3674 4801 marique

2090 4821 2438 4875 sustinuerint
2467 4822 2716 4890 (necesse
2743 4833 2823 4876 est
2851 4823 2991 4876 enim
3026 4834 3081 4876 ut
3112 4824 3284 4879 ferant
3327 4826 3589 4878 latratum;
3621 4834 3674 4879 et

2092 4912 2379 4982 piratarum
2407 4911 2684 4979 insidias);
2719 4921 2952 4966 attamen
2980 4917 3156 4968 omnia
3187 4930 3372 4984 magna
3406 4915 3676 4968 alacritate

2091 5003 2404 5070 suscipiunt,
2435 5011 2489 5054 et
2517 5002 2586 5055 ob
2619 5004 3074 5072 exspectationem
3115 5007 3266 5067 lucri,
3317 5020 3672 5059 :rrumnarnm

2091 5110 2306 5148 sensum
2336 5094 2537 5146 nullum
2564 5093 2787 5147 habent:
2814 5095 3001 5149 eodem
3031 5095 3190 5149 modo
3217 5105 3266 5148 et
3297 5110 3412 5157 nos,
3436 5098 3675 5166 cogitan-

2094 5194 2173 5237 tes
2217 5181 2428 5235 divitias
2469 5191 2522 5234 et
2574 5182 2878 5249 spiritttalcs
2928 5199 3132 5237 merces
3163 5185 3202 5246 ⁸,
3235 5198 3365 5250 quas
3396 5185 3549 5237 nobis
3592 5186 3677 5237 hic

2091 5274 2343 5341 colligere
2387 5272 2528 5336 licet,
2571 5281 2784 5340 oportet
2830 5273 3062 5342 gaudere
3091 5284 3147 5327 et
3172 5274 3462 5340 exsultare,
3493 5287 3542 5330 et
3571 5294 3678 5331 non

2093 5364 2440 5432 contemplari
2464 5381 2584 5433 qua:
2607 5381 2624 5412 κ
2642 5364 2872 5424 identnr,
2897 5363 2989 5417 sed
3015 5380 3132 5434 quae
3156 5381 3257 5418 non
3281 5366 3547 5429 videntur.
3569 5369 3676 5420 s'c-

2095 5464 2152 5509 ut
2180 5466 2234 5510 et
2279 5454 2472 5508 Paulus
2500 5454 2777 5518 admonet,
2823 5453 3041 5508 (licens:
3076 5452 3198 5507 Non
3248 5456 3677 5512 ronsiderantib.:s

2096 5546 2238 5601 nobis
2263 5561 2321 5599 ea
2347 5560 2458 5615 qua:
2487 5544 2718 5599 videntur
2743 5544 2821 5614 (2.
2853 5543 2970 5600 Cor.
2995 5545 3046 5600 4.
3083 5545 3193 5616 18).
3229 5545 3373 5601 Fidei
3405 5547 3546 5602 enim
3572 5557 3678 5615 est,

2161 5687 2174 5713 ι
2204 5687 2352 5752 Δξιιιιιε
2376 5683 2738 5752 quinquennis-5.
2777 5678 3043 5742 legendum
3089 5689 3181 5738 est,
3207 5680 3506 5743 spiritttalem
3533 5684 3676 5736 abun-

2099 5744 2329 5800 dantiam,
2359 5755 2462 5806 pro,
2489 5744 2760 5807 spirituales
2785 5756 2984 5795 merces.
