4164 6224
507 314 609 370 5ιῖ

508 445 614 485 non
657 428 1026 500 corporalibus
1065 427 1230 481 oculis
1267 435 1549 482 contentos
1592 441 1731 492 esse,
1778 424 1872 480 sed
1919 424 2088 479 oculis

509 521 700 576 mentis
731 518 1003 588 imaginari
1029 531 1092 572 ea
1120 531 1239 587 qua:
1272 531 1379 571 non
1407 514 1673 571 videntur.
1713 515 1845 570 Nam
1874 515 1961 570 illa
1986 513 2089 568 fide

1215 312 1271 367 S.
1312 312 1588 368 JOANNIS
1626 309 2098 368 CHRYSOSTOMI
2143 309 2458 367 .-\RClllEP.
2502 314 3035 372 CONSTAN'IIXOP.

3684 328 3791 386 διε

2196 424 2288 477 tris
2330 426 2447 480 mei.
2481 427 2616 495 Quid
2659 438 2741 483 cst
2768 471 2782 493 ,
2818 430 3057 486 Omnium
3086 433 3313 489 laborum
3362 439 3624 493 meorum?
3654 440 3791 497 llinc

2192 515 2528 574 subindicare
2568 521 2693 574 mihi
2725 522 2933 578 videtur
2956 525 3178 593 primam
3209 535 3259 581 et
3290 528 3579 584 secundum
3612 534 3789 587 serti-

509 612 747 684 digniora
790 609 1053 665 credenda
1086 616 1230 673 sunt,
1261 623 1421 677 quam
1466 622 1529 662 ea
1571 622 1691 677 qua:
1721 604 2089 675 corporalibus
2117 595 2151 618 ⁸
2193 615 2378 674 tutem,
2406 618 2459 664 et
2488 611 2756 667 miseri-sm
2791 629 2947 684 quam
2975 615 3027 670 in
3053 630 3268 672 carcere
3298 617 3433 672 tulit.
3466 618 3533 673 Et
3560 624 3790 677 omnium

505 705 675 762 oculis
704 702 977 756 videntur.
1008 698 1098 756 Sic
1143 698 1442 769 patriarcha
1468 708 1654 770 gratus
1679 697 1774 752 fuit
1803 697 1933 761 Deo,
1964 695 2088 767 quia

504 792 728 851 credidit
755 791 1093 861 promissioni
1123 793 1261 861 ejus,
1289 801 1345 846 et
1379 790 1626 860 superior
1662 798 1849 845 natura
1896 787 2085 855 factus,

503 885 856 952 humanisque
899 883 1222 947 rationibus;
1268 881 1386 938 ideo
1417 882 1725 952 Reputatum
1752 889 1827 934 est
1853 880 1898 934 ei
1926 880 1978 933 in
1993 879 2087 950 ju-

496 976 689 1031 stitiam
717 974 894 1046 (Rom.
919 976 973 1030 4.
1002 975 1081 1045 5).
1104 974 1415 1040 Considera,
1434 973 1697 1044 justitiam
1722 987 1844 1028 esse
1867 970 2089 1027 credere

502 1070 565 1124 iis
582 1084 704 1139 quae
730 1084 759 1122 a
792 1068 906 1122 Deo
921 1067 1191 1123 dicuntur.
1216 1066 1441 1133 Quando
1464 1066 1718 1123 enimille
1743 1064 1942 1137 aliquid
1966 1079 2092 1136 pro-

500 1160 727 1227 miserit,
760 1176 827 1214 ne
854 1159 982 1214 mihi
1009 1158 1302 1215 secundum
1331 1159 1614 1215 humanam
1645 1158 2085 1229 consequentiam

498 1268 590 1311 res
616 1253 882 1325 expende,
917 1252 1011 1309 sed
1041 1253 1286 1323 superior
1311 1251 1612 1322 hujusmodi
1651 1253 1948 1308 rationibus
1988 1251 2084 1315 sis,

496 1359 560 1401 ac
583 1343 794 1401 confide
823 1336 1076 1414 potentia:
1102 1343 1219 1413 ejus
1249 1343 1336 1414 qui
1370 1344 1635 1413 promisit.
1674 1342 1750 1398 Ita
1794 1343 2085 1413 unusquis-

498 1455 602 1510 que
626 1438 892 1509 justortnn
924 1438 1181 1507 probatus
1203 1435 1319 1501 fuit,
1344 1437 1413 1490 ita
1436 1445 1489 1491 et
1508 1435 1839 1491 admirabilis
1874 1435 1962 1490 ille
1988 1435 2082 1491 Jo-

497 1531 651 1600 scph,
692 1544 813 1585 cum
857 1536 983 1599 post
1025 1528 1112 1583 illa
1154 1527 1366 1582 somnia
1407 1535 1550 1582 tanta
1582 1526 1859 1596 interjecta
1892 1526 2086 1582 fuerint

499 1619 902 1690 impedimenta,
939 1634 1046 1673 non
1078 1619 1321 1674 turbatus
1348 1625 1430 1674 est
1455 1619 1659 1685 animo,
1700 1634 1809 1673 non
1847 1632 2085 1673 commo—

498 1719 582 1765 tus
610 1719 714 1776 est,
737 1708 830 1765 sed
861 1710 1080 1764 robusta
1108 1718 1287 1765 mente
1313 1709 1522 1765 fortiter
1542 1710 1661 1765 tulit
1683 1711 1884 1776 omnia,
1907 1710 2084 1765 sciens

497 1815 605 1855 non
634 1815 753 1856 esse
781 1802 1032 1871 possibile
1053 1817 1113 1857 ea
1138 1818 1257 1872 quae
1286 1803 1428 1857 Deus
1448 1801 1683 1857 decrevit
1707 1818 1814 1856 non
1840 1802 2079 1859 evenire.

498 1891 620 1946 Ideo
650 1900 772 1962 post
800 1892 1131 1956 servitutem,
1184 1901 1305 1963 post
1334 1907 1627 1959 carcerem,
1659 1902 1965 1963 tantamque
1989 1907 2082 1947 ca-

496 1984 773 2050 lumniam,
819 1986 1171 2055 principatum
1210 1985 1444 2052 suscepit
1472 1987 1633 2040 totius
1671 1984 1910 2056 Egypti.
1957 1986 2082 2041 Hmc

495 2080 654 2149 igitur
689 2078 868 2132 omnia
894 2079 1210 2149 cogitantes,
1238 2079 1454 2133 fortiter
1481 2078 1837 2148 suscipiamus
1863 2093 1924 2133 ea
1955 2093 2074 2149 quin

495 2170 813 2237 inferuntur,
849 2172 1156 2241 gratiasque
1181 2186 1400 2241 agamus
1428 2186 1524 2241 pro
1549 2171 1803 2227 omnibus
1829 2171 2076 2226 clementi

494 2262 624 2331 Deo,
651 2274 706 2319 et
737 2262 852 2333 ejus
871 2272 1251 2334 exspectemus
1296 2264 1742 2335 epitulationem:
1776 2281 1895 2336 qua:
1926 2266 2079 2321 nobis

487 2353 736 2409 omnibus
762 2353 1107 2420 concedatur,
1138 2356 1308 2425 gratia
1336 2364 1391 2411 et
1418 2356 1703 2412 clementia
1738 2357 1944 2412 Domini
1983 2373 2079 2414 no-

484 2444 582 2499 stri
610 2444 737 2500 Jesu
776 2445 997 2512 Christi,
1039 2445 1125 2501 cui
1154 2462 1275 2501 cum
1307 2446 1462 2502 Patre
1491 2456 1546 2503 et
1573 2457 1760 2505 sancto
1785 2448 1983 2519 Spiritu
2010 2450 2078 2504 sit

483 2534 668 2604 gloria,
717 2535 1023 2604 imperium,
1065 2520 1145 2592 et‘
1169 2536 1362 2604 honor,
1395 2551 1537 2593 nunc
1576 2547 1630 2594 et
1670 2552 1906 2608 semper,
1936 2548 1992 2595 et
2022 2539 2075 2594 in

486 2623 679 2680 sucula
696 2624 1039 2680 saeculorum.
1070 2625 1262 2681 Amen.

1033 2756 1312 2814 HOMILIA
1353 2756 1536 2813 LXIV.

481 2863 655 2919 'Ea‘ivit
696 2874 864 2920 autem
902 2864 1094 2938 ἐσδερή
1136 2883 1168 2921 a
1213 2867 1338 2938 facie
1370 2867 1684 2936 Pharaonis,
1716 2882 1763 2926 et
1791 2878 2075 2945 peragravit

553 2973 751 3010 omnem
790 2966 975 3010 terram
1012 2954 1234 3028 Αἰθυιηὶ
1249 2971 1269 3020 ;
1297 2965 1347 3012 et
1389 2960 1505 3030 fecit
1543 2968 1676 3015 terra
1704 2963 1852 3018 annis
1884 2976 2074 3036 septem

553 3047 827 3118 fertilitatis
851 3044 1139 3118 manipulos
1163 3060 1183 3114 ,'
1205 3056 1253 3101 et
1279 3051 1596 3121 congregavit
1621 3054 1927 3122 frumentum
1942 3057 2076 3112 sicut

550 3155 757 3194 arenam
782 3139 939 3194 maris
978 3140 996 3210 (
1020 3137 1149 3195 Gen.
1178 3141 1269 3197 41.
1290 3140 1512 3212 ιϐ-49).

551 3255 604 3308 1.
640 3251 806 3307 Vultis
822 3261 879 3307 ut
902 3262 955 3307 et
976 3251 1135 3308 hodie
1156 3252 1660 3325 bistoriamJusephi
1684 3265 1989 3325 tractemus,
2020 3271 2075 3317 et

481 3343 757 3399 videamus
795 3343 1065 3413 quomodo
1112 3343 1191 3398 vir
1218 3343 1308 3399 ille
1336 3385 1351 3408 ,
1378 3356 1628 3415 suscepto
1672 3349 1833 3403 totius
1861 3348 2075 3422 Egypti

478 3434 811 3505 principatu,
864 3450 962 3505 per
1008 3435 1241 3491 innatam
1286 3435 1387 3490 sibi
1434 3437 1835 3508 intelligentiam
1886 3456 2074 3500 omnes

477 3528 784 3583 consolatus
831 3527 1035 3584 fuerit?
1063 3528 1153 3584 46.
1186 3527 1358 3583 Exiuit
1396 3529 1540 3584 etaim
1567 3572 1583 3597 ,
1615 3530 1823 3601 inquit,
1864 3550 1897 3587 a
1940 3534 2073 3606 facie

477 3617 764 3675 Pharaonis
787 3660 802 3685 ,
851 3628 900 3673 et
925 3620 1152 3675 transicit
1196 3635 1286 3689 per
1326 3636 1522 3676 omnem
1573 3630 1757 3676 terram
1812 3622 2073 3696 Egypti;

475 3713 562 3765 47.
594 3721 639 3765 et
668 3712 782 3783 fecit
827 3721 959 3764 terra
1005 3712 1152 3766 armis
1192 3721 1381 3783 septem
1422 3712 1696 3783 fertilitatis
1744 3716 2072 3786 manipulos;

474 3802 564 3858 69.
595 3813 641 3856 et
665 3803 982 3873 congregavit
1010 3802 1315 3872 frumentum
1340 3804 1466 3858 sicut
1505 3821 1712 3859 arenam
1746 3807 1918 3860 maris.
1944 3805 2074 3862 Sus-

474 3903 624 3962 cepta
654 3894 800 3963 prius
828 3908 858 3947 a
891 3909 1016 3965 rege
1048 3903 1310 3963 potestate
1350 3896 1532 3961 omni,
1573 3898 1823 3968 collegit,
1854 3900 2065 3970 inquit,

476 3984 673 4055 fruges,
698 3992 754 4039 et
783 3984 834 4038 in
862 3984 1161 4040 civitatibus
1183 3986 1439 4054 reposuit,
1464 3987 1752 4056 providens
1768 3989 1877 4058 jam
1903 3991 2071 4049 mul'o

475 4086 627 4129 antea
654 4115 669 4140 ,
703 4090 822 4145 quae
853 4074 1041 4130 futura:
1081 4076 1317 4144 penuriae
1360 4090 1674 4133 succurrere
1702 4088 1942 4147 possent.
1983 4081 2072 4137 Vi-

476 4167 596 4222 diszi
622 4166 808 4237 quales
836 4167 1215 4222 retributiones
1241 4167 1564 4223 fortitudinis
1591 4177 1647 4223 et
1675 4169 1941 4238 patientia:
1969 4214 1983 4237 ,
2016 4182 2070 4228 et

472 4259 702 4314 aliarum
733 4259 988 4312 virtutum
1016 4259 1175 4313 etiam
1218 4258 1304 4314 hic
1346 4259 1614 4328 acceperit
1634 4259 1810 4328 justus
1835 4302 1850 4326 ,
1879 4276 2000 4317 cum
2039 4278 2068 4318 a

477 4349 701 4405 vinculis
720 4349 786 4404 ad
811 4352 952 4420 regia
981 4349 1170 4419 palatia
1200 4349 1474 4405 ascendit?
1495 4350 1584 4407 50.
1614 4349 1740 4405 Nati
1758 4360 1876 4407 sunt
1898 4364 2064 4409 autent

471 4441 570 4508 illi,
594 4442 780 4512 inquit,
803 4441 903 4496 duo
924 4442 1040 4511 ﬁlii,
1064 4442 1356 4511 priusquam
1375 4442 1663 4498 advenireut
1679 4444 1802 4497 anui
1822 4446 2069 4515 penuriaz:

475 4536 563 4589 51.
591 4544 637 4588 et
652 4534 853 4588 'vocaoit
880 4550 1060 4590 nomen
1080 4534 1261 4602 prioris
1282 4534 1336 4588 Μ
1341 4551 1521 4590 errasse
1542 4551 1560 4589 :
1580 4538 1819 4605 quoniam
1845 4539 2066 4594 oblivisci

478 4642 559 4681 me
583 4624 697 4694 fecit
722 4624 860 4679 Deus
888 4625 1111 4679 omnium
1138 4624 1366 4681 laborum
1397 4643 1641 4693 meorum,
1675 4638 1721 4683 et
1759 4645 1931 4685 eorum
1956 4647 2069 4702 qua:

470 4729 588 4774 sunt
617 4718 776 4790 patris
801 4719 917 4772 mei.
947 4716 1177 4773 Attende
1204 4717 1288 4774 hic
1330 4719 1428 4773 viri
1462 4719 1774 4791 religionem
1803 4731 1857 4777 et
1897 4723 2066 4793 pieta-

471 4821 600 4874 tem,
632 4809 901 4880 quomodo
931 4823 1028 4880 per
1047 4809 1137 4864 lilii
1164 4811 1576 4882 appellationem
1600 4814 1913 4869 memoriam
1945 4831 2064 4870 ont-

472 4902 615 4955 nium
638 4900 929 4956 servaverit
949 4900 1024 4971 (α)
1044 4941 1058 4966 .
1093 4909 1148 4957 ut
1176 4912 1428 4974 perpetuo
1454 4905 1650 4975 gratias
1670 4914 1870 4976 ageret,
1894 4918 1948 4961 et
1975 4909 2066 4977 qui

472 5007 537 5045 ex
573 5006 634 5048 se
657 5000 809 5046 natus
832 5000 966 5059 erat,
997 5007 1091 5062 per
1112 5009 1262 5049 suam
1287 4996 1701 5065 appellationem
1723 4998 1864 5051 scire
1886 5007 2066 5067 posset

469 5084 758 5139 certamina
783 5126 799 5149 ,
830 5092 886 5140 et
930 5085 1278 5155 patientiam,
1325 5103 1444 5157 qua:
1474 5088 1648 5155 justus
1688 5088 1963 5158 perferens
2012 5092 2062 5145 in

470 5183 672 5229 tantam
722 5176 1058 5245 pervenisset
1099 5177 1344 5247 gloriam.
1395 5177 1527 5244 Quia
1568 5179 1790 5232 oblivisci
1826 5196 1903 5232 me
1951 5180 2065 5245 fecit

470 5264 607 5321 Deus
623 5267 847 5321 omnium
865 5267 1094 5323 laborum
1116 5286 1359 5336 meorum,
1389 5280 1434 5324 et
1454 5272 1674 5324 omnium
1699 5288 1810 5339 qua!
1838 5283 1952 5327 sunt
1974 5290 2066 5341 pa-

529 5444 603 5517 (a)
635 5451 733 5517 uno
748 5444 1043 5517 oblivionem
1067 5446 1280 5517 omnium
1296 5443 1515 5517 induxit,
1530 5444 2058 5517 idqueusignilleabatonr

469 5505 665 5574 nomine
688 5514 1009 5574 Manasse,_ut
1034 5506 1190 5574 modo
1211 5505 1611 5574 dixi-tuscriptura
1637 5519 1649 5553 :
1678 5505 1891 5574 Manasse
1917 5508 2058 5574 enim

467 5568 704 5617 Hebraice
726 5571 893 5625 nun»:
917 5567 969 5617 fit
992 5580 1054 5616 ex
1079 5571 1194 5619 rm:
1215 5607 1230 5627 ,
1270 5563 1498 5614 obliuisci.
1515 5571 1692 5614 verum
1707 5579 1813 5615 mos
1829 5567 2055 5627 obtinuit,

465 5642 520 5683 ut
541 5648 650 5698 cum
672 5638 1024 5698 quisiertnnnis
1049 5642 1099 5684 et
1117 5636 1253 5685 malis
1272 5634 1497 5683 omnibus
1521 5644 1723 5698 ereptus
1740 5636 1846 5698 fuit,
1872 5637 2056 5686 dicatur

466 5695 957 5753 malm-um'obbvisei;
982 5698 1029 5745 id
1055 5706 1147 5751 est.
1169 5699 1216 5748 in
1260 5708 1427 5745 eorum
1443 5695 1639 5746 sensum
1652 5711 1746 5748 non
1771 5697 1893 5747 ultra
1923 5702 2061 5749 veni-

467 5765 543 5813 re,
569 5757 661 5804 etsi
686 5755 875 5806 illorum
896 5760 1191 5808 recordetur.

2194 714 2308 765 quae
2341 709 2459 754 sunt
2486 702 2644 771 patris
2671 704 2770 757 mei
2790 721 2810 758 :
2835 707 3255 776 segregationem
3285 709 3549 778 significat
3571 752 3584 776 ,
3624 728 3787 782 quam

2190 790 2445 846 sustinuit
2491 794 2745 865 abreptus
2764 795 2833 850 ab
2861 796 2999 852 ulnis
3036 800 3272 867 paternis
3294 840 3308 862 ,
3343 800 3465 870 quia
3502 801 3787 859 immatura

2191 890 2476 948 :etate,tam
2494 883 2783 940 liberaliter
2796 886 3066 949 educatus,
3081 889 3374 945 liherta'em
3393 906 3511 945 cum
3531 895 3790 950 servitute

2189 987 2220 1029 c
2242 976 2546 1030 immolavit.
2569 977 2655 1032 52.
2679 976 2743 1030 Et
2763 994 2939 1032 nomen
2958 980 3162 1034 secundi
3181 982 3372 1035 vocavit
3389 981 3649 1052 Epiri-nim,
3665 989 3789 1055 quia

2188 1082 2406 1121 crescere
2430 1069 2543 1140 fecit
2572 1085 2650 1123 me
2671 1068 2805 1123 Deus
2842 1070 2893 1123 in
2919 1079 3052 1123 terra
3071 1071 3371 1125 hunnlitalis
3402 1089 3543 1127 mete.
3578 1075 3710 1132 Vide
3730 1090 3786 1133 et

2191 1156 2350 1227 hujus
2379 1173 2575 1213 nomen
2618 1160 2905 1230 gratiarum
2951 1161 3161 1218 actione
3190 1162 3423 1231 plenum.
3464 1164 3580 1222 Non
3608 1167 3782 1222 solum

2187 1248 2355 1315 enim,
2386 1247 2724 1303 adversitatis
2759 1250 2961 1305 oblitus
2988 1265 3108 1304 sum
3128 1291 3143 1315 ,
3171 1251 3265 1313 sed
3287 1262 3338 1308 et
3368 1261 3555 1309 auctus
3581 1271 3696 1311 sum
3727 1258 3781 1312 in

2189 1345 2330 1392 terra
2352 1379 2367 1403 ,
2402 1338 2452 1392 in
2480 1354 2582 1408 qua
2623 1347 2824 1394 tantam
2852 1340 3077 1395 sustinui
3107 1340 3526 1398 humiliationem
3550 1386 3566 1412 ,
3597 1357 3780 1416 utpote

2190 1429 2244 1485 in
2285 1430 2541 1485 extremis
2587 1431 2837 1500 periculis
2879 1433 3043 1487 etiam
3082 1431 3154 1488 de
3195 1432 3300 1487 vita
3344 1435 3548 1491 anxius.
3583 1435 3776 1492 Verum

2187 1535 2327 1575 nunc
2366 1522 2549 1576 auditu
2596 1522 2754 1592 digna
2797 1531 2923 1577 sunt
2949 1538 3069 1593 quin
3112 1534 3425 1594 sequuntur.
3466 1525 3598 1580 Nam
3647 1540 3774 1598 post

2186 1613 2508 1669 fertilitatem
2531 1624 2736 1684 septem
2755 1629 3038 1682 annorum,
3063 1624 3327 1671 venerunt
3343 1626 3396 1671 et
3414 1627 3617 1687 septem
3646 1621 3777 1677 anni

2187 1707 2422 1776 penuria:
2462 1716 2516 1762 et
2554 1706 2723 1772 famis,
2755 1705 3047 1763 secundum
3093 1706 3487 1777 praedictionem
3529 1708 3774 1780 Josephi.

2186 1798 2384 1854 Rerum
2413 1799 2556 1854 enim
2584 1807 2809 1855 eventus
2831 1812 3143 1854 concessam
3167 1799 3282 1854 viro
3311 1800 3622 1871 sapientiam
3648 1817 3774 1858 om-

2193 1888 2349 1943 nibus
2374 1887 2698 1959 detegebat,
2742 1888 2899 1959 idque
2938 1887 3242 1955 efficiebat,
3280 1897 3338 1945 ut
3362 1904 3547 1946 omnes
3572 1893 3622 1947 ei
3652 1907 3778 1950 sese

2181 1981 2571 2036 submitterent.
2617 1980 2829 2035 Etcum
2876 1979 3044 2036 fames
3087 1980 3263 2035 valida
3290 1979 3424 2036 facta
3453 1991 3635 2050 esset,
3665 1986 3775 2054 pri-

2183 2087 2327 2126 mum
2355 2085 2449 2126 eos
2475 2070 2752 2141 penuriam
2776 2071 2977 2126 sentire
3001 2085 3107 2125 non
3141 2072 3399 2142 permisit.
3430 2071 3519 2128 54.
3548 2072 3613 2127 In
3631 2077 3776 2130 enini

2181 2162 2322 2219 enim
2354 2171 2488 2217 terra
2506 2160 2871 2234 ﬁgyptiorum
2889 2171 3031 2216 erant
3051 2177 3224 2234 panes.
3250 2161 3358 2218 Sed
3377 2178 3497 2219 cum
3527 2164 3773 2221 molestis

2188 2253 2341 2308 famis
2364 2252 2713 2308 invalesceret
2733 2289 2749 2318 ,
2780 2251 3029 2308 clamavit
3057 2253 3284 2323 populus
3321 2253 3386 2307 ad
3415 2253 3770 2322 leraoncm,

2180 2359 2368 2415 magna
2401 2358 2617 2414 pressus
2653 2342 2941 2414 indigentia
2982 2360 2995 2399 :
3037 2358 3068 2399 a
3106 2343 3246 2399 fame
3286 2344 3425 2399 enim
3459 2346 3669 2412 coacti,
3702 2348 3769 2402 ad

2180 2450 2359 2507 regem
2398 2442 2768 2491 cucurrerunt.
2808 2435 2977 2490 Porro
2995 2433 3116 2490 vide
3143 2433 3299 2505 hujus
3323 2434 3765 2493 benevolentiam.

2177 2526 2265 2583 55.
2304 2525 2445 2581 Dixit
2472 2534 2641 2581 autent
2680 2524 2889 2582 Pharao
2930 2524 3234 2597 rEggptiis:
3266 2523 3346 2581 Ite
3379 2525 3447 2579 ad
3468 2524 3659 2596 .losepli
3679 2545 3698 2592 ;
3721 2542 3769 2583 et

2175 2617 2422 2689 quidquid
2449 2617 2631 2672 dixerit
2659 2617 2818 2684 vobis,
2846 2617 2997 2688 facite
3018 2634 3038 2672 :
3061 2617 3215 2689 quasi
3244 2618 3447 2674 diceret
3476 2636 3491 2674 :
3515 2618 3652 2687 Quid
3680 2636 3769 2677 me

2174 2707 2487 2778 suspieitis?
2513 2708 2629 2765 Non
2672 2708 2865 2766 videtis
2889 2723 2976 2765 me
3018 2709 3165 2781 regis
3209 2708 3444 2764 habitum
3490 2709 3770 2766 dumtaxat

2172 2808 2384 2872 gestare
2406 2838 2424 2867 ,
2454 2798 2710 2870 illumque
2762 2800 2923 2856 nobis
2956 2800 3209 2855 omnibus
3252 2800 3440 2857 salutis
3488 2810 3767 2859 auctorem

2173 2889 2412 2947 factum?
2438 2890 2516 2947 Ne
2536 2889 2693 2962 igitur
2714 2890 2809 2946 illo
2834 2890 3021 2947 relicto
3046 2890 3112 2947 ad
3133 2905 3219 2947 me
3242 2891 3486 2959 curratis,
3508 2892 3603 2948 sed
3623 2892 3767 2951 abite

2174 2984 2239 3041 ad
2269 2985 2441 3051 illum,
2472 2982 2540 3038 Et
2568 2999 2894 3055 quacumque
2911 2984 3096 3040 dixerit
3119 2984 3292 3052 vobis,
3317 2985 3486 3056 facite.
3509 2985 3598 3041 56.
3628 2986 3766 3056 Ape-

2170 3078 2274 3132 ruit
2293 3086 2459 3131 alunt
2481 3075 2673 3147 Ioseph
2694 3076 2891 3141 horrea,
2921 3085 2967 3133 et
2990 3076 3212 3133 vendidit
3237 3074 3518 3148 ﬂgyptiis.
3544 3077 3611 3132 Et
3634 3092 3766 3148 quo.

2174 3169 2316 3223 niam
2344 3172 2531 3223 omnes
2551 3166 2893 3223 consumebat
2922 3164 3080 3223 famis
3108 3168 3417 3235 necessitas,
3438 3168 3525 3224 57.
3552 3169 3761 3236 Omnes,

2176 3257 2384 3328 inquit,
2411 3256 2680 3324 prouincia
2715 3257 2976 3312 veniebant
3018 3256 3069 3313 in
3097 3255 3415 3329 lEgyptum.
3448 3268 3501 3311 ut
3538 3271 3761 3316 emerent

2174 3348 2521 3419 frumentum:
2551 3347 2829 3402 inualuerat
2855 3348 3021 3415 enirn,
3051 3347 3249 3418 inquit,
3285 3352 3443 3419 [antes
3469 3366 3621 3419 super
3647 3367 3764 3405 om-

2174 3456 2289 3495 nem
2314 3448 2517 3495 tetram.
2550 3438 2682 3495 Vide
2705 3480 2718 3500 .
2740 3438 2996 3504 obsecro,
3024 3439 3291 3509 quomodo
3321 3440 3573 3521 paulatim
3597 3457 3759 3498 even-

2177 3539 2285 3585 tum
2313 3532 2555 3600 accipere
2584 3528 2836 3599 incipiant
2861 3529 3066 3585 somnia
3088 3529 3305 3600 Joseph.
3328 3530 3460 3586 Nam
3482 3531 3568 3587 ubi
3593 3531 3763 3590 fames

2176 3619 2434 3684 invaluit,
2464 3628 2519 3674 et
2550 3617 2830 3688 occupavit
2856 3627 3051 3674 terram
3077 3617 3361 3686 Chanaan,
3395 3620 3446 3674 in
3471 3636 3574 3690 qua
3602 3620 3757 3677 habi-

2175 3714 2319 3770 tabat
2344 3713 2510 3769 Jamb
2552 3711 2708 3781 hujus
2737 3719 2922 3782 mter,
2966 3713 3055 3782 qui
3093 3712 3139 3767 ι.
3171 3711 3450 3782 Postquam
3495 3714 3671 3769 didicit
3704 3716 3761 3769 in

2174 3804 2405 3877 digpr
2428 3804 2733 3875 frumentum
2752 3803 3063 3868 venumdari,
3083 3803 3233 3871 dixit,
3264 3804 3453 3873 inquit,
3475 3806 3594 3873 [iliis
3614 3807 3718 3861 suis
3741 3821 3762 3862 :

2176 3898 2346 3967 Quare
2372 3913 2547 3969 segnes
2575 3897 2731 3951 estis?
2753 3896 2806 3951 2.
2840 3895 2970 3950 Ecce
2992 3896 3161 3954 audivi
3186 3896 3323 3967 quod
3349 3901 3656 3967 frumentum
3690 3898 3757 3953 sit

2171 3989 2223 4043 in
2246 3988 2497 4059 zEgypto.
2537 3986 2871 4052 Descendite,
2898 3997 2952 4040 ut
2977 3987 3277 4058 comparetis
3314 3986 3457 4043 nobis
3496 4004 3656 4058 pauca
3685 3990 3761 4043 ci—

2172 4081 2334 4145 baria,
2363 4091 2417 4133 ut
2442 4080 2664 4133 vivamus
2685 4120 2700 4142 ,
2727 4088 2773 4132 et
2805 4095 2905 4132 non
2929 4079 3203 4132 moriamur
3236 4076 3397 4149 (Cap.
3427 4078 3497 4133 42
3515 4076 3555 4149 ).
3586 4078 3721 4147 Quid
3740 4124 3756 4148 ,

2172 4170 2379 4240 inquit,
2421 4169 2505 4225 liic
2533 4169 2762 4226 sedetis?
2786 4168 2941 4225 Abite
2977 4168 3028 4224 in
3055 4167 3342 4239 Egyptum
3367 4209 3382 4237 ,
3415 4176 3469 4224 ct
3505 4170 3758 4228 alimenta

2170 4262 2324 4317 nobis
2348 4261 2549 4317 afferte.
2585 4261 2708 4315 llaec
2736 4271 2911 4315 autem
2930 4261 3108 4316 onmia
3140 4260 3271 4314 facta
3300 4270 3444 4328 sunt,
3477 4271 3532 4317 ut
3562 4260 3756 4320 fratres

2171 4352 2370 4423 Juscph
2397 4352 2586 4407 visiuni
2615 4351 2729 4419 ejus
2759 4352 2936 4406 omnia
2969 4352 3365 4406 ministrarent:
3396 4361 3450 4409 et
3480 4350 3746 4422 iuterpre«

2170 4448 2427 4502 tationem
2454 4444 2645 4498 somnii
2677 4459 2832 4513 quam
2856 4443 2957 4513 ipsi
2985 4443 3429 4513 conjectaverant,
3455 4457 3574 4501 cum
3604 4445 3751 4498 andi:

2170 4546 2283 4593 rent
2315 4534 2513 4605 Joseph
2543 4535 2808 4588 somnium
2850 4543 3187 4598 narrantem,
3218 4534 3518 4604 implerent.
3543 4535 3596 4590 5.
3649 4534 3754 4590 De-

2168 4628 2466 4685 scenderunt
2486 4627 2650 4691 enim,
2680 4625 2869 4695 inquit,
2897 4627 3065 4680 decem
3093 4630 3298 4696 fratres,
3327 4626 3378 4681 4.
3410 4636 3457 4679 et
3483 4625 3584 4680 Ben
3582 4628 3754 4697 jamiu

2169 4735 2268 4773 non
2290 4726 2603 4786 :.ccepmtnt,
2625 4717 2714 4788 qui
2736 4725 2852 4773 erat
2876 4714 3036 4772 frater
3051 4713 3248 4785 Ioseph
3269 4731 3333 4771 ex
3354 4716 3537 4770 eadem
3561 4725 3753 4771 matre.

2168 4810 2376 4865 Dicebat
2402 4811 2534 4864 enim
2561 4820 2703 4879 pater
2730 4808 2876 4879 ejus:
2907 4806 2988 4860 Ne
3021 4810 3151 4880 forte
3188 4806 3380 4860 accidat
3407 4808 3451 4859 ei
3485 4806 3701 4878 languor
3737 4825 3755 4861 :

2168 4920 2391 4975 pm'eeus
2419 4917 2604 4972 puero,
2636 4918 2701 4958 eo
2725 4901 2864 4971 quod
2892 4908 3050 4956 {Blath
3076 4900 3355 4953 immatura
3393 4908 3526 4953 erat.
3560 4900 3611 4952 6.
3658 4897 3753 4953 Ve-

2167 5005 2346 5052 nerunt
2375 5004 2574 5060 autcm,
2606 5004 2654 5050 et
2679 4993 2874 5064 Ioseph
2907 4994 3035 5047 sicut
3064 4990 3341 5060 principem
3373 4987 3594 5061 Egypti
3619 4990 3748 5043 ado-

2165 5096 2398 5143 raoerunt
2426 5102 2576 5157 super
2596 5087 2778 5157 faciem
2802 5100 2946 5139 suam
2972 5084 3021 5136 in
3054 5091 3206 5135 terra.
3241 5081 3305 5135 Et
3330 5097 3469 5137 nunc
3496 5080 3746 5151 ignoran-

2168 5187 2248 5234 tes
2286 5176 2499 5248 quidem
2548 5176 2661 5231 haac
2689 5176 2867 5230 omnia
2914 5172 3133 5227 faciunt.
3178 5171 3310 5225 Nam
3358 5172 3480 5241 quia
3526 5172 3749 5227 multum

2170 5268 2420 5337 temporis
2450 5267 2840 5329 intercesserat,
2862 5262 3051 5317 faciem
3074 5261 3251 5317 fratris
3273 5277 3377 5316 non
3397 5271 3744 5333 agnoverunt.

2168 5358 2461 5413 Verisimile
2493 5358 2633 5413 enim
2660 5365 2760 5421 est,
2790 5355 3037 5423 juvenem
3066 5353 3217 5419 olim,
3244 5367 3384 5407 nunc
3414 5353 3749 5406 immutatum

2167 5452 2334 5506 ferina
2378 5450 2560 5506 fuisse.
2602 5449 2765 5520 quue
2804 5455 2972 5501 totum
3013 5447 3207 5515 opinor
3247 5445 3441 5500 divinze
3469 5444 3745 5513 dispensa~

2168 5545 2327 5600 tionis
2354 5543 2535 5608 fuisse,
2570 5543 2638 5597 ita
2671 5550 2724 5596 ut
2751 5555 2855 5595 non
2888 5539 3152 5609 potuerint
3177 5537 3257 5592 vel
3279 5552 3346 5592 ex
3372 5550 3638 5598 sermone.
3670 5539 3750 5592 vel

2164 5655 2229 5695 ex
2257 5647 2475 5707 aSpectu
2503 5636 2716 5690 fratrem
2737 5644 3044 5703 agnoscere.
3072 5628 3223 5684 Unde
3250 5629 3390 5685 enim
3419 5642 3668 5698 umquam
3699 5626 3753 5683 in

2166 5730 2300 5784 hanc
2321 5728 2624 5800 opinionem
2644 5722 2948 5781 venissent?
2973 5720 3179 5776 Etenim
3206 5722 3455 5794 putabant
3471 5736 3592 5778 cum
3614 5720 3750 5789 apud
