4142 6206
504 236 609 294 διε

505 348 795 404 lstnaelitas
824 347 1017 403 factum
1049 361 1279 412 servum,
1309 345 1612 416 servireque
1636 346 1774 416 apud
1807 347 2078 414 barbaros,

505 441 643 495 unde
682 439 810 494 nihil
837 441 1010 494 simile
1037 439 1141 493 illis
1165 439 1246 493 Vel
1279 439 1328 492 in
1360 447 1588 493 mentem
1621 441 1800 494 venire
1832 448 2035 508 poterat
2063 455 2077 501 ;

503 540 558 584 et
585 546 690 584 non
713 527 1274 599 agnoveruntloseph.
1311 529 1426 597 Ipse
1453 543 1578 583 vero
1613 529 1790 583 statim
1817 537 1872 582 ut
1904 529 2031 582 vidit
2059 569 2075 595 ,

499 622 711 689 agnovit
736 635 828 675 eos
857 637 870 672 :
899 629 952 674 et
996 628 1051 673 ut
1098 619 1429 689 ignoraretur
1457 619 1694 684 studuit,
1741 634 1804 672 ac
1847 635 1966 673 eum
2003 621 2080 674 eis

499 712 786 778 quasicum
837 710 1023 765 alienis
1069 725 1225 779 agere
1255 709 1437 765 Voluit.
1469 711 1519 763 7.
1567 711 1890 764 Abatienabat
1937 711 2075 766 enim

494 816 550 854 se
568 800 630 854 ab
658 801 727 854 eis
745 841 760 866 ,
804 810 849 854 et
879 801 1112 869 loquutus
1139 811 1210 854 est
1241 801 1312 853 eis
1340 802 1507 864 dura;
1536 811 1582 854 et
1611 801 1738 854 dixit
1766 817 1785 854 :
1819 801 1965 856 Unde
1994 818 2078 854 ve-

500 891 681 945 nistis?
721 891 944 946 Simulat
974 890 1332 946 omnimodam
1380 891 1761 960 ignorantiam,
1807 901 1863 945 ut
1901 891 2076 945 omnia

493 980 778 1051 diligenter
797 982 862 1035 ab
883 983 960 1036 eis
986 982 1190 1035 discere
1209 991 1387 1051 queat.
1416 982 1758 1036 llesiderabat
1778 983 1918 1037 enim
1940 984 2076 1039 scire

495 1086 612 1139 qua:
639 1069 704 1123 ad
736 1080 937 1140 patrem
967 1081 1021 1125 et
1044 1069 1110 1124 ad
1139 1069 1351 1125 fratrem
1383 1072 1708 1140 spectabant.

563 1161 618 1214 2.
647 1162 712 1216 Et
740 1165 963 1231 primum
991 1163 1178 1232 quaerit
1203 1178 1268 1217 ex
1298 1179 1398 1232 qua
1425 1166 1639 1232 regione
1658 1165 1786 1228 sint,
1815 1175 1864 1218 et
1893 1166 2076 1220 dicunt

492 1269 558 1307 ex
582 1253 830 1308 Chanaan
858 1270 915 1309 se
941 1255 1149 1308 venisse
1177 1264 1232 1308 ut
1275 1263 1514 1308 eruerent
1542 1256 1821 1309 frumenta.
1856 1256 2029 1309 Famis
2053 1297 2068 1322 ,

490 1343 755 1414 inquiunt,
787 1346 1074 1399 necessitas
1100 1345 1150 1400 in
1177 1360 1334 1401 causa
1355 1355 1436 1399 est
1460 1361 1623 1415 quare
1647 1346 1695 1398 id
1725 1346 1928 1400 itineris
1947 1362 2074 1400 con-

489 1435 745 1502 fecimus,
779 1445 831 1490 et
861 1448 1141 1505 propterea
1173 1438 1370 1492 relictis
1417 1438 1642 1506 propriis
1671 1437 1773 1491 huc
1809 1439 2066 1493 venimus.

487 1524 543 1578 9.
576 1523 642 1578 Et
669 1526 958 1580 recordatus
988 1537 1059 1580 est
1079 1568 1094 1591 ,
1127 1527 1294 1596 inquit
1323 1568 1339 1592 ,
1382 1525 1572 1594 Joseplt
1617 1529 1921 1581 somniorum
1961 1547 2072 1599 qua:

485 1617 592 1683 ipse
616 1616 823 1671 viderat.
849 1617 906 1672 In
930 1627 1159 1672 mentem
1182 1627 1438 1672 venerunt
1459 1619 1506 1671 ci
1536 1620 1760 1685 somnia,
1788 1631 1839 1673 et
1864 1621 2071 1678 videbat

486 1710 701 1764 evenire
725 1725 785 1763 ea
808 1751 822 1774 ,
860 1710 1081 1778 ideoque
1114 1709 1322 1763 volebat
1345 1711 1620 1778 diligenter
1645 1713 1820 1765 omnia
1843 1713 2068 1783 discere,

485 1809 540 1853 et
569 1815 756 1869 magna
806 1816 925 1854 cum
969 1801 1277 1855 austeritate
1316 1802 1394 1856 eis
1439 1803 1762 1871 respondet.
1790 1819 1852 1858 ac
1897 1805 2064 1861 dicit:

484 1888 844 1958 Exploratores
873 1892 1007 1956 estis,
1028 1901 1073 1944 et
1099 1892 1167 1944 ad
1190 1893 1556 1946 consideranda
1580 1895 1782 1964 vestigia
1807 1904 1950 1948 terra:
1981 1913 2064 1949 ve-

484 1981 646 2034 nistis.
683 1980 796 2035 Non
826 1990 987 2044 recta,
1021 1983 1224 2052 inquit,
1259 1992 1434 2036 mente
1459 1983 1764 2038 advenistis.
1809 1985 2065 2040 \‘idcmini

481 2078 595 2124 arte
637 2077 694 2124 et
723 2071 1043 2140 malignitate
1083 2071 1310 2140 quadam
1354 2072 1456 2127 huc
1496 2075 1730 2141 profecti.
1767 2074 1839 2128 Illi
1888 2085 2064 2130 autem

481 2161 620 2214 anxii
649 2162 893 2216 dixerunt
921 2179 936 2217 :
968 2164 1053 2218 10.
1085 2162 1203 2216 Non
1227 2205 1240 2227 ,
1273 2165 1492 2217 domine.
1523 2165 1585 2218 Et
1617 2165 1665 2218 id
1700 2167 1838 2235 quod
1863 2168 2067 2223 discere

483 2251 730 2307 studebat
753 2253 970 2322 Joseph,
1001 2254 1100 2308 hoc
1126 2269 1153 2307 a
1176 2255 1474 2325 semetipsis
1496 2256 1690 2311 docent
1713 2298 1726 2322 ,
1759 2266 1812 2312 et
1839 2258 2018 2312 dicunt
2046 2276 2060 2312 :

482 2340 626 2396 Servi
670 2344 742 2396 tui
782 2345 1044 2412 venimus,
1089 2355 1142 2398 ut
1189 2362 1411 2399 eruamus
1458 2347 1720 2402 escas.ll.
1757 2347 1939 2401 Omnes
1967 2349 2062 2417 ﬁlii

479 2447 653 2486 sumus
676 2433 821 2486 unius
851 2434 943 2486 eiri
969 2475 982 2497 ,
1013 2435 1212 2503 paciﬁci
1229 2451 1434 2501 sumus,
1465 2451 1563 2489 non
1583 2447 1698 2488 sunt
1719 2439 1846 2489 servi
1881 2439 1951 2490 tui
1979 2453 2063 2491 ea:-

479 2524 782 2593 ploratores.
823 2525 1007 2580 Adhuc
1035 2525 1103 2580 de
1128 2527 1316 2596 seipsis
1347 2536 1546 2580 tantum
1587 2528 1842 2582 rationem
1874 2528 2062 2583 reddes

479 2616 638 2677 bunt.
665 2627 719 2671 ct
750 2633 856 2686 pra:
884 2619 1071 2672 timore
1101 2618 1308 2672 attoniti
1349 2627 1557 2682 mente,
1595 2618 1824 2672 nondum
1855 2635 1970 2688 quae
1994 2619 2062 2674 ad

477 2706 671 2776 Ioseph
720 2709 1053 2777 pertinebant
1079 2751 1092 2772 ,
1134 2709 1375 2763 dixerant
1405 2726 1416 2762 :
1448 2709 1566 2763 ideo
1593 2709 1680 2762 ille
1708 2724 2058 2777 perseverans

477 2799 686 2855 dicebat
717 2819 728 2852 :
762 2801 842 2855 19..
872 2800 1010 2864 Non,
1039 2801 1126 2854 sed
1152 2802 1352 2854 venistis
1382 2810 1436 2854 ut
1470 2802 1675 2872 vestigia
1706 2812 1855 2856 terra!
1881 2803 2061 2872 explo-

477 2890 614 2943 ratis.
660 2891 997 2958 Supervacue
1017 2932 1030 2955 ,
1064 2891 1261 2960 inquit,
1312 2890 1425 2946 haec
1455 2891 1583 2945 mihi
1620 2891 1794 2946 dicit's
1823 2911 1837 2948 :
1865 2894 2060 2948 etenim

478 2979 560 3033 vel
585 2979 697 3048 ipsa
723 2979 983 3034 adventus
1009 2981 1167 3034 vestri
1196 2981 1330 3036 ratio
1355 2980 1609 3044 declarat,
1643 2997 1736 3036 vos
1765 2985 1905 3036 malo
1930 2999 2062 3053 quo-

477 3068 601 3124 dam
635 3071 904 3141 proposito
936 3080 1108 3126 motos
1140 3073 1241 3128 huc
1283 3075 1509 3128 venisse.
1545 3073 1623 3128 Illi
1663 3085 1837 3129 autem
1871 3092 2055 3131 ncces-

478 3159 639 3228 sitate.
659 3162 826 3215 coacti
853 3204 867 3228 ,
898 3173 952 3216 et
982 3162 1224 3217 volentes
1253 3179 1374 3218 eum
1404 3163 1468 3217 ad
1497 3164 1914 3219 misericordiam
1958 3167 2026 3219 lle

476 3261 622 3305 ctcre
648 3251 832 3306 dicunt
861 3271 872 3306 :
902 3255 984 3308 l5.
1019 3253 1290 3307 Duodecim
1329 3272 1505 3309 sumus
1531 3255 1713 3324 fratres
1739 3258 1872 3310 servi
1894 3259 1985 3310 tui.
2015 3257 2059 3314 Ο

477 3342 758 3397 verborum
790 3343 1154 3413 deceptionem
1179 3345 1192 3397 l
1230 3345 1400 3398 Etiam
1427 3360 1550 3399 eum
1579 3362 1736 3415 quem
1765 3347 2056 3414 negotiato-

477 3430 623 3486 ribus
649 3433 1034 3499 vendiderant,
1086 3434 1137 3488 in
1187 3449 1410 3489 numero
1452 3450 1552 3490 suo
1592 3445 1912 3491 recensent:
1959 3451 2059 3494 nec

475 3519 704 3577 dicunt:
749 3523 1034 3578 Duodecim
1087 3525 1284 3579 fuimus
1312 3566 1328 3590 ,
1378 3524 1470 3579 sed
1498 3566 1513 3590 ,
1565 3525 1842 3580 Duodecim
1884 3544 2057 3580 sumus

478 3615 678 3682 fratres,
706 3621 753 3665 et
779 3614 1082 3682 eccejunior
1107 3630 1218 3665 cum
1242 3624 1385 3683 patre
1422 3624 1613 3668 nostro.
1645 3615 1752 3669 Iloc
1780 3616 1920 3670 enim
1943 3625 2058 3671 erat

477 3701 616 3770 quod
646 3702 781 3756 scire
810 3701 1074 3770 cupiebat,
1105 3719 1226 3756 num
1252 3713 1302 3756 et
1332 3703 1547 3757 fratrem
1573 3703 1814 3759 similiter
1841 3704 2058 3760 amisis-

477 3800 617 3852 sent.
647 3789 714 3842 Et
739 3807 848 3843 ecce
863 3791 1040 3861 junior
1066 3809 1177 3844 cum
1204 3806 1347 3861 patre
1374 3804 1545 3846 nostro
1569 3808 1588 3857 ;
1613 3795 1744 3846 alius
1770 3804 1934 3847 autem
1956 3810 2056 3847 non

479 3890 723 3950 superest.
755 3880 861 3934 Nec
889 3881 1070 3934 dicunt
1103 3898 1212 3936 rem
1246 3882 1540 3947 manifeste,
1570 3883 1660 3938 sed
1685 3893 1905 3951 tantum,
1935 3882 2055 3938 Non

474 3981 714 4040 superest.
747 3971 820 4025 Ex
855 3972 952 4024 hoc
979 3987 1097 4026 cum
1140 3973 1497 4042 suspicaretur
1519 4015 1534 4039 ,
1563 3989 1629 4029 ne
1659 3973 1793 4030 forte
1831 3985 1884 4028 et
1916 3975 2054 4028 Ben-

473 4061 637 4128 jamin
665 4065 820 4118 simili
852 4065 1009 4118 modo
1055 4064 1388 4128 aITecissvnt,
1425 4065 1512 4120 14.
1561 4065 1672 4118 Hoc
1705 4077 1816 4131 est,
1850 4067 2054 4136 inquit,

474 4156 607 4224 quod
629 4157 735 4210 dixi
757 4157 910 4220 vobis,
934 4157 1070 4226 quod
1089 4158 1428 4227 exploratOres
1450 4157 1579 4211 sitis.
1607 4159 1690 4212 15.
1722 4157 2056 4228 Nequaquam

478 4247 593 4300 hinc
621 4249 750 4301 enim
779 4249 998 4308 exibitis,
1030 4265 1288 4317 quousque
1314 4251 1471 4318 frater
1498 4258 1653 4301 vester
1673 4249 1855 4318 junior
1875 4249 2057 4299 venerit

476 4336 592 4390 huc.
626 4336 776 4392 Illum
805 4339 984 4393 videre
1026 4339 1179 4402 volo;
1207 4339 1362 4406 cupio
1389 4338 1568 4391 videre
1595 4354 1714 4390 cum
1747 4337 1834 4406 qui
1863 4352 1923 4391 ex
1961 4352 2058 4390 eo-

479 4426 601 4480 dem
634 4436 784 4482 utero
815 4439 966 4480 natus
1005 4438 1085 4482 est
1111 4446 1123 4482 :
1154 4431 1395 4495 SUSpiCOt‘
1423 4429 1564 4481 enim
1606 4444 1668 4480 ex
1709 4428 1788 4481 his
1823 4445 1937 4495 qua'
1967 4443 1995 4479 a
2019 4429 2059 4477 l-

477 4530 668 4570 versus
714 4531 797 4570 me
845 4519 1064 4586 egistis,
1111 4527 1342 4572 mentem
1387 4528 1616 4572 vestram
1667 4517 1899 4571 fraterno
1937 4518 2058 4571 odio

478 4601 742 4659 laborare.
778 4607 831 4659 Si
862 4606 1017 4675 igitur
1040 4609 1195 4661 vultis
1215 4649 1230 4672 ,
1262 4608 1343 4662 16.
1391 4608 1574 4661 Mittite
1607 4626 1762 4661 unmn
1794 4625 1854 4661 ex
1881 4611 2045 4675 vobis,

473 4706 523 4749 et
549 4695 786 4750 adducite
805 4715 915 4750 cum
947 4715 964 4752 :
989 4714 1080 4752 vos
1106 4712 1281 4753 autem
1312 4711 1518 4755 manete
1546 4702 1595 4754 in
1628 4717 1859 4766 carcere,
1886 4703 2058 4757 donec

476 4785 560 4839 ille
591 4787 814 4841 venerit.
859 4787 946 4841 Ille
990 4789 1128 4842 enim
1173 4805 1291 4842 cum
1337 4789 1648 4856 advenerit,
1679 4793 1890 4846 docebit
1931 4809 2055 4846 num

474 4896 595 4932 vera
614 4879 716 4934 sint
734 4880 1110 4950 qu;edicitis,t-t
1130 4880 1367 4934 liberabit
1387 4898 1476 4936 vos
1495 4881 1561 4934 ab
1578 4885 1718 4936 oumi
1738 4884 2054 4952 suspicione.

475 4969 603 5023 Nam
630 4971 670 5023 si
703 4969 802 5024 hoc
833 4987 936 5025 non
971 4969 1123 5023 fuerit
1146 5013 1160 5033 ,
1193 4969 1523 5023 manifestum
1553 4982 1634 5026 est
1677 4988 1770 5026 vos
1800 4974 2048 5041 explora-

476 5067 617 5110 tores
647 5074 781 5117 esse.
808 5071 860 5114 et
891 5070 1166 5130 propterea
1200 5060 1299 5114 huc
1326 5062 1552 5113 venisse.
1589 5061 1651 5114 Et
1684 5063 1781 5114 hoc
1814 5079 1934 5116 cmn
1967 5064 2050 5117 di-

478 5148 657 5210 sisset,
676 5149 760 5203 I7.
787 5150 961 5205 Posuit
980 5169 1064 5204 eos
1088 5153 1136 5204 in
1153 5167 1368 5206 carcere.
1395 5152 1521 5205 Vide
1541 5154 1804 5221 quomodo
1822 5153 2054 5223 ipsorum

481 5237 662 5304 prohat
689 5239 940 5305 animum,
964 5253 1016 5295 ct
1043 5258 1135 5311 per
1163 5258 1220 5296 ea
1245 5259 1360 5311 qu:e
1385 5242 1435 5295 in
1466 5243 1584 5294 illos
1612 5245 1734 5312 agit,
1760 5260 1906 5298 suam
1929 5262 2052 5314 erga

478 5324 691 5380 fratrem
720 5328 956 5383 declarat
983 5332 1424 5386 benevolentiam.
1467 5332 1585 5385 Post
1613 5344 1710 5387 tres
1749 5347 1914 5388 autem
1950 5338 2055 5389 dies

477 5419 659 5469 sociatis
699 5419 820 5485 illis,
844 5421 971 5474 dixit
1007 5437 1025 5474 :
1057 5423 1140 5476 I8.
1190 5422 1300 5476 Hoc
1329 5425 1511 5493 facile,
1555 5434 1600 5478 et
1641 5427 1808 5479 eiectis
1849 5443 1867 5480 :
1896 5427 2055 5479 Deum

467 5508 603 5558 enim
624 5524 712 5578 ego
738 5511 905 5565 timeo.
939 5513 1020 5566 I9.
1063 5513 1122 5566 Si
1149 5515 1350 5581 paciﬁci
1382 5515 1496 5568 estis
1519 5556 1532 5579 ,
1567 5531 1693 5567 unus
1722 5516 1938 5583 fratrum
1965 5534 2048 5569 re-

465 5607 692 5648 'U0ﬂlm
743 5601 1020 5659 detineatur
1091 5607 1171 5658 Itlc
1225 5607 1276 5659 in
1322 5623 1552 5673 carcere,
1597 5624 1680 5660 ros
1715 5618 1879 5660 autem
1938 5626 2056 5676 pro-

1538 233 1601 288 IN
1638 235 1787 291 CAP.
1822 234 1976 290 XLII.
2009 235 2252 292 GENES.
2295 238 2518 294 IIOMIL.
2560 241 2740 297 LXIV.

3661 257 3765 314 530

2194 351 2515 417 ﬁciscimini;
2558 366 2603 409 et
2663 360 2850 412 avclzite
2899 362 3197 432 emptionem
3237 363 3636 430 {runtcntationis
3679 381 3761 416 tte—

2187 451 2321 504 strw,
2349 442 2438 496 20.
2468 455 2510 497 et
2535 448 2738 516 fratrem
2759 460 2976 504 vestrum
2995 454 3254 521 juniorem
3282 457 3446 511 ducite
3483 460 3550 512 ad
3577 477 3653 512 me
3675 498 3690 522 ,
3720 469 3768 512 et

2184 524 2440 609 credibilia
2461 540 2604 582 erunt
2622 531 2764 584 verba
2788 545 2942 586 vestra
2970 551 2988 588 :
3015 538 3147 604 quod
3197 537 3266 588 si~
3299 543 3470 595 ntinus
3492 578 3510 605 ,
3569 541 3765 595 morie-

2190 615 2342 653 ηιυιι.

2259 697 2573 755 Conscientia
2613 705 2819 758 damnat
2861 712 3109 762 conscium
3143 711 3345 777 peccati.
3378 740 3445 750 —
3466 712 3758 768 Considera

2187 792 2563 858 sagacitatem:
2600 796 2790 851 Voleus
2827 813 2973 853 suam
3022 813 3145 870 erga
3181 801 3297 854 illos
3337 803 3757 858 benevolentiam

2185 879 2473 947 declarare,
2518 894 2569 938 et
2608 888 2764 954 patris
2814 890 3080 956 penuriam
3125 891 3610 962 consolari,deque
3658 895 3756 946 fra-

2187 977 2264 1024 tre
2313 975 2581 1029 veritatem
2645 977 2849 1033 discere
2879 1020 2892 1042 ,
2943 995 3046 1033 uno
3110 992 3346 1046 retento,
3397 983 3530 1037 alios
3610 985 3756 1038 abire

2178 1058 2356 1126 jussit.
2404 1065 2505 1119 Sed
2580 1067 2699 1122 vide
2763 1085 2901 1124 nunc
2951 1072 3214 1139 quomodo
3279 1075 3597 1128 conscientia
3657 1090 3751 1129 eo-

2183 1169 2296 1207 rum
2329 1198 2340 1216 ,
2372 1157 2702 1227 incorruptus
2748 1161 2835 1215 ille
2857 1162 3038 1229 judex,
3069 1163 3317 1216 adversm
3347 1179 3442 1219 eos
3483 1165 3750 1233 insurgat,

2180 1253 2232 1296 et
2264 1246 2403 1297 nullo
2427 1259 2676 1316 arguente
2699 1291 2712 1312 ,
2743 1251 2820 1303 vel
2851 1253 2899 1303 in
2930 1251 3155 1305 medium
3181 1253 3445 1322 quidpiam
3475 1255 3748 1317 aITcrente,

2181 1333 2278 1402 ipsi
2305 1337 2383 1388 sui
2410 1337 2642 1406 ipsorum
2671 1355 2795 1394 accu
2827 1354 3001 1396 atorcs
3034 1343 3177 1395 fiant.
3209 1342 3346 1397 Dixit
3373 1345 3534 1410 enim,
3559 1346 3746 1415 inquit,

2179 1426 2515 1495 unusquisque
2542 1428 2610 1479 ad
2639 1432 2842 1497 fratrem
2871 1448 3013 1483 suum
3043 1473 3057 1494 ,
3088 1433 3176 1486 2|.
3209 1433 3389 1486 Merito
3415 1451 3434 1489 :
3458 1437 3507 1488 in
3535 1439 3748 1506 peccatis

2177 1514 2307 1565 enim
2336 1532 2505 1567 sumus
2535 1528 2737 1586 pmptcr
2761 1525 2967 1589 fratrem
2999 1533 3254 1588 nostrum,
3286 1525 3403 1592 quia
3429 1525 3747 1594 despeximus

2174 1604 2484 1673 aﬂlictionsm
2525 1610 2706 1662 anima'
2733 1612 2869 1676 eius,
2901 1614 3100 1679 quando
3129 1613 3483 1684 deprecabatur
3531 1633 3620 1670 nos
3639 1657 3654 1683 ,
3700 1629 3746 1670 et

2175 1710 2273 1748 non
2310 1698 2650 1752 exaudivituus
2686 1717 2834 1767 cum;
2876 1713 3078 1771 propter
3127 1705 3220 1758 hoc
3270 1707 3402 1758 venit
3449 1723 3600 1776 super
3649 1726 3740 1763 nos

2174 1789 2334 1840 omnis
2385 1791 2583 1859 afﬂictio
2627 1793 2749 1845 haec.
2808 1794 2877 1847 Ita
2918 1797 3056 1849 enim
3104 1812 3159 1851 se
3217 1798 3373 1852 habet
3423 1810 3737 1870 peceatum;

2173 1875 2380 1944 quando
2419 1892 2838 1936 consummatum
2869 1893 2949 1937 est
2977 1894 3028 1938 et
3057 1900 3217 1954 opere
3259 1887 3549 1955 perfectum
3572 1933 3586 1952 ,
3619 1900 3741 1946 tunc

2171 1980 2280 2020 sum.
2308 1968 2644 2024 absurditatis
2673 1974 2902 2027 ostendit
2931 1990 3228 2030 excessum.
3274 1977 3334 2031 Et
3379 1979 3514 2032 sicut
3541 1981 3739 2047 ebrius,

2170 2059 2381 2126 quando
2407 2062 2571 2116 multo
2593 2063 2716 2116 vino
2742 2080 2800 2118 se
2829 2066 3131 2135 ingurgitat,
3157 2068 3356 2123 nullum
3383 2071 3540 2124 sentit
3566 2086 3593 2123 a
3618 2073 3740 2126 vino

2169 2147 2456 2214 damnum,
2491 2161 2670 2219 postea
2696 2164 2868 2208 autem
2907 2159 3067 2210 sentit
3093 2161 3454 2227 experimento
3484 2172 3737 2231 quantum

2168 2236 2236 2290 sit
2258 2237 2660 2296 detrimentum:
2682 2244 2746 2297 ita
2765 2254 2815 2297 et
2837 2256 3126 2314 peccatum,
3141 2249 3309 2304 donec
3324 2262 3736 2316 consmnmctur,

2168 2331 2476 2386 obtenebrat
2496 2345 2743 2401 mentem,
2763 2346 2812 2390 et
2839 2339 2986 2406 quasi
3012 2339 3172 2394 densa
3200 2341 3384 2406 nubes,
3415 2343 3482 2395 ita
3509 2354 3735 2397 mentem

2167 2434 2398 2480 exca'cat
2423 2443 2434 2478 :
2455 2425 2647 2483 deinde
2672 2431 2993 2485 conscientia
3022 2433 3259 2502 insurgit,
3288 2445 3341 2489 et
3368 2438 3552 2504 quovis
3581 2453 3734 2491 accu-

2165 2524 2341 2571 satore
2371 2529 2598 2573 mentem
2640 2522 2849 2589 gravius
2878 2523 3074 2576 arrodit
3099 2565 3113 2588 ,
3146 2536 3444 2582 monstrans
3487 2527 3733 2582 absurdi-

2167 2614 2325 2660 tatem
2353 2607 2494 2662 facti.
2526 2610 2805 2664 Enimvero
2836 2611 2953 2665 vide
2981 2628 3118 2667 nunc
3157 2613 3252 2667 bos
3292 2617 3340 2668 in
3387 2619 3580 2684 peccati
3609 2634 3732 2673 seu-

2165 2711 2282 2752 sum
2308 2698 2612 2764 venientes;
2638 2709 2688 2753 et
2723 2715 2842 2754 cum
2868 2701 2932 2755 de
2957 2717 3160 2756 summa
3207 2705 3390 2759 salutis
3440 2708 3732 2774 periculum

2165 2791 2500 2858 immineret,
2533 2801 2654 2847 tunc
2690 2793 2900 2848 tandem
2945 2796 3257 2852 confitentes
3301 2815 3417 2868 qua:
3462 2799 3729 2866 fecerant,

2160 2889 2212 2934 et
2241 2880 2496 2946 dicentes,
2529 2882 2709 2936 Merito
2731 2883 2746 2913 ¹
2779 2901 2792 2936 :
2820 2886 2872 2937 in
2914 2887 3126 2954 peccatis
3168 2888 3299 2941 enim
3324 2904 3498 2942 sumus
3527 2902 3727 2961 prapter

2161 2973 2366 3040 fratrem
2384 2982 2624 3038 nostrum,
2640 2975 2874 3044 quoniam
2899 2977 3212 3043 despeximus
3228 2978 3536 3047 uﬂlirtionem
3553 2983 3734 3035 animo!

2160 3063 2287 3116 eius.
2321 3062 2432 3116 Non
2462 3063 2696 3132 fortuito,
2729 3081 2897 3136 neque
2917 3067 3030 3121 sine
3057 3082 3213 3120 causa
3242 3067 3353 3122 bree
3387 3071 3726 3136 sustinemus,

2159 3153 2250 3207 sed
2273 3153 2412 3222 jttSlc
2440 3163 2495 3210 et
2509 3156 2656 3212 valde
2681 3159 2820 3226 justc
2839 3159 3228 3226 poenasluitnus
3253 3161 3645 3216 inhumanitatis
3678 3173 3730 3218 et

2159 3247 2481 3301 crudelitatis
2505 3264 2660 3317 quam
2688 3264 2810 3318 erga
2845 3248 3056 3302 fratrem
3088 3261 3323 3304 uostrmn
3350 3251 3721 3319 exl‘ibuimus;

2163 3337 2410 3403 Quoniam
2449 3340 2762 3409 despeximus
2807 3341 3117 3410 afﬂictionem
3147 3346 3327 3396 anima:
3355 3345 3492 3412 ejus,
3524 3345 3724 3413 quando

2158 3433 2516 3501 deprecabatur
2566 3450 2655 3488 nos
2679 3476 2694 3500 ,
2725 3443 2768 3487 et
2796 3451 2892 3486 non
2943 3435 3222 3488 audivimus
3250 3451 3379 3489 eum.
3427 3435 3684 3502 Quoniam
3709 3478 3724 3501 ,

2159 3524 2357 3594 inquit,
2408 3525 2607 3594 absque
2655 3524 3112 3578 connniseratioue
3160 3525 3350 3580 fuimus
3375 3568 3390 3592 ,
3421 3535 3474 3582 et
3504 3528 3721 3582 multam

2157 3614 2492 3669 exhibuimus
2533 3614 2923 3678 crudelitatem,
2953 3625 3224 3685 propterea
3255 3632 3393 3672 nunc
3421 3632 3516 3672 nos
3540 3619 3722 3674 eadem

2155 3706 2480 3772 experimur,
2516 3713 2568 3758 et
2594 3703 2804 3758 Praeter
2829 3711 2920 3759 hoc
2951 3709 3078 3760 venit
3141 3706 3353 3776 aﬂlictio
3405 3709 3512 3762 Ittec
3567 3723 3722 3774 super

2152 3805 2266 3844 "08-

2221 3880 2273 3934 3.
2301 3879 2365 3934 Et
2387 3877 2498 3934 hare
2521 3878 2732 3948 quidem
2760 3879 2833 3932 illi
2861 3879 2997 3932 inter
3017 3893 3073 3930 se
3098 3879 3444 3940 deserebant,
3475 3892 3718 3948 putantes

2153 3971 2282 4024 nihil
2325 3969 2514 4024 borum
2541 3969 2724 4024 audire
2751 3968 3058 4037 Josephum.
3091 3967 3217 4021 Nam
3250 3970 3394 4036 quasi
3439 3970 3716 4038 ignorans,

2150 4073 2203 4117 et
2229 4061 2473 4116 nesciens
2501 4076 2683 4114 eorum
2731 4061 2992 4129 linguam,
3043 4075 3135 4128 per
3170 4060 3504 4128 interpretem
3536 4063 3718 4132 loque-

2153 4154 2306 4207 batur
2338 4153 2414 4206 cis
2434 4195 2448 4218 ,
2479 4153 2565 4221 qui
2596 4166 2656 4206 ea
2687 4168 2803 4221 qua:
2831 4151 2902 4204 illi
2931 4151 3299 4219 loquebantur,
3330 4161 3380 4204 el
3403 4167 3462 4205 ea
3489 4168 3606 4222 qum
3633 4153 3718 4207 ille

2149 4245 2255 4306 iis,
2289 4245 2594 4312 explicaret.
2627 4243 2715 4296 22.
2758 4243 2976 4295 Audiens
3016 4253 3180 4294 autem
3214 4245 3317 4295 hare
3367 4244 3566 4305 Ruben,
3594 4246 3721 4298 dixit

2149 4337 2219 4388 eis
2244 4351 2262 4389 :
2290 4335 2472 4388 Nonne
2495 4335 2728 4400 loquutus
2759 4351 2869 4387 sum
2899 4333 3032 4385 vobis
3058 4333 3223 4384 dicens
3251 4348 3271 4386 :
3301 4333 3378 4386 Ne
3403 4335 3587 4402 injuria
3611 4337 3719 4404 afﬁ-

2148 4427 2292 4479 ciatis
2332 4441 2560 4496 puerum,
2591 4434 2634 4478 et
2663 4441 2760 4477 non
2785 4425 3058 4477 exaudistis
3089 4423 3208 4476 me?
3259 4422 3321 4475 Et
3365 4440 3476 4476 cccc
3509 4427 3715 4494 sanguis

2149 4519 2258 4588 cjus
2307 4518 2600 4590 exquiritur.
2653 4515 2834 4568 Nonne
2879 4526 3036 4580 tuac,
3099 4515 3291 4583 inquit,
3346 4517 3714 4580 conSuIebam,

2152 4624 2327 4662 nonne
2402 4606 2775 4671 obsecrabat",
2837 4621 2903 4658 ne
2969 4605 3106 4674 quod
3159 4616 3426 4673 peccatum
3485 4607 3534 4660 in
3600 4624 3717 4661 eum

2151 4699 2544 4753 atlmittcl'etis?
2600 4699 2881 4767 I‘rOpterca
2927 4714 3063 4751 nunc
3113 4697 3331 4768 Sanguis
3383 4699 3490 4768 ejus
3546 4703 3717 4768 exqui-

2152 4796 2296 4847 ritur.
2350 4793 2480 4848 Nam
2526 4803 2776 4862 quantum
2818 4791 2881 4843 ad
2945 4793 3269 4859 propositum
3315 4800 3579 4853 vestrum,
3631 4808 3720 4844 oe-

2150 4885 2351 4941 cidistis
2398 4902 2411 4936 :
2462 4884 2584 4936 licet
2648 4883 2787 4934 enim
2857 4898 2959 4934 non
3026 4897 3120 4949 per
3185 4880 3422 4949 jugulum
3489 4880 3718 4946 gladium

2154 4973 2548 5030 transmiseritis
2573 5011 2587 5036 ,
2621 4971 2858 5024 barbaris
2885 4982 3058 5025 tamen
3091 4972 3212 5022 viris
3242 4985 3360 5020 etim
3393 4968 3717 5030 vendidistis,

2150 5078 2203 5124 et
2229 5075 2399 5121 morte
2424 5064 2772 5117 difﬁciliorem
2802 5064 2848 5117 ei
2879 5062 3183 5114 servitutem
3215 5059 3576 5126 excogitastis:
3604 5058 3720 5111 ideo

2152 5173 2292 5213 nunc
2337 5155 2558 5224 Sanguis
2601 5155 2708 5223 ejus
2743 5153 3034 5221 exquiritur.
3083 5148 3263 5216 Cogita
3312 5159 3561 5216 quantum
3597 5150 3658 5200 sit
3690 5166 3718 5201 a

2151 5250 2469 5305 conscientia
2499 5261 2591 5300 sua
2619 5245 2852 5298 accusari
2879 5286 2892 5304 ,
2921 5243 3214 5309 hahereque
3246 5249 3501 5309 perpetuo
3526 5257 3717 5308 urgen-

2153 5353 2254 5396 tem
2281 5350 2334 5394 ct
2359 5340 2670 5392 clamantem
2700 5344 3054 5387 atcusatorem
3073 5371 3087 5392 ,
3117 5340 3168 5383 et
3197 5331 3371 5385 scelus
3393 5346 3690 5386 commemo

2151 5445 2373 5488 rantem.
2404 5431 2493 5484 23.
2526 5429 2590 5482 Et
2611 5434 2716 5481 hac
2736 5427 2892 5478 audiit
2927 5425 3123 5496 quidem
3161 5423 3380 5490 Joscph,
3419 5425 3515 5492 ipsi
3559 5436 3722 5479 autent

2151 5526 2494 5587 nesciverunt,
2545 5537 2601 5573 co
2646 5518 2780 5587 quod
2828 5519 3096 5586 interprete
3151 5525 3369 5568 uteretur
3413 5533 3431 5569 :
3481 5516 3572 5571 sed
3618 5535 3720 5572 non

2153 5619 2284 5670 ultra
2314 5615 2451 5669 ferre
2480 5613 2676 5684 potuit,
2708 5611 2936 5665 fraterna
2969 5618 3150 5661 natura
3183 5615 3236 5659 et
3265 5608 3720 5662 connniscratitute
