4164 6224
385 174 478 232 551
1177 169 1234 225 S.
1275 166 1551 225 JOANNIS
1609 162 2078 223 CﬂRYSOSTOMl
2119 160 2435 224 ARCHIEP.
2475 167 3014 229 CONSTANTINOP.

377 289 558 360 ipsum
588 296 864 356 arguente.
890 285 979 341 24.
1012 285 1076 338 Et
1102 298 1322 345 aversus,
1353 282 1553 351 inquit,
1584 281 1644 335 ab
1691 281 1780 344 eis,
1804 280 1971 352 ﬂevit,

385 391 441 436 ut
466 395 576 436 non
607 388 984 450 agnosceretur
1009 375 1077 431 ab
1105 377 1202 430 cis.
1237 374 1305 427 Et
1332 375 1510 428 iterum
1539 373 1745 428 accessit
1773 373 1841 426 ad
1868 387 1973 438 eos,

383 484 428 528 et
487 474 727 544 loquutus
770 480 852 525 est
887 470 976 523 eis.
1025 466 1120 523 25.
1187 465 1255 520 Et
1296 466 1487 536 accepit
1546 465 1884 536 Symeonem,
1931 472 1976 518 et

382 568 541 622 vinxit
571 582 684 620 cum
715 580 882 618 coram
913 562 1003 615 eis.
1037 560 1166 614 Vide
1192 559 1460 628 quomodo
1485 559 1662 614 omnia
1689 558 1846 614 faciat
1872 569 1976 628 quo

383 660 606 714 incutiat
631 657 711 713 eis
738 665 998 711 terrorem
1026 671 1041 719 ;
1065 663 1123 708 ut
1147 652 1390 708 videntes
1417 651 1628 707 vincula
1656 651 1938 723 Symeonis
1955 692 1972 719 ,

385 751 590 805 indiciis
615 761 674 804 se
705 747 1014 818 proderent,
1046 757 1113 802 an
1142 745 1320 801 fratris
1349 745 1579 816 aliquam
1623 743 1974 801 commisera-

383 843 582 898 tionem
613 840 890 896 haberent.
945 839 1070 895 Haec
1097 839 1236 894 enim
1265 837 1440 892 omnia
1473 839 1599 893 facit
1627 836 1858 907 probans
1883 849 1975 892 eo-

383 950 498 990 rum
521 943 778 1000 nrentem,
801 933 1004 988 etscire
1028 932 1234 996 volens,
1257 947 1383 986 num
1405 939 1458 986 et
1485 939 1669 986 contra
1694 928 1972 1000 Benjamin

382 1026 514 1081 tales
543 1024 737 1079 fuerint
757 1035 774 1077 τ
795 1033 1072 1094 propterea
1104 1035 1153 1078 et
1177 1022 1496 1094 Symeonem
1525 1035 1705 1076 coram
1735 1020 1814 1075 eis
1844 1020 1972 1075 vin-

377 1119 474 1174 ciri
498 1118 669 1187 jubet,
701 1124 757 1170 ut
784 1115 1066 1185 diligenter
1092 1129 1185 1169 eos
1207 1113 1415 1183 probet,
1439 1121 1492 1166 et
1515 1112 1642 1166 sciat
1665 1123 1790 1164 num
1815 1123 1971 1180 quam

381 1209 722 1264 dilectionem
751 1221 875 1277 erga
918 1205 1062 1260 illmn
1102 1203 1378 1258 haberent.
1427 1201 1559 1256 Nam
1605 1199 1971 1256 misericordia

383 1304 435 1358 in
481 1303 630 1358 illum
677 1299 935 1365 faciebat,
982 1305 1039 1353 ut
1083 1298 1239 1352 citius
1280 1295 1554 1366 Benjamin
1599 1293 1968 1349 adducerent:

379 1397 522 1469 quod
553 1395 664 1450 fieri
695 1393 941 1457 volebat,
972 1401 1030 1447 ut
1053 1390 1283 1446 adventu
1314 1390 1491 1444 fratris
1530 1402 1749 1445 securus
1773 1385 1970 1444 redde-

382 1500 545 1544 retur.
572 1486 635 1542 Et
660 1484 937 1547 mandarit,
972 1485 1159 1554 inquit,
1188 1493 1242 1536 ut
1280 1483 1414 1538 sacci
1440 1499 1614 1536 eorum
1639 1481 1972 1552 implerentur

381 1585 651 1652 frumento,
673 1592 719 1636 et
741 1591 1064 1650 reponeretur
1093 1579 1305 1648 pecunia
1341 1579 1734 1649 uniuscujusque
1765 1576 1818 1631 in
1853 1592 1968 1631 sac-

377 1692 492 1729 cum
511 1690 678 1740 suum,
698 1685 742 1727 et
764 1673 968 1726 daretur
988 1672 1058 1726 eis
1085 1671 1320 1725 viaticum
1339 1670 1390 1723 in
1415 1669 1612 1723 itinere.
1639 1668 1730 1724 26.
1771 1664 1971 1722 Etcum

379 1767 731 1837 imposuissent
765 1764 922 1818 asinis
955 1761 1080 1830 suis,
1113 1760 1361 1816 abierunt.
1407 1759 1539 1814 Vide
1560 1767 1753 1830 quanta
1775 1755 1970 1814 libera-

382 1857 530 1910 litate
552 1863 749 1920 utatur,
790 1853 918 1908 dum
971 1854 1131 1906 etiam
1185 1852 1363 1906 invitis
1407 1851 1484 1905 eis
1528 1849 1809 1918 hcnel'acit,
1861 1865 1968 1905 non

380 1947 702 2001 frumentum
751 1945 923 2001 solum
971 1942 1124 2008 dans,
1177 1942 1272 1998 sed
1321 1942 1481 1998 etiam
1533 1943 1830 2012 pecuniam,
1875 1942 1966 1996 2'7.

380 2037 507 2091 Cum
547 2047 720 2090 autent
770 2052 900 2089 unus
947 2051 1010 2088 ea:
1059 2035 1128 2088 eis
1169 2033 1444 2104 aperuisset
1473 2049 1696 2097 saccum,
1747 2041 1804 2086 ut
1825 2032 1969 2086 daret

377 2125 619 2198 pabulum
662 2126 838 2190 asinis,
877 2125 968 2180 28.
999 2125 1122 2179 vidit
1163 2124 1449 2195 pecuniam,
1489 2133 1536 2178 et
1565 2123 1693 2177 dixit
1727 2123 1968 2194 fratribus

376 2221 503 2274 suis.
538 2218 758 2290 Propter
782 2217 879 2272 hoc
908 2217 1176 2271 attonitunt
1205 2225 1279 2271 est
1320 2233 1408 2270 cor
1452 2232 1644 2280 eorum,
1692 2225 1737 2269 et
1783 2215 1969 2270 turbati

376 2319 694 2366 suntmutuo
728 2309 948 2363 dicentes
968 2323 987 2362 :
1015 2307 1118 2362 Cur
1140 2307 1232 2362 hoc
1272 2307 1384 2376 fecit
1411 2307 1552 2362 nobis
1575 2305 1750 2361 Deus?
1769 2303 1966 2362 lterum

378 2402 544 2473 magis
571 2401 717 2456 anxii
750 2400 868 2455 facti
892 2409 1037 2468 sunt,
1060 2399 1392 2468 suspicantes
1415 2414 1482 2452 ne
1507 2407 1560 2453 et
1589 2398 1688 2452 hoc
1712 2410 1966 2467 augmen-

377 2505 486 2549 tum
515 2494 592 2549 eis
618 2502 759 2548 esset
780 2489 1230 2553 criminationem,
1255 2498 1354 2545 eta
1371 2489 1694 2544 conscientia
1711 2487 1964 2554 accusati,

375 2584 553 2638 omnia
585 2582 886 2637 tribuebant
917 2589 1135 2651 peccato
1160 2581 1299 2650 quod
1319 2581 1370 2634 in
1392 2578 1590 2648 Joseph
1617 2578 1963 2634 admiserant.

376 2676 510 2730 Cum
540 2673 810 2728 venissent
835 2684 1010 2726 autem
1049 2670 1115 2724 ad
1149 2683 1373 2740 patrem,
1403 2679 1459 2724 et
1489 2669 1666 2725 omnia
1704 2667 1754 2725 ei
1799 2669 1968 2725 mani—

377 2770 511 2822 feste
549 2762 934 2833 declarassem,
987 2771 1337 2818 narravcrunt
1365 2760 1785 2833 indignationem
1821 2763 1968 2834 prin-

375 2858 505 2927 cipis
528 2855 785 2929 Egypti,
817 2870 975 2926 quam
1003 2853 1207 2924 experti
1228 2862 1352 2908 sunt
1383 2871 1395 2906 :
1424 2863 1477 2909 et
1520 2869 1603 2924 qui
1627 2850 1664 2908 d
1704 2855 1968 2924 posuisset

373 2963 464 3004 eos
511 2950 566 3002 in
615 2947 897 3015 custodia,
954 2946 1103 3017 quasi
1142 2946 1532 3014 exploratores.
1586 2946 1675 3001 3i.
1727 2945 1966 3002 Diximus

372 3051 539 3096 autem
561 3042 626 3108 ei,
659 3040 922 3110 inquiunt,
980 3038 1117 3109 quod
1152 3038 1352 3108 paciﬁci
1399 3039 1577 3106 simus,
1610 3040 1702 3096 32.
1740 3050 1786 3096 et
1827 3040 1964 3111 quod

373 3133 635 3186 duodecim
657 3132 813 3186 simus
839 3133 1044 3203 fratres,
1077 3139 1123 3184 et
1151 3131 1286 3200 quod
1323 3147 1452 3185 unus
1476 3149 1575 3186 non
1609 3133 1843 3204 supersit,
1869 3133 1965 3187 mi-

373 3223 540 3277 nimus
581 3229 750 3276 autem
802 3223 867 3277 sit
921 3239 1035 3276 cum
1072 3232 1215 3294 patre
1251 3232 1439 3278 nostro.
1482 3225 1570 3279 55.
1619 3223 1764 3278 Dixit
1797 3233 1964 3279 autem

373 3316 514 3370 nobis
545 3331 564 3370 :
588 3315 656 3369 In
681 3316 781 3368 Itoc-
800 3313 1120 3368 declarabitis
1148 3315 1282 3386 quod
1307 3316 1509 3387 paciﬁci
1548 3317 1692 3384 sitis,
1721 3317 1766 3370 si
1805 3319 1964 3389 fratre

372 3425 473 3463 uno
495 3408 574 3462 hic
594 3405 788 3474 relicto,
813 3407 899 3462 54.
933 3405 1194 3461 adducetis
1213 3411 1422 3478 fratrem
1442 3418 1659 3462 vestrum
1695 3410 1959 3478 minorem,

372 3510 427 3554 ut
451 3500 609 3554 sciam
651 3498 786 3566 quod
811 3514 911 3552 non
931 3497 1042 3552 sitis
1066 3498 1426 3569 exploratores.
1461 3497 1585 3553 llarc
1625 3499 1814 3555 iterum
1863 3515 1961 3555 ex-

370 3599 752 3663 asperaverunt
767 3589 894 3660 justi
918 3590 1243 3646 maestitiam.
1267 3590 1390 3645 Post
1412 3591 1766 3647 narrationem
1784 3603 1961 3649 autem

372 3685 508 3741 hanc
534 3685 758 3746 tristem,
801 3698 922 3740 cum
950 3692 1298 3739 evacuassent
1341 3698 1526 3739 omnes
1575 3699 1760 3740 saccos
1798 3700 1958 3751 suos,

372 3777 572 3832 invenit
609 3775 972 3846 unusquisque
1025 3775 1304 3846 pecuniam
1355 3790 1529 3842 suam,
1570 3785 1624 3831 et
1669 3779 1962 3833 timuerunt

370 3871 470 3940 ipsi
501 3879 555 3925 et
582 3878 730 3940 pater
756 3884 966 3925 eorum.
997 3869 1066 3924 Et
1093 3869 1231 3935 vide,
1263 3883 1379 3936 oro,
1422 3869 1613 3924 iterum
1650 3868 1735 3925 hic
1774 3885 1956 3926 senem

372 3963 688 4033 plorantem.
724 3962 790 4016 Et
828 3963 1079 4032 quidnam
1105 3963 1233 4018 dicit
1253 3964 1374 4018 eis?
1422 3964 1510 4019 36.
1565 3963 1653 4018 Me
1695 3963 1879 4035 absque
1905 3965 1960 4019 li-

374 4057 503 4112 beris
550 4072 658 4110 esse
695 4055 880 4125 fecistis
905 4073 924 4109 :
950 4053 1144 4124 Joseph
1187 4072 1286 4109 non
1318 4063 1411 4120 est,
1444 4055 1669 4125 Symeon
1717 4071 1817 4109 non
1852 4066 1957 4124 est,

367 4158 414 4203 et
440 4149 573 4203 [tunc
593 4147 860 4219 Benjamin
889 4147 1187 4217 accipietis?
1220 4146 1391 4217 Super
1427 4163 1505 4202 me
1543 4150 1680 4218 facta
1714 4156 1828 4201 sunt
1856 4148 1963 4203 lucc

373 4242 566 4296 omnia.
586 4239 701 4294 Non
728 4237 1023 4294 sufficiebat
1047 4237 1196 4302 mihi,
1218 4239 1598 4308 inquit,_luctus
1619 4237 1838 4308 Joseph,
1863 4238 1960 4294 sed

374 4331 643 4401 adjecistis
681 4330 729 4385 ei
759 4338 814 4384 et
859 4328 1180 4400 Symeonem
1211 4338 1306 4382 :et
1359 4343 1531 4398 neque
1585 4327 1670 4383 hic
1714 4328 1957 4384 dolorum

375 4439 614 4478 meorum
648 4422 768 4476 finis
793 4430 896 4488 est,
942 4421 1036 4476 sed
1075 4428 1132 4476 et
1167 4419 1441 4488 Benjarnin
1488 4419 1732 4489 accipere
1776 4421 1956 4478 vultis.

373 4515 544 4584 Super
567 4527 646 4565 me
671 4514 806 4582 facta
829 4522 944 4566 sunt
966 4512 1075 4566 hare
1103 4511 1294 4564 omnia.
1325 4509 1608 4564 Sufficiunt
1638 4511 1750 4566 lucc
1775 4513 1955 4582 verba,

374 4619 429 4662 ut
473 4605 717 4660 videatur
766 4619 924 4674 quam
977 4604 1215 4673 disrupta
1265 4602 1463 4657 fuerint
1515 4603 1682 4672 patris
1733 4603 1957 4661 viscera.

373 4697 832 4770 Quemadmodum
891 4699 1030 4752 enim
1095 4697 1192 4766 ipsi
1237 4697 1412 4752 omnis
1471 4711 1594 4768 Spes
1643 4697 1712 4754 de
1760 4699 1957 4770 Joseph

371 4794 617 4863 adempta
635 4799 750 4846 erat
777 4790 1016 4863 (putabat
1039 4791 1178 4845 enim
1200 4805 1321 4845 eum
1339 4806 1366 4843 a
1387 4791 1572 4846 bestiis
1586 4791 1954 4866 devoratum);

374 4888 439 4941 ita
490 4894 545 4942 et
597 4900 769 4956 neque
821 4884 889 4939 de
942 4885 1209 4956 Symeone
1256 4899 1405 4953 spem
1435 4884 1534 4939 sibi
1565 4885 1953 4953 pollicebatur:

373 4993 510 5034 nunc
530 4993 740 5048 quoque
767 4977 908 5032 idem
943 4976 1011 5031 de
1056 4975 1331 5044 Benjamin
1361 4975 1626 5031 formidat.
1677 4978 1959 5033 Verumta-

367 5086 492 5126 men
538 5070 900 5126 reluctabatur
928 5069 1124 5135 adhuc,
1152 5076 1206 5122 et
1259 5083 1364 5122 non
1393 5067 1551 5123 dabat
1600 5083 1840 5139 puerum.
1867 5071 1957 5126 ⁸57.

369 5162 514 5216 Dixit
534 5171 704 5217 autem
752 5163 796 5217 ei
843 5161 1020 5216 Ruben
1071 5161 1432 5230 primogenitus
1455 5161 1606 5230 ejus:
1635 5161 1774 5216 Duos
1823 5163 1959 5232 ﬁlios

373 5271 504 5308 meos
528 5254 717 5320 occide,
748 5254 792 5309 si
819 5270 922 5308 non
963 5253 1201 5308 reducam
1245 5269 1357 5306 eum
1399 5254 1468 5306 ad
1510 5265 1574 5308 te.
1622 5253 1704 5308 Da
1751 5272 1866 5309 eum
1903 5256 1957 5310 in

368 5360 576 5400 manum
603 5361 788 5412 meam,
820 5355 867 5401 et
890 5361 983 5416 ego
1002 5345 1240 5399 reducam
1263 5362 1375 5399 eum
1402 5345 1471 5399 ad
1497 5356 1562 5399 te.
1590 5345 1736 5409 Mihi,
1766 5347 1954 5418 inquit,

367 5453 490 5492 eum
515 5438 695 5506 crede,
729 5437 859 5493 mihi
883 5437 1054 5504 trade,
1083 5447 1137 5493 et
1158 5453 1257 5509 ego
1285 5438 1380 5493 tibi
1420 5453 1543 5494 eum
1574 5439 1846 5496 reducam.

439 5533 493 5587 l.
534 5533 648 5588 lloc
670 5543 849 5589 autem
881 5533 1105 5590 faciebat
1149 5531 1360 5599 Ruben,
1409 5533 1650 5604 cogitans
1689 5548 1798 5588 non
1837 5548 1958 5590 esse

374 5625 663 5694 possibile,
717 5628 816 5681 nisi
866 5643 996 5697 puer
1044 5626 1198 5683 simul
1245 5624 1632 5691 descenderet,
1685 5625 1827 5694 ipsos
1887 5627 1953 5682 ad

3568 177 3680 237 55:2

2088 280 2374 353 A‘gyptnm
2419 284 2595 340 redire
2619 324 2636 350 ,
2681 295 2735 342 et
2778 299 2898 357 qua:
2925 286 2993 343 ad
3039 286 3290 344 alimenta
3332 287 3674 358 pertinebant

2083 389 2281 431 carere.
2315 376 2433 433 Non
2457 378 2600 435 cedit
2625 386 2800 436 tamen
2829 391 2996 452 pater,
3027 381 3122 448 sed
3144 378 3309 438 dicit:
3341 382 3432 439 88.
3463 382 3678 455 Nequa-

2080 484 2232 537 quam
2272 469 2535 525 descendet
2563 470 2702 540 ﬁlius
2731 486 2870 528 meus
2897 474 3173 529 vobiscum.
3219 473 3422 531 Deinde
3456 487 3509 532 et
3549 492 3679 533 cart-

2081 572 2193 613 sam
2222 559 2371 626 dieit,
2408 562 2559 632 quasi
2599 563 2858 619 rationem
2906 564 3137 620 reddens
3160 564 3322 621 filiis:
3358 566 3491 633 Quia
3516 569 3682 640 frater

2080 650 2189 719 ejus
2219 662 2446 706 mortuus
2469 659 2560 718 est,
2596 662 2642 707 et
2668 654 2777 725 ipse
2797 655 2935 709 solus
2961 663 3031 710 est
3051 656 3276 711 relictus.
3305 656 3378 711 Et-
3398 660 3675 730 continget,

2079 756 2192 794 cum
2215 751 2388 814 utpote
2423 743 2569 798 valde
2583 745 2822 815 juvenem
2851 745 2902 800 in
2933 746 3112 802 itinere
3141 747 3400 819 languere,
3441 759 3490 804 et
3513 747 3679 803 dedu-

2079 837 2199 890 cetis
2225 846 2523 892 senectutem
2545 853 2708 892 meam
2729 852 2843 892 cum
2871 839 3077 894 tristitia
3101 838 3173 894 ad
3214 838 3424 911 inferos.
3457 839 3676 909 Timeo,

2079 925 2268 996 inquit,
2301 926 2442 982 metti
2469 927 2822 984 adolescentis
2844 970 2858 995 ,
2903 938 2956 984 ct
2999 931 3243 1000 suspicor
3273 946 3340 986 ne
3380 931 3541 987 etiam
3573 933 3677 989 hac

2077 1017 2444 1073 consolatione
2461 1018 2720 1088 privatus,
2735 1033 2854 1074 cum
2874 1018 3056 1074 dolore
3075 1020 3234 1074 vitam
3255 1021 3453 1076 finiam.
3475 1021 3676 1090 Quant-

2078 1108 2168 1164 diu
2201 1111 2341 1164 enim
2369 1109 2459 1164 ille
2486 1125 2697 1166 mecum
2726 1119 2828 1178 est,
2850 1108 3037 1165 videor
3057 1111 3184 1166 mihi
3215 1111 3415 1168 habere
3438 1113 3674 1184 aliquam

2077 1201 2526 1270 conSolationem,
2558 1212 2611 1257 et
2634 1202 2790 1272 hujus
2811 1203 3144 1259 consuetudo
3173 1199 3364 1259 minuit
3408 1205 3536 1259 mihi
3575 1203 3674 1260 do-

2077 1294 2267 1359 lorem,
2298 1309 2454 1364 quem
2485 1307 2552 1349 ex
2583 1291 2746 1350 fratre
2775 1294 2892 1365 ejus
2918 1294 3162 1364 concepi.
3191 1293 3257 1350 Et
3282 1309 3435 1351 amor
3451 1296 3673 1366 quidem

2075 1387 2193 1454 ejus
2212 1397 2336 1455 erga
2358 1384 2726 1455 Benjaminum
2745 1398 2850 1439 non
2877 1384 3205 1440 concedebat
3236 1395 3294 1441 ut
3319 1384 3465 1440 illum
3487 1387 3673 1441 «limit.

2076 1486 2246 1543 teret;
2283 1479 2333 1532 i.
2373 1475 2654 1532 Violentior
2691 1487 2859 1532 autem
2891 1476 3039 1546 [iebat
3073 1477 3262 1548 fames,
3293 1487 3340 1534 et
3370 1478 3672 1548 deﬁciebant

2074 1569 2145 1624 eis
2170 1568 2286 1623 cibi.
2326 1568 2381 1622 Ξ.
2415 1566 2480 1623 Et
2497 1568 2623 1623 dicit
2653 1569 2721 1623 eis
2741 1577 2883 1638 pater
2913 1582 2933 1622 :
2968 1565 3114 1624 Abite
3139 1569 3341 1638 iterum,
3370 1569 3550 1637 afferte
3573 1586 3672 1626 no-

2074 1661 2148 1715 bis
2182 1676 2345 1732 pauca
2375 1660 2565 1715 edulia.
2607 1660 2661 1716 5.
2710 1659 2855 1715 Dixit
2898 1671 3066 1716 autem
3092 1660 3136 1716 ei
3163 1659 3333 1716 ludas
3361 1677 3380 1717 :
3410 1661 3670 1719 Testando

2073 1761 2334 1806 attestatus
2362 1761 2436 1807 est
2455 1752 2598 1806 nobis
2625 1752 2799 1818 homo,
2844 1751 3016 1807 dicens
3036 1768 3056 1808 :
3087 1751 3209 1807 Non
3241 1753 3468 1809 videbitis
3488 1756 3671 1827 facient

2073 1858 2255 1906 meam,
2277 1843 2372 1897 nisi
2394 1842 2556 1912 frater
2573 1850 2730 1898 vester
2740 1843 2922 1913 junior
2935 1843 3188 1899 vobiscum
3211 1845 3387 1916 fuerit.
3406 1847 3462 1901 4.
3489 1845 3674 1918 Itaque

2072 1932 2117 1988 si
2140 1934 2295 1988 mittis
2335 1933 2593 1989 nobiscum
2645 1934 2857 2002 fratrem
2886 1944 3138 2001 nostrum,
3180 1934 3572 2002 descendemus,
3623 1947 3673 1992 et

2071 2039 2290 2079 curemus
2318 2026 2406 2078 tibi
2429 2026 2720 2096 frumenta:
2747 2025 2802 2080 5.
2830 2024 2909 2079 sin
2939 2023 3126 2090 minus,
3172 2041 3272 2079 non
3289 2026 3490 2081 ibimus.
3523 2025 3668 2083 Nam

2072 2109 2223 2168 homo
2252 2115 2341 2169 ille
2367 2114 2496 2170 dixit
2519 2115 2662 2170 nobis
2691 2130 2711 2170 :
2741 2113 2863 2170 Non
2891 2116 3118 2171 videbitis
3143 2117 3325 2189 faciem
3357 2135 3538 2187 meam,
3567 2121 3670 2176 nisi

2071 2210 2231 2282 frater
2259 2221 2418 2266 vester
2447 2212 2632 2283 junior
2670 2213 2822 2285 fuerit
2853 2213 3108 2268 vobiscum
3168 2212 3371 2286 (Caput
3414 2212 3537 2286 i5).
3590 2211 3670 2270 Ne

2073 2312 2246 2371 putes,
2284 2302 2475 2373 inquit,
2504 2303 2620 2358 sine
2654 2303 2816 2358 fratre
2846 2317 2944 2358 nos
2979 2319 3134 2374 posse
3169 2303 3496 2360 descendere
3518 2305 3664 2362 illuc.

2070 2393 2123 2448 Si
2164 2394 2305 2449 enim
2321 2395 2400 2450 vis
2423 2406 2665 2451 nostrum
2697 2396 3014 2451 descensum
3041 2395 3271 2465 irritum,
3291 2405 3344 2453 et
3361 2408 3457 2452 nos
3479 2409 3670 2453 omnes

2071 2485 2322 2554 periculis
2349 2484 2584 2552 involvi,
2621 2487 2760 2541 viam
2792 2498 3030 2542 nostram
3062 2487 3338 2543 abeamus.
3380 2487 3531 2545 Scias
3572 2503 3670 2544 au-

2075 2582 2182 2629 tem
2213 2574 2360 2630 illum
2391 2584 2740 2646 protestatutn
2778 2577 2976 2645 fuisse,
3017 2593 3116 2634 nos
3160 2593 3267 2634 non
3309 2580 3515 2636 visuros
3545 2594 3668 2638 esse

2071 2663 2257 2720 faciem
2303 2665 2455 2736 ejus,
2489 2667 2590 2722 nisi
2630 2667 2794 2723 frater
2833 2669 3012 2738 junior
3052 2670 3325 2726 nobiscum
3369 2672 3664 2727 advenerit.

2071 2758 2343 2829 Angustias
2374 2759 2606 2831 undique
2633 2771 2789 2815 erant
2811 2760 3011 2829 Jacob;
3041 2761 3160 2818 ideo
3193 2763 3407 2832 plorans
3435 2763 3564 2818 dicit
3596 2764 3667 2820 ad

2071 2865 2199 2905 eos:
2229 2850 2282 2905 6.
2313 2850 2482 2916 Quare
2501 2851 2747 2923 amixistis
2775 2868 2854 2907 me
2874 2895 2888 2918 ,
2920 2855 3277 2909 annuntiantcs
3307 2856 3413 2911 viro
3443 2857 3580 2928 quod
3598 2858 3666 2912 sit

2067 2943 2204 2998 vobis
2246 2944 2444 3014 frater?
2489 2943 2592 3000 Cur
2651 2959 2731 3001 me
2767 2944 3052 3019 aﬂiixistis?
3097 2944 3276 3014 Quare
3312 2947 3440 3003 mihi
3473 2950 3665 3004 horum

2069 3035 2328 3090 malorum
2356 3047 2604 3094 auctores
2627 3037 2746 3093 facti
2774 3038 2945 3095 estis?
2971 3038 3104 3094 Nam
3134 3041 3178 3095 si
3208 3040 3309 3096 hoc
3335 3042 3432 3111 ipsi
3456 3057 3560 3096 non
3591 3043 3666 3098 si-

2066 3128 2422 3200 gnificassetis
2443 3170 2458 3197 ,
2503 3145 2837 3202 nequaquam
2879 3132 3146 3204 Symeone
3181 3134 3416 3203 privatus
3445 3148 3617 3190 essem
3642 3177 3660 3202 ,

2070 3237 2170 3277 nec
2200 3222 2348 3276 illum
2372 3238 2400 3276 a
2430 3224 2584 3278 vobis
2609 3223 2992 3294 requisivisset.
3016 3226 3068 3280 7.
3096 3223 3185 3280 Illi
3204 3237 3373 3280 autem
3393 3228 3662 3282 dixerunt:

2069 3309 2406 3384 Interrogavit
2449 3330 2540 3369 nos
2569 3317 2740 3384 homo,
2771 3333 2890 3370 num
2932 3317 3101 3371 adhuc
3131 3328 3275 3389 pater
3304 3327 3470 3374 noster
3492 3319 3660 3390 vivat,

2068 3413 2114 3458 et
2145 3420 2265 3457 num
2290 3405 2354 3458 sit
2378 3403 2518 3460 nobis
2543 3405 2722 3475 frater,
2757 3415 2803 3461 et
2827 3407 3237 3462 annuntiavimus
3256 3409 3322 3462 ei.
3362 3406 3502 3463 Num
3526 3411 3662 3464 scie-

2069 3491 2246 3548 bamus
2291 3494 2428 3565 quod
2466 3493 2692 3551 dicturus
2740 3504 2867 3552 esset
2915 3497 3094 3566 nobis,
3141 3497 3391 3554 Adducite
3449 3502 3658 3572 fratrem

2066 3585 2324 3642 vestrum?
2351 3587 2429 3643 Ne
2455 3598 2631 3664 putes,
2663 3587 2851 3661 inquit,
2886 3599 3079 3662 sponte
3103 3607 3200 3648 nos
3233 3589 3508 3649 confessos
3535 3609 3660 3650 esse

2065 3681 2202 3748 viro,
2236 3690 2296 3736 ut
2321 3698 2379 3738 se
2419 3682 2651 3740 habeant
2685 3700 2772 3741 res
2799 3696 3016 3745 nostrae.
3049 3683 3310 3754 Quoniam
3335 3690 3477 3744 enim
3505 3686 3658 3759 quasi

2065 3775 2434 3844 exploratores
2456 3775 2507 3830 in
2531 3777 2888 3848 suspicionem
2915 3793 3036 3835 cum
3064 3781 3417 3848 venissemus,
3449 3795 3543 3836 nos
3563 3778 3660 3837 dco

2067 3867 2245 3934 tinuit,
2269 3869 2615 3940 interrogavit
2639 3881 2815 3928 autem
2843 3873 3126 3944 diligenter
3141 3872 3209 3928 de
3233 3875 3396 3929 rebus
3421 3872 3617 3930 nostris
3637 3890 3655 3926 :

2065 3961 2305 4016 volentes
2347 3976 2469 4017 eum
2518 3979 2642 4019 vere
2693 3965 2868 4019 omnia
2923 3965 3152 4033 docere,
3210 3965 3332 4022 talia
3383 3965 3654 4020 diximus:

2065 4047 2116 4106 8.
2153 4050 2299 4106 Dixit
2327 4063 2493 4107 autent
2520 4071 2696 4108 rursus
2724 4053 2890 4109 Iudas
2932 4056 3002 4110 ad
3047 4067 3239 4128 patrem
3284 4073 3432 4112 suum
3461 4073 3480 4110 :
3507 4055 3657 4110 Mitte

2067 4159 2279 4210 puerum
2309 4160 2524 4211 mecum,
2546 4155 2593 4199 et
2609 4156 2869 4218 surgentes
2896 4147 3096 4214 ibimus,
3126 4157 3179 4202 ut
3205 4149 3448 4216 vivamus,
3476 4157 3524 4202 et
3553 4163 3674 4202 non»

2065 4233 2360 4288 moriamur.
2406 4235 2556 4300 Meae,
2587 4236 2774 4307 inquit,
2800 4237 2918 4292 fidei
2951 4239 3095 4294 illum
3125 4239 3352 4307 credito,
3385 4247 3444 4294 ut
3469 4239 3656 4293 accin-

2063 4336 2248 4392 gamus
2279 4339 2378 4380 nos
2403 4326 2600 4381 itineri.
2640 4328 2982 4398 Consumptis
3007 4332 3146 4386 enim
3177 4332 3308 4387 cibis
3335 4332 3480 4387 nulla
3503 4331 3656 4388 nobis

2064 4417 2251 4472 salutis
2279 4434 2404 4488 spes
2432 4420 2555 4488 erit,
2578 4435 2752 4491 neque
2775 4423 2989 4479 aliunde
3019 4425 3222 4480 consuli
3259 4425 3412 4482 nobis
3437 4425 3654 4497 poterit.

2063 4507 2118 4564 9.
2145 4506 2254 4580 Ego
2281 4512 2474 4583 accipio
2499 4528 2613 4567 eum
2632 4530 2663 4567 a
2686 4523 2772 4578 te;
2802 4516 2901 4569 nisi
2923 4517 3171 4571 reduxere
3202 4534 3334 4584 eum,
3365 4529 3412 4572 et
3432 4531 3672 4576 statuero

2064 4616 2232 4654 coram
2263 4612 2329 4668 te,
2359 4618 2444 4657 ero
2485 4604 2572 4658 ille
2613 4605 2701 4676 qui
2733 4608 2934 4674 peccavi
2967 4609 3053 4662 tibi
3075 4609 3305 4665 omnibus
3333 4612 3526 4666 diebus.
3568 4613 3652 4669 l0.

2068 4690 2186 4746 Nisi
2213 4694 2346 4748 enim
2375 4694 2570 4749 tamdiu
2611 4697 2792 4751 morati
2821 4699 3119 4768 fuissemus,
3155 4701 3270 4771 jam
3311 4705 3531 4758 secundo
3577 4721 3656 4758 re-

2064 4787 2401 4843 vertissemus.
2443 4786 2851 4846 Commiseratio
2876 4808 3035 4862 quam
3071 4795 3291 4850 exhibes
3320 4810 3489 4865 puero
3511 4837 3526 4863 ,
3575 4797 3656 4850 in-

2064 4877 2380 4946 quit,.nohis
2406 4879 2652 4935 omnibus
2680 4881 2784 4936 erit
2807 4897 2965 4937 causa
2991 4884 3255 4941 interitus.
3300 4885 3463 4942 Fame
3509 4888 3653 4942 enim

2065 4971 2358 5041 peribimus
2382 5013 2397 5038 ,
2429 4973 2530 5028 nisi
2568 4989 2690 5028 eum
2737 4975 3013 5030 nobiscum
3041 4978 3168 5032 velit
3190 4979 3481 5034 dimittere.
3521 4980 3656 5036 Vide
3677 5039 3696 5051 ,

2067 5062 2278 5118 tandem
2309 5063 2414 5130 hie,
2447 5064 2662 5130 dilecte,
2689 5067 2960 5137 quomodo
2986 5066 3140 5122 famis
3169 5071 3461 5126 necessitas
3489 5072 3655 5142 patris

2064 5169 2302 5209 amorem
2333 5156 2538 5212 vicerit.
2571 5157 2769 5213 Videas
2788 5159 2930 5212 enim
2963 5174 3066 5212 non
3106 5159 3320 5216 aliunde
3345 5160 3542 5217 famem
3570 5177 3656 5217 se.

2065 5245 2178 5299 dari
2211 5262 2388 5315 prSse,
2415 5263 2638 5320 eamque
2665 5249 2716 5302 in
2740 5248 2856 5303 dies
2885 5250 3054 5319 magis
3097 5266 3158 5304 ac
3189 5252 3357 5323 magis
3381 5253 3654 5309 incresce-

2065 5353 2124 5392 re
2159 5357 2172 5392 :
2207 5339 2264 5392 Si
2303 5341 2370 5393 ita
2402 5349 2520 5407 est,
2565 5343 2732 5412 inquit
2760 5381 2775 5404 ,
2807 5350 2860 5396 et
2885 5351 3095 5410 oportet
3125 5343 3226 5398 hoc
3254 5346 3474 5401 omnino
3501 5347 3614 5402 fieri
3636 5387 3654 5412 ,

2068 5430 2292 5497 potestis
2319 5431 2669 5499 descendere,
2695 5431 2792 5486 nisi
2820 5431 2961 5486 hunc
2981 5435 3320 5502 acceperitis,
3367 5436 3573 5492 debetis
3600 5447 3656 5494 et

2063 5517 2202 5573 dona
2229 5519 2420 5576 afferre
2445 5523 2580 5590 viro,
2600 5531 2654 5579 ct
2677 5522 2875 5578 referre
2899 5523 3196 5588 pecuniam,
3227 5541 3385 5594 quam
3407 5529 3460 5582 in
3481 5529 3654 5583 saccis

2067 5608 2260 5665 vestris
2283 5609 2583 5669 invenistis.
2623 5612 2861 5681 Accipite
2887 5620 3063 5666 autem
3094 5622 3148 5668 et
3175 5617 3648 5689 peeuniamaliam,
