4164 6224
467 352 574 409 555

465 478 523 522 ut
548 477 724 522 cinere
771 463 985 534 possitis
1014 466 1298 517 frumenta.
1350 461 1435 516 15.
1470 458 1535 513 Et
1583 463 1792 528 fratrem
1833 468 2047 512 vestrum

472 559 704 630 accipite.
760 557 964 628 Surgite
1003 556 1156 625 igitur
1182 596 1198 622 ,
1251 564 1297 609 et
1341 552 1625 608 descettdite
1671 551 1740 604 ad
1769 548 2047 601 hominem.

467 652 552 706 14.
585 649 727 704 Deus
756 658 930 702 autem
960 663 1098 701 meus
1135 648 1216 700 det
1247 645 1380 699 vobis
1407 645 1620 716 gratiam
1648 659 1818 698 coram
1852 643 2052 695 homine

462 743 573 805 illo,
601 749 649 795 et
677 741 844 794 mittat
864 744 1072 810 fratrem
1102 747 1318 792 vestrum
1341 753 1498 790 unum
1527 745 1572 789 et
1599 735 1889 806 Benjantin.
1938 733 2048 802 Eyo

464 844 634 886 autem
661 830 1086 900 quemadmodum
1107 829 1275 882 liberis
1305 827 1510 882 orbatus
1538 827 1633 898 fui,
1659 826 1826 879 liberis
1846 825 2049 878 orbatus

460 941 592 978 sum.
637 923 769 979 Vide
795 922 1061 994 quomodo
1104 920 1352 976 eximiam
1393 935 1542 974 suam
1575 918 1912 973 dilectionem
1949 915 2045 970 dc-

460 1017 647 1082 clarat,
678 1032 834 1086 quam
866 1031 988 1086 erga
1020 1014 1216 1083 Ioseph
1267 1014 1469 1067 habuit.
1499 1011 1580 1066 Ne
1607 1011 1726 1082 quis
1760 1011 1902 1064 enim
1935 1008 2048 1063 evi-

460 1107 640 1162 stimet
686 1107 752 1162 de
800 1107 1066 1178 Symeone
1091 1149 1104 1171 ,
1135 1106 1217 1160 vel
1246 1105 1316 1159 de
1356 1103 1630 1173 Bcnjamin
1679 1101 1780 1154 hoc
1807 1114 1930 1154 esse
1963 1097 2047 1152 di-

457 1209 623 1263 ctum,
656 1197 766 1270 Ego
795 1199 923 1251 sicut
952 1198 1073 1266 ﬁliis
1114 1197 1320 1250 orbatus
1371 1193 1444 1264 fui
1470 1235 1483 1258 ,
1515 1194 1637 1262 ﬁliis
1665 1193 1870 1246 orbatus
1909 1205 2042 1254 sum,

458 1288 660 1344 idcirco
689 1289 940 1358 prtemisit
970 1306 982 1341 :
1028 1287 1164 1342 Deus
1189 1297 1353 1340 autent
1381 1301 1519 1339 meus
1542 1285 1622 1339 det
1641 1285 1775 1337 vobis
1804 1283 2040 1354 gratiam,

456 1391 501 1434 et
524 1384 686 1435 mittat
706 1382 917 1453 fratrem
937 1391 1155 1435 vestrum
1181 1381 1326 1434 illum
1351 1395 1507 1433 unum
1533 1388 1576 1432 et
1598 1375 1887 1447 Bettjamin.
1909 1374 2040 1428 Nam

458 1474 581 1529 licet
621 1475 715 1541 illi,
765 1475 965 1545 inquit,
1018 1474 1148 1530 salvi
1192 1473 1404 1539 fuerint,
1429 1470 1523 1526 sed
1557 1468 1668 1540 Ego
1705 1468 1850 1536 quasi
1877 1467 2044 1520 liberis

454 1583 675 1632 careant,
711 1566 863 1621 orbus
891 1583 1022 1620 sunt.
1054 1565 1238 1634 Cogita
1267 1563 1376 1628 hic,
1408 1559 1680 1632 quomodo
1711 1568 1852 1614 totus
1872 1557 2066 1611 amori

452 1659 648 1730 Ioseph
671 1658 884 1715 deditus
911 1659 999 1713 sit.
1034 1657 1232 1713 Videns
1256 1657 1398 1712 enim
1432 1661 1634 1711 tantum
1659 1653 1879 1709 chorum
1911 1651 2042 1707 libe-

452 1764 632 1803 rorum
658 1764 719 1804 se
746 1749 1200 1812 circumstantem,
1222 1747 1422 1817 absque
1448 1745 1573 1800 filiis
1595 1760 1654 1800 se
1679 1759 1797 1799 esse
1817 1743 2037 1813 putavit,

451 1841 573 1909 quia
600 1840 691 1894 illo
726 1841 961 1909 privatus
986 1848 1118 1894 erat.
1169 1840 1254 1894 15.
1292 1840 1600 1908 Acceperunt
1630 1846 1818 1902 autem,
1848 1834 2036 1904 inquit,

451 1933 546 1986 viri
586 1932 741 1998 dona,
775 1942 822 1985 et
849 1932 1115 2001 pecuniam
1142 1930 1417 2002 duplicem,
1447 1939 1491 1984 et
1521 1928 1790 1998 Benjamin
1810 1967 1824 1993 ,
1873 1937 1919 1980 et
1947 1927 2037 1980 de-

450 2025 748 2078 scenderunt
776 2025 826 2077 in
859 2022 1147 2094 Egyptum
1178 2064 1192 2089 ,
1240 2031 1286 2077 et
1327 2030 1569 2075 steterunt
1613 2036 1783 2074 coram
1821 2018 2036 2087 Ioseph.

453 2116 538 2171 16.
568 2115 706 2170 Vidit
724 2127 893 2170 autem
917 2133 1003 2172 eos
1029 2115 1244 2186 Ioseph,
1268 2127 1312 2169 et
1342 2114 1611 2186 Benjamin
1634 2117 1844 2186 fratrem
1866 2129 2034 2167 suum.

449 2207 600 2273 Quod
636 2207 992 2272 desiderabat,
1031 2207 1161 2261 vidit
1193 2215 1298 2260 tam
1322 2215 1558 2275 optatum
1589 2205 1708 2259 sibi.
1740 2202 1882 2257 Vidit
1908 2203 2038 2256 satis

449 2313 568 2354 esse
600 2299 793 2353 factum
825 2313 921 2354 suo
949 2298 1236 2354 desiderio.
1269 2297 1333 2351 Et
1381 2297 1542 2362 dixit,
1575 2296 1765 2365 inquit,
1800 2297 2037 2365 pratfecto

449 2391 622 2444 domui
649 2407 754 2445 sua:
797 2407 816 2444 :
855 2390 1104 2445 Introduc
1147 2389 1370 2443 homines
1400 2389 1454 2441 in
1497 2387 1734 2454 domum,
1780 2395 1824 2438 et
1869 2385 2038 2439 occide

449 2482 674 2535 victimas
715 2496 952 2535 :mecum
994 2481 1126 2534 enim
1154 2479 1414 2534 comedent
1453 2479 1566 2532 viri.
1600 2478 1683 2532 18.
1721 2475 1789 2531 Ut
1809 2475 2036 2529 viderunt

446 2579 614 2625 autem
639 2572 773 2642 quod
803 2570 1076 2624 introducti
1095 2579 1210 2623 sunt
1229 2569 1280 2622 in
1299 2569 1503 2622 domum
1519 2565 1734 2637 Ioseph,
1763 2566 2032 2620 dixerunt:

448 2659 668 2733 Pr0pter
700 2663 985 2733 pecuniam,
1020 2677 1133 2731 quia
1156 2660 1303 2714 rediit
1324 2661 1378 2714 in
1405 2675 1576 2714 saccos
1601 2668 1799 2714 nostros
1817 2659 1871 2712 in
1896 2658 2037 2728 prin-

445 2757 596 2827 cipio,
621 2755 927 2822 inducimur,
959 2763 1012 2808 ut
1041 2754 1345 2808 calumniam
1372 2751 1511 2807 nobis
1536 2752 1763 2815 iutentet,
1795 2760 1842 2806 et
1870 2750 2036 2819 impa-

447 2856 533 2901 nat
563 2849 704 2901 nobis
731 2855 778 2900 et
822 2845 1039 2916 accipiat
1061 2860 1151 2898 nos
1191 2845 1244 2897 in
1283 2860 1470 2910 servos,
1515 2852 1561 2897 et
1604 2843 1772 2897 asinos
1814 2851 2031 2895 nostros.

444 2935 644 3007 Ioseph
674 2937 886 3007 quidem
932 2951 1085 2992 suam
1113 2949 1234 3004 erga
1284 2935 1403 2989 illos
1447 2934 1823 3004 benignitatem
1853 2932 2037 2987 decla-

446 3045 603 3095 rans,
652 3029 827 3084 omnia
873 3027 1234 3098 disponebat:
1281 3026 1354 3082 illi
1384 3034 1560 3082 autem
1605 3027 1747 3080 anxii
1791 3026 2033 3092 fuerunt,

447 3125 780 3194 suspicantes
809 3139 875 3178 ne
903 3121 1246 3191 pecuniarum
1283 3119 1452 3190 gratia
1491 3119 1867 3189 pmnasluant,
1904 3127 2036 3171 tam-

445 3228 602 3285 quam
632 3213 793 3269 etiam
836 3214 889 3268 in
933 3212 1034 3266 hoc
1074 3211 1213 3266 male
1256 3211 1525 3265 fecissent.
1580 3210 1868 3278 Propterea
1911 3223 2034 3263 cum

445 3305 834 3373 accessissent,
885 3318 1102 3360 causam
1153 3301 1450 3357 formidinis
1478 3299 1755 3370 proferunt
1783 3299 2034 3369 prtefecto

445 3395 656 3461 domus,
689 3404 741 3451 et
769 3403 986 3449 narrant
1014 3393 1281 3464 quomodo
1313 3391 1589 3462 pecuniam
1618 3391 1670 3446 in
1693 3391 1862 3446 saccis
1887 3390 2035 3445 inve—

447 3487 644 3552 nerint,
665 3493 720 3541 et
739 3487 922 3541 dicunt
951 3502 965 3538 :
1009 3484 1100 3538 9.2.
1145 3483 1422 3555 Propterea
1463 3483 1716 3553 duplicem
1742 3499 1874 3536 nunc
1903 3492 2037 3536 attu-

447 3577 594 3631 limus
625 3577 885 3646 pecuniam
913 3575 1194 3641 nobiscutn,
1225 3583 1280 3628 ut
1308 3584 1352 3628 et
1377 3575 1595 3646 priorem
1621 3574 1962 3641 restituamus,
1991 3580 2036 3627 et

447 3683 577 3720 nunc
606 3668 769 3720 denuo
798 3682 1021 3720 emamus
1048 3667 1315 3736 frumenta.

517 3760 572 3812 5.
604 3756 740 3813 Vide
769 3757 1035 3826 quomodo
1062 3757 1392 3812 calamitates
1416 3771 1600 3811 eorum
1628 3757 1861 3812 animum
1893 3756 2036 3811 miti-

443 3858 654 3918 garent,
706 3863 905 3918 eosque
947 3847 1276 3902 reddiderint
1324 3847 1730 3902 mansuetiores.
1760 3847 1850 3901 23.
1892 3846 2036 3901 Dixit

444 3949 610 3993 autem
637 3939 706 3992 eis
734 3955 752 3992 :
786 3937 1045 4010 Propitius
1067 3939 1200 3992 vobis
1218 3939 1257 4004 ¹,
1287 3938 1440 3992 nolite
1469 3939 1678 4002 timere;
1704 3937 1837 3994 Deus
1856 3947 2034 4005 vester,

445 4043 490 4086 et
515 4032 650 4088 Deus
680 4033 840 4102 patris
872 4032 1018 4086 vestri
1046 4030 1182 4084 dedit
1223 4029 1359 4084 vobis
1389 4029 1647 4082 thesauros
1691 4029 1743 4083 in
1767 4030 1924 4084 saccis
1952 4046 2035 4084 re-

446 4125 585 4188 stris;
622 4123 886 4194 pecuniam
935 4130 1149 4176 vestram
1181 4121 1301 4176 bene
1347 4119 1609 4190 probatam
1653 4119 1828 4174 habeo.
1869 4119 1947 4175 Ne
1970 4121 2034 4175 ti-

449 4215 660 4281 meatis,
689 4215 879 4284 inquit,
909 4228 1080 4283 neque
1110 4211 1266 4282 hujus
1290 4211 1458 4282 gratia
1484 4209 1625 4264 anxii
1650 4210 1784 4264 sitis.
1823 4208 2035 4265 Nullum

448 4307 598 4362 vobis
627 4306 748 4362 inde
783 4306 984 4361 crimen
1027 4305 1360 4374 imponetur;
1394 4303 1669 4374 pecuniam
1697 4303 1852 4372 plene
1881 4317 2036 4358 acce-

451 4403 645 4469 pimus.
690 4402 729 4454 A
774 4401 883 4455 Deo
912 4408 1090 4469 putate
1122 4398 1224 4452 hoc
1267 4411 1387 4453 esse
1433 4397 1649 4462 factum,
1679 4404 1731 4450 et
1760 4395 2038 4452 thesauros

450 4493 602 4547 vobis
647 4492 700 4545 in
752 4491 1034 4560 marsupiis
1062 4490 1255 4545 vestris
1279 4504 1398 4545 esse
1425 4498 1769 4543 monstratos.
1819 4487 1886 4542 Et
1925 4505 2037 4541 cum

451 4593 557 4636 hinc
585 4581 814 4648 dixisset,
843 4582 1014 4635 eduxit
1045 4581 1370 4652 Symeonem,
1398 4580 1488 4635 24.
1529 4589 1574 4634 et
1615 4579 1786 4634 attulit
1827 4596 2032 4650 aquam,

451 4687 503 4730 ut
530 4677 817 4730 lavarentur
839 4674 985 4744 pedes
1005 4689 1199 4738 eorum,
1221 4683 1268 4726 et
1293 4673 1478 4744 pabula
1502 4671 1638 4726 dedit
1658 4673 1814 4727 asinis
1841 4687 2031 4725 eorunt.

457 4767 584 4822 Vide
624 4763 892 4837 quomodo
939 4778 1124 4833 preces
1165 4764 1327 4832 patris
1366 4764 1541 4817 omnia
1571 4763 1647 4817 eis
1675 4777 1926 4833 prospera
1957 4760 2038 4815 fa-

450 4868 628 4914 cerent
657 4876 672 4912 :
700 4867 756 4914 et
798 4858 928 4912 sicut
973 4856 1061 4910 ille
1087 4856 1166 4909 eis
1212 4863 1526 4925 apprecatns
1569 4862 1684 4920 est,
1716 4869 1836 4909 cum
1879 4853 2032 4921 dixit,

455 4947 586 5002 Deus
617 4950 771 5021 patris
795 4947 892 5002 mei
910 4947 1129 5018 gratiam
1145 4945 1278 5000 vobis
1305 4945 1406 5011 det,
1429 4945 1497 4998 ita
1519 4945 1697 4999 omnia
1716 4943 1851 4999 facta
1875 4953 2030 4999 sunt:

450 5043 506 5089 et
548 5040 826 5109 pra-fectus
885 5039 1078 5094 domus
1125 5037 1282 5092 etiam
1332 5045 1454 5090 ante
1506 5035 1789 5091 adventum
1833 5037 2033 5107 Ioseph

450 5147 663 5188 (mnem
724 5133 802 5188 eis
846 5132 1224 5202 benignitatem
1269 5128 1528 5184 exhibuit.
1575 5129 1666 5183 25.
1717 5129 2034 5184 Paraveruttt

449 5233 616 5276 autem
643 5223 778 5276 dona
804 5221 1018 5290 Ioseph.
1047 5221 1134 5274 £6.
1170 5219 1234 5272 Et
1255 5219 1540 5273 obtulerunt
1567 5219 1609 5271 ei
1637 5235 1750 5271 cum
1779 5219 2034 5289 ingressus

447 5323 604 5379 esset,
635 5322 684 5366 et
713 5317 1046 5365 adoraverunt
1077 5327 1188 5364 eum
1216 5327 1367 5381 super
1393 5318 1595 5362 terram.
1626 5309 1716 5363 27.
1757 5307 1826 5361 Et
1855 5310 2034 5361 iterum

448 5404 770 5476 interrogavit
801 5419 885 5458 eos
929 5417 946 5455 :
979 5401 1028 5454 Ν
1035 5419 1120 5455 um
1156 5401 1278 5456 bene
1319 5400 1464 5454 habet
1495 5409 1636 5468 pater
1663 5409 1819 5453 vester
1843 5399 2030 5464 senior,

449 5512 592 5564 quem
619 5497 815 5551 dixistis
841 5494 1035 5549 vivere?
1074 5493 1165 5549 28.
1216 5494 1279 5547 At
1326 5493 1401 5547 illi
1446 5492 1682 5547 dixerunt
1708 5505 1727 5544 :
1759 5489 1930 5545 Sanus
1962 5500 2032 5543 est

451 5607 621 5648 servus
662 5599 779 5647 tuus
825 5597 967 5658 pater
1009 5595 1197 5640 noster.
1241 5584 1306 5638 Et
1337 5585 1507 5638 dixit:
1557 5583 1855 5638 Benedictus
1885 5582 2034 5635 homo

450 5683 538 5737 tlte
565 5684 688 5737 Deo.
725 5680 789 5735 Et
817 5690 1007 5734 curvati
1029 5678 1385 5732 adoraverunt.
1430 5676 1520 5733 29.
1555 5675 1690 5730 Vidit
1733 5683 1900 5728 autem
1923 5677 2030 5744 fra-

475 5834 488 5865 ι
511 5833 563 5883 in
585 5833 787 5885 Hebraeo
800 5837 891 5892 est,
904 5805 1014 5886 n35
1031 5806 1197 5896 ΰὺω,
1217 5841 1312 5893 pax
1337 5826 1479 5888 vobis,
1505 5824 1632 5892 quod
1654 5822 1830 5874 eodem
1845 5819 2032 5870 recidit.

1289 346 1351 400 IN
1392 345 1542 402 CAP.
1585 343 1766 401 XLIII.
1801 345 1888 401 ET
1929 343 2108 401 XLIV.
2153 344 2396 402 GENES.
2442 347 2667 404 HOMIL.
2711 351 2890 406 LXIV.

3643 367 3741 423 ss:

2164 467 2287 550 trem
2335 477 2483 515 suum
2514 465 2764 519 uterinum
2790 508 2803 530 ,
2837 479 2882 521 et
2912 469 3041 524 dixit
3067 489 3088 526 :
3120 473 3220 528 llic
3267 488 3338 533 est
3390 480 3556 550 frater
3583 495 3741 536 vester

2149 549 2349 618 junior,
2397 551 2460 604 de
2499 568 2598 622 quo
2633 554 2872 612 dixeratis
2899 560 3042 628 ntihi,
3084 575 3138 617 ut
3166 565 3413 625 duceretis
3433 575 3501 627 ad
3525 578 3643 632 me?
3679 579 3740 634 Et

2156 639 2283 692 dixit
2317 656 2334 694 :
2372 640 2512 696 Deus
2560 646 2851 702 misereatur
2881 651 2973 716 tui,
3018 653 3116 722 ﬁli.
3163 656 3448 718 Considera
3488 682 3739 738 quantam

2155 743 2260 822 cun
2291 732 2509 787 tantiam
2541 751 2650 805 pra:
2686 753 2745 793 se
2774 739 2942 807 ferat,
2989 755 3042 800 et
3082 747 3256 805 adhuc
3287 732 3633 822 ignorantiam
3668 768 3739 821 si-

2156 821 2341 925 mulet,
2370 831 2427 877 ut
2453 840 2551 893 per
2578 831 2852 898 sequentia
2876 837 3296 904 experimentum
3311 821 3473 903 animi
3502 851 3735 922 ipsorum

2154 919 2397 1015 accipere
2426 919 2616 1015 possit,
2649 925 2916 990 quomodo
2943 928 3048 983 sint
3076 931 3248 989 affecti
3284 952 3407 1008 erga
3440 919 3735 1014 Benjamin.

2157 1002 2221 1104 Iit
2246 1005 2366 1104 quia
2397 1007 2702 1065 vincebatur
2725 1028 2752 1065 a
2779 1023 2964 1070 natura
2992 1035 3107 1086 sua,
3147 1023 3236 1079 50.
3271 1002 3731 1104 Conturbab'autar,

2151 1095 2372 1198 inquit,_
2406 1101 2594 1198 viscera
2623 1104 2732 1198 ejus
2766 1117 2811 1160 et
2855 1113 3107 1178 quaerebat
3154 1127 3208 1170 ut
3256 1121 3418 1190 fleret.
3472 1095 3738 1198 Ingressus

2149 1199 2320 1294 autem
2351 1192 2405 1245 in
2449 1195 2737 1251 cubiculum
2757 1240 2773 1266 ,
2800 1201 2939 1269 ﬂevit
2982 1205 3106 1259 illic.
3149 1209 3236 1263 δι.
3280 1210 3348 1265 Ει
3389 1192 3562 1271 abluta
3607 1225 3738 1293 facie

2151 1293 2335 1384 efttttl,‘
2361 1293 2416 1384 et
2458 1297 2638 1384 postea
2682 1305 2832 1347 suam
2885 1296 3217 1357 demonstrat
3249 1305 3650 1382 benignitatem,
3679 1329 3736 1372 et

2150 1370 2277 1426 dicit
2307 1391 2320 1426 :
2352 1375 2602 1446 Apponite
2631 1398 2808 1450 panes.
2831 1385 2920 1440 5'2.
2957 1387 3023 1442 Et
3051 1370 3400 1462 opposuerunt
3422 1401 3468 1454 ei
3489 1403 3586 1456 soli
3608 1370 3736 1468 ;'ut;

2150 1473 2271 1532 pote
2296 1474 2560 1537 tantquam
2591 1472 2701 1541 regi
2730 1484 2784 1528 et
2807 1478 3029 1548 principi
3063 1484 3224 1538 totius
3253 1485 3502 1558 Egypti;
3533 1491 3601 1547 Et
3633 1497 3736 1550 illis

2147 1571 2390 1623 seorsum,
2420 1570 2466 1615 et
2496 1561 2760 1635 zEggptiis
2787 1569 2872 1638 qui
2895 1572 3050 1626 simul
3074 1577 3333 1632 cwnabant
3357 1597 3471 1635 cuttt
3497 1600 3554 1638 eo
3591 1604 3733 1642 seor-

2146 1662 2275 1700 sum.
2295 1647 2417 1703 Non
2442 1654 2574 1706 enim
2591 1659 3049 1732 possitnthgyptii
3068 1668 3324 1723 comedere
3343 1687 3455 1725 cum
3473 1673 3698 1732 Hebrteis
3711 1695 3730 1734 :

2145 1741 2454 1797 abominatio
2482 1746 2612 1800 enim
2637 1759 2708 1802 est
2729 1749 3010 1823 Egyptiis.
3042 1758 3129 1812 ⁸55.
3162 1759 3416 1817 Sederunt
3441 1777 3607 1822 autent
3644 1787 3729 1825 co-

2144 1847 2254 1931 ram
2282 1848 2359 1895 eo,
2396 1836 2481 1903 qui
2510 1838 2722 1906 primus,
2753 1845 3028 1900 secundum
3071 1851 3418 1922 antiquitatem
3463 1875 3648 1931 suam,
3684 1875 3732 1919 et

2134 1927 2312 1996 junior
2335 1932 2611 1986 secundum
2645 1935 2958 2006 juventutem
2986 1957 3149 1995 suam.
3196 1944 3305 1999 Iloc
3355 1947 3475 2004 illos
3503 1951 3554 2004 in
3610 1927 3728 2008 stu-

2143 2032 2326 2110 porcm
2373 2021 2613 2088 adduxit;
2647 2035 2700 2080 et
2748 2028 2901 2084 valde
2946 2030 3108 2088 dubio
3135 2036 3312 2093 animo
3339 2039 3586 2110 fuerunt,
3631 2061 3728 2100 un-

2143 2108 2332 2164 denam
2367 2113 2414 2165 ei
2443 2115 2677 2184 cognitio
2723 2118 2948 2176 diversae
2997 2123 3210 2181 illorum
3250 2131 3442 2186 tetatis.
3502 2108 3727 2192 Etcum

2142 2199 2294 2295 daret
2335 2206 2583 2263 omnibus
2621 2221 2832 2280 partes,
2881 2214 3194 2286 Bcnjamino
3237 2224 3588 2295 quintnplices
3617 2229 3726 2284 dat.

2141 2291 2326 2390 Neque
2363 2303 2539 2390 tamen
2582 2298 2929 2358 adverterunt
2967 2307 3091 2376 quid
3143 2311 3216 2364 rei
3249 2324 3391 2366 esset
3414 2291 3442 2379 ξ
3487 2317 3580 2371 sed
3627 2334 3729 2390 pu-

2144 2383 2326 2438 tabant
2380 2385 2597 2443 fortuito
2623 2393 2852 2460 quodam
2891 2408 3085 2450 eventu
3134 2400 3200 2454 ab
3231 2416 3296 2456 eo
3340 2402 3476 2468 fieri,
3507 2416 3561 2461 et
3605 2383 3730 2464 liuic

2145 2484 2412 2546 tamquam
2438 2480 2636 2549 juniori
2670 2484 2817 2552 plura
2848 2486 2962 2541 dari
2991 2491 3088 2560 (τι),
3119 2491 3357 2563 Cumque
3404 2495 3608 2553 finitum
3643 2514 3728 2554 es-

2139 2582 2220 2624 set
2233 2572 2569 2669 convivium,
2595 2576 2646 2629 1.
2681 2574 2904 2645 Vocarit,
2936 2580 3100 2650 inquit
3121 2623 3134 2648 ,
3167 2581 3358 2654 Ioseph
3387 2590 3607 2658 eumqui
3631 2591 3725 2645 do-

2138 2675 2241 2712 mut
2270 2677 2378 2715 sua:
2405 2672 2636 2731 praeerat,
2668 2676 2715 2720 et
2745 2671 3002 2723 mandavit
3031 2673 3094 2736 ei,
3125 2674 3298 2728 dicens
3328 2694 3340 2729 :
3364 2675 3531 2748 Imple
3557 2697 3726 2739 saccos

2139 2751 2400 2807 hominum
2443 2755 2727 2824 frumentis,
2754 2771 2947 2830 quanta
2996 2763 3128 2832 ferre
3169 2775 3441 2835 poterunt,
3470 2780 3515 2823 et
3568 2789 3725 2840 pecu-

2138 2845 2276 2897 niam
2321 2845 2548 2900 similiter
2590 2849 2642 2902 in
2683 2867 2856 2906 saccos
2904 2853 3241 2925 singulorum.
3287 2857 3340 2910 2.
3389 2870 3433 2913 et
3477 2865 3723 2933 scyphum

2138 2945 2427 3004 argenteum
2484 2940 2622 2994 mitte
2674 2942 2726 2996 in
2777 2959 2978 2998 saccum
3041 2946 3263 3015 junioris
3326 2948 3533 3022 (Caput
3580 2955 3650 3008 44
3679 2954 3722 3024 ).

2139 3025 2273 3083 Vide
2302 3028 2493 3085 iterum
2510 3033 2718 3102 qualem
2745 3043 2914 3090 artem
2956 3026 3253 3109 excogitet,
3303 3050 3357 3094 ut
3381 3041 3726 3112 diligentissi-

2141 3137 2225 3176 me
2268 3131 2502 3178 mentem
2558 3125 2776 3181 fratrum
2813 3130 3084 3199 exploret,
3127 3147 3282 3200 quam
3327 3148 3452 3203 erga
3505 3133 3724 3192 fratrem

2140 3227 2294 3267 suum
2324 3213 2598 3284 Bcnjamin
2646 3216 2894 3272 habeant.
2929 3220 2994 3274 Et
3037 3218 3117 3276 his
3143 3222 3294 3276 factis
3320 3263 3334 3288 ,
3364 3223 3564 3278 dimisit
3607 3241 3720 3280 eos.

2140 3305 2206 3360 Et
2225 3320 2346 3360 cum
2364 3305 2475 3376 jam
2501 3309 2845 3378 arripuissent
2869 3311 2989 3377 iter,
3033 3313 3084 3367 4.
3109 3312 3252 3368 Dixit
3282 3320 3516 3386 prtefecto
3546 3319 3724 3373 domus

2137 3413 2246 3450 sua:
2275 3414 2294 3450 :
2325 3396 2511 3468 Surge,
2541 3415 2833 3469 perse,uere
2856 3417 2962 3468 eos,
2989 3413 3034 3456 et
3063 3403 3199 3457 dices
3229 3419 3248 3458 :
3277 3405 3330 3460 5.
3376 3407 3547 3470 Quare
3573 3410 3720 3462 retrio

2138 3489 2314 3544 buistis
2363 3493 2498 3544 mala
2526 3509 2618 3562 pro
2665 3492 2852 3547 bonis?
2897 3493 3069 3561 Quare
3101 3494 3257 3565 furati
3306 3498 3421 3552 estis
3475 3498 3724 3568 scyphum

2140 3599 2306 3636 meum
2337 3585 2666 3656 argenteum?
2724 3583 2910 3640 Nonne
2954 3586 3035 3640 hic
3073 3597 3143 3642 est
3171 3605 3198 3642 e
3217 3605 3314 3658 quo
3339 3588 3458 3642 bibit
3489 3591 3724 3646 dominus

2140 3677 2314 3730 meus?
2331 3675 2449 3746 Ipse
2466 3687 2630 3731 autem
2647 3688 2930 3748 auguratur
2947 3679 3000 3733 in
3022 3695 3099 3736 eo.
3116 3679 3252 3734 Male
3275 3691 3388 3734 acta
3405 3692 3520 3734 sunt
3537 3698 3595 3734 ea
3613 3698 3725 3751 qua:

2141 3767 2346 3837 fecistis.
2373 3767 2656 3836 PoSlquam
2678 3777 2854 3822 autem
2880 3768 3082 3823 invenit
3106 3785 3219 3837 eos,
3249 3771 3439 3840 inquit,
3463 3771 3592 3826 dicit
3620 3773 3718 3828 eis:

2139 3859 2316 3926 Quare
2343 3857 2662 3913 benefactori
2702 3860 2837 3913 mala
2868 3860 3227 3929 rependistis?
3268 3876 3431 3930 quare
3467 3863 3724 3919 malitiam

2142 3961 2372 4004 vestram
2393 3963 2624 4020 eousque
2649 3949 2983 4017 extendistis,
3004 3959 3058 4004 ut
3074 3949 3139 4004 ad
3157 3965 3279 4005 eum
3295 3966 3504 4022 quoque
3523 3956 3722 4022 pertin-

2140 4049 2294 4110 geret
2337 4041 2424 4111 qui
2469 4055 2593 4111 erga
2641 4055 2736 4096 vos
2788 4049 2983 4096 tantam
3029 4041 3261 4096 ostendit
3302 4041 3724 4114 benignitatem?

2140 4149 2306 4203 quare
2350 4149 2455 4188 non
2495 4133 2712 4191 reveriti
2756 4133 2884 4188 estis
2914 4133 3009 4187 viri
3037 4147 3160 4202 erga
3202 4149 3294 4190 vos
3321 4136 3725 4205 magnanimita-

2142 4225 2282 4281 tem?
2310 4225 2437 4294 Qua:
2464 4226 2579 4281 haec
2611 4233 2752 4279 tanta
2779 4223 3017 4279 malitia?
3041 4239 3158 4295 quae
3178 4225 3380 4281 insania
3398 4243 3499 4297 qua
3527 4226 3725 4282 insani-

2143 4319 2247 4374 tis?
2274 4317 2497 4373 Nescitis
2527 4317 2668 4387 quod
2698 4317 2798 4372 hoc
2826 4319 2896 4371 sit
2925 4332 3036 4382 vas,
3066 4317 3117 4371 in
3161 4333 3267 4387 quo
3297 4318 3542 4373 dominus
3573 4335 3722 4375 mens

2139 4413 2464 4482 auguratnr?
2493 4409 2682 4463 Malum
2707 4419 2783 4462 est
2815 4408 2916 4463 hoc
2937 4424 3072 4478 opus
3091 4420 3347 4477 vestrum,
3363 4411 3719 4479 perniciosum

2141 4503 2490 4574 propositum,
2511 4501 2662 4557 venia
2677 4500 2924 4572 indignus
2941 4512 3181 4564 conatus,
3205 4517 3390 4572 magna
3409 4501 3650 4568 audacia,
3669 4513 3726 4558 et

2139 4610 2349 4650 omnem
2381 4593 2766 4649 transcenderis
2793 4592 3126 4646 malitiam.7.
3149 4591 3240 4647 Illi
3259 4602 3422 4647 autem
3444 4593 3676 4648 dixerunt
3704 4608 3724 4648 :

2142 4689 2311 4754 Quare
2340 4687 2559 4758 loquitur
2574 4687 2807 4742 dominus
2813 4687 2966 4757 juxta
2981 4689 3128 4740 verba
3145 4685 3290 4740 Ittec?
3313 4685 3511 4754 Quare,
3532 4685 3722 4755 inquit,

2139 4783 2325 4853 objicis
2349 4783 2502 4838 nobis
2529 4782 2630 4836 hoc
2649 4783 2873 4846 crimen,
2893 4795 2922 4834 a
2953 4797 3058 4850 quo
3083 4780 3300 4834 omnino
3325 4793 3508 4834 sumus
3531 4778 3721 4830 intutu-

2141 4893 2234 4933 nes
2260 4879 2283 4932 ?
2307 4877 2444 4931 Absit
2483 4885 2538 4929 ut
2564 4875 2692 4929 servi
2724 4875 2797 4927 tui
2830 4874 3106 4926 secundum
3136 4871 3340 4926 verbum
3367 4871 3460 4923 hoc
3487 4869 3715 4937 faciant;

2139 4970 2277 5024 absit
2302 4983 2331 5022 a
2359 4967 2510 5021 nobis
2535 4974 2593 5018 ut
2619 4963 2724 5018 tale
2746 4963 2869 5033 quid
2917 4978 3166 5032 umquam
3217 4969 3561 5016 attentemus.
3587 4957 3720 5012 Nam

2142 5061 2230 5131 qui
2261 5056 2540 5129 pecuniam
2585 5054 2850 5124 duplicem
2873 5055 3168 5118 attulimus,
3199 5066 3305 5120 quo
3340 5059 3493 5119 pacto
3521 5051 3723 5103 furare-

2140 5167 2256 5204 ntur
2281 5156 2557 5220 argentum
2582 5146 2662 5200 vel
2688 5145 2898 5199 aurum?
2915 5144 3065 5211 Quod
3087 5144 3130 5197 si
3161 5142 3262 5196 huc
3287 5150 3458 5211 putas,
3483 5139 3537 5195 9.
3571 5139 3722 5209 Apud

2138 5258 2284 5312 quem
2327 5243 2584 5294 inventum
2629 5239 2782 5308 fuerit
2821 5253 2906 5291 vas
2949 5235 3085 5303 quod
3113 5233 3357 5302 inquiris,
3397 5233 3484 5286 ille
3519 5232 3719 5302 quidem

2139 5333 2386 5386 moriatur
2409 5370 2424 5395 ,
2451 5339 2505 5384 ut
2535 5329 2626 5399 qui
2662 5327 2766 5382 tale
2813 5325 3002 5381 fecerit
3044 5338 3216 5392 opus;
3262 5338 3354 5376 nos
3385 5331 3552 5375 autem
3588 5321 3720 5375 servi

2139 5425 2344 5479 erimus.
2374 5417 2731 5475 Conscientia:
2760 5415 2899 5470 bona
2931 5413 3121 5468 fiducia
3148 5427 3242 5467 eos
3270 5411 3335 5466 ad
3359 5421 3464 5466 tam
3496 5409 3721 5465 ﬁdenter

2141 5511 2460 5585 loquendum
2490 5508 2790 5564 inducebat.
2817 5506 2902 5562 10.
2944 5503 3046 5559 Ille
3069 5515 3258 5571 autem,
3321 5503 3511 5573 inquit,
3555 5501 3728 5556 dixit:

2203 5624 2275 5685 (α)
2308 5629 2403 5670 Hoc
2421 5629 2515 5685 est,
2550 5618 2892 5685 existimabant
2924 5615 3100 5685 fratres
3128 5615 3342 5685 .tosephi,
3365 5614 3644 5685 nescientes
3666 5625 3725 5662 se

2140 5675 2480 5747 cuut'tosepho
2503 5675 2636 5740 esse,
2662 5685 2768 5746 ejus
2777 5681 2916 5747 jussu
2943 5682 3212 5747 Benjamqu
3236 5675 3404 5747 utpote
3427 5675 3724 5747 adhuepue-

2141 5761 2196 5859 ἱίί
2220 5747 2354 5859 indura
2374 5736 2475 5796 (lari
2494 5784 2506 5808 ,
2541 5736 3011 5808 quontam'solemus
3032 5736 3198 5804 pueris
3233 5736 3483 5805 plusquam
3516 5736 3624 5788 aliis
3644 5736 3722 5787 atl-

2197 5823 2257 5859 an
2291 5822 2375 5858 trt.
