4134 6214
523 299 630 358 555

528 412 588 465 Et
613 429 766 481 nunc,
788 413 910 468 sicut
946 408 1162 471 dixistis,
1202 408 1313 461 erit.
1348 404 1498 477 Apud
1529 421 1672 476 queat
1716 405 1962 458 inventum
1985 405 2092 472 fue-

523 504 586 559 rit
617 503 874 574 poculum,
928 501 1007 553 hic
1055 500 1192 552 solus
1226 514 1360 551 meus
1407 512 1577 551 servus
1623 496 1750 561 erit,
1802 511 1886 548 vos
1930 505 2093 547 autem

530 593 866 647 dimittentini.
933 589 1158 643 Etcum
1214 588 1327 643 hanc
1389 588 1686 651 dixissent,
1746 586 2090 655 penniscrnnt

521 685 567 737 ei
599 692 655 736 ut
696 677 1005 737 scrutininm
1053 679 1263 734 faceret.
1315 677 1400 732 12.
1452 677 1518 731 Et
1555 686 1803 731 scrutatus
1849 687 1954 741 cst,
1992 676 2093 728 iui-

525 775 594 827 tio
617 789 648 824 a
674 770 867 825 seniore
890 772 1046 841 facta,
1074 768 1231 823 donec
1259 768 1442 822 veniret
1463 767 1530 820 ad
1553 766 1815 837 Benjamin
1836 807 1850 830 ,
1884 775 1928 819 et
1956 766 2092 818 illius

524 872 699 931 aperto
747 876 925 926 sacco,
962 860 1144 913 invenit
1182 858 1438 929 poculum.
1480 858 1589 912 lloc
1637 856 1866 911 tenebris
1906 855 2092 909 alludit

519 966 704 1006 eorum
759 960 990 1006 mentem
1038 967 1053 1006 :
1105 950 1188 1006 13.
1225 949 1288 1004 Et
1327 951 1668 1020 disruperuut,
1714 949 1913 1018 iuqttit,
1947 950 2094 1000 resti-

517 1054 684 1099 menta
709 1062 802 1099 sua
830 1060 847 1098 :
873 1054 916 1097 et
945 1045 1289 1113 imposuerunt
1319 1043 1563 1113 jumentis
1591 1048 1771 1094 iterum
1808 1056 1977 1093 saccos
1999 1078 2016 1104 ,
2044 1048 2090 1091 et

518 1134 700 1188 reversi
723 1144 837 1187 sunt
865 1135 917 1187 in
957 1135 1219 1187 civitatem.
1263 1133 1350 1188 14.
1398 1128 1462 1184 Et
1502 1132 1752 1200 ingressus
1795 1128 1960 1181 Iudas
1983 1169 1998 1194 ,
2046 1137 2091 1182 et

520 1230 696 1288 fratres
719 1223 794 1277 sui
810 1224 880 1277 ad
891 1221 1104 1293 Ioseph,
1126 1224 1411 1276 ceciderunt
1433 1238 1601 1274 coram
1628 1237 1684 1273 eo
1702 1237 1852 1289 super
1879 1229 2085 1273 terram.

520 1315 651 1371 Vide
682 1314 890 1386 quoties
912 1314 1272 1369 adoratiuncm
1307 1311 1519 1367 faciunt.
1550 1311 1634 1365 15.
1667 1308 1810 1363 Dixit
1835 1319 2000 1362 autem
2019 1310 2091 1363 eis

516 1406 708 1474 Ioseph
731 1422 750 1461 :
780 1406 949 1474 Quare
968 1406 1062 1457 hoc
1092 1404 1274 1472 fecistis
1295 1403 1320 1456 Ρ
1350 1394 1401 1455 Ν
1403 1400 1658 1456 cscicbatis
1678 1401 1812 1471 quod
1832 1417 2085 1469 auguran-

519 1501 581 1553 do
612 1500 663 1552 in
691 1502 785 1551 hoc
809 1497 1071 1567 auguror?
1108 1495 1187 1550 16.
1218 1494 1359 1548 Dixit
1400 1504 1563 1547 autem
1586 1535 1600 1558 ,
1644 1493 1847 1560 inquit,
1878 1490 2043 1545 Iudas
2071 1505 2090 1543 :

519 1591 653 1657 Quid
687 1589 1112 1653 contradicemus,
1163 1587 1239 1642 vel
1280 1586 1400 1656 quid
1446 1586 1703 1655 loquemur
1743 1584 1946 1637 domino
1969 1625 1982 1645 ,
2015 1582 2090 1635 vel

515 1680 762 1749 quomodo
801 1679 1235 1752 jttstiﬁcubimur?
1285 1677 1418 1730 Deus
1445 1687 1613 1729 autem
1657 1676 1842 1729 invenit
1884 1675 2087 1743 injusti-

513 1771 635 1823 tiam
655 1785 907 1825 seruorum
928 1752 1145 1823 tuorum.
1179 1770 1372 1823 lterum
1401 1776 1650 1822 revocant
1677 1767 1773 1821 sibi
1804 1768 1854 1821 in
1883 1784 2090 1822 memn-

513 1863 646 1916 riam
672 1876 732 1916 ea
760 1877 877 1931 qum
908 1862 1032 1915 olim
1058 1869 1242 1915 contra
1278 1860 1423 1913 illum
1451 1858 1710 1914 fecerunt.
1758 1857 1889 1913 Ecce
1916 1877 2088 1914 sumus

511 1952 637 2005 servi
664 1951 866 2004 domino
887 1960 1055 2004 nostro
1098 1960 1146 2005 et
1191 1966 1281 2003 nos
1306 1960 1353 2004 et
1379 1950 1462 2004 ille
1486 1946 1624 2020 apud
1648 1966 1792 2019 quem
1828 1950 2084 2004 inventum

514 2051 585 2094 cst
616 2041 870 2110 poculum.
903 2041 1017 2096 Iam
1058 2056 1299 2111 magnam
1330 2040 1601 2095 declarant
1642 2040 2083 2107 benevolentiam,

513 2139 568 2186 et
608 2133 812 2202 seipsos
839 2146 958 2187 cum
1002 2130 1163 2188 fratre
1205 2132 1255 2186 in
1299 2130 1605 2186 servitutem
1647 2132 1948 2199 subjiciunt.
1995 2133 2080 2187 17.

520 2222 660 2277 Dixit
712 2233 876 2277 autem
917 2223 1109 2293 Ioseph
1160 2240 1180 2279 :
1235 2223 1378 2277 Absit
1423 2231 1476 2276 ut
1526 2223 1622 2276 hoc
1658 2224 1861 2293 faciant.
1918 2221 2084 2278 Homo

511 2316 652 2386 apud
685 2329 831 2386 quem
869 2316 1120 2371 inventum
1167 2316 1318 2386 fuetit
1361 2317 1631 2385 poculum,
1683 2315 1769 2369 ille
1814 2317 1905 2369 erit
1947 2331 2085 2369 meus

512 2422 683 2464 servus
706 2451 722 2476 ,
776 2424 863 2464 vos
912 2419 1079 2464 autem
1124 2409 1378 2464 ascendite
1418 2425 1533 2463 cum
1585 2407 1747 2463 salute
1789 2408 1858 2460 ad
1895 2416 2086 2478 patrem

509 2509 741 2555 restrum.

580 2592 631 2645 6.
664 2591 795 2645 Vide
835 2591 1101 2661 quomodo
1143 2590 1193 2646 id
1230 2606 1336 2662 quo
1373 2591 1591 2646 timebat
1636 2600 1805 2661 pater,
1851 2589 1953 2646 hoc
1998 2591 2079 2645 eis

508 2683 808 2751 contingit:
840 2691 895 2737 et
932 2682 982 2735 in
1020 2691 1126 2736 tam
1162 2697 1406 2751 magnam
1456 2682 1781 2736 devenerunt
1822 2682 2079 2737 turbatio-

513 2788 633 2827 ncm
658 2812 671 2837 ,
713 2782 767 2826 ut
802 2771 925 2842 quid
957 2771 1189 2827 lacerent
1217 2771 1502 2827 nescirent.
1538 2773 1619 2828 18.
1654 2772 2083 2844 Appropinquauit

509 2871 671 2915 autem
695 2858 859 2915 Iudas
877 2902 892 2926 ,
916 2860 1115 2931 inquit,
1138 2869 1185 2914 et
1208 2860 1353 2915 dixit.
1376 2859 1508 2930 Quia
1535 2862 1646 2930 ipse
1667 2870 1780 2917 erat
1801 2862 1888 2917 ille
1916 2862 2003 2933 qui
2029 2872 2084 2917 et

508 2969 538 3008 a
570 2962 716 3023 patre
739 2968 859 3008 eum
889 2961 1184 3023 acceperat,
1212 2961 1266 3008 et
1293 2952 1500 3009 dixerat
1524 2972 1536 3009 :
1570 2951 1686 3007 Nisi
1704 2952 1949 3008 reduxero
1967 2971 2082 3010 eum

513 3044 581 3097 ad
607 3054 672 3109 te,
697 3060 785 3097 ero
807 3043 893 3097 tibi
912 3052 1110 3113 peccato
1135 3043 1379 3097 obnoxius
1404 3042 1630 3097 omnibus
1659 3043 1866 3107 diebus:
1887 3044 2082 3099 idcirco

513 3143 565 3189 et
605 3133 819 3203 [ιι-θρῖον
851 3133 1016 3189 iactus
1060 3133 1342 3205 diligenter
1383 3141 1559 3189 narrat
1597 3135 1646 3191 ei
1689 3137 1864 3190 omnia
1889 3177 1904 3202 ,
1934 3145 1990 3189 ut
2029 3136 2081 3190 in

509 3223 1020 3279 commiserationcm
1050 3238 1115 3280 eo
1138 3223 1366 3279 adducto
1387 3266 1404 3292 ,
1438 3223 1733 3281 libertatem
1759 3240 1922 3295 puero
1949 3240 2078 3280 eon-

507 3317 731 3370 eiliaret.
767 3317 849 3371 18.
878 3315 1310 3387 Appropinquavit
1334 3317 1487 3382 enim,
1520 3317 1708 3387 inquit,
1740 3317 1786 3371 ei
1808 3315 1971 3370 Iudas
1990 3358 2005 3382 ,
2034 3326 2080 3370 et

509 3406 672 3460 dixit:
700 3406 824 3471 Oro,
856 3406 1073 3472 domine,
1107 3405 1340 3476 loquatur
1358 3421 1526 3461 servus
1551 3417 1683 3460 tuus.
1708 3406 1932 3461 Attende
1952 3422 2081 3476 quo-

513 3496 669 3552 modo
688 3512 784 3567 per
807 3496 981 3550 omnia
998 3504 1054 3549 ut
1072 3493 1288 3550 domino
1307 3510 1491 3551 servus
1517 3495 1778 3566 loquitur;
1807 3505 1860 3551 et
1888 3496 1938 3550 in
1965 3512 2080 3552 me-

511 3589 676 3645 moria
704 3588 842 3644 habe
864 3588 1066 3643 somnia
1096 3588 1503 3660 manipulorum,
1537 3599 1751 3660 propter
1775 3605 1893 3658 qua:
1916 3590 2081 3660 majo-

510 3692 623 3734 rem
649 3693 773 3749 erga
804 3692 927 3732 eum
960 3674 1209 3732 invidiam
1247 3688 1529 3743 acueram,
1560 3688 1612 3733 et
1637 3679 1951 3748 obsmpesce
1987 3695 2078 3733 so-

509 3774 699 3827 lertem
731 3769 821 3824 Dei
851 3770 1163 3840 sapientiam
1187 3814 1201 3835 ,
1232 3770 1496 3841 quomodo
1525 3773 1685 3826 tantis
1713 3772 1997 3826 obstaculis
2026 3772 2078 3827 in

512 3860 686 3917 medio
724 3861 938 3930 positis,
970 3861 1144 3915 omnia
1187 3875 1346 3932 opere
1375 3871 1496 3916 sunt
1536 3861 1769 3931 impleta.
1796 3860 2076 3931 Loquatur,

505 3952 710 4021 inquit,
740 3966 911 4005 servus
937 3960 1052 4006 tuus
1080 3966 1249 4006 coram
1274 3960 1342 4018 te,
1376 3962 1423 4007 et
1449 3969 1512 4006 ne
1532 3953 1767 4007 irascaris
1795 3969 1934 4006 servo
1958 3962 2043 4006 tuo
2062 3992 2078 4019 ,

511 4045 728 4098 domine.
762 4042 848 4099 19.
879 4041 958 4097 Tu
986 4045 1305 4116 interrogasti
1331 4056 1495 4099 servos
1515 4055 1643 4109 tuos,
1667 4046 1835 4100 dicens
1858 4061 1877 4099 :
1905 4045 2078 4100 liabe-

514 4136 640 4188 tisne
658 4137 877 4210 fratrem
904 4135 980 4190 vel
1014 4144 1204 4206 patrem
1227 4137 1251 4191 .’
1278 4136 1366 4191 2ο.
1398 4147 1441 4190 et
1471 4138 1691 4191 diximus
1712 4139 1913 4192 domino
1937 4155 1957 4193 :
1984 4138 2078 4193 Est

510 4225 651 4279 nobis
680 4233 819 4294 pater
838 4240 1012 4292 senex,
1038 4235 1083 4280 et
1103 4227 1264 4295 ﬁlium
1289 4229 1548 4282 senectutis
1568 4234 1800 4297 juvenem
1824 4230 1967 4285 habet
1988 4273 2000 4295 ,
2031 4241 2079 4285 et

510 4320 665 4382 frater
688 4316 797 4388 ejus
815 4326 1038 4372 mortuus
1059 4327 1147 4371 est.
1170 4317 1352 4388 Cogita
1375 4316 1460 4373 hic
1476 4320 1740 4388 quomodo
1760 4336 1818 4376 se
1839 4320 2079 4377 habuerit

506 4408 700 4477 .lnseph
735 4408 847 4464 ιι.ιό
872 4408 1111 4464 audiens.
1144 4408 1242 4464 Ille
1267 4410 1405 4465 solus
1430 4411 1628 4466 relictus
1653 4423 1725 4467 est
1759 4414 1906 4467 matri
1932 4429 2077 4480 stite;

513 4506 652 4569 pater
676 4510 841 4553 autem
867 4516 979 4553 cum
1006 4500 1186 4571 diligit.
1217 4501 1388 4568 Quare
1414 4511 1591 4557 autem
1616 4512 1666 4557 et
1693 4503 1778 4557 hic
1807 4503 2074 4571 mentitur,

499 4587 585 4645 sic
611 4586 792 4643 dicens
820 4602 836 4643 :
869 4586 1054 4643 Frater
1072 4592 1181 4660 ejus
1210 4600 1432 4645 mortuus
1452 4600 1523 4644 est
1542 4592 1569 4645 ?
1594 4591 1753 4659 Atqui
1775 4608 1893 4648 eum
1917 4609 2079 4664 nego—

505 4676 784 4730 tiaturibus
812 4674 1176 4733 vendiderant.
1206 4678 1402 4734 Verum
1430 4680 1548 4749 quia
1579 4680 1657 4735 sic
1693 4681 1826 4750 patri
1857 4697 2076 4751 persua-

507 4774 729 4829 serunt,
763 4767 908 4835 quasi
940 4769 1143 4823 occisus
1172 4774 1347 4833 esset,
1380 4778 1432 4823 et
1465 4783 1494 4823 α
1536 4769 1722 4825 bestiis
1747 4770 2030 4829 devoratus
2058 4789 2072 4829 :

509 4855 741 4926 alioquin
769 4854 926 4909 etiam
957 4866 1272 4927 putaverunt
1311 4874 1432 4914 eum
1462 4875 1567 4915 non
1600 4861 1856 4917 terentem
1884 4862 2074 4919 barba-

505 4961 686 5001 rorum
717 4948 1029 5002 servitutem
1046 4988 1060 5014 ,
1088 4946 1197 5017 jam
1224 4963 1342 5003 esse
1368 4959 1655 5019 mortuum,
1686 4962 1739 5007 et
1768 4953 1964 5009 idcirco
1990 4955 2075 5010 di-

499 5038 571 5089 cit
600 5054 614 5089 ι
648 5035 832 5092 Frater
867 5040 976 5109 ejus
1018 5050 1245 5093 mortuus
1278 5049 1369 5093 est.
1400 5041 1489 5095 21.
1521 5042 1703 5096 Dixisti
1729 5055 1893 5098 autem
1921 5046 2075 5099 servis

495 5130 599 5183 tuis
625 5144 644 5183 :
666 5128 910 5185 Deducite
931 5145 1043 5185 eum
1067 5132 1133 5183 ad
1160 5147 1268 5195 me,
1297 5142 1344 5186 et
1364 5148 1539 5187 curam
1564 5135 1748 5189 habebo
1780 5137 1953 5206 ipsius.
1980 5137 2070 5193 23.

498 5220 564 5275 Et
588 5221 763 5276 dixisti
787 5240 807 5278 :
837 5223 954 5279 Nisi
981 5224 1249 5279 descendat
1275 5229 1436 5297 frater
1464 5237 1619 5283 vester
1650 5229 1898 5285 vobiscum
1926 5275 1938 5292 .
1971 5250 2073 5288 non

494 5316 758 5385 apponetis
782 5325 835 5369 ut
858 5315 1067 5370 videatis
1094 5317 1272 5387 facient
1300 5333 1480 5373 meam.
1507 5319 1599 5374 21».
1635 5319 1849 5375 Factum
1878 5333 1950 5376 est
1973 5340 2070 5377 au-

506 5405 809 5471 temquando
829 5406 1141 5461 ascendimus
1155 5408 1222 5461 ad
1247 5424 1441 5463 servum
1455 5417 1594 5463 tuum
1621 5419 1809 5481 patrem
1826 5423 2069 5480 nostrum,

488 5494 906 5552 annuntiarimus
943 5498 987 5552 ei
1025 5498 1169 5552 verba
1207 5500 1411 5554 domini.
1441 5500 1528 5556 25.
1566 5501 1704 5556 Dixit
1731 5514 1894 5558 autem
1932 5516 2075 5576 pater

497 5593 669 5636 noster
691 5585 834 5641 nobis
854 5605 872 5642 :
900 5587 928 5641 I
935 5599 981 5643 te
1003 5590 1202 5654 iterum,
1229 5591 1375 5644 emite
1400 5592 1540 5646 nobis
1564 5609 1723 5661 pauca
1746 5593 1953 5649 cibaria.
1977 5596 2067 5652 26.

502 5672 611 5726 Nos
638 5680 809 5729 autent
830 5677 1046 5732 diximus
1074 5680 1120 5733 ei
1149 5695 1166 5733 :
1206 5679 1320 5735 Non
1342 5682 1609 5751 poterimus
1632 5682 1950 5749 descendere,
1974 5685 2070 5741 nisi

1264 296 1319 352 S.
1358 290 1634 351 JOANNIS
1658 283 2126 347 CHRYSOSTOM!
2162 286 2475 345 ARCHIEX‘.
2518 288 3045 349 CONSTANTl-NOP.

3670 306 3780 363 556

2200 399 2358 471 frater
2376 412 2542 457 noster
2561 404 2825 460 descendat
2849 408 3121 462 nobiscum.
3144 409 3231 464 27.
3256 409 3395 465 Dixit
3412 421 3571 470 autem
3604 434 3779 475 seri-us

2200 502 2314 547 tuus
2347 503 2491 564 pater
2518 506 2684 549 uoster
2711 511 2730 551 :
2768 496 2865 551 Vos
2894 498 3027 552 scitis
3052 541 3067 564 ,
3097 501 3232 570 quod
3261 502 3387 555 duos
3422 508 3613 575 peperit
3642 510 3772 563 mihi

2201 600 2346 648 uror,
2368 584 2457 640 28.
2488 597 2533 640 et
2560 604 2782 657 egressus
2810 599 2881 644 est
2908 607 3036 645 unus
3062 608 3094 644 a
3120 609 3198 647 tne
3217 636 3231 656 ,
3260 605 3303 647 et
3330 595 3528 651 dixistis
3545 640 3563 663 ,
3584 603 3718 669 quod
3740 620 3775 654 a

2200 674 2353 727 bestia
2373 676 2435 728 sit
2456 676 2736 731 devoratus.
2760 677 3044 735 Considera
3072 684 3338 752 quomodo
3361 699 3454 753 per
3472 691 3776 744 excusatio-

2200 779 2321 819 nem
2349 764 2497 820 Judu:
2520 767 2715 839 Ioseph
2741 771 2916 823 omnia
2940 771 3220 842 diligenter
3238 774 3482 832 didicerit
3505 795 3623 849 qua:
3648 794 3773 851 pust

2198 868 2348 910 suam
2372 857 2729 913 venditionem
2758 863 2960 930 egerint
2992 861 3166 928 dumi,
3195 877 3249 919 et
3273 867 3446 935 qualia
3469 871 3602 938 patri
3623 870 3689 925 de
3709 886 3773 927 se

2198 947 2543 1002 narraverint.
2568 949 2658 1004 29.
2680 949 2830 1004 Nunc
2850 951 3020 1022 igitur,
3043 953 3232 1023 inquit,
3255 957 3300 1009 si
3322 967 3366 1011 ct
3387 958 3519 1011 hunc
3534 962 3771 1030 tuleritis,

2196 1047 2245 1089 et
2264 1038 2498 1091 acciderit
2523 1040 2565 1092 ei
2586 1040 2800 1112 languor
2818 1042 2869 1096 in
2891 1044 2989 1107 uia,
3017 1043 3269 1099 deducetis
3292 1057 3587 1103 senectutem
3606 1068 3772 1107 meam

2196 1143 2310 1181 cum
2345 1144 2558 1183 maerore
2597 1131 2666 1183 ad
2697 1132 2904 1200 inferos.
2947 1131 3022 1187 Ita
3063 1150 3189 1204 ergo
3229 1146 3376 1205 patre
3418 1148 3600 1194 nostro
3640 1156 3770 1213 erga

2197 1236 2421 1289 puerum
2457 1222 2649 1277 allecto
2675 1263 2689 1288 ,
2721 1225 2986 1292 quomodo
3014 1227 3302 1295 poterimus
3333 1228 3520 1285 faciem
3547 1232 3663 1302 ejus
3689 1235 3770 1287 vi-

2195 1311 2341 1376 dere,
2362 1328 2527 1382 puero
2548 1330 2651 1369 non
2673 1317 2960 1372 exsistente
2981 1317 3288 1374 nobiscum?
3312 1321 3397 1376 50.
3418 1321 3613 1379 Pendet
3632 1325 3771 1379 enim

2194 1405 2365 1458 anima
2398 1407 2509 1474 ejus
2534 1421 2597 1458 ea:
2624 1405 2774 1476 hujus
2801 1408 2988 1460 anima.
3032 1409 3119 1462 3i.
3162 1409 3224 1463 Et
3265 1411 3504 1465 deducent
3538 1416 3665 1467 servi
3694 1416 3767 1468 tui

2193 1505 2491 1548 senectutem
2521 1496 2677 1565 patris
2706 1500 2860 1550 nostri
2888 1500 3013 1551 servi
3039 1500 3114 1552 tui
3137 1517 3249 1553 cum
3277 1518 3482 1556 mturare
3510 1506 3577 1557 at!
3601 1506 3763 1574 infer-

2194 1602 2333 1638 num.
2365 1585 2548 1640 Servus
2576 1591 2710 1640 enim
2736 1597 2851 1641 tuus
2878 1591 3071 1657 accepit
3099 1608 3304 1658 puerum
3332 1610 3363 1645 a
3393 1604 3534 1661 patre
3560 1612 3652 1649 suo
3677 1597 3761 1648 di-

2192 1694 2308 1731 cens
2339 1693 2358 1732 :
2388 1674 2505 1732 Nisi
2530 1677 2694 1749 ipsum
2716 1679 2784 1734 ad
2809 1691 2856 1735 te
2875 1681 3116 1736 reduxere
3139 1723 3155 1749 ,
3188 1695 3387 1752 peccato
3407 1686 3648 1740 obnoxius
3675 1704 3763 1742 ero

2191 1767 2279 1821 tibi
2310 1768 2539 1822 omnibus
2578 1768 2768 1823 diebus.
2817 1768 2922 1824 llas
2949 1772 3328 1840 promiSsiuncs
3372 1772 3471 1828 ieci
3504 1777 3670 1844 patri,
3705 1788 3764 1833 ut

2192 1872 2412 1927 puerum
2441 1858 2638 1929 possim
2681 1857 2976 1927 adducere,
3008 1869 3061 1914 et
3087 1878 3145 1916 ea
3180 1863 3399 1931 implere
3425 1881 3541 1934 qua:
3568 1875 3620 1920 tu
3646 1867 3763 1936 jus-

2189 1963 2357 2015 seras,
2387 1958 2784 2020 monstrareque
2808 1967 2967 2020 quam
2997 1964 3118 2007 rere
3145 1951 3449 2019 dixerimus,
3478 1966 3534 2010 et
3562 1957 3765 2013 nullum

2191 2039 2523 2094 mendacium
2562 2055 2592 2094 a
2629 2041 2781 2095 nobis
2814 2056 2933 2097 esse
2973 2041 3255 2112 prolatum.
3295 2044 3383 2099 53.
3424 2044 3576 2100 Nunc
3609 2048 3764 2119 igitur

2189 2130 2396 2184 manebo
2424 2146 2592 2186 servus
2622 2149 2712 2201 pro
2754 2149 2929 2202 puero,
2952 2134 3173 2203 famulus
3192 2136 3382 2189 domini
3405 2154 3425 2203 ;
3452 2155 3574 2206 puer
3596 2147 3761 2192 autent

2188 2220 2423 2276 ascendat
2451 2238 2563 2275 cum
2589 2222 2848 2290 fratribus.
2874 2221 2963 2278 ii.
2991 2222 3252 2288 Quomodo
3282 2226 3411 2278 enim
3440 2226 3762 2282 ascentlemus

2187 2315 2255 2368 ad
2281 2325 2492 2384 patrem,
2519 2331 2633 2368 cum
2672 2332 2772 2371 non
2805 2317 2867 2370 sit
2907 2317 3160 2370 nobiscum
3191 2319 3354 2387 puer?
3382 2318 3444 2370 Et
3480 2336 3541 2372 ue
3566 2319 3757 2371 rideam

2188 2403 2357 2472 mala,
2395 2422 2507 2476 qua:
2544 2407 2788 2461 inuenient
2836 2418 3025 2478 patrem
3073 2425 3253 2463 meum.
3302 2409 3425 2464 Hice
3469 2408 3761 2480 Joseplmm

2186 2493 2362 2548 animo
2391 2506 2789 2551 commoverunt
2811 2538 2826 2562 ,
2859 2507 2908 2552 et
2954 2498 3083 2552 satis
3109 2498 3156 2553 ei
3186 2498 3613 2555 demonstrarunt
3640 2501 3760 2557 illus

2187 2593 2239 2639 et
2280 2596 2478 2655 patrem
2522 2586 2679 2657 digne
2722 2587 2898 2642 colere
2921 2630 2935 2652 ,
2967 2599 3019 2643 et
3062 2587 3275 2643 fratrem
3309 2591 3527 2644 multum
3558 2608 3755 2646 atttrre.

2187 2677 2238 2732 1.
2274 2676 2337 2730 Et
2376 2695 2473 2731 non
2514 2679 2645 2731 ultra
2676 2679 2832 2746 fotuit
2866 2681 3031 2749 ferre,
3072 2696 3228 2750 neque
3260 2681 3471 2735 tolerare
3505 2682 3758 2737 adstantes

2183 2768 2278 2824 sibi
2301 2811 2315 2832 ,
2349 2769 2437 2822 sed
2473 2770 2684 2839 repulsis
2720 2771 2948 2825 omnibus
2980 2773 3115 2826 solus
3150 2772 3279 2826 inter
3312 2790 3393 2827 eos
3433 2774 3635 2827 relictus
3658 2817 3672 2839 ,
3698 2773 3755 2829 2.

2186 2862 2336 2916 missa
2358 2876 2471 2914 roce
2495 2877 2604 2914 cum
2632 2858 2754 2932 ﬂetu
2778 2902 2794 2928 ,
2831 2872 3000 2916 uotum
3039 2881 3092 2917 se
3126 2865 3241 2935 fecit
3267 2864 3527 2934 fratribus.
3565 2864 3627 2918 Et
3662 2866 3756 2919 hoc

2184 2951 2398 3005 innotuit
2427 2952 2477 3004 iu
2505 2960 2605 3005 toto
2642 2969 2823 3020 regno,
2856 2954 2907 3007 iu
2942 2955 3090 3007 domo
3123 2953 3427 3009 Pharaouix.
3458 2957 3509 3009 3.
3544 2956 3605 3009 Et
3634 2957 3758 3011 dicit

2185 3040 2426 3112 fratribus
2466 3042 2568 3095 suis
2599 3057 2618 3094 :
2650 3040 2758 3113 Ego
2791 3059 2901 3095 sum
2936 3041 3144 3113 Ioseph.
3184 3041 3378 3098 Vivitne
3414 3046 3578 3099 adhuc
3616 3058 3758 3116 pater

2184 3148 2323 3185 meus
2356 3131 2523 3203 (Cap.
2566 3130 2702 3201 45)?
2739 3133 3000 3188 Admirari
3044 3135 3127 3188 hic
3166 3134 3304 3189 subit
3338 3142 3392 3191 et
3433 3137 3568 3192 beati
3603 3137 3757 3208 hujus

2182 3224 2531 3278 constantiam
2552 3231 2748 3277 tantam
2771 3266 2786 3292 ,
2814 3234 2868 3279 et
2893 3224 3032 3295 quod
3062 3225 3330 3295 hucusque
3368 3229 3756 3284 simulationem

2182 3314 2509 3377 sustinuerit,
2533 3322 2585 3367 et
2604 3314 2742 3384 quod
2764 3315 2882 3385 quis
2899 3326 3039 3370 esset
3058 3332 3162 3370 non
3192 3316 3534 3372 dcc-iuraverit
3557 3337 3570 3371 :
3597 3329 3756 3388 atque

2182 3403 2525 3460 vehementer
2546 3404 2883 3475 obstupeseo,
2906 3408 3173 3476 quomodo
3203 3407 3274 3461 illi
3300 3409 3563 3478 putucriut
3590 3418 3752 3474 stare,

2183 3497 2265 3551 vel
2303 3511 2364 3550 os
2406 3504 2584 3566 postea
2621 3496 2829 3566 aperire
2853 3538 2867 3562 ,
2908 3497 3174 3566 quomodo
3203 3513 3305 3551 non
3337 3498 3555 3552 avolarit
3584 3498 3648 3551 ah
3676 3499 3756 3553 eis

2181 3588 2376 3653 anima,
2408 3586 2672 3657 quomodo
2701 3603 2883 3644 eorum
2923 3603 3072 3642 mens
3113 3596 3216 3641 tota
3258 3604 3360 3641 non
3389 3574 3714 3658 obstupuerit
3735 3630 3751 3652 ,

2181 3679 2447 3749 quomodo
2476 3694 2579 3732 non
2606 3693 2665 3734 se
2690 3678 2985 3733 abdiderint
3024 3678 3159 3732 intra
3189 3686 3404 3733 terram.
3442 3677 3506 3732 Et
3531 3694 3628 3732 non
3657 3697 3751 3747 po-

2183 3778 2401 3831 tueruut,
2429 3768 2615 3839 inquit,
2643 3773 2824 3839 fratres
2843 3769 2951 3840 ejus
2976 3768 3275 3837 respondere
3294 3769 3341 3822 ei
3366 3783 3386 3824 :
3414 3770 3597 3823 turbati
3619 3772 3752 3824 enim

2181 3867 2341 3913 erant.
2371 3859 2557 3913 Merito
2585 3876 2598 3911 :
2626 3859 2917 3930 cogitantes
2946 3858 3210 3929 quomodo
3231 3874 3353 3914 eum
3378 3868 3749 3929 tractaverant,

2182 3959 2235 4005 et
2260 3952 2428 4022 qualis
2454 3953 2564 4022 ipse
2593 3967 2715 4022 erga
2738 3951 2854 4006 illos
2888 3949 3060 4006 fuerat
3091 3969 3104 4005 :
3138 3960 3190 4007 et
3216 3953 3506 4021 cogitantes
3532 3954 3750 4023 gloriam

2183 4041 2233 4095 in
2290 4057 2389 4110 qua
2418 4045 2733 4098 constitutus
2771 4051 2885 4098 erat
2907 4084 2921 4107 ,
2953 4044 3019 4097 de
3051 4056 3143 4096 sua
3174 4042 3341 4096 Salute
3373 4043 3752 4111 propemodum

2181 4132 2319 4186 anxii
2348 4141 2516 4186 erant.
2540 4131 2824 4201 Propterea
2846 4131 3027 4187 vola-ns
3047 4146 3140 4186 eos
3165 4133 3401 4187 animare
3425 4174 3438 4197 ,
3470 4133 3525 4187 4.
3556 4133 3751 4202 Appro-

2182 4224 2433 4295 pinquate,
2466 4222 2654 4291 inquit,
2687 4222 2754 4275 ad
2783 4239 2877 4275 me.
2910 4221 2986 4276 Ne
3014 4222 3361 4276 amovcumini
3390 4237 3483 4275 vos
3513 4244 3527 4275 :
3562 4239 3627 4277 ne
3655 4238 3749 4277 ro-

2178 4314 2354 4385 gitetis
2373 4326 2464 4368 vos
2484 4312 2698 4382 proprio
2717 4312 2938 4366 consilio
2966 4311 3078 4365 ha-c
3103 4320 3286 4365 contra
3318 4327 3402 4367 tne
3425 4311 3617 4381 egisse.
3650 4313 3750 4368 Ista

2181 4421 2285 4460 non
2312 4413 2416 4460 tam
2449 4414 2636 4460 vestra:
2662 4418 2789 4475 erga
2823 4419 2907 4458 me
2933 4400 3280 4458 adscribeuda
3314 4414 3436 4457 sunt
3468 4404 3747 4473 iniquitati,

2180 4511 2334 4567 quam
2365 4495 2555 4549 divinas
2581 4494 2853 4565 sapientia:
2880 4502 2932 4548 et
2962 4493 3210 4548 inetiabili
3241 4492 3618 4548 misericordiae
3650 4510 3662 4543 :
3692 4504 3750 4547 ut

2182 4586 2283 4642 huc
2306 4585 2592 4641 adveniens
2615 4628 2629 4653 ,
2659 4600 2801 4640 nunc
2826 4584 3136 4655 tempestive
3161 4592 3215 4638 et
3239 4583 3389 4639 vobis
3418 4594 3471 4639 et
3502 4584 3595 4638 toti
3627 4583 3750 4639 huic

2179 4676 2378 4748 regioni
2416 4690 2625 4747 possem
2667 4676 3003 4746 suppeditare
3041 4675 3309 4729 alimenta.
3343 4674 3408 4727 Et
3435 4674 3560 4728 dixit
3590 4691 3610 4728 :
3640 4672 3747 4744 Ego

2176 4786 2286 4825 sum
2306 4767 2494 4838 Ioseph
2515 4772 2670 4839 frater
2690 4779 2867 4833 vester,
2891 4784 3034 4838 quem
3053 4767 3341 4821 oendidt'stis
3367 4768 3417 4820 iu
3443 4765 3746 4837 .Egyptum.

2177 4861 2229 4917 5.
2262 4859 2416 4913 Nunc
2441 4859 2595 4929 igitur
2618 4876 2679 4912 ne
2700 4858 2926 4912 deleatis.
2951 4856 3029 4913 Ne
3052 4875 3163 4921 vos,
3197 4859 3382 4928 inquit,
3406 4857 3506 4912 huc
3528 4866 3749 4910 contur-

2177 4951 2296 5017 bet;
2339 4965 2405 5006 nc
2456 4964 2702 5020 asperum
2745 4949 2893 5003 νυιιίε
2941 4950 3179 5003 videatur
3215 4949 3354 5018 quod
3410 4949 3602 5003 factum
3646 4957 3746 5000 est.

2181 5041 2270 5096 Dei
2297 5042 2438 5095 enim
2474 5040 2865 5108 dispensatione
2893 5040 3226 5108 contigerunt
3261 5038 3394 5094 hzec.
3439 5036 3575 5092 Deus
3618 5038 3748 5091 enim

2177 5150 2255 5189 me
2282 5133 2413 5188 misit
2438 5133 2491 5186 in
2510 5134 2660 5186 vitam
2687 5142 2804 5186 ante
2824 5148 2924 5185 vos.
2955 5134 3008 5185 6.
3039 5131 3175 5184 Nam
3202 5132 3282 5185 hic
3311 5131 3555 5185 secundus
3582 5146 3747 5184 annus

2176 5223 2326 5295 famis
2362 5241 2512 5295 super
2537 5235 2722 5279 terram
2745 5266 2760 5289 ,
2795 5234 2840 5277 et
2869 5223 3035 5276 adhuc
3059 5234 3246 5278 restant
3270 5226 3483 5294 quinque
3507 5224 3628 5276 anui
3653 5264 3666 5287 ,
3695 5223 3748 5276 in

2175 5321 2351 5390 quibus
2377 5334 2475 5371 nan
2501 5319 2590 5372 erit
2619 5319 2781 5372 aratio
2805 5358 2819 5381 ,
2851 5332 3007 5385 neque
3039 5317 3228 5370 messis.
3258 5316 3309 5370 7.
3350 5316 3489 5369 Misit
3513 5316 3643 5368 enim
3672 5330 3750 5368 me

2178 5409 2314 5464 Deus
2335 5418 2451 5463 ante
2467 5425 2568 5472 vos,
2593 5417 2646 5461 ut
2662 5409 3053 5476 relinquerentur
3071 5407 3203 5460 vobis
3228 5407 3451 5477 reliquiae
3472 5422 3625 5476 super
3645 5415 3748 5458 ter-

2175 5518 2301 5556 ram.
2329 5503 2380 5555 8.
2417 5498 2570 5554 Nunc
2593 5501 2745 5570 igitur
2764 5514 2862 5552 non
2882 5513 2968 5553 vos
2990 5515 3068 5551 me
3091 5499 3291 5552 misistis
3310 5498 3408 5550 hac
3425 5538 3439 5559 ,
3471 5498 3559 5550 sed
3590 5495 3744 5550 Deus.

2245 5595 2296 5648 7.
2329 5592 2461 5648 Vide
2498 5591 2762 5662 quomodo
2790 5588 2954 5646 semel
2982 5599 3035 5645 et
3068 5591 3255 5644 iterum
3289 5599 3343 5643 et
3372 5590 3529 5643 tertio
3552 5600 3747 5642 consoo

2179 5683 2459 5741 latun'llos
2485 5722 2499 5748 ,
2531 5682 2711 5737 dicens
2739 5697 2797 5738 se
2827 5695 2932 5736 non
2966 5680 3093 5751 ipsis
3118 5680 3643 5737 adScriberecausam
3665 5678 3748 5732 sui
