4134 6214
389 342 468 398 ξεῖ
1395 336 1458 392 ΙΝ
1497 337 1648 392 CAP.
1694 335 1847 392 XLV.
1891 334 2128 392 GENES.
2173 337 2404 392 HOMiL.
2438 339 2596 394 LXV.

364 458 629 526 ingressus
659 452 710 507 in
742 451 1048 522 Egyptum,
1072 449 1166 505 sed
1193 449 1354 504 Deutn
1385 449 1483 504 hoc
1513 449 1720 515 fecisse,
1743 460 1798 504 ut
1820 451 1932 520 ipse

366 548 416 601 in
445 547 580 598 hanc
597 543 800 598 veniret
819 539 1062 612 gloriam.
1090 539 1245 604 Deus,
1267 539 1453 609 inquit,
1478 541 1607 593 misit
1634 557 1728 605 me,
1758 551 1802 592 et
1823 540 1938 610 fecit

367 653 442 690 me
467 635 610 705 quasi
640 643 829 703 patrem
866 631 1152 684 Pharaonis
1176 672 1190 695 ,
1223 639 1269 683 et
1296 631 1552 682 dominum
1584 631 1732 684 totius
1763 629 1939 683 domas

366 728 525 791 illius,
549 735 593 778 et
618 725 890 792 principem
916 724 1064 776 totius
1095 721 1324 792 .Egypti.
1359 722 1470 784 Illa,
1503 723 1687 791 inquit,
1716 723 1941 775 servitus

370 817 510 869 Inmc
551 813 897 884 principatum
939 812 1063 865 mihi
1103 811 1439 876 conciliavit,
1486 812 1571 864 illa
1617 812 1848 864 venditio
1889 812 1938 864 in

372 904 507 958 hanc
535 917 620 956 me
643 901 864 971 gloriam
894 901 1067 954 evexit
1094 941 1108 964 ,
1142 901 1226 953 illa
1257 900 1470 954 afflictio
1505 900 1658 968 hujus
1685 901 1810 954 mihi
1842 901 1940 952 ho-

370 995 515 1048 noris
553 993 762 1048 occasio
793 991 888 1045 fuit
911 1032 926 1058 ,
967 991 1052 1044 illa
1082 991 1277 1045 invidia
1320 991 1455 1045 hanc
1493 992 1619 1045 tnihi
1648 991 1938 1044 claritatem

371 1086 595 1156 peperit.
626 1085 749 1139 l-Itcc
778 1098 873 1137 nos
899 1098 1004 1138 non
1029 1083 1199 1137 solum
1226 1083 1497 1137 audiamus
1519 1124 1533 1148 ,
1566 1082 1657 1136 sed
1686 1093 1734 1136 et
1767 1083 1942 1136 imite-

371 1194 488 1232 mur
513 1196 527 1233 :
555 1188 604 1232 et
634 1178 701 1231 ita
727 1176 962 1230 solemur
985 1190 1076 1230 eos
1099 1175 1191 1244 qui
1222 1190 1318 1229 nos
1344 1174 1600 1240 afﬂixere,
1631 1190 1735 1226 non
1769 1175 1942 1242 impu-

369 1279 544 1323 tantes
570 1270 649 1323 cis
673 1285 791 1338 qua:
823 1270 872 1322 in
902 1283 999 1322 nos
1028 1268 1374 1334 admiserunt,
1407 1277 1459 1322 et
1484 1269 1659 1322 omnia
1686 1283 1804 1321 eum
1836 1282 1945 1320 ma-

370 1375 470 1427 gna
504 1360 732 1413 ferentes
767 1358 1153 1423 benevolentia,
1185 1357 1323 1413 sicut
1353 1359 1441 1412 ille
1473 1361 1552 1412 vir
1581 1358 1941 1412 admirandus.

372 1449 554 1518 Igitur,
586 1449 772 1519 inquit,
801 1464 922 1503 cum
955 1465 1262 1518 persuasum
1288 1450 1436 1503 vobis
1465 1451 1698 1509 fecerim.
1729 1464 1814 1503 me
1842 1463 1943 1502 non

365 1541 521 1596 vobis
547 1540 849 1594 adscribere
868 1555 928 1592 ea
951 1555 1068 1608 qua:
1089 1549 1270 1593 contra
1295 1555 1379 1593 me
1405 1554 1432 1592 a
1456 1539 1604 1593 vobis
1633 1539 1763 1591 facta
1791 1546 1912 1591 sunt
1929 1579 1944 1603 ,

371 1631 462 1684 sed
495 1629 634 1698 quod
673 1630 892 1683 liberem
921 1643 1015 1682 vos
1044 1629 1360 1683 criminibus
1392 1647 1404 1682 :
1440 1629 1547 1681 Deo
1573 1639 1747 1682 autem
1779 1637 1943 1680 totum

374 1719 624 1782 tribuam,
648 1719 738 1788 qui
761 1719 847 1771 illa
871 1718 939 1770 ita
961 1717 1286 1786 dispensavit
1308 1728 1360 1770 ut
1389 1727 1697 1786 praisenlem
1729 1717 1948 1785 gl‘iriam

371 1810 448 1863 sic
471 1808 802 1878 acquirerem
825 1825 835 1860 :
862 1807 914 1861 9.
948 1805 1071 1860 Ideo
1088 1809 1374 1878 festinantes
1397 1808 1644 1862 ascendite
1668 1807 1735 1859 ad
1757 1817 1947 1874 patrem

373 1913 536 1952 nteum
561 1937 576 1962 ,
609 1907 653 1950 et
679 1898 826 1950 dicite
845 1897 888 1950 ei
911 1911 932 1952 :
965 1896 1086 1951 "me
1108 1897 1226 1950 dicit
1247 1897 1383 1965 ﬁlius
1405 1908 1517 1951 tuus
1540 1897 1729 1966 .Ioseph
1763 1913 1780 1950 :
1811 1895 1951 1949 Fecit

369 2006 454 2042 me
471 1988 606 2042 Deus
626 1989 882 2040 dontinum
899 1990 1048 2042 totius
1069 1998 1213 2041 terra:
1228 1987 1462 2058 ngypti.
1491 1987 1747 2042 Descende
1765 1987 1830 2040 ad
1852 2003 1946 2053 me,

373 2090 420 2134 et
445 2096 508 2132 ne
533 2077 739 2146 di/I'eras
764 2096 781 2139 :
817 2080 901 2133 l0.
930 2089 975 2132 et
1014 2079 1259 2132 habitabis
1289 2081 1339 2132 in
1378 2089 1510 2132 terra
1537 2077 1710 2132 Gesem
1737 2120 1748 2139 ,
1783 2089 1828 2132 et
1855 2079 1952 2131 eris

373 2169 517 2238 apud
539 2186 615 2222 me
640 2179 712 2234 tu,
741 2181 786 2223 et
807 2170 900 2237 ﬁlii
933 2170 1026 2236 tui,
1058 2181 1102 2222 et
1135 2169 1228 2236 ﬁlii
1252 2170 1469 2238 filiorum
1502 2180 1716 2231 tuorum,
1745 2178 1789 2221 et
1818 2184 1949 2233 oves,

375 2271 420 2314 et
455 2261 596 2314 boves
619 2302 634 2322 ,
675 2271 721 2314 et
758 2276 1079 2330 qtttecumque
1120 2262 1268 2315 habes
1295 2303 1309 2327 ,
1346 2263 1430 2315 il.
1461 2271 1506 2315 et
1533 2263 1665 2314 alam
1693 2273 1739 2313 te
1768 2261 1954 2332 (adhuc

375 2351 509 2402 enim
525 2351 740 2420 quinque
758 2351 903 2402 annis
927 2350 1124 2420 fontes),
1147 2363 1198 2404 ttt
1221 2369 1318 2404 non
1341 2352 1555 2405 delearis
1579 2362 1652 2417 tu,
1681 2362 1726 2405 et
1744 2352 1837 2420 filii
1859 2351 1951 2416 tui,

377 2451 423 2493 et
436 2442 596 2493 omnis
608 2442 880 2494 substantia
892 2449 995 2494 tua.
1016 2442 1097 2496 l2.
1115 2441 1245 2496 Ecce
1256 2443 1388 2496 oculi
1401 2445 1546 2496 vestri
1561 2445 1743 2508 rident,
1764 2453 1807 2496 et
1824 2444 1956 2496 oculi

377 2529 644 2594 Beniamin
674 2535 845 2601 fratris
875 2534 1041 2597 vestri,
1063 2533 1198 2604 quod
1224 2549 1308 2586 ore
1334 2550 1441 2586 utea
1468 2534 1600 2586 vobis
1627 2532 1824 2602 loquor.
1850 2535 1956 2586 An-

369 2625 609 2675 nuntiate
647 2624 780 2693 patri
824 2641 929 2677 utea
969 2641 1161 2677 onmem
1192 2624 1403 2694 gloriam
1443 2642 1602 2679 meam
1642 2642 1754 2696 qua:
1793 2636 1863 2679 est
1903 2626 1956 2680 in

380 2712 612 2785 eEgypto
630 2757 642 2778 ,
669 2724 714 2769 et
743 2733 1065 2786 quotcumque
1092 2718 1313 2781 vidistis,
1342 2727 1390 2771 et
1415 2718 1705 2786 festinantes
1732 2717 1958 2772 deducite

379 2822 514 2860 eum.
548 2805 828 2875 Postquam
860 2808 969 2860 haec
1009 2807 1183 2861 omnia
1211 2807 1383 2870 dixit,
1412 2815 1463 2859 ‹-ι
1495 2807 1621 2860 satis
1649 2822 1740 2860 eos
1769 2821 1958 2860 conso-

380 2893 516 2946 latus
545 2903 647 2960 est,
679 2895 1085 2964 mandatumque
1107 2895 1249 2949 dedit
1273 2904 1328 2949 ut
1346 2895 1411 2948 de
1436 2896 1592 2949 rebus
1614 2905 1666 2948 et
1692 2905 1832 2949 statu
1860 2911 1958 2949 suo

382 2993 585 3052 patrem
613 2985 893 3040 certiorem
925 2986 1208 3040 redderent
1237 3026 1252 3048 ,
1282 2986 1564 3054 statimque
1593 2987 1955 3051 adducerent,

382 3075 471 3130 M.
505 3075 693 3129 Cecidit
719 3077 769 3130 in
800 3077 984 3130 collum
1015 3077 1278 3146 Benjantin
1311 3078 1478 3145 fratris
1507 3079 1615 3140 sui,
1637 3090 1684 3132 et
1709 3080 1841 3148 flevit
1871 3080 1889 3150 (
1915 3081 1959 3134 is

382 3183 612 3236 namque
632 3176 746 3222 erat
769 3169 1002 3223 uteriuus
1024 3168 1230 3236 frater),
1250 3179 1293 3223 et
1315 3170 1400 3223 ille
1420 3170 1631 3223 uicissim
1657 3171 1790 3238 ﬂevit
1811 3187 1960 3240 super

382 3273 475 3320 eo;
509 3267 556 3309 et
590 3259 842 3311 osculatus
877 3269 945 3312 est
975 3275 1147 3312 omnes
1176 3263 1358 3329 fratres
1397 3275 1512 3312 suos
1534 3301 1546 3321 ,
1571 3269 1618 3312 et
1646 3260 1782 3328 flevit
1808 3277 1960 3330 super

380 3365 485 3403 eos.
518 3349 753 3418 Denique
783 3358 897 3418 post
925 3359 1125 3403 tantum
1156 3349 1474 3419 colloquium
1502 3361 1552 3404 et
1582 3351 1841 3421 lacrymas
1862 3393 1875 3414 ,
1906 3360 1960 3406 et

375 3437 796 3492 consolationem
822 3479 837 3503 ,
867 3446 918 3492 et
949 3439 1225 3492 consilium
1264 3438 1403 3508 quod
1435 3439 1512 3492 eis
1541 3439 1716 3504 dedit,
1746 3441 1829 3493 vix
1860 3455 1957 3508 po-

384 3537 599 3581 tuerunt
626 3543 743 3582 cum
773 3544 836 3582 eo
868 3529 1031 3597 loqui.
1063 3529 1145 3582 l5.
1178 3526 1300 3581 Post
1325 3532 1430 3582 Ita'c
1459 3530 1621 3593 enim,
1654 3530 1852 3597 inquit,
1881 3529 1958 3583 lo-

377 3617 660 3687 quebantur
684 3618 746 3670 ei.
779 3618 864 3671 16.
899 3617 1021 3670 Haec
1045 3628 1208 3671 autem
1235 3620 1403 3670 omnia
1429 3619 1684 3687 divulgata
1719 3629 1835 3672 sunt
1865 3661 1878 3681 ,
1916 3626 1961 3673 ιι

381 3709 629 3761 celebrata
665 3709 716 3760 in
742 3708 890 3760 domo
917 3707 1199 3760 Pharaonis
1218 3749 1232 3772 ,
1266 3719 1310 3762 et
1339 3712 1537 3778 gavisus
1567 3720 1636 3763 est
1666 3751 1680 3772 ,
1719 3722 1764 3763 et
1791 3728 1959 3764 otnnes

379 3802 468 3870 qui
509 3801 559 3853 in
601 3801 750 3851 domo
785 3802 911 3867 ejus.
944 3800 1285 3863 Exhilaravit,
1321 3801 1520 3869 inquit,
1550 3817 1736 3855 omnes
1765 3804 1959 3870 agnitio

383 3893 607 3944 fratrum
637 3889 853 3958 Joseph.
889 3891 972 3942 l7.
1007 3889 1072 3943 Et
1098 3890 1246 3955 dixit,
1279 3891 1464 3960 inquit.
1491 3907 1579 3944 rex
1605 3890 1796 3960 Ioseph
1821 3909 1837 3946 :
1867 3891 1960 3944 Dic

383 3980 628 4052 fratribus
653 3981 750 4033 tuis
778 3995 796 4032 :
830 3978 940 4032 I-Ioc
967 3983 1117 4049 facile
1143 3996 1161 4033 :
1188 3980 1386 4048 implete
1411 3980 1635 4033 vehicula
1665 3991 1824 4034 vestra
1850 3981 1960 4048 fru-

383 4079 573 4135 mento,
609 4078 655 4122 et
689 4068 837 4122 abite.
877 4069 962 4122 18.
996 4067 1060 4121 Ει
1091 4078 1344 4138 assumpto
1375 4078 1517 4138 patre
1542 4081 1699 4122 vcstro
1715 4070 1871 4122 redite
1894 4073 1957 4121 aa

383 4178 495 4225 me,
530 4174 576 4213 et
610 4161 740 4213 dabo
779 4159 912 4214 vobis
950 4160 1013 4212 de
1053 4160 1280 4212 omnibus
1317 4160 1457 4212 bonis
1491 4158 1708 4228 /Egypti
1740 4177 1756 4212 :
1789 4159 1872 4213 l9.
1905 4170 1958 4212 tu

380 4260 551 4304 autem
576 4252 788 4314 manda,
820 4260 872 4303 nt
892 4251 1141 4318 accipiant
1168 4252 1391 4318 plaustra
1423 4252 1592 4318 pueris
1623 4261 1668 4303 et
1699 4253 1957 4306 uxoribus.

380 4341 519 4397 Vide
565 4351 616 4395 et
665 4357 840 4410 regem
866 4383 880 4404 ,
910 4341 1177 4410 qnmnodo
1200 4341 1308 4410 jam
1339 4357 1518 4395 curam
1560 4343 1665 4411 agit
1695 4341 1760 4394 de
1789 4341 1956 4394 reditu

387 4431 546 4486 Iacob
577 4430 670 4499 (a).
696 4429 762 4483 Et
788 4441 1066 4497 assumpto,
1100 4431 1290 4500 inquit,
1322 4443 1460 4499 patre
1480 4440 1638 4482 vestro
1664 4431 1842 4495 uenite,
1865 4430 1954 4484 20.

381 4533 428 4574 et
455 4538 518 4573 ne
548 4521 765 4589 parcatis
791 4521 946 4574 oculis
976 4520 1040 4574 de
1068 4522 1196 4574 vasis
1227 4521 1417 4575 vestris.
1459 4519 1645 4573 Omnia
1675 4520 1803 4573 enim
1831 4522 1956 4573 bona

382 4611 606 4681 digypti
627 4621 786 4663 vestra
812 4621 974 4665 erunt.
992 4611 1082 4666 2|.
1111 4612 1356 4667 Fecerunt
1377 4622 1540 4665 autent
1566 4612 1636 4664 sic
1657 4613 1751 4679 ﬁlii
1773 4610 1955 4665 Israe’l.

381 4702 537 4755 Dedit
565 4711 730 4754 autent
759 4699 953 4768 Ioseph
975 4704 1044 4754 eis
1072 4718 1267 4767 currus,
1293 4703 1444 4771 juxta
1471 4702 1759 4753 ntandatum
1792 4703 1957 4771 regis;

377 4794 467 4846 22.
495 4801 543 4844 et
568 4791 797 4845 omnibus
827 4791 1025 4860 quidem
1047 4791 1181 4843 dedit
1203 4791 1342 4844 binas
1363 4790 1515 4844 stolas
1535 4830 1549 4854 ,
1579 4788 1842 4859 Benjamin
1868 4808 1957 4843 au-

381 4892 480 4935 tem
504 4882 642 4934 dedit
666 4890 907 4934 trecentos
929 4896 1128 4941 aureos,
1154 4888 1199 4932 et
1223 4880 1438 4948 quinque
1465 4880 1618 4932 stolas
1645 4881 1956 4942 mutatorias,

381 4971 472 5026 23.
500 4981 545 5024 et
568 4972 698 5039 patri
717 4987 806 5023 suo
825 4971 956 5024 misit
975 4970 1203 5023 similiter
1221 4978 1266 5022 et
1286 4969 1454 5021 decem
1479 4971 1646 5022 asinos
1667 4973 1876 5039 ferentes
1898 4971 1959 5023 de

381 5062 525 5114 bonis
544 5059 780 5129 /Egypti,
806 5070 853 5116 et
873 5066 1039 5115 decem
1061 5061 1222 5114 mulas
1245 5061 1454 5128 ferentes
1473 5077 1624 5129 panes
1646 5061 1774 5129 patri
1796 5078 1886 5114 suo
1908 5062 1956 5114 in

381 5153 536 5205 viam.
563 5151 651 5205 ει.
687 5153 877 5216 Quibus
905 5152 1131 5207 omnibus
1161 5152 1292 5205 datis
1311 5192 1326 5217 ,
1360 5151 1492 5204 misit
1527 5153 1708 5219 fratres
1733 5168 1881 5215 suos,
1913 5161 1957 5204 et

467 5321 521 5383 ᾳ)
554 5322 623 5368 sic
645 5333 814 5370 oumes
827 5335 934 5370 cum
949 5323 1084 5380 mliti,
1102 5328 1203 5372 tum
1228 5323 1541 5383 simiuszripti.
1561 5329 1616 5383 at
1634 5335 1860 5383 quorsum
1881 5321 1958 5369 hic

382 5381 745 5446 reditusilaeohi
771 5385 816 5430 in
845 5383 1114 5446 A'Zgyptum,
1151 5386 1232 5446 qui
1258 5381 1514 5446 numquam
1541 5381 1796 5445 [Egjptnm
1821 5383 1956 5429 vide-

380 5441 489 5505 rat?
506 5451 570 5489 au
583 5443 658 5490 hic
677 5457 764 5491 vox
779 5441 952 5500 ara-(it,
964 5441 1316 5505 'tmwsm'qnte.
1328 5441 1502 5502 reditu,
1526 5441 1841 5505 interpretata
1861 5450 1953 5496 est.

380 5504 536 5564 posita
564 5506 705 5565 tuerit
737 5518 841 5564 pro.
865 5515 1014 5561 ἀνάδω,
1039 5506 1115 5553 vel
1143 5504 1317 5565 totius,
1359 5514 1528 5562 “tam,
1556 5504 1665 5565 qua:
1685 5518 1840 5565 voces
1858 5506 1955 5563 ja.n

378 5562 500 5626 non.
521 5562 750 5618 reditum,
769 5567 873 5619 sed,
903 5562 1200 5622 descensum,
1226 5562 1550 5626 signiﬁcarent
1565 5562 1586 5613 ’ἓ
1601 5572 1661 5626 νει
1682 5564 1757 5612 hic
1780 5562 1956 5612 sensus

373 5623 657 5688 quadraret,
682 5628 1066 5688 qnandmguidem
1105 5630 1185 5688 qui
1213 5623 1459 5675 exitudaea
1494 5629 1539 5675 in
1568 5625 1819 5688 Egyptian
1842 5641 1870 5687 ιι
1894 5635 1954 5672 ϊ-

373 5690 515 5748 gunt,
533 5685 836 5735 descendere
861 5685 913 5736 ut
936 5685 1188 5749 plurimum
1206 5689 1427 5736 dicuntur

3513 341 3613 394 538

2047 453 2261 521 profecti
2286 461 2401 506 sunt
2425 469 2442 506 :
2465 452 2688 519 dixitque
2717 453 2786 506 eis
2813 467 2830 506 :
2860 451 2941 505 Ne
2966 452 3252 505 irascamini
3277 453 3326 505 in
3355 453 3452 505 aia.
3492 453 3617 506 \‘ide

2047 552 2281 596 mentem
2324 544 2561 597 moribus
2589 544 2801 614 optimis
2832 543 3124 611 prteditam.
3156 543 3268 596 Non
3299 543 3468 599 solum
3507 545 3619 614 ipse

2045 632 2245 685 dimisit
2276 633 2405 687 iram
2428 674 2442 698 ,
2473 643 2525 688 ct
2551 649 2580 686 a
2609 634 2918 688 criminibus
2958 632 3235 698 liberavit,
3265 633 3359 687 sed
3393 643 3446 688 et
3475 634 3620 702 ipsos

2047 722 2296 776 admonet
2320 764 2332 784 ,
2376 740 2440 777 ne
2472 724 2765 776 irascantur
2792 723 2843 776 in
2872 724 2973 787 via,
3007 739 3178 792 neque
3203 738 3322 778 sese
3347 734 3529 778 mutuo
3553 724 3622 780 de

2049 812 2199 865 factis
2223 822 2487 866 accusent.
2521 813 2652 867 Nam
2683 814 2725 866 si
2759 828 2923 881 nuper
2948 828 3068 867 cum
3097 821 3352 867 steterant
3377 825 3499 868 ante
3523 815 3619 869 Jo-

2048 903 2199 972 seph,
2220 903 2463 957 dici-baut
2483 905 2618 958 inter
2642 919 2720 968 se,
2745 903 2922 957 Merito
2943 924 2960 956 :
2983 905 3032 957 in
3061 905 3275 974 peccatis
3297 905 3426 958 enim
3451 923 3620 960 sumus

2049 1005 2252 1062 propter
2276 998 2483 1063 fratrem
2511 1005 2732 1048 nostrum
2753 1035 2768 1060 ,
2789 994 2905 1063 quia
2931 995 3244 1058 despeximus
3270 995 3376 1064 ejus
3395 995 3622 1064 afﬂictio-

2050 1101 2159 1137 nem
2191 1084 2350 1152 (Gen.
2377 1087 2461 1138 42.
2491 1086 2580 1140 2|.
2607 1085 2702 1158 2‘2.)
2730 1103 2744 1151 ;
2767 1097 2820 1141 et
2848 1101 3134 1154 exsurgens
3162 1087 3345 1140 [iuben
3373 1087 3578 1143 dicebat
3609 1107 3621 1142 :

2053 1176 2236 1230 Nonne
2272 1177 2376 1230 dixi
2413 1178 2546 1230 vobis
2572 1219 2586 1244 ,
2624 1194 2684 1230 ne
2713 1176 2900 1247 injuria
2920 1177 3143 1246 efficiatis
3174 1195 3405 1246 puerum,
3445 1189 3491 1232 et
3525 1196 3624 1233 non

2049 1267 2322 1319 exaudistis
2360 1283 2436 1318 me
2457 1267 2482 1318 .’
2521 1267 2686 1319 multo
2724 1267 2890 1335 magis
2918 1267 3202 1321 verisimile
3230 1276 3364 1330 erat,
3395 1268 3538 1321 illum
3571 1268 3622 1320 in

2051 1359 2130 1409 via
2159 1373 2278 1410 cum
2307 1358 2428 1412 aliis
2455 1359 2745 1411 rixatnrum
2773 1372 2910 1412 esse.
2957 1358 3239 1426 Propterea
3267 1360 3623 1428 comprimens

2048 1461 2234 1502 eorum
2263 1450 2394 1502 iram
2424 1458 2477 1502 ct
2503 1451 2896 1504 contentionem
2926 1456 3179 1509 mutuam.
3210 1450 3334 1504 dicit
3363 1467 3376 1502 :
3409 1449 3490 1503 Ne
3517 1450 3624 1502 ira-

2051 1542 2261 1594 scamini
2282 1542 2332 1594 in
2360 1542 2468 1606 via;
2495 1541 2587 1596 sed
2613 1541 2903 1609 cogitantes
2931 1540 3069 1609 quod
3096 1555 3193 1608 ego
3219 1555 3323 1593 non
3351 1539 3624 1595 habuerim

2054 1647 2150 1700 pro
2175 1632 2396 1685 crimine
2422 1647 2537 1700 qua:
2566 1631 2616 1684 in
2646 1645 2730 1684 me
2763 1629 3069 1694 admisistis,
3103 1629 3199 1699 ipsi
3227 1629 3388 1684 etiam
3412 1643 3506 1684 vos
3530 1629 3623 1684 bc-

2053 1725 2349 1778 ncvolentia
2381 1723 2612 1776 vicissim
2644 1721 3054 1791 prosequamini.

2125 1810 2339 1864 Moralis
2365 1811 2664 1864 exhortatio.
2689 1840 2756 1849 —
2777 1811 2904 1876 Quis
2937 1825 3032 1878 pro
3057 1808 3309 1878 dignitate
3333 1808 3627 1862 admirare-

2057 1911 2141 1955 tur
2164 1901 2293 1970 justi
2325 1902 2419 1955 viri
2448 1901 2604 1970 hujus
2633 1901 2902 1965 virtutem,
2934 1901 3021 1970 qui
3055 1914 3204 1952 nova:
3236 1899 3366 1968 legis
3393 1898 3626 1968 philoso-

2055 1995 2232 2064 phiam
2281 2009 2465 2064 magna
2506 1993 2814 2062 adimplevit
2850 1991 3151 2060 diligentia;
3197 1999 3352 2060 atque
3397 1989 3446 2042 id
3489 1989 3626 2058 quod

2053 2086 2300 2140 Christus
2323 2085 2572 2138 admonet
2601 2084 2907 2153 discipulos,
2943 2081 3147 2152 Diligite
3165 2082 3392 2134 inimicos
3421 2089 3626 2144 vestros,

2057 2185 2195 2228 orate
2217 2190 2308 2244 pro
2339 2173 2742 2241 persequentibus
2768 2188 2852 2225 vos
2883 2170 3095 2241 (Matth.
3120 2171 3172 2226 5.
3198 2169 3312 2240 41),
3339 2169 3437 2223 hoc
3467 2170 3551 2223 ille
3577 2177 3632 2222 et

2059 2268 2224 2321 multo
2250 2267 2414 2336 magis
2444 2266 2604 2322 fecit?
2645 2263 2827 2334 Neque
2870 2265 3010 2318 enim
3053 2263 3223 2316 solum
3254 2271 3448 2316 tantam
3479 2259 3631 2315 exhi-

2061 2361 2173 2416 buit
2202 2361 2478 2415 caritatem
2511 2373 2635 2426 erga
2663 2373 2754 2412 eos
2783 2357 2870 2427 qui
2898 2372 2982 2416 se.
3017 2364 3268 2424 quantum
3298 2353 3349 2407 in
3379 2354 3456 2407 eis
3483 2362 3593 2406 erat
3612 2393 3628 2412 ,

2059 2453 2393 2513 occiderant;
2423 2449 2515 2505 sed
2543 2450 2718 2504 omnia
2751 2449 2871 2502 facit
2891 2489 2904 2510 .
2947 2455 3002 2500 ut
3030 2446 3357 2500 demonstret
3384 2445 3512 2497 nihil
3539 2458 3631 2497 eos

2060 2543 2111 2596 in
2140 2557 2199 2596 se
2226 2541 2426 2611 peccati
2456 2539 2751 2593 admisisse.
2784 2537 2827 2591 Ο
2858 2535 3205 2605 philosophia:
3229 2533 3628 2588 excellentiam!

2058 2647 2092 2686 ο
2117 2632 2384 2700 ingentem
2417 2628 2754 2697 probitatem,
2788 2634 2842 2681 et
2868 2625 3169 2678 dilectionis
3201 2623 3290 2676 Dei
3319 2621 3633 2688 magnitudi-

2061 2721 2356 2777 nemiNon
2389 2719 2747 2788 vos,-inquit,
2795 2717 2911 2770 brc
2959 2715 3085 2768 mihi
3132 2715 3361 2778 fecistis;
3402 2713 3493 2766 sed
3543 2713 3632 2765 Dei

2058 2829 2183 2882 erga
2218 2828 2304 2866 me
2331 2810 2659 2882 providentia
2715 2809 2825 2862 iure
2857 2807 2967 2862 fieri
2993 2807 3249 2875 permisit,
3278 2813 3333 2858 ut
3364 2803 3490 2857 mihi
3541 2818 3632 2856 so-

2061 2905 2324 2957 mniorum
2347 2910 2566 2958 eventus
2589 2898 2910 2953 concedatur
2929 2938 2942 2960 ,
2987 2906 3040 2950 et
3074 2895 3222 2950 vobis
3264 2894 3448 2949 salutis
3474 2907 3630 2947 causa

2061 3009 2179 3048 esse
2210 2994 2427 3062 possim.
2456 2992 2529 3046 Ita
2560 2999 2615 3043 ut
2641 2991 2689 3043 in
2721 2987 3090 3042 afllieIiOaibus
3110 2994 3162 3040 et
3186 2985 3236 3038 in
3258 2984 3634 3038 tentationibus

2062 3097 2200 3147 esse,
2232 3082 2276 3136 si
2305 3081 2465 3136 sobrii
2495 3079 2683 3144 simus,
2707 3078 2896 3131 divinre
2924 3077 2992 3130 sit
3017 3091 3139 3145 erga
3172 3089 3268 3128 nos
3294 3072 3633 3142 providentia:

2063 3183 2116 3229 et
2136 3172 2518 3228 benevolentia:
2547 3169 2771 3239 signum.
2803 3167 2874 3220 Nc
2900 3167 3056 3236 igitur
3077 3167 3127 3219 in
3151 3163 3395 3218 omnibus
3417 3177 3633 3232 prospe-

2063 3264 2272 3318 ritatem
2295 3272 2347 3316 et
2371 3260 2689 3314 afﬂuentiam
2717 3259 3061 3327 inquiramus,
3091 3255 3184 3309 sed
3210 3263 3263 3308 ct
3289 3255 3400 3309 sive
3431 3254 3479 3306 in
3509 3267 3634 3322 pro-

2063 3352 2315 3423 speritate
2342 3353 2528 3407 simus.
2561 3350 2670 3402 sive
2715 3349 2766 3401 in
2796 3347 3136 3410 adversitate,
3169 3343 3412 3399 similiter
3441 3344 3632 3412 gratias

2063 3444 2345 3498 olli-ramus
2388 3442 2611 3496 Domino
2633 3483 2646 3502 ,
2683 3449 2736 3492 ut
2761 3440 2868 3491 visa
2897 3446 3043 3506 grata
3077 3445 3253 3491 mente
3283 3445 3456 3488 nostra
3485 3475 3499 3499 ,
3534 3436 3634 3485 lar-

2062 3538 2263 3606 giorem
2307 3551 2454 3588 suam
2493 3549 2617 3601 erga
2665 3547 2760 3584 nos
2799 3529 3029 3583 declat-et
3066 3525 3444 3597 providentiam
3476 3542 3489 3579 :
3517 3541 3633 3592 qua:

2064 3629 2216 3684 nobis
2245 3626 2492 3682 omnibus
2519 3623 2838 3678 concedatur
2864 3622 3028 3690 gratia
3056 3629 3110 3673 et
3136 3615 3497 3672 misericordia
3532 3618 3633 3668 llo-

2065 3721 2191 3776 mini
2236 3720 2398 3773 nostri
2447 3717 2568 3771 .Iesu
2618 3716 2849 3776 Christi,
2907 3713 3116 3782 quicum
3161 3709 3301 3764 Patri
3353 3717 3406 3762 et
3449 3715 3633 3760 sancto

2063 3813 2280 3883 Spiritui
2311 3813 2376 3865 sit
2401 3809 2587 3879 gloria.
2614 3807 2913 3874 impe:ium,
2943 3805 3132 3870 honor,
3160 3815 3297 3854 nunc
3321 3809 3372 3854 et
3398 3812 3627 3867 semper,

2063 3913 2115 3959 et
2147 3903 2196 3955 in
2228 3900 2420 3954 sarcula
2444 3896 2780 3950 smculorum.
2814 3895 2998 3946 Atncu.

2612 4049 2885 4104 IIOMILIA
2925 4047 3082 4103 LXV.

2065 4189 2130 4243 Et
2168 4187 2526 4250 ascenderunt,
2573 4185 2772 4254 inquit,
2823 4199 2885 4236 ex
2932 4180 3194 4251 /Egypto,
3243 4189 3286 4231 et
3322 4187 3552 4231 venerunt
3579 4179 3631 4229 in

2135 4289 2316 4332 terram
2345 4277 2582 4332 Chanaan
2612 4275 2679 4326 ad
2697 4273 2855 4326 Jacob
2884 4282 3070 4339 patrem
3096 4286 3240 4322 suum
3259 4277 3336 4321 :et
3371 4268 3630 4318 nuntiaue-

2134 4377 2251 4422 runt
2280 4367 2324 4420 ei
2350 4366 2565 4418 dicentes
2587 4380 2604 4416 :
2629 4362 2673 4416 F
2674 4364 2789 4416 ilius
2811 4373 2923 4414 tuus
2948 4359 3134 4426 Ioseph
3166 4358 3298 4420 vivit,
3328 4365 3372 4406 et
3399 4354 3635 4407 domina-

2135 4468 2214 4510 tur
2243 4458 2331 4509 toti
2351 4468 2494 4509 terra!
2521 4453 2752 4523 Egypti.
2792 4451 2852 4504 Et
2882 4450 3128 4519 obstupuit
3152 4445 3348 4510 Jucob;
3377 4461 3475 4498 non
3501 4445 3631 4498 enim

2133 4549 2340 4604 credidit
2367 4550 2435 4601 eis
2466 4547 2614 4617 (Gen.
2645 4548 2732 4599 45.
2758 4544 2848 4598 25.
2881 4543 2991 4610 2G).

2137 4687 2185 4739 1.
2211 4683 2426 4737 Vidistis
2455 4698 2516 4736 cx
2548 4681 2628 4734 his
2648 4695 2762 4748 qna-
2786 4675 2898 4730 lteri
2917 4674 3050 4727 dicta
3077 4681 3220 4733 sunt,
3245 4669 3631 4740 philosophiam

2062 4777 2276 4845 .Iosephi
2305 4816 2322 4840 ,
2370 4784 2421 4828 et
2473 4770 2876 4826 iticnarrahilem
2920 4767 3254 4820 clementiam
3303 4777 3459 4832 quam
3510 4776 3632 4828 erga

2065 4867 2253 4920 fratres
2277 4882 2399 4918 suos
2426 4862 2665 4917 exhilmit
2689 4878 2700 4911 :
2730 4873 2827 4912 nec
2856 4857 3023 4910 solum
3055 4858 3246 4909 nullam
3279 4852 3401 4907 fecit
3426 4865 3633 4905 memo-

2063 4958 2192 5011 riam
2217 4969 2397 5009 eorum
2425 4967 2541 5020 quae
2565 4952 2614 5004 in
2639 4965 2694 5003 se
2719 4948 3059 5007 admiserant,
3090 4946 3179 4999 sed
3201 4953 3254 4998 et
3279 4942 3541 4996 redituros
3569 4939 3631 4991 ad

2065 5055 2330 5116 parentem
2359 5040 2648 5101 admonuit,
2672 5039 2903 5107 ipsisque
2930 5036 3204 5089 consilium
3232 5031 3376 5085 dedit
3404 5047 3470 5084 ne
3500 5031 3634 5083 inter

2065 5152 2122 5190 se
2145 5135 2421 5203 jurgentur
2444 5145 2603 5199 super
2629 5129 2711 5182 his
2734 5143 2850 5196 qua:
2879 5127 2928 5179 in
2963 5125 3130 5192 ipsum
3159 5121 3503 5184 admiserant,
3538 5117 3631 5171 sed

2063 5225 2276 5279 dimissa
2303 5222 2444 5275 omni
2476 5221 2550 5274 ira
2574 5261 2590 5284 ,
2623 5218 2840 5286 paciﬁca
2867 5215 3154 5268 ambulent.
3184 5211 3372 5281 Opera:
3405 5212 3632 5281 pretium

2061 5318 2137 5367 est
2172 5323 2348 5367 autem
2374 5320 2425 5363 et
2451 5309 2558 5377 jam
2585 5325 2701 5378 qua:
2731 5314 3018 5375 sequuntur
3045 5315 3340 5367 recensere,
3371 5312 3428 5356 ιιι
3456 5302 3632 5355 vidi-a-

2062 5421 2179 5459 mns
2191 5413 2243 5457 et
2276 5403 2462 5456 horum
2481 5401 2543 5453 ad
2569 5409 2766 5468 patrem
2790 5398 3036 5458 reditum,
3059 5403 3108 5447 et
3132 5393 3447 5447 descensum
3469 5391 3631 5447 .Iacoh

2065 5497 2114 5548 in
2148 5494 2275 5563 Eg)
2291 5505 2432 5561 ptqu
2467 5509 2478 5543 :
2512 5504 2714 5541 necnon
2764 5485 3030 5556 quomodo
3074 5483 3372 5538 refloruerit
3414 5482 3632 5536 audiens

2061 5602 2121 5641 ea
2161 5600 2277 5653 qua:
2318 5580 2511 5649 .Ioseph
2560 5576 2894 5646 Spectabunt,
2927 5585 3114 5645 atque.
3144 5583 3200 5626 ut
3229 5574 3306 5627 sic
3331 5574 3532 5628 dicant.
3565 5571 3631 5622 ιιι·

2065 5691 2190 5729 sene
2204 5670 2412 5737 juvenis
2431 5668 2662 5724 redditus
2680 5665 2767 5720 sit.
2786 5666 2913 5735 Quis
2932 5665 3071 5721 enim
3089 5676 3333 5718 sermone
3356 5658 3639 5730 co;:.|zlet-ti
