4134 6214
529 309 634 366 550

531 432 711 493 posset
740 423 1060 492 voluptatem
1093 421 1145 475 in
1185 436 1287 490 qua
1332 430 1457 474 tunc
1493 417 1684 484 fuerit,
1726 434 1846 473 cum
1876 418 2108 474 disceret

533 515 726 586 tosepb
757 516 952 578 vivere.
977 524 1030 568 et
1059 513 1110 568 iu
1144 523 1284 567 tanta
1301 513 1555 582 dignitate
1581 513 1926 568 constitutum
1951 513 2116 568 esse?

535 616 892 676 tnexSpectata
923 605 1063 660 enim
1095 605 1228 660 bona
1276 605 1532 676 majorem
1566 607 1891 675 voluptatem
1921 605 2116 662 aﬂ'erre

534 699 726 751 StliClti.
759 696 926 764 Quem
959 697 1099 750 enim
1142 697 1359 766 putabat
1405 707 1528 753 ante
1577 706 1654 753 tot
1692 713 1862 754 annos
1891 696 2055 754 fuisse
2083 712 2114 753 a

533 787 717 842 bestiis
735 787 1068 851 devoratum,
1093 800 1148 842 ut
1167 789 1425 845 intellexit
1447 797 1630 845 tenere
1653 791 1929 858 imperium
1956 789 2116 844 totius

536 880 771 950 Egypti,
799 881 1068 948 quomodo
1095 896 1198 934 non
1229 896 1335 950 pra:
1361 880 1720 950 magnitudine
1740 881 1914 950 gaudii
1937 889 2117 936 mente

535 972 794 1028 excessit?
815 973 957 1026 Idem
979 973 1118 1027 enim
1138 973 1311 1028 facere
1328 974 1464 1028 solet
1481 973 1823 1028 immodicum
1838 974 2111 1044 gaudium,

532 1062 671 1134 quod
701 1064 886 1133 ingens
913 1063 1143 1118 tristitia.
1175 1064 1240 1118 Et
1268 1063 1447 1120 videre
1470 1064 1592 1120 licet
1615 1065 1810 1119 inultos
1839 1064 2114 1119 effundere

528 1161 795 1226 laerymas
825 1170 933 1225 prae
958 1156 1152 1225 gaudio
1178 1157 1465 1220 immenso,
1499 1157 1633 1213 alios
1657 1157 1813 1212 etiam
1840 1172 1985 1227 smpe
2015 1157 2118 1209 ob-

528 1256 872 1315 stupescere,
902 1247 1117 1316 quando
1155 1248 1268 1302 fieri
1306 1247 1487 1302 vident
1529 1263 1591 1303 ea
1633 1265 1751 1318 qu:e
1781 1265 1886 1302 non
1927 1264 2119 1318 exspe-

529 1345 806 1391 ςιειγυτηηι
833 1352 846 1389 2
869 1345 926 1391 ει
969 1352 1104 1406 quos
1150 1347 1388 1391 IIIOI'IIIOS
1416 1353 1535 1392 esse
1563 1338 1848 1407 putabant,
1895 1349 2117 1407 repente

531 1427 680 1482 vivos
711 1428 948 1483 vident‘.
991 1428 1094 1484 Sed
1123 1439 1178 1483 ut
1209 1428 1539 1484 manifestior
1570 1431 1657 1486 fiat
1687 1446 1866 1486 sermo
1895 1442 2076 1486 noster
2097 1474 2113 1498 ,

533 1516 814 1572 audiamus
843 1534 962 1587 quae
1001 1519 1134 1574 lecta
1164 1530 1305 1573 sunt.
1331 1519 1422 1574 25.
1451 1519 1518 1573 Et
1540 1522 1890 1586 ascenderunt,
1923 1523 2114 1592 inquit,

532 1623 594 1659 ea:
622 1605 876 1678 Αῐσῃριο,
908 1619 954 1661 et
981 1619 1219 1664 venerunt
1260 1611 1314 1663 in
1353 1619 1536 1663 terram
1580 1610 1823 1665 Chanaan
1861 1612 1930 1666 ad
1955 1611 2118 1666 Iacob

533 1708 728 1767 patrem
754 1715 920 1761 suum,
947 1699 1038 1754 26.
1070 1709 1115 1754 et
1139 1702 1560 1756 annuntiaserunt
1579 1704 1646 1766 ei,
1677 1704 1894 1758 dicentes
1913 1721 1932 1758 :
1952 1703 1996 1757 F
1998 1705 2117 1760 ilius

533 1795 649 1841 tuus
675 1785 871 1858 Ioseph
905 1790 1038 1854 vivit,
1065 1800 1112 1844 et
1141 1791 1246 1860 ipse
1270 1793 1564 1847 dominatur
1586 1796 1678 1847 toti
1702 1803 1850 1849 terra
1875 1794 2113 1866 Egypti.

535 1875 602 1931 Et
631 1881 837 1933 excessit
867 1891 1028 1934 mente
1053 1881 1213 1935 Iacob
1232 1897 1253 1936 .°
1275 1899 1376 1936 non
1401 1884 1532 1936 enim
1560 1885 1772 1938 credidit
1803 1886 1894 1939 eis.
1933 1885 2114 1954 Vides,

535 1969 587 2023 id
614 1969 757 2040 quod
785 1969 1026 2026 dicebam
1048 2015 1062 2036 ,
1095 1972 1406 2029 incredibile
1449 1975 1499 2031 ei
1534 1975 1705 2031 visum
1737 1991 1856 2030 esse
1881 1977 2021 2046 quod
2048 1978 2118 2034 de

535 2061 734 2130 Ioseph
779 2063 1221 2129 anmmtiabatur,
1268 2065 1338 2120 ita
1384 2074 1442 2122 ut
1488 2076 1666 2123 mente
1712 2078 2114 2136 eoneuteretur,

534 2163 585 2205 et
614 2167 732 2221 quae
757 2167 788 2206 a
817 2152 1065 2208 fratribus
1090 2153 1302 2222 fiebant,
1335 2156 1707 2227 deeeptiouem
1729 2174 1849 2216 esse
1871 2163 2118 2231 putaret?

536 2242 636 2310 Qui
677 2244 818 2298 enim
853 2253 976 2298 time
1007 2248 1296 2303 attulerant
1338 2259 1539 2307 vestem
1573 2253 1830 2322 sanguine
1860 2254 2001 2310 btedi
2032 2255 2117 2311 in-

535 2336 844 2405 quinatam,
886 2347 936 2392 et
970 2339 1103 2407 patri
1132 2351 1508 2409 persuaserant
1537 2357 1658 2399 eum
1696 2360 1727 2398 a
1773 2346 1957 2402 bestiis
2000 2363 2120 2404 esse

533 2425 844 2480 devoratum
870 2470 884 2492 ,
929 2445 1071 2483 nunc
1111 2430 1292 2486 dicunt
1339 2448 1461 2487 eum
1509 2433 1718 2500 vivere,
1761 2443 1817 2490 et
1855 2437 2119 2494 dominari

540 2519 592 2571 in
626 2529 731 2572 tota
760 2519 1013 2591 Algypto.
1048 2523 1113 2576 Et
1143 2524 1351 2577 turbata
1394 2533 1572 2580 mente
1600 2528 1864 2597 cogitabat
1891 2530 2030 2600 apud
2061 2546 2122 2587 se

537 2612 805 2680 quomodo
849 2614 1039 2666 rationi
1086 2625 1227 2668 esset
1275 2615 1376 2669 hoc
1423 2630 1879 2674 consentaneum:
1911 2636 2031 2675 nam
2075 2628 2119 2677 si

539 2717 721 2755 verum
749 2713 828 2755 est
856 2703 980 2755 illud
1009 2704 1152 2772 prius
1174 2705 1394 2772 dictum,
1423 2709 1690 2776 quomodo
1711 2721 1918 2780 poterat
1943 2714 2122 2768 credi?

538 2804 582 2843 si
615 2801 793 2845 autem
841 2791 940 2847 boc
966 2794 1288 2849 credendum
1318 2807 1367 2850 et
1397 2814 1578 2852 verum
1603 2841 1618 2866 ,
1660 2801 1788 2856 illud
1821 2805 2123 2859 necessario

541 2881 699 2935 fuerit
721 2883 1071 2936 mendacium.
1094 2885 1344 2941 Turbavit
1365 2900 1538 2944 autem
1561 2907 1679 2946 eum
1703 2895 1948 2958 maxime,
1980 2899 2122 2966 quod

541 2973 684 3026 aliud
715 2989 742 3026 a
773 2973 892 3028 filiis
926 2984 1078 3030 antea
1117 2978 1390 3044 audierat,
1422 2993 1475 3034 et
1502 2983 1604 3036 alia
1644 2998 1785 3040 nunc
1826 2987 1893 3040 ab
1920 2989 2120 3044 eisdem

541 3064 790 3118 disceret.
827 3065 1073 3120 Videntes
1112 3069 1267 3137 igitur
1299 3073 1462 3140 patris
1505 3073 1890 3141 turbatiouem,
1933 3090 1989 3132 et
2030 3097 2124 3133 vn-

544 3155 712 3208 Ientes
737 3158 783 3209 ei
819 3155 1054 3225 pluribus
1081 3163 1404 3229 argumentis
1448 3166 1790 3234 persuadere,
1836 3184 1893 3224 se
1937 3187 2120 3227 verum

545 3247 744 3312 dicere,
774 3247 864 3303 27.
898 3248 1115 3319 Loquuti
1152 3263 1266 3306 sunt
1287 3255 1332 3307 ei
1356 3259 1522 3309 omnia
1551 3273 1664 3326 qute
1702 3276 1733 3310 a
1769 3259 1961 3331 Ioseph
1987 3265 2123 3320 dicta

543 3350 708 3405 erant,
734 3349 781 3394 et
811 3357 1132 3412 quaecumque
1157 3346 1252 3398 sibi
1281 3348 1627 3402 mandaverat.
1669 3350 1734 3404 Et
1774 3362 1953 3420 postea
1999 3369 2124 3424 pro.

542 3429 778 3484 tulerunt
803 3431 1033 3500 plaustra
1058 3474 1073 3499 ,
1101 3442 1154 3488 et
1175 3433 1313 3489 dona
1339 3451 1456 3506 qua:
1482 3453 1510 3490 a
1540 3437 1734 3509 Ioseph
1764 3442 1922 3496 missa
1949 3453 2121 3511 erant,

544 3531 599 3575 et
625 3521 713 3575 vix
752 3522 964 3577 tandem
1011 3526 1248 3580 fecerunt
1295 3527 1450 3582 fidem
1483 3531 1652 3598 patri,
1682 3547 1786 3586 non
1817 3548 1936 3588 esse
1976 3549 2126 3590 men-

544 3610 696 3667 dacia
725 3627 842 3682 qua:
868 3628 897 3666 a
923 3628 984 3670 se
1020 3615 1347 3670 dicerentur.
1376 3617 1505 3674 Nam
1535 3619 1721 3676 videns
1747 3623 1976 3692 plaustra
2005 3641 2124 3696 qua:

546 3704 708 3758 missa
751 3713 942 3768 erant,
986 3716 1044 3761 ut
1079 3707 1430 3764 descenderet
1456 3711 1508 3764 in
1533 3710 1845 3784 Egyptum,
1894 3715 2121 3772 Primum

542 3796 764 3866 vigorem
803 3799 986 3869 recepit
1007 3839 1021 3862 ,
1055 3800 1245 3870 inquit.
1304 3802 1478 3858 Senex
1503 3845 1517 3868 ,
1559 3803 1860 3876 decrepitus
1885 3849 1898 3870 ,
1927 3817 2123 3864 terram

542 3897 815 3956 spectans,
867 3889 1140 3945 alacritate
1183 3892 1347 3946 animi
1393 3891 1673 3950 confestim
1723 3896 2122 3966 juvenescebat.

541 3979 678 4052 Quid
710 3990 811 4047 est,
845 3979 1076 4035 Primum
1113 3985 1331 4052 vigorem
1361 3988 1590 4056 recepit?
1619 3986 1764 4042 Sicut
1794 3991 1928 4059 ignis
1965 3992 2016 4046 in
2046 3992 2126 4045 lu-

541 4087 726 4138 cerna,
754 4064 966 4141 quando
994 4073 1172 4128 deficit
1199 4075 1300 4130 olei
1329 4077 1598 4144 aiimooia,
1629 4089 1682 4134 et
1706 4081 1814 4150 jrm
1838 4085 2124 4154 exstingui-

541 4173 649 4227 tur,
679 4163 722 4216 si
751 4177 936 4232 parum
965 4165 1082 4234 quis
1111 4166 1212 4219 olei
1255 4168 1521 4235 infuderit,
1556 4185 1774 4241 repente
1802 4177 1886 4244 qui
1920 4179 2122 4232 exstin-

539 4255 632 4326 gui
664 4254 979 4324 putabatur,
1018 4256 1297 4314 clariorem
1324 4261 1517 4316 emittit
1544 4264 1712 4320 lucem
1741 4283 1753 4318 :
1780 4267 1848 4321 ita
1880 4279 1933 4323 et
1961 4285 2124 4326 senex

542 4347 631 4402 ille
677 4361 788 4417 pra:
836 4347 1046 4402 tristitia
1105 4348 1213 4418 jam
1277 4352 1537 4423 exstingui
1584 4351 1878 4413 videbatur.
1945 4359 2126 4416 Noluit

539 4439 705 4510 enim,
737 4438 925 4514 inquit,
966 4445 1357 4501 consolationem
1385 4446 1610 4521 accipere
1627 4493 1642 4516 ,
1672 4449 1838 4507 dicens
1861 4467 1880 4508 .°
1907 4451 2124 4509 Descen-

536 4531 660 4584 dam
711 4532 885 4603 lugens
939 4535 991 4588 in
1034 4536 1286 4605 infernum
1327 4537 1480 4607 (Gen.
1527 4541 1615 4595 57.
1659 4542 1769 4612 55).
1797 4543 1895 4598 Ubi
1947 4553 2123 4598 autem

535 4624 792 4692 cognovit
821 4625 1005 4681 vivere
1031 4627 1194 4682 filium
1218 4669 1232 4691 ,
1265 4639 1319 4684 et
1346 4629 1608 4685 dominari
1634 4633 1684 4685 iu
1718 4641 1823 4685 tota
1851 4633 2083 4704 [Egypln
2106 4675 2120 4700 ,

533 4723 594 4770 et
620 4715 750 4770 vidit
782 4716 1011 4785 plaustra
1038 4759 1052 4783 ,
1098 4717 1329 4774 Primum
1358 4722 1572 4792 vigorem
1602 4724 1804 4790 recepit,
1835 4735 1886 4777 et
1909 4725 2125 4792 juvenis

532 4822 606 4862 ex
635 4821 764 4863 sene
805 4808 972 4862 factus
1003 4819 1103 4863 est.
1150 4810 1401 4881 Deposuit
1440 4814 1685 4868 rnmroris
1715 4815 1982 4881 nebulam,
2014 4816 2122 4870 dis-

534 4899 670 4968 pulit
715 4901 1092 4970 cogitationum
1132 4913 1537 4973 tempestatem,
1587 4905 1901 4973 tranquillus
1941 4917 2122 4975 postea

531 4993 635 5047 fuit
664 5010 678 5045 :
707 4992 820 5049 haec
845 4995 1024 5049 omnia
1050 4995 1392 5066 dispensante
1415 4997 1544 5062 Deo,
1577 5007 1632 5052 ut
1660 4997 1827 5066 justus
1855 5008 1959 5054 tam
1987 5001 2122 5055 mul-

535 5095 713 5140 torum
742 5087 981 5142 laborum
1010 5088 1430 5144 consolationem
1461 5089 1741 5158 inveniret,
1774 5101 1828 5147 et
1860 5094 2121 5164 particeps

535 5175 691 5233 ﬁeret
716 5179 980 5234 felicitatis
1011 5180 1101 5235 filii
1125 5198 1136 5234 :
1157 5189 1210 5234 et
1228 5189 1488 5250 przeterca
1512 5191 1566 5235 ut
1585 5184 1848 5236 somnium
1877 5183 2122 5253 implere-

539 5277 626 5322 tur
651 5267 702 5323 id
728 5270 869 5339 qnod
898 5272 1011 5339 ipse
1039 5271 1418 5340 interpretatus
1444 5280 1586 5335 erat,
1617 5271 1835 5327 dicens:
1858 5272 2120 5342 Numquid

536 5359 786 5414 veniemus
825 5377 916 5430 ego
945 5370 991 5414 et
1021 5371 1179 5416 mater
1205 5371 1291 5415 tua
1310 5401 1325 5425 ,
1356 5369 1401 5415 et
1433 5365 1616 5432 fratres
1641 5365 1735 5428 tui,
1764 5373 1816 5416 ut
1853 5364 2118 5418 adoremus

535 5461 586 5504 te
626 5451 776 5522 (Gen.
805 5453 894 5508 37.
935 5453 1062 5524 l0)?
1105 5455 1170 5508 Et
1213 5453 1439 5509 credidit
1483 5454 1638 5509 dictis
1666 5465 1825 5525 atque
1851 5456 1997 5520 visis,
2023 5457 2115 5511 9.8.

536 5538 606 5594 Et
623 5543 769 5607 dixit,
790 5543 962 5614 inquit
985 5563 996 5597 :
1017 5545 1069 5598 Μ
1075 5561 1208 5617 agna
1226 5545 1346 5597 mihi
1366 5554 1504 5610 sunt,
1526 5546 1569 5598 si
1585 5545 1750 5598 adhuc
1767 5547 1879 5599 vivit
1894 5545 2081 5615 Ioseph
2099 5563 2118 5600 :

537 5736 582 5782 ω
601 5675 618 5705 ι
652 5680 859 5732 Quatuor
885 5684 1009 5734 uss.
1029 5682 1222 5740 repente
1245 5675 1402 5725 viden!
1427 5673 1476 5726 in
1496 5689 1668 5742 magno
1691 5675 1942 5739 splendore
1965 5676 2118 5729 viret:-

582 5745 622 5782 ε.

1200 307 1240 358 ς
1297 303 1574 362 ,ιολΝΝιδ
1610 304 2084 365 ωιῖιῑευετοκιι
2126 302 2440 362 ARCIIIEP.
2481 303 2833 363 CONSTANT
2839 305 3011 363 130?.

3697 323 3805 379 530

2219 415 2299 470 ibo
2320 416 2488 486 igitur,
2516 427 2563 471 et
2590 419 2761 473 videbo
2782 437 2896 472 cum
2916 424 3209 494 priusquam
3231 427 3435 480 mori..r.
3467 428 3662 502 Magna
3694 447 3807 490 sunt

2220 507 2376 573 mihi,
2426 509 2623 576 inquit,
2655 521 2711 567 et
2739 513 3000 567 excedunt
3039 531 3251 572 ornuem
3291 521 3705 590 cOgitationem,
3751 539 3804 583 tt

2219 600 2507 656 obscurant
2534 617 2747 658 onmem
2770 603 3053 660 humanam
3082 608 3335 672 Ιςιοιῐιίειηι,
3375 611 3436 665 Si
3463 613 3630 669 adhuc
3668 619 3806 684 ﬁlius

2220 706 2356 743 meus
2381 690 2572 762 Ioseph
2594 693 2709 747 vivit
2731 710 2750 748 :
2768 696 2848 748 ibo
2869 697 3020 766 igitur
3042 709 3088 751 et
3118 700 3291 753 videbo
3312 718 3445 755 eum.
3471 703 3808 762 Festiuemus

2221 783 2412 854 igitur,
2449 796 2504 840 ut
2533 786 2648 856 ejus
2677 788 2946 858 C0ii0l|lli0
2975 790 3182 859 potiar,
3235 795 3539 864 jriusquatn
3589 801 3808 854 moriar.

2219 873 2370 929 Nune
2391 917 2404 937 ,
2435 877 2631 946 inquit,
2660 879 2878 934 nuntius
2918 881 3005 933 ille
3046 885 3223 936 erexit
3265 885 3499 940 animum
3529 904 3724 957 meum,
3755 903 3809 946 et

2221 965 2416 1036 fugavit
2445 970 2735 1025 senectutis
2764 971 3144 1036 infirmitatem,
3176 984 3230 1027 et
3257 975 3526 1032 roboravit
3547 992 3804 1035 mentem.

2219 1057 2368 1124 Quod
2395 1059 2440 1112 si
2468 1068 2520 1112 et
2543 1074 2664 1114 cum
2689 1075 2753 1115 eo
2774 1062 3001 1131 colloqui
3032 1065 3323 1134 conlingat,
3351 1067 3638 1136 perfectam
3669 1072 3805 1126 la-ti-

2222 1147 2349 1200 tiam
2395 1159 2717 1217 assoquutus
2764 1153 2982 1207 moriar.
3038 1153 3102 1207 Et
3154 1155 3286 1209 nihil
3339 1168 3580 1214 moratus
3627 1161 3803 1228 justus

2221 1236 2394 1291 itineri
2427 1252 2484 1291 se
2513 1241 2814 1306 commisit,
2862 1244 3120 1298 festinans
3160 1254 3213 1299 et
3256 1262 3450 1316 urgens
3497 1259 3551 1303 ut
3599 1251 3803 1307 viderit

2221 1335 2325 1380 tam
2354 1327 2710 1384 desideratum
2756 1331 2923 1387 filium
2944 1374 2958 1393 .
3005 1343 3165 1402 utque
3205 1347 3328 1391 ante
3359 1347 3435 1391 tot
3463 1354 3630 1393 annos
3656 1358 3800 1395 mor-

2221 1426 2390 1484 tuum,
2413 1428 2484 1483 et,
2508 1429 2561 1472 ut
2587 1421 2824 1489 putabat,
2850 1421 3047 1478 factum
3069 1425 3244 1480 cibum
3267 1428 3576 1490 bestiarum.
3601 1431 3806 1489 videret

2221 1523 2363 1562 nunc
2401 1524 2578 1579 regem
2621 1511 2858 1582 Aigypti.
2903 1515 2952 1568 l.
2998 1515 3064 1568 fit
3106 1533 3222 1570 cum
3251 1520 3461 1574 venisset
3499 1523 3568 1574 ad
3599 1519 3810 1592 puteum

2220 1596 2509 1662 iuramenti,
2533 1615 2739 1670 preces,
2769 1604 2960 1673 quibus
2989 1608 3187 1675 gratias
3215 1611 3431 1677 agebat,
3473 1614 3660 1669 obtulit
3693 1617 3802 1669 Do-

2219 1687 2399 1753 mino,
2437 1699 2486 1742 et
2530 1691 2827 1760 sacriﬁcavit
2865 1696 3171 1763 sacriﬁcium
3219 1698 3327 1753 Deo
3369 1703 3504 1767 patri
3545 1706 3622 1758 sui
3648 1703 3803 1760 Isaac

2221 1779 2406 1849 (Caput
2428 1781 2537 1850 46).

2290 1870 2345 1925 2.
2389 1872 2512 1928 llzec
2555 1873 2861 1945 audientes,
2903 1879 3175 1938 discamus
3198 1885 3410 1953 quando
3437 1887 3561 1958 quid
3591 1889 3798 1957 facturi,

2221 1965 2306 2019 vel
2346 1967 2615 2035 negotium
2652 1970 2865 2041 aliquod
2905 1976 3164 2043 emptori,
3199 1979 3283 2032 vel
3325 1983 3802 2050 peregrinationem

2221 2059 2518 2126 suscepturi
2555 2075 2769 2128 sumus,
2800 2071 2856 2116 ut
2881 2066 3126 2133 precibus
3153 2069 3439 2124 offeramus
3467 2071 3689 2128 Domino
3713 2091 3804 2130 sa-

2220 2146 2514 2216 crificium,
2560 2159 2612 2205 et
2654 2152 2770 2220 ejus
2809 2154 3128 2223 adjutorium
3168 2158 3506 2227 invocemus,
3535 2172 3588 2216 et
3617 2165 3693 2218 sic
3719 2165 3803 2218 iu-

2220 2239 2461 2294 stitutum
2489 2244 2876 2312 aggrediamur,
2906 2247 3173 2303 imitantes
3196 2250 3400 2304 illorum
3420 2252 3677 2320 justornm
3697 2258 3805 2325 pie-

2226 2341 2410 2387 tatem.
2444 2333 2768 2403 Sacriﬁcavit
2792 2340 3098 2407 sacriﬁcium
3127 2341 3230 2395 Deo
3258 2345 3416 2412 patris
3433 2346 3512 2399 sui
3537 2345 3684 2400 Isaac
3707 2365 3723 2402 :
3751 2360 3807 2404 ut

2220 2423 2399 2480 discas
2439 2442 2558 2480 etim
2589 2429 2802 2499 vestigia
2831 2431 2994 2499 patris
3023 2433 3102 2487 sui
3130 2445 3408 2504 sequutum
3435 2453 3584 2503 esse,
3620 2449 3675 2494 et
3705 2440 3806 2496 hoc

2225 2516 2277 2570 in
2314 2519 2456 2572 cuitu
2495 2518 2676 2572 divino
2717 2521 3050 2587 declarasse,
3082 2525 3219 2578 sicut
3248 2525 3408 2581 Isaac.
3443 2527 3507 2582 Et
3531 2529 3653 2598 quia
3681 2546 3805 2600 gra-

2223 2614 2334 2659 tum
2385 2622 2539 2662 suum
2584 2609 2828 2664 affectum
2875 2613 3020 2680 prius
3067 2629 3162 2682 per
3207 2614 3492 2685 gratiarum
3542 2620 3803 2674 actionem

2222 2700 2476 2767 ostendit,
2500 2704 2677 2756 statim
2700 2705 3019 2774 subsequuta
3046 2718 3166 2762 sunt
3187 2710 3345 2764 etiam
3371 2728 3432 2765 ea
3455 2729 3571 2780 qth
3590 2717 3806 2783 superni

2225 2793 2402 2848 auxilii
2476 2793 2706 2850 fuerunt.
2755 2797 2884 2851 Nam
2927 2801 3048 2868 quia
3098 2801 3306 2855 videbat
3352 2813 3551 2858 tantum
3606 2807 3809 2863 itineris

2225 2883 2477 2950 spatium,
2507 2893 2558 2938 et
2582 2886 2848 2955 cogitabat
2873 2905 3021 2942 suam
3047 2890 3370 2960 decrepitam
3401 2904 3638 2960 atatem,
3667 2897 3806 2950 veri-

2227 2981 2312 3028 tus
2352 2989 2420 3028 ne
2462 2985 2634 3030 morte
2678 2989 3101 3048 praeoccupatus,
3147 2998 3174 3032 a
3217 2983 3482 3054 colloquio
3511 2994 3559 3039 el
3593 2996 3807 3055 aspectu

2227 3063 2320 3119 lilii
2368 3066 2700 3134 privaretur,
2747 3080 2993 3138 precatur
3038 3071 3354 3138 Dominum,
3399 3086 3452 3128 ut
3482 3085 3678 3130 tantum
3707 3078 3806 3132 sibi

2227 3157 2350 3211 vita:
2378 3171 2679 3214 mensuram
2709 3161 2998 3227 concedat,
3025 3172 3084 3217 ut
3103 3164 3333 3233 perfecta
3365 3168 3632 3236 voluptate
3659 3169 3807 3226 frua-

2227 3257 2332 3303 tur.
2379 3248 2483 3304 Sed
2530 3251 2648 3305 vide
2675 3253 2944 3321 quomodo
2973 3255 3142 3309 bonus
3174 3257 3422 3312 Dominus
3448 3262 3624 3315 multis
3650 3277 3809 3332 argu—

2229 3340 2424 3396 mentis
2458 3340 2660 3410 justum
2705 3358 2951 3399 securum
2993 3347 3196 3402 reddat.
3239 3346 3294 3402 2.
3336 3347 3478 3403 Dixit
3506 3352 3646 3404 enim
3677 3352 3810 3407 Deus

2228 3431 2398 3488 Israel
2440 3435 2490 3487 in
2531 3435 2716 3489 visione
2758 3438 2917 3491 noctis
2967 3453 2984 3492 :
3031 3438 3223 3506 Iacob,
3270 3438 3471 3507 Iacob;
3503 3443 3553 3496 3.
3582 3459 3675 3514 ego
3701 3461 3810 3498 sum

2227 3521 2366 3580 Deus
2413 3535 2612 3596 patrum
2644 3537 2844 3581 luerunt
2865 3544 2886 3592 ;
2923 3545 2984 3582 ne
3026 3531 3200 3584 timeas
3236 3532 3532 3588 descendere
3573 3535 3623 3588 in
3648 3535 3813 3606 .Egy-

2229 3623 2389 3684 ptum.
2428 3616 2494 3670 In
2530 3634 2764 3689 magnam
2798 3621 2928 3673 enim
2955 3632 3147 3691 gentem
3175 3623 3359 3692 facium
3387 3636 3435 3678 te
3455 3626 3580 3679 illic.
3611 3628 3663 3680 ι.
3702 3626 3809 3697 Ego

2227 3707 2524 3761 descendant
2569 3719 2726 3762 tecum
2747 3751 2760 3775 ,
2807 3721 2854 3764 et
2894 3712 3131 3765 reducam
3167 3724 3216 3768 te
3250 3714 3302 3767 in
3339 3717 3524 3783 ﬁnem,
3556 3726 3600 3769 et
3621 3715 3812 3787 Ioseph

2227 3798 2452 3868 imponet
2492 3816 2670 3854 manus
2716 3817 2869 3870 super
2909 3804 3081 3857 oculos
3125 3813 3254 3858 tuos.
3286 3805 3420 3861 Vide
3458 3807 3722 3876 quomodo
3751 3825 3812 3864 ca

2230 3903 2350 3958 quae
2385 3890 2562 3958 justus
2587 3891 2674 3946 ille
2705 3892 3032 3948 desiderabat
3057 3937 3072 3960 ,
3099 3911 3160 3949 ea
3188 3897 3260 3950 illi
3295 3897 3432 3951 Deus
3460 3899 3768 3967 polliceatur
3797 3919 3810 3955 :

2228 3978 2338 4036 imo
2359 3993 2411 4037 et
2431 3983 2595 4038 multo
2626 3985 2845 4053 majora.
2876 3984 3205 4042 Liberalitate
3228 3988 3366 4042 enim
3387 4004 3480 4044 sua
3506 3998 3814 4060 nnstraspe-

2231 4077 2444 4132 titiones
2474 4077 2820 4143 transcendit,
2853 4093 3072 4133 servans
3097 4081 3304 4134 solitam
3327 4095 3472 4134 suam
3499 4083 3806 4136 miseriCoro

2229 4165 2390 4221 diam.
2445 4165 2528 4222 Ne
2571 4169 2767 4235 timeas,
2816 4169 3015 4238 inqttit,
3073 4170 3371 4224 descendere
3411 4172 3461 4224 in
3502 4171 3812 4242 Egyptum.

2232 4260 2491 4328 Quoniam
2535 4263 2726 4315 anxius
2769 4272 2882 4317 erat
2921 4263 2990 4316 ob
3017 4265 3114 4316 vim
3146 4264 3522 4334 longitudinem
3551 4308 3563 4329 ,
3591 4267 3710 4322 ideo
3737 4269 3816 4321 di-

2230 4354 2301 4405 cit
2335 4369 2348 4403 :
2378 4351 2454 4406 Ne
2483 4353 2733 4421 respicias
2759 4353 2821 4406 ad
2863 4354 3218 4408 infirmitatem
3250 4357 3561 4410 senectutis.
3600 4355 3664 4409 In
3690 4375 3814 4428 geu-

2231 4452 2328 4496 tem
2369 4443 2502 4496 enim
2532 4458 2765 4514 magnam
2795 4444 2982 4514 faciant
3014 4455 3060 4498 te
3077 4445 3183 4498 illic
3211 4462 3230 4498 :
3253 4456 3300 4500 et
3329 4448 3626 4501 descendam
3658 4460 3816 4502 tecum

2228 4536 2279 4588 iu
2322 4533 2628 4605 ngyptum.
2677 4536 2784 4605 Ego
2829 4545 2879 4588 to
2919 4538 3246 4603 comitabor,
3286 4550 3336 4592 et
3363 4539 3537 4593 omnia
3573 4550 3654 4593 tua
3688 4555 3815 4610 pro-

2229 4640 2384 4695 spera
2414 4627 2654 4680 reddam.
2684 4627 2914 4681 Adverte
2935 4627 3200 4698 quomodo
3231 4629 3388 4684 verba
3417 4631 3694 4685 humilitati
3723 4647 3814 4684 no-

2229 4729 2353 4774 strze
2383 4730 2696 4788 attemperet
2730 4738 2744 4772 :
2776 4719 3085 4774 Descendunt
3107 4763 3120 4786 ,
3151 4721 3343 4794 inquit,
3374 4734 3532 4778 tecum
3570 4725 3620 4778 in
3643 4724 3814 4797 Egy-

2230 4824 2388 4882 ptum.
2443 4811 2576 4876 Quid
2624 4812 2722 4865 hoc
2765 4811 2969 4865 beatius
3013 4810 3199 4878 fuerit,
3245 4829 3400 4882 quam
3450 4817 3612 4868 Deum
3642 4817 3816 4884 ipsum

2232 4904 2426 4957 habere
2453 4902 2699 4956 comitem
2735 4903 2980 4958 itineris?
3003 4903 3255 4974 Sequitur
3278 4915 3458 4976 postea
3489 4907 3813 4972 consolatio,

2227 5011 2328 5067 qua
2360 4996 2640 5066 plurimum
2665 4995 2931 5066 indigebat
2959 5013 3118 5052 senex
3140 5016 3152 5051 :
3177 4997 3238 5050 Et
3258 4997 3471 5068 Ioseph,
3503 4999 3688 5069 inquit,
3715 4999 3812 5050 im-

2227 5097 2375 5158 ponet
2419 5103 2598 5141 manus
2639 5105 2793 5156 super
2823 5089 2995 5143 oculos
3023 5099 3150 5143 tuos.
3184 5088 3275 5143 ille
3301 5090 3521 5144 dilectus
3546 5099 3673 5144 :tuus
3701 5090 3814 5160 ipse

2229 5191 2279 5234 te
2307 5180 2534 5242 fovebit,
2563 5191 2615 5235 et
2643 5196 2830 5234 manus
2862 5181 3096 5248 imponet
3121 5197 3280 5252 super
3297 5183 3485 5236 oculos
3511 5191 3647 5234 tuos.
3675 5181 3812 5234 Gau-

2225 5272 2358 5326 dcus
2389 5273 2600 5342 itaque,
2633 5281 2685 5326 ct
2715 5280 2854 5325 totus
2888 5286 3108 5326 securus
3131 5273 3230 5328 iter
3250 5273 3447 5341 arripe.
3491 5273 3668 5344 Cogita
3700 5273 3781 5325 ltic
3804 5331 3818 5354 ι

2227 5367 2450 5420 obsecro
2471 5405 2486 5429 ,
2515 5380 2674 5434 quam
2702 5362 2990 5432 jucundum
3024 5362 3212 5418 fecerit
3234 5365 3333 5419 iter
3355 5365 3558 5433 justus,
3585 5364 3814 5432 acceptis

2228 5464 2335 5509 tam
2363 5455 2524 5508 certis
2563 5454 2652 5508 Dei
2688 5453 3147 5521 promissionibus.
3177 5454 3229 5509 5.
3262 5453 3497 5508 Surrexit
3528 5454 3658 5506 enim
3684 5493 3700 5516 ,
3729 5454 3810 5505 iu-

2225 5547 2375 5616 quit,
2407 5544 2567 5599 Iacob
2587 5587 2600 5607 ,
2633 5555 2678 5598 et
2706 5545 2800 5613 lilii
2825 5547 2974 5616 ejus:
3003 5545 3054 5600 6.
3085 5557 3129 5599 ct
3150 5557 3445 5615 acceperunt
3472 5562 3665 5599 onmem
3697 5561 3816 5613 pos-

2224 5642 2494 5694 sessionem
2537 5655 2678 5692 suam
2700 5680 2712 5700 ,
2743 5648 2788 5692 ct
2817 5648 3062 5692 venerunt.
3081 5641 3132 5692 in
3162 5638 3468 5710 :Egyptum.
3499 5641 3550 5692 7.
3583 5638 3643 5692 In
3670 5653 3819 5693 sexu--

2229 5731 2368 5801 ginta
2397 5746 2484 5784 sex
2509 5729 2768 5782 animabus
2805 5729 3053 5782 descendit
3079 5727 3239 5782 Iacob
3282 5731 3329 5780 in
3363 5727 3645 5798 Afgyptum
3677 5743 3693 5780 :
3720 5727 3808 5782 9.7.
