4134 6214
535 249 638 302 5113

515 361 855 430 septuaginta
886 361 1115 428 quinique
1149 361 1292 411 viros
1331 369 1382 412 et
1428 358 1680 412 mulieres
1710 376 1724 412 :
1758 361 1838 412 sic
1882 370 1935 413 et
1985 359 2068 412 bic
2089 400 2103 422 ,

530 452 822 504 Secundum
853 467 1033 516 corpus
1054 490 1066 510 ,
1094 449 1142 500 id
1174 456 1253 500 est
1299 464 1397 513 pro
1424 450 1648 514 singulis
1687 449 2010 502 hominibus.
2043 450 2107 502 Et

531 553 637 594 tota
681 542 891 609 quidem
943 537 1203 608 Egyptus
1251 550 1304 592 et
1333 540 1752 593 Cltananrorum
1801 541 1947 609 regio
1969 539 2107 595 fame

532 634 874 696 laborabant,
909 632 1004 699 ipsi
1046 643 1220 685 autem
1268 648 1519 700 prospere
1561 634 1816 699 agebant,
1848 633 2106 686 habentes

531 723 680 789 quasi
709 739 772 774 et
799 722 1027 775 inutilius
1057 721 1371 790 proﬂuentia
1403 723 1685 776 frumenta.
1719 725 1802 776 15.
1853 722 2108 776 Frumen-

533 829 636 864 mm
665 814 828 878 enim,
853 813 1038 882 inquit,
1061 831 1175 866 non
1201 825 1305 867 erat
1336 815 1536 866 inomni
1564 825 1713 866 terra.
1735 813 1958 866 Ini-aluit
1979 815 2108 866 enim

535 913 694 972 fames
739 923 894 975 supra
928 907 1153 958 modum.
1207 906 1394 967 Defeci!
1433 917 1596 959 mrtem
1635 917 1769 961 terra
1809 906 2025 978 {Egypti
2063 917 2110 960 et

521 1011 662 1050 terra
688 1000 929 1052 Chanaan
961 1017 1066 1068 pra:
1092 1003 1243 1070 fame.

603 1093 656 1142 Δ.
691 1089 820 1142 Vide
848 1089 1168 1143 ineffabilem
1202 1089 1290 1142 Dei
1319 1090 1726 1144 sollicitudinem
1755 1099 1808 1143 ct
1829 1089 2110 1157 prmiden-

529 1182 653 1232 tiam
682 1198 694 1232 :
725 1182 991 1249 qu0at0do
1021 1192 1302 1249 antequam
1332 1181 1679 1234 invalescerct
1705 1181 2106 1248 Tatncs.juslunt

507 1276 583 1334 ,λιι
608 1273 894 1343 J’Egyplttttt
937 1273 1213 1327 deduxerit
1241 1316 1252 1334 ,
1287 1289 1353 1328 ne
1397 1274 1536 1326 illam
1565 1275 1784 1326 sentiret
1813 1273 2108 1340 angustiam

527 1379 648 1430 qua:
671 1375 895 1416 ventura
929 1373 1044 1417 erat
1083 1365 1134 1418 in
1166 1365 1436 1418 Chanaan.
1483 1365 1545 1417 Et
1575 1365 1818 1418 omnibus
1850 1366 1974 1420 illnc
2016 1365 2110 1418 dc-

530 1456 896 1517 ent-rentibus,
935 1457 1018 1510 ll.
1049 1456 1410 1526 Congregarit,
1449 1456 1650 1523 inquit,
1695 1455 1886 1524 Ioseph
1913 1437 2107 1508 omnem

533 1547 825 1612 pecuniam,
866 1558 974 1599 'tam
1012 1565 1183 1600 eorum
1211 1550 1297 1617 qui
1351 1560 1493 1601 erant
1557 1550 1607 1602 in
1641 1547 1902 1618 Ai'gypto,
1955 1565 2107 1617 quant

511 1654 700 1690 eorum
725 1639 968 1706 quierunt
1013 1643 1063 1691 in
1103 1639 1343 1693 Chanaan
1365 1683 1378 1702 ,
1417 1649 1463 1692 et
1492 1640 1564 1692 sic
1608 1643 1861 1709 frumenta
1888 1639 1958 1691 eis
1999 1639 2106 1691 dis-

532 1730 775 1796 pensavit.
827 1731 912 1784 15.
969 1729 1034 1782 Et
1083 1733 1260 1800 defecit
1309 1740 1477 1798 postea
1530 1731 1758 1798 pecunia.
1807 1728 2106 1799 Importavit

529 1821 663 1871 enim
717 1837 912 1872 onmem
949 1821 1000 1873 in
1046 1822 1250 1874 domum
1296 1821 1597 1874 Pharaonis.
1646 1821 1893 1875 Venerunt
1941 1831 2107 1874 autem

535 1908 768 1978 Aipyptii
791 1927 959 1963 onmes
982 1952 994 1972 ,
1036 1922 1082 1964 et
1113 1913 1340 1964 dicebant
1365 1927 1381 1964 :
1412 1911 1491 1964 Da
1534 1913 1673 1965 nobis
1699 1930 1852 1980 panes
1871 1929 1889 1965 :
1935 1923 1979 1965 et
2018 1929 2106 1965 cur

533 2001 775 2051 morimur
806 2012 921 2052 ("th
942 2001 1028 2052 te?
1057 2000 1250 2071 Defecit
1297 2003 1427 2054 enim
1450 2003 1679 2070 pecuaria.
1712 2003 1822 2056 Non
1863 2014 1981 2056 sunt
2012 2019 2106 2056 no-

532 2089 640 2151 bis,
672 2088 914 2158 inquiunt
938 2132 951 2154 ,
988 2091 1164 2157 plures
1210 2092 1482 2159 pecuniaz.
1514 2102 1569 2144 ut
1593 2108 1864 2157 cmamus,
1907 2103 1960 2148 et
1987 2093 2105 2148 ideo

519 2179 668 2231 ‘larne
697 2179 946 2246 perimus.
999 2179 1074 2234 Ne
1106 2179 1264 2250 igitur
1292 2182 1553 2250 despicias
1601 2198 1698 2236 nos
1719 2225 1733 2246 ,
1764 2185 1851 2252 qui
1879 2199 1907 2236 a
1936 2195 2105 2238 morte

520 2268 600 2320 ita
631 2268 958 2334 obsidemur,
989 2270 1082 2323 sed
1113 2269 1289 2338 pnebc
1320 2271 1469 2325 nobis
1503 2288 1663 2340 panes
1683 2282 1740 2326 ut
1762 2273 1996 2327 vivamus
2018 2315 2030 2330 .
2050 2286 2103 2327 et

531 2377 594 2414 ne
620 2363 928 2416 moriamur.
967 2364 1049 2416 lli.
1082 2363 1223 2418 Dixit
1249 2375 1412 2418 autem
1437 2366 1506 2418 eis
1543 2365 1734 2436 Ioseph
1760 2366 1988 2434 :Aﬂ'erte
2013 2384 2102 2435 pe-

533 2469 650 2504 cora
678 2464 837 2506 vestra
862 2497 876 2516 ,
902 2465 948 2506 et
975 2454 1103 2506 dabo
1127 2456 1259 2510 robis
1281 2473 1455 2524 panes.
1488 2457 1542 2510 Si
1572 2458 1712 2510 enim
1744 2474 1847 2511 non
1876 2459 2104 2526 Suppetit

530 2543 679 2595 νσιιὶε
708 2545 927 2611 pecunia
948 2587 962 2605 .
1019 2544 1224 2614 inquit,
1271 2547 1471 2614 accipio
1499 2557 1547 2599 et
1579 2561 1783 2614 pecora.
1820 2546 1880 2600 Si
1925 2547 2102 2614 deferit

529 2634 770 2700 pecunia,
805 2633 1048 2687 adducite
1078 2650 1264 2703 pecora
1308 2646 1483 2690 vestra
1509 2679 1518 2697 .
1545 2646 1597 2690 ct
1617 2637 1887 2704 accipietis
1915 2652 2099 2706 panes.

532 2723 616 2774 Π.
649 2723 980 2777 Δάιικπεηιηι
1005 2737 1171 2779 autem
1212 2744 1410 2795 pecora,
1440 2737 1484 2780 et
1506 2729 1641 2781 dedit
1666 2730 1736 2782 eis
1767 2745 1859 2796 pro
1886 2731 2022 2798 equis
2051 2731 2098 2795 ¹,

528 2821 578 2864 et
603 2814 794 2878 oribus,
819 2824 866 2867 et
894 2814 1070 2882 bobus,
1091 2826 1139 2870 et
1167 2818 1342 2881 asinis,
1371 2831 1417 2870 et
1453 2819 1579 2871 aluit
1613 2835 1698 2872 eos
1728 2836 1820 2887 pro
1842 2819 2103 2888 pecoribus

527 2905 651 2955 suis.
683 2904 766 2958 l8.
801 2903 1057 2960 Venerunt
1097 2917 1264 2962 autem
1292 2911 1361 2962 ad
1388 2926 1499 2962 eum
1524 2919 1570 2963 et
1594 2928 1728 2965 anno
1754 2914 2014 2981 sequenti,
2056 2924 2104 2966 et

527 2993 757 3046 dixerunt
793 2997 838 3048 ei
863 3011 884 3048 :
917 2996 997 3048 Ne
1022 3001 1152 3066 forte
1187 3015 1477 3065 pereamus,
1513 3017 1670 3070 neque
1705 3003 1913 3070 pecunia
1963 3003 2101 3057 nobis

526 3087 777 3152 suppetit,
811 3103 969 3155 neque
990 3104 1172 3156 pecora
1194 3106 1213 3143 :
1236 3092 1407 3144 omnia
1433 3093 1564 3145 enim
1597 3095 1736 3161 apud
1761 3104 1809 3147 te
1841 3096 2100 3148 dominum

530 3184 754 3226 nostrum
775 3186 913 3230 sunt.
938 3176 1085 3231 Nihil
1110 3180 1240 3233 enim
1268 3182 1406 3236 nobis
1423 3184 1564 3236 aliud
1593 3185 1816 3237 relictum
1845 3195 2101 3254 est,qumu

526 3267 786 3334 proprium
824 3284 1007 3338 corpus
1053 3280 1100 3324 et
1150 3281 1282 3324 terra
1329 3284 1521 3326 nostra.
1565 3275 1651 3328 19.
1698 3274 1764 3328 L't
1802 3275 1951 3345 igitur
2000 3291 2099 3330 non

525 3375 787 3425 pereamus
807 3403 818 3423 ,
849 3361 1047 3430 posside
1077 3380 1165 3417 nos
1193 3374 1237 3417 et
1266 3373 1448 3417 terram
1467 3378 1688 3419 nostram
1729 3383 1822 3434 pro
1848 3367 2060 3435 panibus
2081 3410 2094 3432 ,

518 3457 570 3498 et
598 3450 783 3503 erimus
805 3452 951 3504 etiam
974 3470 1063 3506 nos
1091 3464 1138 3506 et
1164 3464 1296 3507 terra
1318 3466 1487 3509 nostra
1511 3457 1639 3510 servi
1673 3456 1980 3511 Pharaonis.
2018 3459 2098 3512 Ila

522 3555 688 3592 semen
709 3583 724 3607 ,
750 3553 802 3595 ut
831 3545 1128 3598 seminemus
1145 3556 1189 3599 et
1211 3547 1464 3610 vivamus,
1486 3558 1532 3600 et
1563 3558 1694 3601 terra
1723 3566 1821 3602 non
1846 3551 2098 3620 redigetur

521 3633 574 3683 in
603 3632 944 3688 solitudinem.
976 3633 1130 3706 Scips
1155 3653 1194 3692 -s
1220 3639 1270 3693 itt
1303 3640 1615 3694 servitutem
1650 3641 2017 3711 subjeccrttttt,
2043 3653 2096 3697 et

505 3732 718 3778 uernum
759 3727 1141 3796 vendiderunt,
1171 3731 1240 3785 ita
1273 3741 1328 3785 ut
1361 3731 1430 3785 ali
1462 3742 1677 3802 possent
1707 3751 1720 3786 :
1756 3744 1895 3788 tanta
1944 3736 2094 3789 laniis

503 3807 811 3873 necessitas
862 3820 979 3875 fuit.
1003 3822 1092 3876 20.
1119 3823 1183 3876 Et
1204 3825 1463 3892 acquisivit
1482 3824 1674 3896 Ioseph
1703 3837 1885 3879 (errant
1928 3827 2094 3898 {Egy-

523 3910 738 3974 ptiorum
769 3911 1050 3968 Pharaoni.
1091 3914 1433 3972 Vendideram
1472 3919 1604 3972 enim
1630 3936 1737 3972 eam
1759 3925 1892 3989 [mne
1912 3923 2089 3975 coacti.

519 3999 591 4051 ‘Et
613 4003 747 4070 facta
787 4013 858 4056 est
889 4013 1022 4058 terra
1064 4006 1370 4062 Pharaonis.
1410 4009 1499 4063 21.
1541 4009 1606 4062 Et
1635 4013 1878 4080 populum
1903 4012 1998 4065 sibi
2039 4014 2092 4066 in

518 4105 686 4141 serros
717 4092 923 4162 subjecit
950 4096 1012 4148 ab
1035 4099 1265 4150 extremis
1295 4100 1480 4166 ﬁnibus
1502 4099 1720 4170 Aigypti
1742 4118 1892 4171 usque
1911 4103 1980 4155 ad
2004 4121 2093 4156 ea“-

504 4188 702 4232 vtremos
737 4180 866 4234 :22.
889 4195 1095 4253 excepta
1116 4196 1248 4238 terra
1272 4188 1610 4242 sacerdotum.
1639 4187 1756 4243 Illis
1793 4191 1923 4243 enim
1955 4193 2090 4245 dedit

505 4270 727 4326 “Pluzrao
753 4275 885 4328 cibos
919 4286 964 4330 et
1015 4279 1367 4344 comederunt;
1398 4290 1444 4334 et
1481 4289 1742 4348 propterea
1776 4299 1874 4336 non
1914 4285 2087 4336 vendi-

513 4362 702 4416 derunt
750 4375 933 4419 terram
983 4385 1146 4421 suam.
1201 4369 1330 4425 Vide
1381 4380 1609 4438 quantus
1639 4371 1974 4436 intellectus,
2033 4384 2088 4428 et

515 4463 708 4519 quanta
749 4457 1008 4525 sapientia
1053 4458 1250 4528 .losep’h
1284 4461 1459 4514 fuerit.
1509 4462 1630 4516 Illos
1668 4477 1840 4532 neque
1895 4463 2086 4520 famem

514 4544 742 4611 experiri
781 4549 1046 4616 permisit,
1095 4559 1146 4604 et
1176 4567 1386 4606 omnem
1416 4563 1615 4606 terram
1643 4555 1917 4623 acquisivit
1947 4555 2084 4609 Plia-

515 4633 696 4696 raoni,
750 4636 1010 4706 simulque
1052 4641 1262 4696 luerunt
1305 4629 1534 4712 Egyptii
1565 4657 1749 4698 omnes
1779 4643 1830 4698 in
1861 4646 2086 4700 servitu-

515 4733 618 4777 tem
650 4725 868 4780 redacti.
900 4727 1034 4784 Vide
1055 4773 1069 4789 .
1097 4733 1322 4786 obsecro
1342 4776 1356 4799 ,
1381 4732 1472 4788 'ltic
1493 4733 1687 4788 iterum
1717 4735 1964 4790 eximiam
2005 4737 2086 4790 di-

513 4813 778 4875 ligentiam
799 4859 813 4880 ,
859 4827 911 4871 et
937 4822 1319 4889 providentiam
1345 4865 1358 4884 .
1389 4839 1545 4894 quam
1587 4840 1708 4893 erga
1741 4825 1860 4879 illos
1901 4825 2080 4882 habet.

511 4903 594 4956 9.5.
628 4903 773 4959 'Dixit
798 4909 937 4962 enim
969 4909 1228 4980 .Egyptiis
1247 4954 1259 4975 ,
1289 4912 1418 4966 Ecce
1445 4915 1685 4985 acquisivi
1713 4933 1798 4970 vos
1823 4927 1869 4969 et
1898 4927 2083 4971 terram

499 5005 723 5047 restrain
742 4997 892 5050 hodie
919 4997 1200 5054 Pharaoni.
1230 5002 1454 5072 Accipite
1474 5003 1628 5074 igitur
1647 5007 1781 5058 vobis
1808 5008 2016 5071 semina,
2035 5019 2083 5061 et

494 5084 748 5138 seminata
785 5097 972 5141 terram
1001 5105 1020 5144 :
1043 5100 1090 5144 et
1133 5092 1176 5143 si
1198 5094 1384 5160 fuerint
1431 5105 1696 5162 proventus
1716 5138 1732 5162 ,
1761 5096 1850 5151 21.
1895 5097 2082 5151 dabitis

509 5173 735 5237 quintam
791 5187 984 5246 portent
1055 5179 1319 5235 Pharaoni
1360 5198 1380 5236 :
1433 5195 1648 5251 quatuor
1693 5197 1859 5240 autem
1916 5199 2081 5258 partes

495 5274 653 5314 erant
680 5277 853 5319 vestris
887 5269 934 5320 in
962 5281 1324 5336 sementerra',
1360 5284 1404 5326 et
1443 5275 1493 5327 in
1531 5276 1695 5328 cibum
1724 5278 1891 5341 vobis,
1918 5288 1966 5331 et
1990 5280 2081 5331 toti

506 5355 680 5405 domui
704 5367 898 5410 vestrae.
933 5357 1114 5428 Magna
1145 5361 1464 5427 liberalitas,
1498 5364 1680 5434 ingens
1712 5368 2039 5434 providentia
2060 5409 2075 5430 .

504 5441 787 5500 imitabilis
824 5447 1143 5505 sollicitudo.
1183 5451 1305 5507 Ideo
1333 5463 1388 5508 et
1432 5455 1504 5508 illi
1535 5469 1885 5525 agnoscentes
1914 5458 2077 5513 bene-

499 5646 540 5696 ,
559 5577 594 5682 ἑ
614 5581 672 5693 ,12
693 5582 995 5685 ῒζισιιξνέὶιιω
1021 5585 1370 5644 tntcrpretibus
1390 5584 1589 5648 legitur,
1621 5595 1666 5638 et
1691 5588 1822 5640 dedit
1845 5590 1912 5640 eis
1931 5604 2075 5652 panes

544 5648 553 5678 ἲ
617 5662 628 5684 ι
678 5651 686 5680 ἔ
723 5652 762 5690 .”,
786 5657 814 5686 t‘
838 5657 878 5688 ε.

544 5657 594 5682 ἷυ
617 5662 628 5684 t
641 5657 762 5690 ques,
786 5657 878 5688 (Ἱε-

1274 247 1326 300 S.
1369 243 1643 300 JOSNMS
1681 244 2096 300 ClllH’SUSTU]

2203 242 2503 298 \RCIIIEP.
2542 243 3070 298 CONS'l'ANTINUl‘.
3687 247 3789 298 ταῖς

2210 357 2336 418 ,lieia
2366 399 2379 418 .
2407 357 2589 409 dicunt
2617 373 2630 409 :
2657 357 2748 409 9.5.
2787 357 3008 408 Sotiatiin
3039 372 3163 419 nos,
3211 359 3486 410 innuimus
3515 361 3644 410 enim
3674 379 3794 428 ymo

2217 450 2337 501 tiam
2368 465 2536 501 coram
2567 449 2772 502 domino
2801 460 3007 514 nostro;
3043 461 3090 502 et
3117 452 3302 503 erimus
3329 453 3456 503 serri
3484 450 3794 506 Pharaonis.

2227 542 2413 595 Vidisti
2447 542 2860 595 liberalitatem?
2892 542 3022 596 Nam
3063 543 3184 611 quia
3209 543 3459 597 \‘iditeos
3490 544 3647 596 nimia
3698 561 3792 612 pe-

2216 634 2365 686 nuria
2389 634 2693 695 conlectos,
2725 634 2961 700 cogitans
2980 642 3236 701 quantum
3281 634 3515 688 laborem
3564 645 3618 688 rt
3657 651 3793 687 :eru-

2217 739 2394 778 mnam
2415 724 2681 776 sustinere
2709 735 2965 791 Coguntur
2983 724 3206 778 colendo
3233 735 3458 789 terram,
3490 725 3620 778 dicit
3644 745 3657 780 :
3687 726 3790 780 Se-

2217 828 2340 866 men
2369 813 2520 865 robis
2551 828 2651 881 ego
2668 815 3015 879 suppeditalx)
3034 854 3049 875 ,
3082 829 3176 867 ros
3203 823 3380 868 autem
3401 830 3612 870 onmem
3632 817 3793 870 aliam

2216 919 2396 956 curam
2427 903 2694 957 erbibetc.
2743 904 2809 956 Et
2847 904 2892 956 si
2923 904 3118 958 fuerint
3148 905 3298 959 vobis
3333 918 3659 976 proventus,
3699 909 3794 959 da-

2217 994 2340 1047 bitis
2383 997 2585 1060 partem
2611 1009 2803 1055 unam,
2834 1004 3062 1062 quatuor
3088 1004 3264 1048 autem
3307 1004 3498 1049 vestra:
3521 1007 3706 1060 erunt,
3737 1009 3795 1051 et

2217 1098 2424 1136 merces
2456 1085 2727 1146 laborum,
2761 1092 2815 1136 et
2840 1084 3104 1136 alimonia!
3140 1095 3402 1152 sumptus.
3423 1086 3514 1140 26.
3548 1086 3662 1140 Hoc
3691 1105 3790 1141 au-

2217 1182 2314 1224 tem
2339 1173 2629 1224 numdatmn
2671 1176 2838 1243 posuit
2885 1176 2959 1226 eis
2997 1173 3188 1244 Joseph
3209 1217 3223 1234 ,
3256 1188 3307 1227 ut
3336 1177 3559 1244 quintam
3597 1189 3790 1245 pluch

2216 1266 2396 1316 darent
2425 1264 2718 1326 Pharaoni,
2749 1277 2956 1336 excepta
2979 1268 3089 1320 sola
3117 1272 3431 1321 sacerdotum
3459 1283 3607 1324 terra.

2285 1354 2585 1407 Sacerdotes
2619 1357 2837 1409 colendi.
2882 1387 2955 1398 —
2992 1359 3224 1412 Audiant
3265 1361 3354 1429 qui
3401 1378 3539 1415 nunc
3567 1365 3787 1427 vivunt,

2214 1456 2464 1511 quautam
2508 1447 2634 1499 olim
2678 1448 3011 1503 sacerdotum
3066 1450 3324 1505 idolorum
3372 1469 3551 1507 curam
3583 1455 3787 1510 babae-

2215 1539 2353 1601 rint;
2380 1548 2432 1590 et
2454 1539 2656 1593 discant
2683 1550 2742 1593 ut
2759 1542 2843 1595 vel
2870 1543 3057 1595 saltem
3081 1560 3257 1611 parem
3281 1546 3508 1600 habeant
3535 1550 3787 1604 honorem

2214 1628 2277 1681 iis
2302 1629 2492 1697 quibus
2520 1631 2751 1684 omnium
2781 1631 2873 1685 Dei
2909 1633 3258 1688 ministerium
3286 1637 3544 1690 cralittun
3563 1681 3578 1702 ,
3619 1651 3670 1693 et
3699 1643 3787 1709 qui

2213 1719 2512 1773 sacerdotio
2535 1722 2765 1790 insigniti
2789 1734 2928 1776 sunt.
2957 1724 3013 1778 Si
3045 1727 3185 1778 cuitu
3215 1739 3453 1782 euantes
3480 1731 3571 1795 illi,
3589 1742 3642 1785 et
3669 1743 3788 1786 tan-

2211 1819 2318 1862 tam
2346 1810 2604 1864 idolorum
2634 1829 2814 1866 curam
2843 1813 3128 1877 habentes,
3161 1816 3280 1886 quia
3312 1835 3376 1872 ex
3414 1820 3513 1874 boc
3541 1824 3788 1890 putabant

2214 1900 2350 1952 idola
2377 1901 2542 1969 magis
2566 1903 2686 1964 eoli,
2716 1905 2781 1956 ita
2812 1920 2995 1958 eorum
3020 1908 3553 1964 ministroscolebzmt
3581 1929 3593 1965 :
3622 1931 3760 1980 quem

2214 2002 2262 2043 ta
2311 2008 2415 2044 non
2463 1994 2902 2050 cumlemnatioue
2951 1997 3138 2065 digni,
3170 1998 3258 2065 qui
3304 2015 3444 2053 nitnc
3475 2001 3788 2057 inuninnmzt

2208 2081 2350 2150 quod
2375 2082 2440 2134 ad
2472 2082 2677 2136 illorum
2720 2096 2920 2153 spectat
2956 2088 3154 2140 cultum
3182 2089 3204 2140 ?
3232 2093 3308 2142 .-\u
3359 2093 3571 2144 nescitis
3613 2093 3784 2145 bimo.

2211 2187 2322 2224 rem
2343 2172 2406 2224 ad
2433 2173 2594 2226 Deum
2627 2175 2793 2242 ipsum
2817 2178 3084 2230 transire?
3113 2176 3188 2230 Ne
3214 2179 3370 2248 igitur
3400 2182 3645 2246 respicias
3663 2201 3787 2235 οηωι

2211 2264 2294 2315 cui
2341 2263 2507 2318 ItOllttS
2548 2268 2838 2320 confertur.
2867 2267 2982 2322 Non
3013 2270 3154 2322 enim
3189 2281 3404 2339 propter
3444 2274 3585 2324 illum
3623 2275 3788 2326 debes

2209 2357 2347 2425 quod
2389 2369 2534 2410 tuum
2561 2369 2642 2410 est
2673 2358 2882 2424 facere;
2924 2361 3016 2414 sed
3047 2371 3263 2429 proiter
3296 2363 3477 2425 illum,
3506 2364 3654 2432 cujus
3697 2381 3752 2416 sa
3774 2395 3786 2402 -

2209 2447 2398 2501 ci-rdus
2423 2459 2524 2511 est,
2557 2459 2615 2502 ut
2657 2459 2711 2502 et
2750 2450 2817 2502 ab
2857 2451 2944 2504 illo
2987 2452 3355 2506 retributiones
3379 2455 3605 2507 ubertim
3643 2455 3784 2506 aeta-

2211 2540 2341 2608 pias.
2374 2540 2595 2608 Propter
2620 2542 2759 2610 quod
2790 2554 2841 2596 et
2871 2542 3078 2596 diccbat
3101 2565 3114 2597 :
3141 2544 3242 2610 Qui
3267 2547 3437 2616 fecerit
3469 2547 3556 2597 uni
3585 2547 3780 2611 humu,

2212 2631 2334 2682 mihi
2359 2631 2567 2699 fecerit;
2593 2642 2667 2696 et,
2701 2632 2800 2698 Qui
2827 2634 3010 2701 accipit
3037 2635 3329 2703 prophetam
3366 2637 3418 2688 in
3446 2638 3641 2688 nomine
3667 2655 3780 2703 peo-

2208 2722 2389 2791 phetse,
2415 2725 2687 2776 mercedem
2717 2727 2974 2794 propheta:
3000 2728 3209 2795 accipiet
3233 2726 3441 2796 (Matth.
3463 2727 3553 2782 25.
3586 2727 3668 2782 b0.
3695 2731 3780 2782 10.

2207 2814 2319 2881 bl).
2346 2812 2477 2866 Nunt
2507 2815 2646 2866 enim
2685 2830 2715 2868 a
2743 2815 3001 2884 dignitate
3049 2815 3129 2869 \‘el
3175 2818 3373 2871 vilitate
3419 2817 3780 2871 miuistromu

2208 2907 2299 2959 tibi
2331 2908 2585 2962 retribuet
2621 2908 2908 2960 Dominus?
2936 2909 3014 2962 Ob
3052 2909 3375 2964 alacritatem
3400 2922 3540 2963 tuam
3574 2913 3653 2964 vel
3683 2926 3781 2963 co-

2207 3008 2356 3052 ronat
2382 3041 2398 3063 ,
2431 3000 2512 3052 vel
2544 2999 2880 3054 condemnat.
2913 2999 2980 3053 Et
3025 3001 3162 3054 sicut
3204 3001 3403 3066 hortor,
3436 3003 3523 3072 qui
3568 3013 3781 3072 proptir

2207 3089 2377 3158 ipsum
2431 3091 2790 3160 impenditur,
2838 3092 3059 3146 multum
3101 3094 3236 3162 parit
3282 3094 3486 3149 ﬁducia:
3527 3096 3778 3165 (propria

2205 3180 2346 3234 enim
2374 3180 2473 3233 sibi
2505 3180 2626 3235 facit
2655 3183 2790 3236 Deus
2818 3199 2934 3252 qua:
2964 3185 3014 3236 in
3042 3199 3230 3237 servos
3257 3200 3381 3238 suos
3409 3187 3777 3253 collocantur),

2206 3271 2273 3324 ita
2314 3283 2366 3325 et
2405 3272 2610 3324 illorttut
2646 3283 2986 3343 mutemptus
3008 3276 3226 3329 mul'am
3256 3291 3285 3329 e
3309 3291 3539 3344 superno
3564 3292 3776 3345 ριν-πωπω

2205 3360 2357 3414 nobis
2381 3362 2600 3416 deferet.
2630 3363 2774 3417 Sicut
2803 3366 2943 3417 enim
2973 3379 3124 3418 suum
3161 3383 3281 3421 esse
3309 3367 3581 3430 honorem,
3612 3370 3678 3421 ita
3721 3380 3774 3422 et

2201 3462 2560 3522 contemptum
2591 3453 2732 3508 ducit
2767 3474 2781 3509 :
2817 3455 2864 3508 id
2910 3457 3048 3525 quod
3092 3458 3340 3523 scientes,
3371 3475 3650 3527 numquam
3678 3477 3774 3512 ne-

2201 3543 2458 3612 gligamus
2501 3547 2700 3599 cultum
2747 3548 2836 3617 qui
2880 3547 3247 3604 sacerdotibus
3295 3549 3383 3604 Dei
3420 3551 3658 3604 debetur.
3711 3553 3774 3605 l-Zt

2203 3636 2315 3689 tunc
2339 3635 2476 3699 dico,
2498 3654 2599 3689 non
2631 3647 2826 3692 Lautam
2854 3641 3060 3693 illorum
3085 3643 3340 3697 rationem
3365 3643 3581 3705 balteus,
3608 3660 3767 3712 quan-

2202 3735 2306 3780 tam
2337 3740 2524 3782 wstra:
2553 3731 2804 3796 raritatis,
2839 3732 3056 3800 cupiens
3086 3747 3179 3786 vos
3208 3734 3258 3786 in
3286 3735 3531 3788 omnibus
3559 3735 3768 3788 lucrifa-

2198 3833 2338 3874 cere.
2364 3821 2498 3885 Quid
2525 3823 2664 3875 enim
2695 3833 2894 3877 tantum
2925 3824 3020 3878 das
3042 3863 3057 3887 ,
3087 3835 3340 3896 quantum
3381 3828 3575 3897 accipis
3601 3844 3630 3881 a
3663 3829 3765 3883 Do-

2199 3911 2382 3964 mino?
2432 3924 2684 3981 quantum
2727 3925 2902 3970 autem
2957 3917 3156 3970 cultum
3212 3918 3406 3972 atTers!
3443 3922 3685 3973 Attamen
3714 3931 3767 3973 et

2199 4016 2293 4068 pro
2325 4004 2412 4055 illo
2444 4004 2550 4065 \ili.
2579 4014 2632 4058 et
2660 4006 2746 4073 qui
2776 4006 2826 4058 in
2857 4010 3102 4074 pra-scuti
3132 4009 3233 4060 rita
3262 4010 3416 4064 siuml
3441 4009 3762 4074 dissolvitur,

2198 4094 2521 4148 immortales
2544 4097 2772 4165 accipies
2804 4098 3094 4160 mercedes.
3112 4111 3160 4153 et
3193 4101 3469 4154 ittclfabilia
3500 4101 3655 4154 bona.

2265 4189 2320 4240 5.
2360 4188 2484 4244 lla-c
2510 4199 2684 4243 mente
2705 4201 2992 4253 versantes,
3020 4208 3360 4260 properemus
3379 4193 3443 4246 ad
3463 4209 3645 4247 comm
3672 4195 3758 4247 ob-

2193 4281 2402 4349 sequia,
2433 4297 2534 4333 non
2559 4282 2892 4335 attendentes
2931 4293 3218 4350 sumptum,
3253 4284 3343 4336 sed
3371 4284 3570 4336 luerunt
3597 4295 3648 4337 et
3676 4301 3761 4335 ae-

2192 4371 2509 4434 (‘essiouenn
2539 4387 2655 4438 qua:
2684 4372 2803 4423 inde.
2832 4384 3132 4424 nascuntur.
3166 4371 3293 4426 Nam
3321 4374 3362 4426 si
3399 4374 3635 4426 viden‘es
3662 4375 3759 4427 viri

2190 4461 2412 4528 alicujus
2441 4461 2675 4514 smculari
2704 4462 2958 4530 dignitate
3000 4464 3216 4532 insignis
3246 4463 3590 4529 familiarem,
3632 4481 3759 4532 ope-

2193 4568 2303 4605 rant
2335 4554 2519 4605 clanius
2563 4561 2618 4605 ut
2658 4566 2908 4620 quantum
2940 4555 3189 4621 possibile
3218 4562 3297 4608 cs‘t
3341 4556 3412 4608 illi
3455 4567 3762 4625 pra-stemus

2190 4643 2524 4711 obsequium,
2543 4644 2832 4712 cogitantes
2858 4644 3027 4698 cilicia
3059 4662 3174 4714 quur
3201 4647 3272 4699 illi
3291 4645 3624 4706 exhibentur,
3647 4648 3758 4710 ejus

2189 4733 2403 4786 domino
2429 4734 2704 4796 accedere,
2738 4743 2789 4786 et
2819 4734 2962 4786 illum
2991 4734 3297 4788 l'atttiliarcm
3329 4737 3415 4788 ubi
3455 4736 3754 4805 signitii-atit

2191 4834 2410 4892 patrono
2440 4838 2552 4886 suo,
2585 4825 2836 4892 majorem
2868 4825 3017 4878 nobis
3045 4825 3180 4892 apud
3220 4841 3339 4879 cum
3371 4825 3599 4878 faroretu
3632 4843 3758 4876 cott-

2187 4915 2482 4967 ciliaturuut
2511 4929 2630 4969 esse
2663 4931 2676 4966 :
2708 4916 2872 4968 multo
2906 4918 3070 4985 magis
3105 4916 3204 4970 hoc
3239 4917 3339 4969 erit
3376 4915 3512 4985 apud
3544 4918 3754 4968 univer—

2187 5021 2365 5060 sorum
2407 5007 2684 5060 Dominum
2735 5007 2864 5061 Nam
2891 5009 2933 5059 si
2955 5049 2970 5069 ,
3001 5008 3212 5075 quando
3239 5009 3357 5076 quis
3392 5010 3443 5062 in
3488 5009 3752 5077 vulgarem

2185 5097 2412 5164 aliquem
2440 5108 2491 5151 et
2528 5098 2578 5151 in
2622 5100 2733 5152 l'oro
2769 5099 3028 5166 abiectum
3060 5099 3432 5168 benignitatem
3454 5110 3506 5155 et
3533 5100 3751 5154 comitu-

2186 5189 2502 5243 serationem
2548 5190 2772 5259 aliquam
2802 5190 3136 5255 exlnibuerit,
3177 5191 3430 5246 Dominus
3465 5208 3582 5262 qua:
3625 5193 3755 5249 liunt.

2185 5281 2285 5332 sibi
2313 5283 2522 5350 propria
2550 5297 2668 5335 esse
2695 5281 2924 5345 ducens,
2957 5283 3212 5351 promittit
3239 5297 3298 5337 sc
3328 5283 3379 5335 in
3424 5299 3640 5352 regnum
3671 5284 3748 5335 in-

2187 5371 2549 5423 troductus-um
2581 5387 2672 5426 eos
2701 5373 2786 5441 qui
2829 5373 3022 5440 aliquid
3055 5373 3174 5426 boni
3204 5374 3276 5426 illi
3307 5373 3560 5434 fecerint.
3592 5382 3644 5426 et
3667 5373 3749 5425 di-

2183 5473 2387 5514 cmruut
2419 5480 2431 5512 :
2474 5461 2670 5526 Venite,
2694 5463 2940 5517 benedicti
2963 5461 3135 5515 Patris
3161 5466 3259 5517 ntei
3278 5506 3293 5526 ,
3319 5465 3438 5532 quia
3465 5464 3644 5516 esuriei
3660 5503 3672 5517 .
3700 5471 3747 5514 et

2181 5553 2386 5604 dedistis
2408 5552 2528 5604 mihi
2559 5553 2860 5606 manducare
2879 5552 3088 5623 (Matth.
3117 5555 3204 5608 ‘25.
3238 5555 3328 5620 51)
3353 5571 3367 5607 :
3397 5554 3563 5606 ntulto
3587 5553 3750 5620 magis

2181 5656 2292 5708 eos,
2323 5645 2408 5714 qtti
2438 5654 2653 5714 propter
2675 5645 2837 5698 Deum
2863 5645 3162 5716 afﬂigantur
3181 5687 3195 5710 ,
3223 5657 3274 5701 ct
3303 5646 3596 5699 sacerdotio
3619 5643 3747 5695 insi-
