4134 6214
385 333 488 391 565

385 450 514 521 guiti
542 453 667 501 sunt-
689 444 732 499 si
761 441 885 513 quis
903 438 1142 502 coluerit,
1169 452 1271 490 nou
1303 436 1470 488 solum
1501 445 1679 501 parem
1706 439 1958 494 asseque-

392 517 474 595 iur
523 535 961 594 retributionem,
991 530 1083 584 sed
1125 526 1483 596 multipliciter
1526 520 1814 591 majorem,
1853 517 1962 572 cle-

389 641 567 686 mente
618 628 727 681 Deo
769 639 833 678 ex
883 620 1202 677 abundantia
1241 614 1619 671 misericordia:
1663 625 1870 679 semper
1901 623 1960 661 ea

389 738 506 790 qna-
533 737 570 771 a.
595 717 746 770 nobis
775 715 904 768 ﬁunt
925 713 1186 766 vincente.
1206 709 1280 763 Ne
1305 708 1460 777 igitur
1486 705 1649 760 simus
1673 701 1963 757 deteriores

393 811 712 874 inlhlelihns,
739 807 827 878 qui
857 814 1073 874 propter
1104 803 1360 856 idolorum
1397 814 1630 855 errorem
1659 796 1830 850 adhuc
1859 803 1963 846 tan-

394 914 500 954 tmn
529 902 728 954 cultum
759 897 1010 952 exhibent
1055 894 1264 948 illorum
1311 890 1516 945 famulis
1547 905 1560 943 :
1591 886 1683 942 sed
1717 894 1966 955 quantum

393 994 674 1048 discrimen
705 1002 785 1044 est
811 1003 1046 1044 errorem
1080 987 1213 1040 inter
1235 995 1287 1040 ct
1309 985 1609 1043 veritatem,
1637 989 1793 1050 atquc
1832 978 1969 1030 inter

395 1083 701 1138 sacerdotes
729 1082 796 1135 ill.
821 1095 848 1134 s
873 1087 927 1133 et
966 1078 1057 1132 Dei
1087 1076 1418 1135 sacerdotes;
1453 1082 1652 1126 tantam
1683 1072 1734 1123 in
1770 1071 1972 1122 honore

394 1183 551 1242 atque
578 1173 719 1226 cultu
750 1168 1100 1224 diﬂ'erentiam
1139 1166 1488 1221 exhilii-amns
1509 1204 1524 1225 ,
1557 1172 1612 1216 ut
1655 1161 1822 1215 multo
1850 1159 1969 1228 pitt-

397 1279 484 1318 res
505 1279 748 1332 superine
775 1261 926 1314 nobis
969 1259 1342 1313 retributiones
1378 1262 1701 1309 accrescant.
1732 1251 1820 1306 25.
1859 1248 1969 1302 Ila-

397 1355 569 1409 bitarit
591 1365 755 1408 autem
779 1352 936 1406 Iacob
960 1352 1012 1405 in
1043 1350 1295 1422 Egypto,
1325 1360 1370 1403 et
1396 1348 1534 1401 aucti
1558 1356 1694 1409 stant,
1727 1354 1777 1398 et
1799 1343 1972 1396 multi-

396 1446 572 1514 plicati
609 1454 726 1498 sunt
752 1444 914 1500 ualde.
946 1443 1069 1496 Erat
1096 1441 1236 1496 enim
1266 1439 1379 1493 lure
1425 1436 1703 1507 promissio
1742 1435 1830 1488 Dei
1871 1433 1968 1502 ipsi

397 1535 558 1596 facta,
590 1533 796 1588 Faciam
829 1545 873 1587 te
897 1533 1001 1586 illic
1023 1535 1081 1584 in-
1112 1541 1304 1601 gentem
1328 1543 1579 1598 magnam.
1607 1525 1696 1579 20.
1719 1523 1976 1592 Et'super-

395 1626 521 1680 uixit
561 1625 718 1678 Iacob
756 1625 922 1678 decem
960 1633 1006 1676 et
1048 1619 1234 1690 septem
1271 1621 1433 1672 armis.
1463 1618 1525 1671 Et
1553 1617 1674 1686 facti
1714 1627 1826 1670 sunt
1871 1615 1976 1668 dies

395 1717 559 1770 Iacob
579 1717 700 1770 atmi
719 1725 914 1768 centum
942 1713 1272 1783 quadraginta
1296 1720 1500 1778 septem.
1531 1709 1813 1776 Propterea
1839 1705 1976 1760 Deus

399 1807 675 1860 dimensus
703 1815 785 1859 est
811 1808 857 1859 ei
897 1804 1000 1857 hoc
1040 1812 1244 1872 tempus
1274 1802 1392 1853 vine
1417 1842 1430 1864 ,
1462 1808 1518 1853 ut
1563 1807 1678 1867 post
1708 1796 1973 1850 miseriam

401 1909 562 1966 quam
591 1904 700 1949 toto
727 1896 844 1948 vita:
876 1904 1114 1962 tempore
1151 1892 1434 1956 sustinuit,
1462 1890 1819 1946 consolatione
1866 1903 1978 1942 tm-

398 2001 500 2054 gua
533 1994 744 2054 accepta
774 1984 896 2038 hinc
932 1985 1200 2054 migraret.

475 2075 690 2130 Muralis
716 2077 990 2131 conclusio.
1020 2105 1086 2116 —
1113 2073 1343 2139 Verum,_
1356 2074 1398 2128 si
1426 2073 1581 2127 vultis
1605 2112 1618 2135 ,
1647 2069 1979 2126 nomultitur

400 2168 528 2224 dine
567 2169 846 2227 dictorum,
875 2167 1184 2225 memoriam
1230 2176 1454 2220 vestram
1503 2163 1808 2226 obruanms,
1858 2176 1977 2229 qua:

405 2259 605 2328 reliqua
636 2269 759 2314 sunt
801 2259 1217 2320 reservabituus,
1247 2265 1299 2311 et
1330 2256 1484 2309 linem
1521 2254 1775 2309 orationis
1819 2252 1980 2306 facie-

406 2366 566 2404 mus:
603 2361 828 2405 vestram
865 2359 1040 2402 autem
1079 2348 1351 2402 caritatem
1395 2346 1493 2400 hoc
1519 2346 1894 2415 rogaveritnus,
1927 2354 1983 2400 ut

406 2443 696 2511 diligenter
722 2441 784 2495 iis
809 2455 926 2509 qua:
951 2439 1197 2493 dicuntur
1229 2437 1536 2503 intendatis,
1568 2445 1629 2491 et.
1651 2437 1758 2504 ipsa
1792 2451 1980 2504 perpe-

407 2541 512 2585 tua:
540 2532 808 2584 memoria:
837 2530 1504 2593 commendatis”ontinuo
1536 2528 1585 2580 in
1614 2535 1788 2580 mente
1812 2536 1980 2579 vestra

407 2633 700 2686 versantes,
725 2631 777 2677 ct
803 2623 1094 2690 cogitantes
1124 2629 1370 2689 quautam
1400 2617 1840 2688 patientiatnjmti
1866 2631 1984 2674 sus-

408 2714 682 2777 tinuerint,
713 2727 974 2782 quamque
1031 2711 1479 2780 longanimitatetn
1511 2719 1564 2763 et
1599 2708 1753 2761 {idem
1783 2708 1833 2761 in
1864 2723 1984 2776 pro-

408 2803 746 2858 missiouibus
798 2801 889 2857 Dei
939 2801 1243 2865 habuerint,
1290 2816 1394 2854 non
1449 2797 1984 2853 animolluctuantes

410 2905 629 2964 propter
652 2911 714 2948 ea
738 2911 853 2964 qua:
876 2904 992 2964 post
1017 2895 1393 2962 promissioncs
1413 2891 1723 2946 eveniebant
1751 2909 1764 2943 :
1795 2889 1888 2944 sed
1926 2889 1987 2942 li-

411 2986 601 3043 dcntcs
627 2985 744 3054 ejus
763 2986 850 3054 qui
876 2985 1186 3053 promiserat
1209 2984 1409 3047 virtuti,
1432 2983 1606 3036 omnia
1637 2997 1786 3050 aequo
1809 2981 1987 3039 animo

413 3074 754 3140 l‘crebanthet
795 3085 1071 3144 propterea
1098 3073 1333 3128 celebres
1359 3084 1413 3128 et
1447 3073 1574 3127 clari
1613 3071 1822 3125 fuerint.
1853 3072 1987 3125 Ecce

411 3167 552 3220 enim
584 3175 635 3219 et
651 3165 823 3234 justus
842 3167 928 3219 ille
948 3164 1254 3234 Joseplnnn,
1280 3172 1554 3233 postquam
1583 3173 1659 3216 tot
1685 3161 1838 3215 annis
1858 3161 1988 3217 luxit

412 3258 562 3326 quasi
587 3266 850 3315 mortuum
877 3297 890 3319 ,
923 3256 1052 3310 vidit
1079 3271 1297 3325 regnum
1328 3253 1538 3325 tEgypti
1570 3263 1748 3307 tenere
1778 3270 1791 3306 ε
1820 3251 1989 3306 etad-

413 3347 674 3402 mirahilis
715 3346 948 3416 Ioseph,
987 3356 1101 3415 post
1141 3345 1446 3399 servitutem
1473 3353 1634 3413 ,post
1676 3357 1943 3397 carcerem
1969 3383 1986 3408 ,

414 3447 533 3508 post
558 3438 658 3491 alia
689 3437 865 3494 omnia
887 3453 1002 3506 qua:
1029 3437 1278 3491 sustinuit
1296 3477 1320 3501 ,.
1346 3436 1693 3504 principatum
1721 3435 1880 3488 totius
1909 3450 1990 3487 re-

413 3529 587 3600 gionis
616 3529 866 3598 suscepit.
897 3529 962 3584 Et
998 3528 1041 3582 si
1072 3527 1217 3582 adire
1263 3527 1581 3585 voluerimus
1618 3540 1742 3590 eas,
1790 3540 1907 3594 qua:
1938 3524 1988 3578 in

415 3634 571 3675 sacra
608 3619 878 3688 Scriptura
922 3618 1292 3679 criminentur,
1345 3615 1622 3681 historias,
1666 3615 1994 3669 inveniemus

417 3725 606 3770 omnes
631 3709 822 3766 virtute
853 3708 1102 3776 prmditos
1145 3722 1238 3776 per
1264 3706 1582 3761 tentationes
1620 3705 1915 3774 ingressos,
1940 3711 1992 3757 et

419 3801 501 3855 sic
529 3815 774 3869 magnum
802 3814 830 3852 a
862 3799 1308 3868 Deoassequutos
1333 3798 1604 3852 auxilium.
1627 3797 1681 3851 Si
1709 3813 1834 3866 ergo
1862 3796 1995 3849 divi.

422 3906 546 3946 nam
576 3889 732 3944 nobis
760 3889 1180 3946 benevolentiam
1220 3887 1503 3944 conciliare
1532 3888 1794 3952 volumus,
1823 3903 1894 3941 ne
1918 3889 1993 3941 si-

423 3996 546 4036 mus
569 3981 708 4036 anxii
733 3981 788 4036 in
811 3981 1330 4043 tentatiauibus,,nec
1344 3980 1596 4050 gravatim
1623 3978 1852 4032 feramus
1878 3993 1995 4047 qua:

423 4072 576 4128 nobis
602 4071 892 4128 obveniant
923 4089 936 4125 :
969 4071 1062 4125 sed
1112 4072 1278 4142 magis
1314 4070 1632 4139 gaudeamus
1666 4077 1718 4123 ct
1763 4069 1997 4122 hetemur

425 4165 531 4220 ﬁde
554 4164 902 4228 corroborati,
935 4165 1168 4218 scientes
1191 4180 1288 4219 nos
1311 4164 1411 4220 hac
1437 4163 1640 4220 ratione
1669 4164 1996 4232 potissimum

421 4257 607 4313 divina
643 4256 970 4326 providentia
1009 4255 1264 4312 fruituros
1309 4272 1426 4312 esse
1450 4256 1540 4322 ,si
1565 4272 1683 4310 cum
1712 4256 1995 4326 gratiarum

421 4347 632 4402 actione
661 4351 836 4401 omnia
867 4347 1006 4402 ferre
1033 4347 1365 4402 meditemur.
1397 4346 1464 4402 Ut
1489 4356 1665 4401 autem
1691 4360 1877 4399 omnes
1903 4361 1999 4399 nos

423 4448 480 4493 et
509 4447 819 4508 prrsetitetn
861 4439 1021 4493 vitam
1051 4438 1102 4492 in
1131 4439 1404 4494 virtutibus
1433 4438 1800 4507 transigamus,
1833 4445 1888 4491 et
1921 4435 2001 4490 fu-

427 4540 546 4584 tura
572 4543 958 4597 consequamur
983 4528 1115 4582 bona
1137 4570 1151 4593 ,
1180 4529 1439 4584 concedat
1463 4528 1614 4584 nobis
1643 4544 1736 4597 per
1762 4529 1999 4582 clemen-

429 4624 557 4676 tiam
579 4630 634 4674 et
656 4622 876 4690 gratiam
905 4635 1054 4676 suam
1080 4621 1331 4675 Dominus
1357 4630 1536 4677 noster
1554 4619 1709 4675 Iesus
1735 4619 1998 4684 Christus,

427 4712 642 4782 quicum
672 4711 809 4765 Patri
841 4721 895 4766 et
937 4721 1121 4768 sancto
1147 4713 1363 4780 Spiritui
1395 4712 1464 4766 sit
1491 4712 1654 4780 gloria
1681 4753 1696 4777 ,
1724 4711 2000 4782 imperium

425 4815 485 4859 et
515 4804 685 4858 honor
707 4844 724 4871 ,
764 4817 903 4858 nunc
943 4813 998 4859 et
1034 4817 1267 4872 semper,
1291 4813 1343 4858 et
1373 4803 1424 4858 in
1449 4805 1637 4860 sazcula
1667 4805 2001 4858 seculorum.

431 4899 624 4952 Amen.

976 5029 1252 5086 H03"le
1294 5030 1476 5086 LXVI.

434 5161 973 5231 Αινρηιρὶιιιικαυενυηι
996 5173 1180 5227 autem,
1215 5164 1413 5234 inquit,
1442 5164 1546 5217 dies
1575 5161 1738 5218 Israel
1747 5171 1814 5216 ut
1843 5179 2005 5217 more-

510 5262 662 5313 retur,
695 5263 738 5305 et
764 5253 952 5306 vocavit
979 5256 1138 5322 ﬁlium
1166 5272 1310 5310 suum
1339 5255 1558 5324 Ioseph,
1594 5264 1638 5308 et
1678 5255 1803 5307 dixit
1829 5255 1873 5306 ei
1899 5269 1918 5307 :
1948 5253 2007 5308 Si

507 5342 671 5395 iuveni
696 5345 908 5413 gratiam
943 5345 1081 5414 apud
1102 5355 1148 5399 te
1165 5363 1432 5416 ,,suppoue
1460 5357 1661 5399 manum
1685 5355 1820 5397 tuam
1846 5345 2010 5398 subter

513 5436 676 5502 {catur
713 5451 876 5487 meum
897 5477 912 5502 ,
940 5444 989 5488 ct.
1012 5437 1164 5505 [acies
1191 5454 1377 5490 mecum
1403 5437 1788 5492 misericordiam
1815 5446 1861 5489 et
1887 5435 2012 5489 aerio

513 5534 682 5591 tatem,
708 5536 759 5578 ut
790 5543 888 5579 non
916 5526 1128 5596 sepeliar
1162 5544 1251 5598 ego
1277 5528 1328 5581 in
1360 5526 1588 5598 {Egypto
1609 5545 1629 5591 ;
1651 5528 1740 5580 sed
1768 5527 2012 5581 dormiant

509 5635 621 5672 cum
650 5616 870 5685 patribus
896 5619 1016 5672 meis
1041 5635 1061 5673 :
1089 5628 1136 5674 et
1167 5624 1362 5690 auferes
1391 5635 1468 5672 me
1497 5635 1558 5674 ex
1580 5615 1827 5690 Egypto,
1855 5627 1899 5672 et
1934 5635 2013 5673 se—

511 5709 665 5780 pelia
689 5721 764 5763 ate
778 5709 829 5763 in
854 5710 1083 5782 sepulcro
1104 5725 1294 5767 eorum.
1315 5707 1414 5766 Ille
1431 5720 1595 5766 autem
1619 5711 1744 5764 dixit
1767 5725 1785 5764 :
1803 5708 2011 5765 Faciant

1381 317 1446 373 IN
1483 316 1633 373 CAP.
1673 309 1858 368 XLVII
1921 303 2164 362 GENES.
2207 304 2434 360 IIOMIL.
2477 304 2658 360 LXVI.

3537 302 3649 358 ΜΘ

2142 418 2410 471 secundum
2438 418 2635 470 verbum
2661 425 2820 470 tuum.
2851 413 2989 468 Dixit
3015 423 3177 468 autem
3205 430 3224 468 :
3249 413 3381 468 Iura
3409 414 3549 467 mihi.
3581 412 3643 466 lt't

2136 509 2328 578 jurarit
2353 508 2416 563 ei.
2449 507 2510 560 Et
2551 506 2778 559 adoravit
2806 505 2968 559 Israel
2997 506 3063 558 ad
3087 506 3340 576 fastigium
3370 505 3519 574 virga:
3539 506 3661 574 ejus
3689 502 3696 509 ”

2148 599 2314 671 (Gen.
2339 601 2424 654 ιγ.
2455 600 2672 668 29-51).

2153 775 2196 828 ι.
2239 774 2346 841 Age
2371 771 2526 826 hodie
2549 771 2703 824 linem
2733 771 3066 839 imponamus
3092 768 3376 821 narrationi
3408 777 3459 820 et
3482 768 3647 822 histo-

2076 864 2166 918 ri.e
2204 862 2407 928 Jacobi,
2437 872 2488 916 et
2526 861 2798 915 videamus
2824 875 3064 930 quamam
3104 859 3210 913 sint
3256 859 3339 911 illa
3383 875 3496 928 qtae
3535 859 3650 928 jam

2075 958 2360 1010 moriturus
2381 955 2625 1024 disponat
2654 962 2706 1006 et
2729 951 3172 1007 ordinet.Vcrum
3199 952 3372 1005 nullus
3413 951 3478 1005 ad
3520 967 3643 1020 pne-

2075 1045 2300 1098 sentimn
2328 1061 2504 1098 rerum
2538 1052 2729 1096 statum
2758 1051 3023 1112 Spectans,
3044 1041 3162 1095 talia
3190 1041 3362 1111 exigat
3387 1041 3452 1094 ab
3475 1041 3535 1095 iis
3557 1042 3646 1110 qui

2079 1145 2200 1189 tunc
2230 1134 2439 1189 l'ucrnnt
2475 1135 2625 1204 justi,
2657 1133 2830 1204 qualia
2861 1148 3001 1188 nunc
3037 1132 3087 1186 in
3117 1133 3219 1186 vita
3267 1134 3531 1200 sapienter
3569 1133 3648 1185 iu-

2078 1227 2257 1279 stituta
2285 1225 2465 1280 ﬁdeles
2496 1234 2746 1294 przcstare
2771 1225 3040 1289 convenit,
3067 1222 3158 1278 sed
3185 1223 3474 1278 secundum
3516 1233 3650 1277 tent-

2079 1331 2204 1385 pora
2249 1326 2302 1370 et
2347 1330 2433 1370 res
2467 1315 2691 1384 judicet.
2720 1315 2843 1370 llazc
2871 1325 3046 1369 autem
3095 1313 3272 1369 dedita
3313 1329 3473 1382 Opera
3503 1316 3648 1384 prius

2078 1408 2324 1472 dixerim,
2358 1417 2573 1477 propter
2596 1422 2659 1461 ea
2687 1422 2804 1476 qua!
2828 1421 2857 1460 a
2886 1405 3181 1476 patriarcha
3214 1407 3310 1475 ipsi
3343 1405 3537 1474 Ioseph
3565 1405 3648 1459 di-

2079 1509 2282 1554 centur.
2311 1497 2494 1565 Qualia
2521 1506 2696 1552 autem
2731 1499 2873 1564 sint,
2898 1497 3192 1551 audiamus.
3233 1497 3322 1552 29.
3361 1498 3652 1568 Appropin-

2078 1599 2350 1663 quaverunt
2375 1599 2569 1652 autem,
2602 1590 2802 1658 inquit,
2830 1589 2934 1642 dies
2963 1586 3167 1653 Israel,
3195 1598 3246 1640 ut
3275 1597 3545 1641 moreretur
3565 1626 3581 1651 ,
3608 1597 3655 1640 et

2081 1684 2267 1736 vocarit
2293 1677 2456 1748 ﬁlium
2483 1697 2625 1734 suum
2653 1680 2844 1750 Ioseph
2869 1721 2883 1744 ,
2907 1690 2950 1733 et
2980 1679 3106 1732 dixit
3129 1679 3172 1732 ei
3197 1694 3214 1732 :
3243 1677 3302 1731 Si
3348 1678 3511 1730 iuveni
3535 1693 3652 1746 gra-

2082 1775 2201 1826 tiam
2225 1772 2361 1841 apud
2386 1782 2450 1836 te,
2469 1787 2696 1842 suppone
2716 1787 2919 1823 manum
2945 1779 3079 1822 luant
3099 1769 3265 1822 subter
3281 1770 3442 1839 feumr
3465 1784 3652 1832 meum,
3735 1811 3737 1813 ,

2080 1876 2126 1920 et
2153 1865 2304 1934 facies
2333 1879 2521 1916 mecum
2552 1861 2942 1914 misericordiam
2973 1869 3018 1913 et
3056 1859 3330 1922 veritatem,
3363 1867 3413 1910 ut
3441 1874 3539 1909 non
3577 1873 3655 1909 se-

2083 1958 2240 2027 peliar
2268 1973 2355 2027 ego
2395 1957 2446 2009 in
2472 1953 2700 2026 Aigypto
2727 1973 2746 2021 ,'
2775 1956 2861 2011 50.
2893 1954 2978 2008 sed
3006 1948 3252 2006 dormiam
3281 1969 3392 2005 eum
3433 1948 3657 2021 patribus

2083 2049 2202 2101 meis
2225 2064 2242 2110 ;
2267 2057 2314 2102 et
2335 2051 2532 2117 auferes
2557 2063 2634 2099 nte
2660 2062 2723 2099 ex
2756 2044 3005 2116 zEgypto,
3024 2054 3067 2098 et
3086 2044 3290 2113 sepelies
3315 2059 3390 2095 me
3417 2042 3465 2094 in
3491 2041 3656 2110 sepul-

2083 2155 2172 2192 cro.
2193 2153 2382 2191 eorum.
2414 2135 2514 2190 Ille
2533 2147 2697 2189 autem
2723 2137 2848 2190 dixit
2875 2151 2894 2190 :
2924 2133 3130 2188 Faciam
3161 2135 3432 2187 secundum
3460 2131 3658 2184 verbum

2085 2241 2241 2284 tuum.
2300 2231 2387 2284 3i.
2420 2228 2559 2282 Dixit
2589 2239 2793 2282 autent:
2819 2227 2952 2280 Iura
2989 2227 3132 2280 mihi.
3165 2225 3226 2278 Et
3268 2226 3459 2296 juravit
3499 2225 3562 2277 ei.
3594 2222 3658 2275 Et

2085 2322 2308 2375 adoravit
2341 2317 2500 2374 Israel
2529 2320 2595 2372 ad
2625 2320 2877 2391 fastigium
2904 2318 3056 2388 virgae
3078 2320 3205 2383 eius.

2156 2412 2258 2466 Cur
2295 2413 2499 2466 voluerit
2527 2413 2577 2463 in
2612 2411 2776 2480 patria
2809 2409 3008 2480 sepeliri
3034 2407 3214 2461 Iacob.
3240 2437 3309 2447 —
3340 2405 3484 2460 Multi
3513 2403 3656 2472 abie-

2085 2504 2267 2559 ctioris
2310 2502 2467 2556 animi
2488 2542 2500 2564 ,
2532 2502 2741 2570 quando
2783 2515 2814 2554 a
2860 2500 3012 2554 nobis
3039 2498 3418 2562 admonentur,
3451 2513 3516 2550 ne
3543 2512 3658 2549 ma-

2085 2609 2240 2664 gnam
2282 2609 2461 2647 curam
2502 2592 2788 2661 sepulturrc
2823 2590 3080 2654 habeant,
3131 2605 3301 2658 neque
3345 2604 3454 2642 rem
3495 2589 3690 2640 multo.

2085 2683 2260 2740 studio
2288 2683 2499 2750 dignam
2543 2682 2902 2745 arbitrentur,
2930 2679 2996 2734 ab
3036 2679 3205 2732 aliena
3241 2690 3378 2732 terra
3420 2678 3470 2730 in
3509 2692 3655 2731 suam

2089 2776 2306 2845 patriam
2335 2781 2657 2828 mortuorum
2686 2772 2931 2842 reliquias
2956 2770 3157 2838 reduci,
3184 2772 3319 2823 hanc
3347 2770 3496 2822 nobis
3523 2785 3662 2837 pra:-

2091 2875 2270 2920 texunt
2315 2864 2622 2928 historiam,
2654 2863 2910 2928 dicentes,
2940 2862 3096 2916 etiam
3129 2862 3478 2931 patriarcham
3508 2860 3668 2927 hujus

2089 2957 2165 3011 rei
2197 2965 2392 3009 tantam
2441 2953 2629 3009 fecisse
2671 2969 2873 3010 curam.
2911 2951 3100 3006 Verum
3150 2952 3373 3021 primtnn
3403 2951 3613 3020 quidem
3640 2991 3685 3015 ,,

2070 3049 2226 3102 sicut
2248 3046 2484 3106 dixi.hoc
2505 3047 2737 3115 cogitare
2757 3052 2963 3114 oportet
2990 3061 3003 3098 :
3031 3052 3154 3097 tunc
3179 3059 3281 3095 non
3315 3051 3453 3095 tanta
3477 3042 3654 3109 exige-

2091 3138 2245 3193 batur
2271 3138 2620 3208 philosophia,
2643 3146 2837 3207 quanta
2863 3136 2930 3192 ab
2959 3139 3020 3193 iis
3039 3137 3125 3207 qui
3154 3150 3290 3189 nunc
3314 3135 3493 3188 vivunt
3518 3151 3530 3188 :
3562 3133 3659 3186 de-

2091 3232 2213 3289 inde
2235 3230 2527 3301 patriarcha
2559 3230 2658 3285 hoc
2700 3245 2803 3284 nou
2852 3229 3162 3298 simpliciter
3192 3227 3354 3281 voluit
3394 3225 3502 3279 ﬁeri
3524 3267 3538 3291 ,
3567 3227 3658 3279 sed

2091 3339 2238 3393 spem
2282 3325 2471 3378 Iuniam
2513 3321 2614 3378 illis
2645 3323 2921 3392 pollicens,
2947 3321 3058 3375 fore
3089 3330 3142 3374 ut
3169 3319 3248 3373 sui
3281 3319 3359 3372 vel
3401 3332 3524 3372 sero
3555 3326 3668 3371 tan-

2091 3417 2212 3472 dem
2263 3415 2497 3470 redirent
2546 3415 2597 3469 in
2648 3425 2840 3468 ter-ram
2893 3412 3274 3482 promissionis.
3310 3412 3374 3465 Et
3413 3410 3550 3479 quod
3599 3410 3684 3462 ob.

2095 3509 2229 3561 hanc
2256 3517 2466 3560 causam
2501 3505 2600 3560 hoc
2639 3504 2971 3574 prmccpcrit,
3019 3501 3346 3556 manifesdus
3391 3515 3486 3554 nos
3514 3499 3670 3553 docet

2094 3599 2233 3656 illius
2265 3599 2430 3662 li'ius,
2471 3597 2651 3652 dicens
2686 3613 2699 3649 :
2740 3593 3002 3649 Visitando
3045 3592 3259 3647 risitabit
3304 3607 3388 3644 vos
3429 3589 3598 3652 Deus,
3625 3600 3698 3641 et.

2093 3673 2246 3743 simul
2265 3689 2432 3759 [cretis
2460 3704 2572 3741 ossa
2605 3704 2714 3740 utea
2741 3687 2856 3740 hinc
2883 3687 2900 3755 (
2923 3685 3049 3739 Gen.
3081 3686 3165 3739 50.
3193 3683 3262 3737 2i
3280 3687 3321 3753 ).
3349 3680 3498 3749 Quod
3525 3681 3666 3735 enim

2095 3781 2263 3838 oculis
2293 3780 2411 3834 lidei
2442 3780 2612 3834 futura
2633 3778 3002 3849 przcvidcrent,
3026 3775 3146 3830 audi
3172 3776 3312 3828 illum
3340 3774 3447 3844 jam
3475 3788 3669 3826 vocare
3733 3765 3744 3776 ’

2096 3884 2323 3928 mortem
2374 3887 2520 3925 suam
2569 3871 2937 3925 dormitionetn
2967 3885 2980 3922 :
3008 3869 3137 3924 dicit
3180 3871 3353 3932 enim,
3406 3866 3670 3920 Dormiunt

2097 3982 2210 4019 cum
2238 3963 2460 4033 patribus
2485 3964 2625 4018 meis.
2651 3963 2934 4031 Propterea
2957 3970 3012 4016 et
3039 3960 3232 4015 Paulus
3253 3959 3487 4014 dicebat:
3509 3956 3673 4012 quta

2099 4061 2252 4127 ﬁdem
2280 4059 2461 4112 ntortui
2486 4067 2598 4110 sunt
2629 4056 2681 4109 bi
2710 4071 2898 4117 omnes,
2939 4071 3038 4109 non
3066 4064 3270 4122 acrep‘a
3300 4051 3627 4119 promissione
3655 4065 3674 4101 :

2099 4149 2186 4204 sed
2215 4151 2391 4218 procul
2430 4163 2538 4202 eam
2574 4147 2801 4201 viderunt
2837 4155 2882 4200 et
2908 4144 3193 4199 salutarunt
3221 4143 3240 4216 (
3270 4143 3424 4198 Hebr.
3452 4145 3537 4197 ii.
3565 4143 3673 4210 l5).

2100 4239 2419 4306 Quomodo?
2457 4238 2633 4293 Oculis
2659 4237 2775 4292 lidei
2805 4236 2976 4291 futura
3004 4235 3270 4292 videbant.
3307 4235 3492 4289 Nullus
3522 4234 3681 4302 igitur

2104 4341 2248 4401 putet
2287 4330 2725 4400 pusillanimimtis
2754 4345 2875 4385 esse
2916 4329 3015 4384 hoc
3059 4327 3361 4381 mandatmn
3383 4367 3399 4392 ,
3439 4324 3532 4378 scd
3565 4332 3616 4378 et
3645 4340 3676 4377 τι

2103 4433 2361 4494 tempore,
2393 4433 2446 4477 et
2472 4438 2499 4474 a
2539 4423 2848 4491 praevisione
2895 4419 3052 4474 futuri
3096 4417 3314 4481 reditus,
3345 4414 3490 4468 omni
3518 4415 3688 4483 culpa-1

2107 4525 2323 4570 excuset
2340 4516 2560 4581 justum.
2581 4514 2727 4569 Nunc
2749 4513 2889 4568 enim
2910 4511 3156 4582 quoniam
3174 4524 3234 4563 ea
3253 4523 3370 4578 qua!
3390 4506 3453 4561 ad
3471 4506 3682 4576 sapien—

2106 4609 2290 4663 liorem
2321 4609 2480 4662 vitam
2507 4607 2785 4671 attinent,
2811 4615 2926 4674 post
2980 4603 3260 4657 adventum
3309 4599 3504 4654 Christi
3527 4606 3688 4653 aucta-

2105 4711 2244 4767 sunt,
2261 4703 2448 4755 merito
2461 4703 2578 4772 quis
2597 4698 2992 4770 reprehenderit
3005 4713 3122 4751 eum
3138 4696 3220 4749 cui
3237 4695 3357 4749 talia
3371 4701 3495 4748 sunt
3515 4707 3683 4747 curat.

2178 4793 2297 4846 Non
2327 4803 2397 4847 est
2426 4794 2660 4847 miserum
2687 4805 2888 4861 peregre
2912 4790 3060 4843 mori.
3087 4816 3153 4830 -ο
3184 4786 3364 4856 Neque
3390 4793 3533 4854 putet
3561 4782 3691 4851 quis

2108 4883 2361 4939 miserum
2406 4899 2526 4936 eum
2559 4897 2676 4935 esse
2717 4881 2804 4949 qni
2853 4881 2902 4932 in
2948 4879 3122 4934 alieno
3167 4878 3282 4930 solo
3309 4876 3466 4928 vitam
3510 4871 3694 4933 ﬁniat,

2109 4989 2284 5042 nequc
2329 4986 2448 5025 eum
2478 4971 2565 5042 qui
2613 4970 2663 5024 in
2707 4969 2992 5025 Solitudine
3033 4984 3096 5022 ex
3148 4967 3244 5020 hac
3289 4966 3392 5018 vita
3433 4959 3678 5016 decedat.

2109 5063 2289 5133 Neque
2314 5062 2456 5116 cnim
2487 5061 2574 5114 ille
2612 5060 2802 5129 dignus
2831 5068 2888 5113 ut
2918 5060 3080 5113 miser
3106 5056 3310 5109 dicatur
3329 5094 3344 5120 ,
3389 5050 3481 5106 sed
3510 5049 3598 5120 qui
3629 5049 3681 5102 in

2114 5153 2345 5226 peccatis
2379 5160 2618 5206 mortuus
2643 5161 2756 5214 est.
2787 5150 2994 5205 etiamsi
3031 5161 3190 5212 super
3219 5146 3408 5199 lectum
3433 5183 3448 5208 ,
3476 5139 3683 5196 etiamsi

2114 5245 2467 5317 praesentibus
2507 5243 2692 5297 amicis
2732 5241 2978 5296 omnibus
3018 5247 3241 5292 mortem
3280 5235 3457 5290 obeat.
3507 5232 3574 5288 Et
3615 5246 3686 5286 ne

2115 5339 2242 5394 mihi
2293 5337 2476 5407 frigida
2524 5335 2611 5388 illa
2656 5333 2815 5387 verba
2841 5371 2855 5395 ,
2898 5331 3225 5398 ridiculaque
3265 5337 3322 5383 et
3367 5324 3682 5395 insipientia

2115 5433 2267 5501 plena
2294 5429 2432 5483 dicat
2457 5426 2648 5496 a!iqnis
2676 5443 2689 5479 :
2718 5425 2809 5482 Ille
2836 5423 2953 5479 talis
2981 5436 3110 5477 cane
3138 5422 3289 5475 vilius
3316 5429 3396 5475 est
3422 5426 3678 5481 mortuus,

2117 5523 2260 5578 nullo
2289 5519 2623 5575 familiarium
2655 5527 2936 5586 praesente,
2961 5528 3131 5584 neque
3155 5511 3423 5581 sepultura
3448 5518 3503 5565 et
3529 5507 3684 5562 fuluus

2115 5616 2163 5670 ei
2193 5612 2566 5682 contigerunt;
2597 5607 2690 5662 sed
2717 5607 2995 5663 collectltia
3037 5604 3173 5673 stipe
3207 5602 3346 5671 justa
3379 5600 3511 5655 facta
3537 5606 3681 5653 sunt.

2119 5707 2234 5765 Non
2261 5715 2340 5762 est
2369 5705 2488 5773 hoc,
2517 5702 2587 5758 mi
2613 5700 2804 5771 homo,
2830 5715 2961 5758 cane
2992 5694 3391 5770 ignominiosius
3411 5687 3686 5746 mortuum
