4164 6224
512 283 617 340 $67

510 417 653 457 esse.
699 403 839 470 Quid
883 408 1027 462 enim
1055 407 1141 461 ille
1169 407 1348 462 damni
1394 412 1603 466 sensit?
1652 410 1782 469 Illud
1827 429 2010 478 umnn,
2054 416 2099 469 si

518 492 730 548 virtu;is
775 482 1135 553 amictum'se
1184 510 1449 569 tegentem
1497 518 1603 557 non
1653 502 1916 560 habuerit.
1971 506 2102 561 Nam

510 585 650 652 quod
690 586 740 640 id
772 587 901 641 nihil
933 589 1092 643 lwdat
1129 590 1332 659 justum
1362 594 1558 649 virtute
1587 596 1865 665 przeditum
1886 641 1901 664 ,
1930 598 2099 668 disce,

511 694 630 744 quia
670 678 909 748 plerique
929 680 1217 752 justorum,
1259 686 1548 756 prophetas
1578 688 1699 744 dico
1726 700 1779 745 et
1807 692 2099 761 apostolos,

510 768 597 821 uhi
628 768 715 823 siti
744 770 871 837 sint,
905 773 1087 844 paucis
1116 777 1353 847 exceptis
1373 819 1389 844 ,
1419 779 1745 849 ignoramus.
1777 783 1986 837 Etenim
2011 784 2100 839 alii

507 860 721 930 quidem
753 865 929 935 capite
960 868 1210 931 truncati,
1252 869 1344 924 alii
1375 871 1592 941 lapidati
1624 876 1816 929 mortui
1854 887 1976 930 sunt
2005 893 2018 929 :
2049 887 2104 931 ct

508 952 591 1006 alii
636 954 931 1011 innumeris
969 968 1022 1013 et
1060 960 1222 1015 variis
1263 963 1437 1032 plenis
1480 964 1691 1034 seipSt-s
1733 977 2101 1035 exposuerunt

506 1053 724 1115 propter
750 1046 1037 1117 pietatem,
1082 1066 1270 1107 tuuues
1294 1062 1515 1123 propter
1542 1055 1815 1111 Christum
1842 1067 2102 1129 martyres

504 1134 628 1188 lacti
656 1146 782 1191 sunt
809 1156 825 1193 :
854 1148 908 1193 et
945 1140 1119 1196 nullus
1150 1141 1217 1196 de
1244 1144 1349 1198 illis
1376 1144 1557 1199 dicere
1598 1147 1848 1213 audebit,
1878 1149 2101 1218 ignomi-

504 1226 712 1283 niosam
738 1244 859 1286 esse
886 1247 1071 1287 corum
1118 1244 1345 1289 mortem
1385 1253 1398 1290 :
1441 1236 1537 1291 sed
1567 1248 1820 1308 sequetur
1863 1240 2097 1295 divinam

503 1317 871 1390 Scripturam,
904 1322 1170 1380 dicentem
1207 1342 1220 1378 :
1264 1324 1493 1381 Pretiosa
1519 1328 1569 1381 in
1595 1341 1863 1400 conspectu
1895 1329 2099 1385 Domini

502 1428 638 1466 mors
666 1423 959 1468 sanctorum
983 1418 1092 1486 ejus
1122 1416 1293 1489 (Psnl.
1322 1419 1442 1474 lli}.
1478 1420 1583 1489 l5).
1615 1419 1681 1475 Et
1705 1423 1843 1476 sicut
1870 1431 2095 1477 mortem

504 1513 812 1557 sanctorum
842 1507 1129 1575 pretio:am
1161 1509 1386 1573 vocavit,
1411 1510 1533 1564 audi
1574 1511 1840 1581 quomodo
1873 1522 1926 1568 et
1954 1529 2098 1567 mor—

504 1602 613 1647 tem
658 1605 996 1664 pcccatornm
1043 1600 1235 1653 malam
1277 1609 1447 1656 vocet.
1490 1600 1632 1656 ,ποτε
1677 1604 1853 1670 enim,
1901 1604 2092 1676 inquit,

501 1695 819 1750 peccatorum
852 1689 989 1743 mala
1018 1687 1190 1762 (Paul.
1217 1692 1303 1747 55.
1332 1691 1446 1763 22).
1480 1693 1660 1764 Itaque
1689 1696 1849 1750 etiam
1878 1697 1921 1751 si
1947 1696 2092 1752 domi

497 1789 607 1829 sine
651 1778 980 1846 moriantur,
1020 1789 1074 1835 et
1118 1800 1283 1839 uxore
1328 1795 1383 1840 et
1433 1786 1553 1841 ﬁliis
1603 1789 1992 1857 prarsentibus,
2040 1800 2093 1845 et

502 1869 856 1925 tantibaribus
875 1912 890 1936 ,
918 1882 974 1927 et
1011 1875 1153 1929 notis
1183 1876 1518 1933 adsmntihus
1537 1920 1553 1945 ,
1584 1879 1777 1935 virtute
1802 1890 1978 1937 autem
2005 1899 2093 1937 ca-

501 1975 674 2029 reant,
705 1965 845 2021 mala
872 1965 1061 2022 horum
1095 1984 1240 2024 unus
1265 1979 1366 2026 est.
1399 1971 1487 2027 Sic
1511 1973 1611 2028 etsi
1639 1975 1695 2028 in
1720 1973 1895 2029 aliena
1927 1972 2086 2042 terra,

495 2057 595 2109 rlsi
640 2072 803 2127 super
844 2058 1209 2129 pavimentum
1256 2062 1376 2132 quis
1415 2062 1602 2133 jacens
1646 2075 1745 2120 :et
1790 2065 1915 2137 quid
1946 2066 2087 2134 dico,

494 2147 596 2200 etsi
624 2143 677 2202 in
704 2148 927 2206 aliena?
954 2152 1165 2207 etiamsi
1204 2154 1257 2209 in
1288 2153 1526 2211 latrones
1561 2156 1759 2213 incidat
1779 2199 1793 2223 ,
1821 2158 2028 2215 etiamsi
2058 2175 2089 2215 a

491 2238 674 2293 heaiis
699 2239 1006 2312 devnretur,
1035 2245 1230 2302 virtute
1251 2256 1428 2302 autem
1458 2248 1712 2319 prmditus
1732 2250 1823 2314 sit,
1853 2251 2086 2321 pretiosa

493 2333 612 2403 ejus
654 2351 800 2391 mors
840 2338 962 2393 erit.
998 2339 1092 2395 Dic
1134 2341 1299 2408 enim,
1333 2341 1599 2411 obsecro,
1631 2342 1903 2400 Zachariae
1946 2345 2088 2401 ﬁlius

492 2441 670 2482 nonne
692 2428 989 2485 deeollatus
1004 2432 1124 2486 est?
1140 2431 1445 2503 Stephanus
1471 2445 1646 2490 autem
1666 2436 1868 2506 primus
1892 2446 2088 2509 marty-

488 2520 550 2570 ικί
572 2532 767 2571 corona
788 2518 1067 2575 redimitus
1082 2562 1098 2587 ,
1122 2538 1299 2579 nonne
1323 2524 1585 2594 lapidatus
1603 2526 1765 2580 vitam
1793 2527 1928 2583 ﬁniit
1951 2530 1975 2582 ?

557 2605 758 2663 Paulus
793 2611 961 2681 capite
987 2628 1189 2676 avsus;
1229 2613 1413 2670 Petrus
1441 2615 1637 2671 inverso
1668 2620 1833 2688 capite
1875 2621 2082 2690 crucifi-

485 2714 604 2753 τηε.
633 2729 703 2739 -
728 2699 925 2756 Paulus
964 2715 1143 2759 autem
1181 2715 1236 2760 et
1276 2706 1468 2762 Petrus
1489 2748 1504 2773 ,
1547 2724 1725 2766 nonne
1753 2710 1844 2766 ille
1867 2712 2081 2782 quidem

483 2789 657 2857 capite
678 2800 975 2861 truncatus,
995 2792 1083 2849 hic
1097 2805 1276 2851 autent
1297 2797 1458 2853 modo
1480 2801 1748 2854 comrario
1777 2816 1937 2872 quam
1963 2802 2084 2859 Do-

486 2882 659 2937 minus
680 2884 991 2955 cruciﬁxus,
1016 2888 1086 2942 ita
1110 2888 1209 2945 hac
1230 2891 1334 2945 vita
1355 2893 1586 2948 excessit
1606 2892 1630 2947 Υ
1649 2894 1837 2952 Nonne
1862 2908 2080 2968 propter

484 2973 583 3027 hoc
614 2977 782 3047 magis
807 2978 858 3031 in
884 2987 996 3034 toto
1016 2981 1216 3038 muudo
1240 2982 1580 3041 celebrantur
1603 2996 1657 3042 et
1678 2989 2076 3058 pra-dicantur?

549 3067 605 3125 2.
648 3069 775 3126 llaec
802 3082 982 3129 autem
1010 3076 1187 3130 omnia
1215 3077 1510 3148 cogitantes
1536 3120 1551 3145 ,
1586 3095 1756 3151 neque
1781 3097 1875 3138 eos
1899 3084 1988 3153 qui
2022 3085 2073 3139 in

479 3163 651 3217 aliena
677 3173 817 3219 terra
845 3167 1167 3237 moriuntur,
1194 3169 1421 3226 miseros
1441 3170 1701 3240 dicamus,
1731 3191 1904 3244 neque
1929 3175 2072 3231 domi

476 3269 589 3308 sua:
614 3255 909 3324 morientes
936 3258 1121 3315 beatos
1156 3261 1508 3331 praedicemus
1539 3281 1552 3318 :
1578 3264 1673 3319 sed
1703 3265 1892 3322 divinae
1921 3266 2072 3322 Scri-

481 3356 649 3416 ptune
677 3364 938 3406 canonem
965 3363 1273 3424 sequentes,
1305 3354 1483 3411 claros
1512 3357 1794 3413 virtutibus
1826 3358 1947 3413 hinc
1971 3360 2071 3413 mi-

475 3457 692 3512 grantes
719 3446 908 3502 beatos
930 3448 1172 3504 dicamus
1191 3491 1206 3516 ,
1249 3458 1305 3506 ct
1328 3466 1423 3507 eos
1445 3452 1536 3522 qui
1564 3452 1616 3507 in
1643 3452 1876 3523 peccatis
1900 3454 2067 3508 mori-

479 3547 639 3592 untur
678 3539 906 3596 miseros
945 3542 1317 3612 praedicemus.
1359 3544 1508 3600 Sicut
1555 3546 1698 3601 enim
1737 3545 1828 3618 qui
1876 3548 2069 3603 virtute

473 3629 728 3698 pneditns
768 3641 852 3687 est
898 3634 948 3687 in
1000 3634 1279 3689 meliorem
1320 3635 1481 3691 vitam
1524 3637 1747 3702 transit,
1797 3638 2067 3708 accipiens

474 3719 709 3775 laborum:
737 3737 955 3777 suorum
988 3726 1204 3793 premia
1233 3744 1246 3781 :
1272 3728 1340 3782 ita
1362 3728 1522 3798 ctqui
1550 3728 1636 3782 illa
1657 3739 1821 3794 caret,
1843 3730 1988 3786 initia
2011 3741 2066 3787 et

474 3812 730 3880 prmrmia
765 3816 1144 3885 suppliciorum
1160 3817 1270 3887 jam
1292 3820 1507 3890 accipit,
1530 3828 1582 3874 et
1600 3830 1869 3890 gestorum
1900 3824 2062 3877 ratio-

464 3920 559 3959 nes
581 3904 804 3960 reddere
829 3908 1500 3976 eoactus,intolerahilibus
1516 3913 1864 3983 complicatur
1885 3915 2058 3970 malis.

547 3996 657 4049 Vita
674 4013 896 4068 prazsens
912 4000 1171 4068 paltcstra.
1199 4002 1465 4070 Quomodo
1483 4003 1649 4060 Israel
1671 4006 1897 4061 adorarit
1912 4006 2062 4062 lose-

457 4084 845 4151 plana—Ideo
878 4106 928 4160 οε
949 4102 1087 4148 ortet
1116 4095 1232 4148 haec
1270 4096 1564 4165 cogitantes
1586 4098 1837 4152 virtutum
1861 4097 2058 4155 habcre

461 4195 668 4239 curam,
686 4187 740 4232 et
760 4179 811 4234 iu
843 4184 1093 4250 praesenti
1116 4185 1219 4238 vita
1237 4187 1387 4255 quasi
1412 4187 1464 4241 in
1485 4186 1728 4255 palaestra
1746 4199 1973 4254 certare,
2002 4204 2057 4245 ut

462 4285 582 4323 cum
598 4270 826 4326 solutum
843 4272 996 4328 fuerit
1014 4275 1302 4343 theatrum,
1319 4278 1593 4348 splendida
1610 4280 1843 4337 redimiri
1858 4299 2054 4339 θυι-ωιτη

459 4376 740 4431 queamus,
767 4370 834 4419 ‘ne
856 4364 1050 4420 frustra
1069 4368 1386 4437 pmnitentes
1413 4369 1767 4427 inveniamur.
1792 4375 2052 4442 Quamdiu

459 4453 600 4507 enim
628 4454 787 4510 durat
805 4466 1098 4523 certamen,
1130 4460 1380 4528 possibile
1405 4471 1486 4516 est
1509 4504 1525 4528 ,
1553 4463 1597 4517 si
1622 4464 1967 4531 voluerimus,
1997 4476 2052 4523 et

458 4543 719 4598 desidiam
732 4558 1005 4613 excutere,
1022 4550 1331 4605 etvirtutem
1349 4567 1623 4617 exercere,
1644 4563 1702 4608 ut
1723 4558 2049 4625 prepositam

454 4651 807 4708 assequamur
831 4655 1106 4695 coronam.
1130 4643 1413 4708 Caeterum,
1436 4645 1481 4699 si
1508 4644 1737 4713 videtur,
1764 4647 2048 4705 redeamus

454 4726 522 4782 ad
553 4729 819 4785 sermonis
841 4732 1057 4787 seriem.
1086 4732 1218 4788 Nam
1246 4744 1524 4807 postquam
1550 4737 1815 4793 couunisit
1842 4740 1954 4794 lilio
1981 4741 2049 4798 de

455 4822 732 4892 sepultura
755 4866 770 4890 ,
800 4834 855 4880 et
890 4825 1023 4881 dixit
1046 4826 1243 4898 Joseph
1277 4845 1291 4883 :
1323 4827 1431 4900 Ego
1459 4830 1646 4902 faciam
1665 4831 1819 4904 juxta
1846 4834 2048 4888 verbum

453 4928 634 4983 tuum,
660 4917 848 4985 addit,
874 4918 1007 4974 Iura
1035 4921 1179 4977 milii.
1225 4921 1292 4976 Et
1328 4924 1522 4995 juravit
1564 4925 1627 4979 ei.
1683 4923 1752 4979 Et
1794 4927 2043 4996 adoravit,

452 5010 663 5082 inquit,
692 5011 860 5068 Israel
885 5013 954 5068 ad
981 5015 1249 5088 fastigium
1296 5018 1450 5089 virga:
1473 5018 1631 5073 illius.
1664 5018 1795 5075 Vide
1835 5035 2041 5087 senem,

450 5104 815 5175 decrepitum,
849 5108 1205 5178 patriarcham
1235 5110 1547 5167 adoratione
1589 5113 1846 5170 honorem
1875 5115 1926 5170 in
1952 5115 2044 5171 ,Ιο-

451 5197 583 5266 septi
609 5198 906 5267 declarare,
935 5210 992 5257 et
1027 5201 1202 5273 reipsa
1251 5203 1476 5274 implere
1514 5206 1734 5262 visionis
1768 5218 2038 5265 eventum.

453 5287 679 5353 Quando
705 5291 849 5346 enim
876 5294 1111 5349 narravit
1130 5293 1329 5365 Joseph
1352 5296 1635 5359 visionem.
1662 5297 1823 5367 Dixit,
1848 5300 2036 5371 inquit,

453 5377 720 5452 Numquid
746 5399 838 5454 ego
865 5394 911 5439 et
942 5396 1099 5441 mater
1128 5397 1214 5441 tua
1242 5388 1491 5443 veniemus
1510 5430 1525 5455 ,
1570 5399 1615 5444 et
1641 5389 1964 5447 adorabimus
1991 5402 2040 5448 te

448 5488 602 5540 super
630 5484 815 5529 terram
839 5476 865 5530 .9
888 5477 994 5533 Sed
1020 5477 1157 5534 forte
1181 5479 1375 5536 dixerit
1413 5480 1605 5551 aliquis
1633 5500 1649 5538 :
1675 5481 1743 5538 Et
1766 5484 2036 5555 quomodo

451 5565 723 5637 impletum
750 5578 833 5626 est
869 5572 1138 5628 somnium
1177 5572 1230 5628 in
1266 5584 1457 5643 matre,
1501 5590 1622 5644 quae
1649 5575 1760 5644 jam
1783 5587 1908 5633 ante
1935 5578 2031 5632 de-

448 5659 624 5715 luneta
658 5671 805 5727 erat,
831 5674 882 5719 et
921 5667 1086 5721 lilium
1125 5682 1232 5722 non
1256 5667 1544 5724 adoravit?
1569 5668 1865 5739 Perpetuus
1890 5670 2032 5728 Scri-

447 5763 613 5823 ptura:
641 5773 758 5810 nius
781 5766 865 5813 est
884 5801 900 5829 ,
931 5775 960 5814 a
998 5760 1166 5832 magis
1191 5762 1466 5833 principali
1511 5772 1675 5819 totum
1704 5764 2021 5832 signiﬁcare.

1254 293 1310 349 s.
1350 284 1629 355 JOAN'NIS
1653 281 2125 356 CHRYSOSTOMI
2171 299 2486 356 saeuum.
2529 303 3057 364 (IONSTAN'I‘INUI'.

3698 316 3811 373 “563

2213 414 2474 479 Quoniam
2530 416 2704 485 igitur,
2748 417 2910 489 Caput
2937 422 3161 475 mulieris
3194 425 3267 476 vir
3289 441 3308 477 :
3335 422 3499 479 Erunt
3523 427 3692 491 enim,
3724 430 3802 481 iu-

2212 507 2343 577 quit,
2375 507 2478 562 duo
2504 510 2556 562 in
2582 527 2784 565 carnem
2812 530 2964 567 unam
2992 515 3068 585 (Ι.
3096 515 3214 570 Cor.
3242 517 3325 570 ll.
3350 518 3417 582 5;
3446 516 3573 573 Gen.
3597 519 3650 574 2.
3673 519 3770 583 9.5)

2210 612 2332 652 cum
2378 599 2621 655 adoravit
2661 615 2857 672 caput,
2899 604 3235 661 ll'lﬂllllt‘Sllllll
3265 616 3349 662 est
3392 624 3589 679 corpus
3636 622 3807 667 totum

2210 699 2371 757 caput
2396 701 2677 760 sequutum
2706 708 2846 749 esse.
2877 695 2932 748 Si
2958 698 3100 751 enim
3132 707 3284 769 pater
3315 699 3414 755 hoc
3454 700 3603 768 fecit,
3637 704 3808 758 multo

2192 781 2385 852 magis
2411 783 2497 836 illa
2518 824 2534 849 ,
2568 785 2668 838 nisi
2697 800 2763 840 ex
2790 786 2889 841 hac
2915 788 3019 842 vita
3051 800 3312 860 praerepta
3344 789 3557 860 luisset,
3592 793 3695 849 hoc
3724 796 3805 850 le-

2208 869 2393 926 cisset.
2442 872 2508 927 Et
2545 874 2776 930 adoravit
2795 918 2809 941 ,
2859 877 3067 949 inquit,
3096 881 3165 932 ad
3192 882 3454 952 fastigium
3482 886 3637 955 uirga
3668 887 3800 956 ejus.

2210 958 2499 1031 Propterea
2524 974 2577 1018 et
2606 964 2804 1021 Paulus
2829 968 3037 1023 dicebat
3068 986 3081 1022 :
3112 969 3243 1024 Fide
3260 970 3422 1026 Jucob
3449 976 3670 1030 moriens
3694 978 3804 1031 sin—

2211 1054 2360 1121 gulos
2390 1055 2525 1123 ﬁlios
2550 1056 2743 1126 Joseph
2771 1059 3055 1127 benedixit,
3085 1072 3134 1115 et
3174 1063 3403 1117 adoravit
3431 1066 3499 1118 ad
3539 1069 3803 1138 fastigium

2205 1144 2363 1214 uirga
2406 1146 2544 1200 illius
2583 1146 3043 1220 (Ilebr.ll.21).
3087 1152 3246 1207 Vides
3287 1170 3409 1209 eum
3439 1156 3576 1213 istud
3625 1158 3801 1227 ipsum

2209 1234 2313 1291 ﬁde
2339 1246 2543 1291 motum
2573 1239 2785 1305 iecisse,
2816 1242 3225 1311 prtevidentem,
3260 1246 3387 1316 regii
3413 1249 3627 1316 generis
3651 1249 3798 1304 lutu-

2206 1343 2321 1382 rum
2349 1344 2470 1385 esse
2505 1346 2628 1386 eum
2670 1333 2758 1402 qui
2789 1348 2854 1388 ex
2888 1336 3092 1392 semine
3123 1337 3267 1392 illius
3297 1340 3597 1395 nasciturus
3637 1344 3799 1396 erat?

2211 1419 2391 1491 Itaque
2414 1436 2535 1476 eum
2563 1437 2911 1495 qua'cumque
2937 1426 3150 1481 volebat
3177 1428 3286 1483 lilio
3326 1429 3658 1498 imperasset,
3687 1448 3811 1486 non.

2203 1513 2370 1567 multo
2400 1524 2518 1583 post
2556 1523 2613 1569 ut
2642 1515 2826 1571 didicit
2862 1515 3061 1587 loseph
3091 1529 3351 1589 aegrotare
3382 1529 3585 1589 patrem
3615 1536 3790 1586 suum,

2201 1612 2256 1658 et
2279 1602 2391 1672 jam
2429 1605 2483 1659 in
2511 1603 2717 1661 foribus
2753 1621 2873 1662 esse
2902 1619 3161 1675 mortem,
3190 1609 3310 1678 quia
3338 1611 3794 1682 appmpinquavc-

2200 1700 2317 1748 rant
2348 1693 2464 1749 dies
2492 1695 2682 1751 mortis
2710 1696 2852 1751 illius
2871 1739 2886 1763 ,
2922 1697 2974 1753 1.
2997 1696 3231 1766 Acceptis
3273 1699 3470 1754 duobus
3514 1701 3635 1770 ﬁliis
3663 1703 3788 1765 suis,

2199 1784 2330 1838 venit
2360 1786 2428 1838 ad
2448 1784 2635 1840 Iacob.
2663 1787 2720 1841 9..
2745 1789 3113 1842 Annuntiatum
3140 1799 3211 1845 est
3239 1800 3403 1845 autem
3424 1791 3519 1846 hoc
3536 1791 3720 1858 Iacob,
3741 1805 3790 1847 et

2198 1874 2552 1930 corroboratus
2580 1875 2753 1933 Israel
2781 1879 2910 1935 sedit
2936 1896 3091 1950 super
3117 1880 3300 1936 lectum
3329 1881 3479 1953 (Cap.
3503 1884 3574 1939 48
3587 1885 3626 1955 ).
3662 1884 3789 1939 \‘ide

2199 1966 2471 2036 quomodo
2498 1982 2651 2023 amor
2677 1985 2804 2041 erga
2835 1970 3001 2026 lilium
3044 1987 3230 2027 senem
3259 1974 3539 2041 ﬁrmabat,
3581 1985 3637 2031 et
3675 1982 3786 2029 ala.

2197 2059 2364 2114 critas
2388 2060 2637 2117 ’viucebat
2665 2061 3051 2119 inﬁrmitatem.
3087 2064 3279 2119 Audita
3305 2066 3448 2121 enim
3480 2068 3621 2122 illius
3650 2084 3785 2138 pne-

2194 2150 2365 2205 sentia
2386 2191 2402 2218 ,
2434 2151 2627 2224 inquit,
2672 2153 2821 2210 Sedit
2847 2171 3001 2226 super
3028 2156 3231 2211 lectum.
3260 2157 3330 2212 Et
3359 2168 3416 2212 ut
3446 2159 3576 2214 vidit
3614 2161 3785 2225 illum,

2193 2249 2472 2312 paternam
2514 2243 2858 2301 dilectionem
2889 2247 2938 2303 ei
2965 2246 3222 2313 exhibet,
3264 2257 3321 2303 et
3346 2250 3467 2320 quia
3497 2252 3786 2306 moriturus

2191 2342 2343 2402 erat,
2391 2334 2765 2393 benedictione
2810 2353 2908 2393 sua
2952 2340 3138 2394 lirmat’
3172 2338 3331 2406 ﬁlios,
3378 2340 3643 2397 maximas
3689 2343 3785 2398 has

2192 2423 2472 2482 facultates
2497 2429 2825 2500 relinquens,
2854 2437 2909 2486 et
2933 2429 3147 2485 divitias
3171 2446 3289 2500 qua:
3313 2433 3521 2488 absumi
3553 2448 3659 2488 non
3691 2450 3783 2504 po-

2192 2525 2387 2572 terant.
2421 2518 2490 2573 Et
2519 2518 2640 2574 vide
2668 2522 2940 2591 quomodo
2967 2522 3170 2593 incipit.
3203 2523 3437 2579 Primum
3474 2537 3657 2581 narrat
3686 2529 3780 2583 he-

2189 2608 2550 2666 nevolcntiam
2580 2626 2702 2683 quae
2742 2613 2846 2669 sibi
2887 2628 2919 2669 a
2964 2614 3075 2670 Deo
3112 2629 3365 2672 concessa
3393 2627 3540 2683 erat,
3575 2629 3629 2675 et
3657 2630 3780 2677 tunc

2187 2696 2588 2757 hencdictiones
2631 2701 2755 2758 ﬁliis
2795 2703 3066 2775 impertit,
3096 2714 3150 2761 et
3188 2706 3359 2763 dicit:
3386 2708 3439 2764 ὅ.
3469 2706 3610 2763 Deus
3642 2714 3780 2765 uicus

2184 2793 2426 2861 apparuit
2452 2794 2578 2848 mihi
2614 2795 2668 2850 in
2697 2794 2871 2864 Luza,
2902 2798 2957 2852 iu
2985 2807 3119 2853 terra
3143 2798 3387 2855 Chanaan
3412 2842 3426 2866 ,
3455 2811 3500 2857 et
3527 2802 3778 2858 benedixit

2183 2883 2328 2950 mihi,
2355 2894 2402 2940 et
2425 2886 2555 2941 dixit
2584 2887 2710 2943 mihi
2730 2904 2752 2943 :
2776 2890 2832 2945 4.
2861 2888 2974 2962 Ego
3002 2900 3049 2945 te
3077 2907 3297 2948 crescere
3325 2894 3548 2964 faciam,
3576 2905 3622 2950 et
3648 2901 3778 2952 mul-

2183 2976 2421 3046 tiplicabo
2450 2988 2499 3033 re
2517 3022 2532 3048 ,
2558 2991 2606 3035 et
2630 2981 2820 3051 faciam
2848 2993 2896 3038 te
2919 2983 2972 3037 in
3002 2986 3417 3056 congregationes
3441 2989 3697 3058 gentium,
3728 3001 3776 3043 ct

2180 3066 2313 3121 dabo
2339 3068 2429 3123 tibi
2457 3080 2644 3124 terram
2669 3072 2801 3127 hanc
2819 3114 2835 3141 ,
2861 3082 2909 3128 et
2937 3074 3119 3129 semini
3143 3084 3230 3130 tuo
3260 3085 3466 3146 posite,
3492 3079 3544 3132 in
3576 3096 3768 3149 posses-

2177 3157 2370 3213 sionem
2398 3170 2656 3216 teteruam.
2686 3163 2938 3219 Promisit
2963 3164 3114 3234 mihi,
3145 3165 3338 3237 inquit,
3368 3168 3527 3232 Deus,
3557 3172 3775 3233 uuaudo

2178 3249 2232 3305 in
2262 3249 2404 3307 Luza
2443 3269 2475 3307 a
2515 3270 2600 3309 me
2627 3256 2772 3311 visus
2799 3265 2881 3312 est
2905 3298 2918 3321 ,
2967 3265 3168 3313 tantum
3198 3273 3259 3315 se
3298 3261 3770 3332 multiplicaturum

2175 3356 2359 3398 semen
2386 3361 2584 3414 meum,
2609 3358 2666 3402 ut
2685 3351 3122 3420 congregatioues
3142 3354 3378 3423 gentium
3400 3370 3465 3410 ex
3486 3371 3552 3412 eo
3579 3356 3771 3411 futura:

2174 3433 2306 3501 sint,
2332 3445 2386 3490 et
2426 3447 2620 3492 terram
2661 3440 2789 3495 mihi
2820 3450 2874 3497 et
2900 3443 3091 3498 semini
3118 3459 3239 3499 meo
3273 3459 3334 3500 se
3361 3445 3608 3502 daturum
3640 3464 3768 3518 prn-

2173 3524 2338 3580 misit.
2371 3527 2425 3582 5.
2454 3527 2508 3581 Ν
2515 3546 2613 3583 nnc
2641 3531 2798 3602 igitur
2825 3531 2927 3587 duo
2950 3534 3029 3587 illi
3052 3535 3182 3604 filii,
3210 3536 3296 3604 qui
3316 3539 3429 3592 nati
3455 3549 3573 3592 sunt
3599 3539 3689 3593 tibi
3712 3544 3769 3593 in

2170 3615 2431 3689 Jggpto,
2460 3623 2558 3675 mei
2581 3634 2740 3679 sunt:
2768 3622 3018 3695 Epitraim
3046 3636 3096 3682 et
3125 3626 3410 3695 Manasses,
3436 3632 3563 3685 sicut
3588 3632 3765 3688 Ruben

2171 3719 2219 3764 et
2246 3710 2490 3782 Symeon,
2522 3725 2670 3770 erant
2693 3717 2809 3770 mei.
2838 3716 2967 3785 llos,
3000 3718 3189 3789 inquit,
3218 3735 3352 3791 quos
3379 3721 3608 3779 habuisti
3637 3737 3764 3782 ante

2168 3804 2455 3862 adventum
2484 3826 2693 3878 meum,
2724 3826 2824 3883 ego
2868 3811 2921 3866 in
2950 3827 3191 3869 meorum
3220 3812 3450 3870 ﬁliorum
3479 3832 3760 3874 numerum

2166 3896 2364 3969 adopto
2384 3940 2399 3966 ,
2426 3909 2481 3957 et
2503 3917 2686 3975 parem
2715 3904 2781 3958 iis
2805 3903 2897 3975 qui
2924 3920 2989 3960 ex
3020 3921 3106 3963 me
3132 3906 3240 3961 nati
3273 3918 3397 3964 sunt
3421 3924 3451 3963 a
3482 3926 3568 3966 me
3593 3910 3758 3967 bene-

2164 3987 2454 4048 dictionem
2479 3994 2764 4066 accipient.
2808 3997 2860 4051 6.
2894 3996 3245 4069 Quoscumque
3268 4009 3435 4054 autem
3465 4012 3638 4072 postea
3666 4020 3757 4088 ge-

2162 4082 2333 4138 nueris
2351 4123 2366 4150 ,
2392 4083 2433 4138 ii
2460 4086 2533 4139 tui
2557 4097 2744 4153 erunt;
2794 4088 2847 4142 in
2876 4090 3078 4145 nomine
3105 4093 3324 4162 ﬁ'atrum
3363 4108 3571 4147 suorum
3610 4082 3752 4149 caca-

2161 4173 2347 4228 buntur
2387 4175 2441 4229 in
2484 4176 2691 4231 illorum
2732 4178 2972 4235 sortibus.
3017 4181 3071 4236 7.
3114 4181 3263 4238 Scias
3299 4193 3503 4252 autem,
3544 4186 3684 4255 quod
3708 4199 3756 4240 et

2161 4276 2323 4319 mater
2356 4275 2446 4321 tua
2472 4268 2667 4324 Rachel
2690 4311 2704 4336 ,
2748 4275 2951 4340 quando
2996 4274 3520 4346 approyiuquaverom
3545 4275 3755 4332 Betlile-

2159 4355 2309 4424 Item,
2351 4369 2550 4413 mortua
2579 4369 2686 4428 est,
2730 4372 2779 4417 et
2811 4363 2983 4434 defodi
3021 4381 3132 4419 eant
3177 4365 3231 4419 in
3274 4367 3354 4420 cia
3387 4366 3750 4439 Hippodromi.

2157 4451 2213 4507 8.
2247 4449 2313 4504 Et
2341 4452 2512 4507 videns
2538 4454 2664 4509 duos
2702 4456 2838 4524 ﬁlios
2870 4455 3065 4528 Ioseph
3088 4500 3103 4526 ,
3144 4459 3273 4513 dixit
3302 4474 3323 4514 :
3356 4458 3459 4525 Qui
3494 4472 3613 4516 sunt
3653 4463 3707 4515 lii
3727 4465 3752 4517 ?

2156 4542 2210 4599 9.
2237 4541 2338 4598 Ille
2360 4554 2528 4599 autem
2553 4562 2571 4600 :
2592 4545 2723 4601 Filii
2747 4548 2865 4617 mei,
2891 4566 3017 4620 quos
3037 4551 3174 4605 dedit
3200 4552 3324 4606 milii
3343 4550 3503 4607 Deus.
3532 4552 3599 4607 Et
3620 4554 3750 4608 dixit

2153 4635 2318 4691 Jacob
2343 4652 2363 4691 :
2383 4636 2565 4693 Addat:
2599 4640 2725 4693 milii
2749 4657 2866 4707 eos,
2898 4652 2954 4696 ut
2988 4643 3277 4699 benedicam
3304 4660 3409 4699 eos.
3441 4646 3527 4701 l0.
3560 4644 3625 4698 Et
3654 4664 3751 4711 ap-

2156 4727 2499 4800 propinquare
2523 4747 2606 4785 eos
2631 4732 2707 4786 illi
2728 4733 2867 4802 ferit.
2895 4732 2963 4787 Et
2985 4736 3242 4791 osculatus
3263 4746 3335 4790 est
3356 4753 3457 4802 eos,
3487 4746 3534 4790 et
3552 4740 3751 4806 anque-

2151 4831 2308 4876 :ratus
2334 4832 2407 4877 est
2433 4838 2538 4877 eos.
2566 4823 2719 4892 Vide,
2748 4826 2994 4894 obsecro,
3022 4842 3203 4884 senem
3231 4828 3499 4899 quomodo
3530 4828 3748 4884 festinat

2153 4924 2210 4968 et
2238 4923 2391 4984 urget
2418 4924 2475 4968 ut
2515 4916 2796 4973 benedicat
2826 4920 2966 4976 ﬁlios
2995 4920 3217 4990 Joseph.
3248 4922 3312 4975 Et
3336 4922 3751 4993 appmpinguoro

2150 5020 2236 5059 eos
2260 5006 2380 5078 fecit
2407 5006 2507 5072 illi,
2538 5007 2730 5079 inquit.
2757 5008 2826 5064 Et
2847 5012 3106 5067 osculatus
3128 5022 3201 5067 est
3225 5030 3330 5076 eos,
3352 5025 3400 5067 et
3423 5013 3744 5084 amplexatus

2148 5106 2222 5151 est
2245 5115 2351 5166 eos,
2380 5100 2407 5154 1
2424 5101 2469 5153 ι.
2492 5110 2539 5154 et
2568 5102 2700 5157 diatt
2724 5103 2792 5156 ad
2814 5101 3010 5174 Ioseph
3034 5119 3053 5158 :
3079 5103 3207 5159 Ecce
3232 5106 3363 5175 facie
3387 5118 3478 5160 tua
3503 5123 3602 5160 non
3629 5123 3742 5160 sum

2149 5192 2376 5260 priuatus
2395 5234 2411 5258 ,
2451 5204 2499 5248 et
2541 5211 2656 5250 ecce
2698 5197 2991 5250 monstravit
3030 5197 3153 5250 mihi
3191 5195 3333 5251 Deus
3368 5215 3537 5252 semen
3571 5207 3737 5253 trium.

2146 5284 2333 5355 Magna
2362 5284 2515 5355 milii,
2549 5287 2739 5359 inquit,
2768 5287 3015 5357 przestitit
3045 5286 3137 5344 Dei
3174 5288 3483 5357 clementia,
3506 5300 3562 5346 et
3587 5290 3737 5360 plura

2144 5394 2304 5449 quam
2345 5381 2689 5450 exspectavi;
2735 5381 2842 5436 imo
2871 5388 2926 5435 et
2956 5395 3075 5450 qua:
3102 5397 3386 5451 numquam
3408 5382 3735 5453 exspectavi.

2141 5468 2260 5525 Non
2282 5470 2425 5526 enim
2451 5472 2626 5527 solum
2652 5488 2756 5527 non
2782 5472 3164 5541 sumprivatus
3190 5473 3324 5528 faeie
3350 5482 3460 5540 tua,
3486 5474 3579 5529 sed
3606 5489 3737 5530 ecce

2140 5561 2301 5617 etiam
2330 5562 2435 5617 vidi
2462 5578 2556 5619 eos
2584 5566 2674 5636 qui
2703 5579 2765 5619 es
2805 5572 2856 5618 te
2885 5563 2993 5618 nati
3032 5572 3176 5617 sunt.
3210 5564 3296 5617 19..
3325 5561 3392 5617 Et
3441 5566 3615 5618 eduxit
3645 5581 3733 5619 eos

2136 5653 2332 5725 Ioseph
2375 5671 2408 5707 a
2450 5656 2657 5727 genibus
2681 5697 2696 5722 ,
2743 5665 2789 5709 ct
2817 5654 3151 5707 adoraveruut
3193 5671 3306 5708 eum
3333 5672 3484 5725 super
3526 5657 3729 5725 facient,

2138 5763 2292 5818 super
2319 5757 2523 5805 terram.
2556 5749 2686 5807 Vide
2712 5746 2981 5822 quomodo
3008 5755 3062 5805 et
3091 5762 3286 5819 pueros
3326 5748 3502 5806 statim
3530 5749 3597 5803 ab
3627 5746 3725 5799 ini-
