  <div class='ocr_page' id='page_1' title='image "/cluster/home/n/w/nwhite01/storage/ocr_20150623/54/hvd.32044073501926/198.png"; bbox 0 0 4134 6214; ppageno 0'>
   <div class='ocr_carea' id='block_1_1' title="bbox 373 302 474 359">
    <p class='ocr_par' dir='ltr' id='par_1_1' title="bbox 373 302 474 359">
     <span class='ocr_line' id='line_1_1' title="bbox 373 302 474 359; baseline -0.02 0"><span class='ocrx_word' id='word_1_1' title='bbox 373 302 474 359; x_wconf 71' lang='lat'><strong>569</strong></span> 
     </span>
    </p>
   </div>
   <div class='ocr_carea' id='block_1_2' title="bbox 374 404 1952 472">
    <p class='ocr_par' dir='ltr' id='par_1_2' title="bbox 374 404 1952 472">
     <span class='ocr_line' id='line_1_2' title="bbox 374 404 1952 472; baseline -0.01 -1"><span class='ocrx_word' id='word_1_2' title='bbox 374 418 451 471; x_wconf 89' lang='lat' dir='ltr'><strong>tio</strong></span> <span class='ocrx_word' id='word_1_3' title='bbox 475 412 713 469; x_wconf 81' lang='lat' dir='ltr'><strong>debitum</strong></span> <span class='ocrx_word' id='word_1_4' title='bbox 737 410 851 465; x_wconf 83' lang='lat' dir='ltr'><strong>seni</strong></span> <span class='ocrx_word' id='word_1_5' title='bbox 880 408 1136 463; x_wconf 80' lang='lat' dir='ltr'><strong>honorem</strong></span> <span class='ocrx_word' id='word_1_6' title='bbox 1165 406 1386 462; x_wconf 83' lang='lat' dir='ltr'><strong>reddere</strong></span> <span class='ocrx_word' id='word_1_7' title='bbox 1411 408 1610 461; x_wconf 86' lang='lat' dir='ltr'><strong>docuit.</strong></span> <span class='ocrx_word' id='word_1_8' title='bbox 1647 406 1707 459; x_wconf 82' lang='lat' dir='ltr'><strong>Et</strong></span> <span class='ocrx_word' id='word_1_9' title='bbox 1731 404 1952 472; x_wconf 74' lang='lat' dir='ltr'><strong>Ioseph,</strong></span> 
     </span>
    </p>
   </div>
   <div class='ocr_carea' id='block_1_3' title="bbox 380 493 1960 575">
    <p class='ocr_par' dir='ltr' id='par_1_3' title="bbox 380 493 1960 575">
     <span class='ocr_line' id='line_1_3' title="bbox 380 493 1960 575; baseline -0.007 -15"><span class='ocrx_word' id='word_1_10' title='bbox 380 506 548 575; x_wconf 90' lang='lat' dir='ltr'><strong>inquit</strong></span> <span class='ocrx_word' id='word_1_11' title='bbox 570 545 586 570; x_wconf 91' lang='lat'><strong>,</strong></span> <span class='ocrx_word' id='word_1_12' title='bbox 614 502 910 559; x_wconf 86' lang='lat' dir='ltr'><strong>secundum</strong></span> <span class='ocrx_word' id='word_1_13' title='bbox 936 499 1244 569; x_wconf 76' lang='lat' dir='ltr'><strong>dignitatem</strong></span> <span class='ocrx_word' id='word_1_14' title='bbox 1285 497 1713 569; x_wconf 72' lang='lat' dir='ltr'><strong>primogenitum</strong></span> <span class='ocrx_word' id='word_1_15' title='bbox 1741 493 1960 549; x_wconf 77' lang='lat' dir='ltr'><strong>adduxit</strong></span> 
     </span>
    </p>
   </div>
   <div class='ocr_carea' id='block_1_4' title="bbox 378 590 1252 660">
    <p class='ocr_par' dir='ltr' id='par_1_4' title="bbox 378 590 1252 660">
     <span class='ocr_line' id='line_1_4' title="bbox 378 590 1252 660; baseline -0.01 -8"><span class='ocrx_word' id='word_1_16' title='bbox 378 597 677 659; x_wconf 68' lang='lat' dir='ltr'><strong>Blamisscn,</strong></span> <span class='ocrx_word' id='word_1_17' title='bbox 721 603 774 647; x_wconf 89' lang='lat' dir='ltr'><strong>et</strong></span> <span class='ocrx_word' id='word_1_18' title='bbox 816 603 942 646; x_wconf 91' lang='lat' dir='ltr'><strong>tunc</strong></span> <span class='ocrx_word' id='word_1_19' title='bbox 980 590 1252 660; x_wconf 79' lang='lat' dir='ltr'><strong>Epitra‘un.</strong></span> 
     </span>
    </p>
   </div>
   <div class='ocr_carea' id='block_1_5' title="bbox 451 679 1959 752">
    <p class='ocr_par' dir='ltr' id='par_1_5' title="bbox 451 679 1959 752">
     <span class='ocr_line' id='line_1_5' title="bbox 451 679 1959 752; baseline -0.008 -8"><span class='ocrx_word' id='word_1_20' title='bbox 451 691 502 745; x_wconf 71' lang='grc' dir='ltr'><strong>τι.</strong></span> <span class='ocrx_word' id='word_1_21' title='bbox 526 688 687 743; x_wconf 82' lang='lat' dir='ltr'><strong>Jarob</strong></span> <span class='ocrx_word' id='word_1_22' title='bbox 712 687 869 739; x_wconf 87' lang='lat' dir='ltr'><strong>oculis</strong></span> <span class='ocrx_word' id='word_1_23' title='bbox 896 686 1072 738; x_wconf 77' lang='lat' dir='ltr'><strong>mentis</strong></span> <span class='ocrx_word' id='word_1_24' title='bbox 1098 683 1313 737; x_wconf 76' lang='lat' dir='ltr'><strong>ridebat.</strong></span> <span class='ocrx_word' id='word_1_25' title='bbox 1331 712 1399 721; x_wconf 94' lang='lat'><strong><em>—</em></strong></span> <span class='ocrx_word' id='word_1_26' title='bbox 1420 682 1551 736; x_wconf 72' lang='lat' dir='ltr'><strong>Vide</strong></span> <span class='ocrx_word' id='word_1_27' title='bbox 1587 682 1669 735; x_wconf 91' lang='lat' dir='ltr'><strong>hic</strong></span> <span class='ocrx_word' id='word_1_28' title='bbox 1692 679 1959 752; x_wconf 86' lang='lat' dir='ltr'><strong>quomodo</strong></span> 
     </span>
    </p>
   </div>
   <div class='ocr_carea' id='block_1_6' title="bbox 380 773 1965 851">
    <p class='ocr_par' dir='ltr' id='par_1_6' title="bbox 380 773 1965 851">
     <span class='ocr_line' id='line_1_6' title="bbox 380 773 1965 851; baseline -0.004 -20"><span class='ocrx_word' id='word_1_29' title='bbox 380 778 548 851; x_wconf 67' lang='lat' dir='ltr'><strong>iustus</strong></span> <span class='ocrx_word' id='word_1_30' title='bbox 571 778 813 846; x_wconf 79' lang='lat' dir='ltr'><strong>corporis</strong></span> <span class='ocrx_word' id='word_1_31' title='bbox 856 775 1041 830; x_wconf 90' lang='lat' dir='ltr'><strong>oculos</strong></span> <span class='ocrx_word' id='word_1_32' title='bbox 1083 790 1191 843; x_wconf 63' lang='grc' dir='ltr'><strong>ιιι-ξε</strong></span> <span class='ocrx_word' id='word_1_33' title='bbox 1230 783 1502 828; x_wconf 88' lang='lat' dir='ltr'><strong>senectute</strong></span> <span class='ocrx_word' id='word_1_34' title='bbox 1544 790 1682 825; x_wconf 83' lang='lat' dir='ltr'><strong>hunc</strong></span> <span class='ocrx_word' id='word_1_35' title='bbox 1722 773 1965 825; x_wconf 85' lang='lat' dir='ltr'><strong>inﬁrmos</strong></span> 
     </span>
    </p>
   </div>
   <div class='ocr_carea' id='block_1_7' title="bbox 383 864 1961 938">
    <p class='ocr_par' dir='ltr' id='par_1_7' title="bbox 383 864 1961 938">
     <span class='ocr_line' id='line_1_7' title="bbox 383 864 1961 938; baseline -0.006 -13"><span class='ocrx_word' id='word_1_36' title='bbox 383 873 619 934; x_wconf 81' lang='lat' dir='ltr'><strong>haberet,</strong></span> <span class='ocrx_word' id='word_1_37' title='bbox 647 870 759 938; x_wconf 74' lang='grc' dir='ltr'><strong>(ἲο.</strong></span> <span class='ocrx_word' id='word_1_38' title='bbox 786 867 991 921; x_wconf 69' lang='lat' dir='ltr'><strong>Graeati</strong></span> <span class='ocrx_word' id='word_1_39' title='bbox 1020 866 1151 919; x_wconf 85' lang='lat' dir='ltr'><strong>enim</strong></span> <span class='ocrx_word' id='word_1_40' title='bbox 1179 876 1320 919; x_wconf 89' lang='lat' dir='ltr'><strong>erant</strong></span> <span class='ocrx_word' id='word_1_41' title='bbox 1363 865 1495 917; x_wconf 80' lang='lat' dir='ltr'><strong>oculi</strong></span> <span class='ocrx_word' id='word_1_42' title='bbox 1530 866 1639 933; x_wconf 84' lang='lat' dir='ltr'><strong>ejus</strong></span> <span class='ocrx_word' id='word_1_43' title='bbox 1669 879 1773 933; x_wconf 76' lang='lat' dir='ltr'><strong>pra:</strong></span> <span class='ocrx_word' id='word_1_44' title='bbox 1800 864 1961 927; x_wconf 82' lang='lat' dir='ltr'><strong>senio,</strong></span> 
     </span>
    </p>
   </div>
   <div class='ocr_carea' id='block_1_8' title="bbox 380 953 1963 1030">
    <p class='ocr_par' dir='ltr' id='par_1_8' title="bbox 380 953 1963 1030">
     <span class='ocr_line' id='line_1_8' title="bbox 380 953 1963 1030; baseline -0.007 -13"><span class='ocrx_word' id='word_1_45' title='bbox 380 973 425 1017; x_wconf 72' lang='lat' dir='ltr'><strong>et</strong></span> <span class='ocrx_word' id='word_1_46' title='bbox 452 978 550 1015; x_wconf 87' lang='lat' dir='ltr'><strong>non</strong></span> <span class='ocrx_word' id='word_1_47' title='bbox 576 971 770 1030; x_wconf 77' lang='lat' dir='ltr'><strong>poterat</strong></span> <span class='ocrx_word' id='word_1_48' title='bbox 799 957 1007 1028; x_wconf 73' lang='lat' dir='ltr'><strong>uidere),</strong></span> <span class='ocrx_word' id='word_1_49' title='bbox 1042 957 1240 1010; x_wconf 86' lang='lat' dir='ltr'><strong>valeret</strong></span> <span class='ocrx_word' id='word_1_50' title='bbox 1265 964 1441 1009; x_wconf 83' lang='lat' dir='ltr'><strong>autem</strong></span> <span class='ocrx_word' id='word_1_51' title='bbox 1468 956 1638 1009; x_wconf 81' lang='lat' dir='ltr'><strong>oculis</strong></span> <span class='ocrx_word' id='word_1_52' title='bbox 1667 953 1880 1019; x_wconf 86' lang='lat' dir='ltr'><strong>mentis,</strong></span> <span class='ocrx_word' id='word_1_53' title='bbox 1909 962 1963 1006; x_wconf 88' lang='lat' dir='ltr'><strong>et</strong></span> 
     </span>
    </p>
   </div>
   <div class='ocr_carea' id='block_1_9' title="bbox 386 1045 1961 1121">
    <p class='ocr_par' dir='ltr' id='par_1_9' title="bbox 386 1045 1961 1121">
     <span class='ocr_line' id='line_1_9' title="bbox 386 1045 1961 1121; baseline -0.006 -16"><span class='ocrx_word' id='word_1_54' title='bbox 386 1052 490 1105; x_wconf 88' lang='lat' dir='ltr'><strong>ﬁde</strong></span> <span class='ocrx_word' id='word_1_55' title='bbox 515 1052 832 1121; x_wconf 59' lang='lat' dir='ltr'><strong>praevideret</strong></span> <span class='ocrx_word' id='word_1_56' title='bbox 871 1050 1061 1103; x_wconf 76' lang='lat' dir='ltr'><strong>futura.</strong></span> <span class='ocrx_word' id='word_1_57' title='bbox 1100 1047 1283 1115; x_wconf 76' lang='lat' dir='ltr'><strong>Neque</strong></span> <span class='ocrx_word' id='word_1_58' title='bbox 1321 1046 1461 1101; x_wconf 89' lang='lat' dir='ltr'><strong>enim</strong></span> <span class='ocrx_word' id='word_1_59' title='bbox 1501 1046 1617 1099; x_wconf 89' lang='lat' dir='ltr'><strong>tulit</strong></span> <span class='ocrx_word' id='word_1_60' title='bbox 1644 1045 1838 1113; x_wconf 81' lang='lat' dir='ltr'><strong>Ioseph</strong></span> <span class='ocrx_word' id='word_1_61' title='bbox 1870 1059 1961 1097; x_wconf 87' lang='lat' dir='ltr'><strong>or-</strong></span> 
     </span>
    </p>
   </div>
   <div class='ocr_carea' id='block_1_10' title="bbox 384 1134 1962 1205">
    <p class='ocr_par' dir='ltr' id='par_1_10' title="bbox 384 1134 1962 1205">
     <span class='ocr_line' id='line_1_10' title="bbox 384 1134 1962 1205; baseline -0.006 -8"><span class='ocrx_word' id='word_1_62' title='bbox 384 1141 586 1205; x_wconf 84' lang='lat' dir='ltr'><strong>dinem,</strong></span> <span class='ocrx_word' id='word_1_63' title='bbox 630 1141 724 1196; x_wconf 86' lang='lat' dir='ltr'><strong>sed</strong></span> <span class='ocrx_word' id='word_1_64' title='bbox 761 1140 975 1196; x_wconf 83' lang='lat' dir='ltr'><strong>mutatis</strong></span> <span class='ocrx_word' id='word_1_65' title='bbox 998 1139 1239 1193; x_wconf 68' lang='lat' dir='ltr'><strong>annilius</strong></span> <span class='ocrx_word' id='word_1_66' title='bbox 1280 1138 1619 1197; x_wconf 71' lang='lat' dir='ltr'><strong>benedicens.</strong></span> <span class='ocrx_word' id='word_1_67' title='bbox 1651 1134 1962 1204; x_wconf 78' lang='lat' dir='ltr'><strong>dignitatem</strong></span> 
     </span>
    </p>
   </div>
   <div class='ocr_carea' id='block_1_11' title="bbox 380 1227 1964 1302">
    <p class='ocr_par' dir='ltr' id='par_1_11' title="bbox 380 1227 1964 1302">
     <span class='ocr_line' id='line_1_11' title="bbox 380 1227 1964 1302; baseline -0.004 -17"><span class='ocrx_word' id='word_1_68' title='bbox 380 1233 575 1302; x_wconf 73' lang='lat' dir='ltr'><strong>iuniori</strong></span> <span class='ocrx_word' id='word_1_69' title='bbox 618 1233 877 1297; x_wconf 76' lang='lat' dir='ltr'><strong>contulit,</strong></span> <span class='ocrx_word' id='word_1_70' title='bbox 930 1229 1218 1300; x_wconf 50' lang='lat' dir='ltr'><strong>prurit-rens</strong></span> <span class='ocrx_word' id='word_1_71' title='bbox 1280 1228 1503 1282; x_wconf 71' lang='lat' dir='ltr'><strong>Manassi</strong></span> <span class='ocrx_word' id='word_1_72' title='bbox 1552 1227 1803 1297; x_wconf 78' lang='lat' dir='ltr'><strong>Ephraim</strong></span> <span class='ocrx_word' id='word_1_73' title='bbox 1852 1244 1865 1279; x_wconf 92' lang='lat'><strong>:</strong></span> <span class='ocrx_word' id='word_1_74' title='bbox 1910 1234 1964 1280; x_wconf 91' lang='lat' dir='ltr'><strong>et</strong></span> 
     </span>
    </p>
   </div>
   <div class='ocr_carea' id='block_1_12' title="bbox 386 1319 1964 1391">
    <p class='ocr_par' dir='ltr' id='par_1_12' title="bbox 386 1319 1964 1391">
     <span class='ocr_line' id='line_1_12' title="bbox 386 1319 1964 1391; baseline -0.003 -14"><span class='ocrx_word' id='word_1_75' title='bbox 386 1323 518 1377; x_wconf 76' lang='lat' dir='ltr'><strong>dixit</strong></span> <span class='ocrx_word' id='word_1_76' title='bbox 552 1339 564 1375; x_wconf 92' lang='lat'>:</span> <span class='ocrx_word' id='word_1_77' title='bbox 597 1324 686 1381; x_wconf 80' lang='grc'><strong>15.</strong></span> <span class='ocrx_word' id='word_1_78' title='bbox 715 1320 846 1376; x_wconf 91' lang='lat' dir='ltr'><strong>Deus</strong></span> <span class='ocrx_word' id='word_1_79' title='bbox 870 1363 884 1388; x_wconf 91' lang='lat'><strong>,</strong></span> <span class='ocrx_word' id='word_1_80' title='bbox 914 1323 994 1374; x_wconf 78' lang='lat' dir='ltr'><strong>cui</strong></span> <span class='ocrx_word' id='word_1_81' title='bbox 1035 1322 1155 1375; x_wconf 87' lang='lat' dir='ltr'><strong>bene</strong></span> <span class='ocrx_word' id='word_1_82' title='bbox 1198 1322 1490 1391; x_wconf 74' lang='lat' dir='ltr'><strong>placuerunt</strong></span> <span class='ocrx_word' id='word_1_83' title='bbox 1520 1330 1686 1389; x_wconf 87' lang='lat' dir='ltr'><strong>patres</strong></span> <span class='ocrx_word' id='word_1_84' title='bbox 1722 1319 1832 1371; x_wconf 87' lang='lat' dir='ltr'><strong>mei.</strong></span> <span class='ocrx_word' id='word_1_85' title='bbox 1866 1320 1964 1372; x_wconf 81' lang='lat' dir='ltr'><strong>At-</strong></span> 
     </span>
    </p>
   </div>
   <div class='ocr_carea' id='block_1_13' title="bbox 388 1410 1959 1478">
    <p class='ocr_par' dir='ltr' id='par_1_13' title="bbox 388 1410 1959 1478">
     <span class='ocr_line' id='line_1_13' title="bbox 388 1410 1959 1478; baseline -0.003 -13"><span class='ocrx_word' id='word_1_86' title='bbox 388 1412 547 1467; x_wconf 89' lang='lat' dir='ltr'><strong>tende</strong></span> <span class='ocrx_word' id='word_1_87' title='bbox 592 1412 903 1465; x_wconf 76' lang='lat' dir='ltr'><strong>modestiam</strong></span> <span class='ocrx_word' id='word_1_88' title='bbox 948 1410 1144 1475; x_wconf 79' lang='lat' dir='ltr'><strong>Iacob,</strong></span> <span class='ocrx_word' id='word_1_89' title='bbox 1186 1410 1306 1465; x_wconf 87' lang='lat' dir='ltr'><strong>vide</strong></span> <span class='ocrx_word' id='word_1_90' title='bbox 1356 1414 1585 1465; x_wconf 86' lang='lat' dir='ltr'><strong>animam</strong></span> <span class='ocrx_word' id='word_1_91' title='bbox 1636 1410 1959 1478; x_wconf 77' lang='lat' dir='ltr'><strong>religiosam.</strong></span> 
     </span>
    </p>
   </div>
   <div class='ocr_carea' id='block_1_14' title="bbox 386 1501 1964 1573">
    <p class='ocr_par' dir='ltr' id='par_1_14' title="bbox 386 1501 1964 1573">
     <span class='ocr_line' id='line_1_14' title="bbox 386 1501 1964 1573; baseline -0.001 -16"><span class='ocrx_word' id='word_1_92' title='bbox 386 1502 499 1557; x_wconf 71' lang='lat' dir='ltr'><strong>Non</strong></span> <span class='ocrx_word' id='word_1_93' title='bbox 523 1502 750 1557; x_wconf 75' lang='lat' dir='ltr'><strong>audebat</strong></span> <span class='ocrx_word' id='word_1_94' title='bbox 775 1503 974 1565; x_wconf 84' lang='lat' dir='ltr'><strong>dicere,</strong></span> <span class='ocrx_word' id='word_1_95' title='bbox 1005 1503 1145 1556; x_wconf 87' lang='lat' dir='ltr'><strong>Deus</strong></span> <span class='ocrx_word' id='word_1_96' title='bbox 1168 1501 1251 1557; x_wconf 91' lang='lat' dir='ltr'><strong>cui</strong></span> <span class='ocrx_word' id='word_1_97' title='bbox 1282 1503 1415 1555; x_wconf 83' lang='lat' dir='ltr'><strong>bene</strong></span> <span class='ocrx_word' id='word_1_98' title='bbox 1440 1503 1608 1569; x_wconf 83' lang='lat' dir='ltr'><strong>placui</strong></span> <span class='ocrx_word' id='word_1_99' title='bbox 1641 1520 1656 1557; x_wconf 90' lang='lat'><strong>:</strong></span> <span class='ocrx_word' id='word_1_100' title='bbox 1682 1502 1777 1557; x_wconf 88' lang='lat' dir='ltr'><strong>sed</strong></span> <span class='ocrx_word' id='word_1_101' title='bbox 1800 1502 1964 1573; x_wconf 83' lang='lat' dir='ltr'><strong>quid?</strong></span> 
     </span>
    </p>
   </div>
   <div class='ocr_carea' id='block_1_15' title="bbox 387 1592 1967 1663">
    <p class='ocr_par' dir='ltr' id='par_1_15' title="bbox 387 1592 1967 1663">
     <span class='ocr_line' id='line_1_15' title="bbox 387 1592 1967 1663; baseline -0.003 -13"><span class='ocrx_word' id='word_1_102' title='bbox 387 1595 480 1650; x_wconf 79' lang='lat' dir='ltr'><strong>Cui</strong></span> <span class='ocrx_word' id='word_1_103' title='bbox 506 1594 627 1647; x_wconf 83' lang='lat' dir='ltr'><strong>bene</strong></span> <span class='ocrx_word' id='word_1_104' title='bbox 662 1594 957 1663; x_wconf 82' lang='lat' dir='ltr'><strong>placuerunt</strong></span> <span class='ocrx_word' id='word_1_105' title='bbox 999 1603 1167 1662; x_wconf 86' lang='lat' dir='ltr'><strong>patres</strong></span> <span class='ocrx_word' id='word_1_106' title='bbox 1201 1593 1319 1646; x_wconf 82' lang='lat' dir='ltr'><strong>mei.</strong></span> <span class='ocrx_word' id='word_1_107' title='bbox 1353 1592 1538 1646; x_wconf 75' lang='lat' dir='ltr'><strong>Vidisti</strong></span> <span class='ocrx_word' id='word_1_108' title='bbox 1578 1593 1807 1646; x_wconf 84' lang='lat' dir='ltr'><strong>animam</strong></span> <span class='ocrx_word' id='word_1_109' title='bbox 1848 1609 1967 1660; x_wconf 65' lang='lat' dir='ltr'><strong>pra-</strong></span> 
     </span>
    </p>
   </div>
   <div class='ocr_carea' id='block_1_16' title="bbox 386 1683 1965 1753">
    <p class='ocr_par' dir='ltr' id='par_1_16' title="bbox 386 1683 1965 1753">
     <span class='ocr_line' id='line_1_16' title="bbox 386 1683 1965 1753; baseline 0 -14"><span class='ocrx_word' id='word_1_110' title='bbox 386 1686 538 1739; x_wconf 87' lang='lat' dir='ltr'><strong>tam?</strong></span> <span class='ocrx_word' id='word_1_111' title='bbox 570 1685 778 1741; x_wconf 81' lang='lat' dir='ltr'><strong>tametsi</strong></span> <span class='ocrx_word' id='word_1_112' title='bbox 811 1683 964 1753; x_wconf 77' lang='lat' dir='ltr'><strong>patilo</strong></span> <span class='ocrx_word' id='word_1_113' title='bbox 1004 1692 1158 1737; x_wconf 76' lang='lat' dir='ltr'><strong>antea</strong></span> <span class='ocrx_word' id='word_1_114' title='bbox 1204 1698 1425 1738; x_wconf 86' lang='lat' dir='ltr'><strong>narrans</strong></span> <span class='ocrx_word' id='word_1_115' title='bbox 1457 1684 1667 1739; x_wconf 85' lang='lat' dir='ltr'><strong>dicebat</strong></span> <span class='ocrx_word' id='word_1_116' title='bbox 1693 1704 1705 1740; x_wconf 91' lang='lat'><strong>:</strong></span> <span class='ocrx_word' id='word_1_117' title='bbox 1736 1683 1799 1738; x_wconf 81' lang='lat' dir='ltr'><strong>In</strong></span> <span class='ocrx_word' id='word_1_118' title='bbox 1827 1685 1965 1739; x_wconf 74' lang='lat' dir='ltr'><strong>Luza</strong></span> 
     </span>
    </p>
   </div>
   <div class='ocr_carea' id='block_1_17' title="bbox 384 1774 1966 1845">
    <p class='ocr_par' dir='ltr' id='par_1_17' title="bbox 384 1774 1966 1845">
     <span class='ocr_line' id='line_1_17' title="bbox 384 1774 1966 1845; baseline 0.001 -18"><span class='ocrx_word' id='word_1_119' title='bbox 384 1776 623 1845; x_wconf 74' lang='lat' dir='ltr'><strong>apparuit</strong></span> <span class='ocrx_word' id='word_1_120' title='bbox 664 1774 805 1837; x_wconf 83' lang='lat' dir='ltr'><strong>milii,</strong></span> <span class='ocrx_word' id='word_1_121' title='bbox 843 1782 888 1828; x_wconf 84' lang='lat' dir='ltr'><strong>et</strong></span> <span class='ocrx_word' id='word_1_122' title='bbox 919 1774 1145 1842; x_wconf 85' lang='lat' dir='ltr'><strong>promisit</strong></span> <span class='ocrx_word' id='word_1_123' title='bbox 1180 1774 1416 1827; x_wconf 82' lang='lat' dir='ltr'><strong>daturum</strong></span> <span class='ocrx_word' id='word_1_124' title='bbox 1453 1791 1505 1829; x_wconf 87' lang='lat' dir='ltr'><strong>se</strong></span> <span class='ocrx_word' id='word_1_125' title='bbox 1545 1777 1663 1828; x_wconf 80' lang='lat' dir='ltr'><strong>milii</strong></span> <span class='ocrx_word' id='word_1_126' title='bbox 1704 1788 1750 1829; x_wconf 91' lang='lat' dir='ltr'><strong>et</strong></span> <span class='ocrx_word' id='word_1_127' title='bbox 1788 1776 1966 1829; x_wconf 81' lang='lat' dir='ltr'><strong>semini</strong></span> 
     </span>
    </p>
   </div>
   <div class='ocr_carea' id='block_1_18' title="bbox 387 1866 1966 1938">
    <p class='ocr_par' dir='ltr' id='par_1_18' title="bbox 387 1866 1966 1938">
     <span class='ocr_line' id='line_1_18' title="bbox 387 1866 1966 1938; baseline 0.002 -19"><span class='ocrx_word' id='word_1_128' title='bbox 387 1884 497 1921; x_wconf 88' lang='lat' dir='ltr'><strong>meo</strong></span> <span class='ocrx_word' id='word_1_129' title='bbox 539 1882 732 1921; x_wconf 77' lang='lat' dir='ltr'><strong>omnem</strong></span> <span class='ocrx_word' id='word_1_130' title='bbox 777 1875 993 1931; x_wconf 78' lang='lat' dir='ltr'><strong>terram,</strong></span> <span class='ocrx_word' id='word_1_131' title='bbox 1041 1876 1088 1918; x_wconf 88' lang='lat' dir='ltr'><strong>et</strong></span> <span class='ocrx_word' id='word_1_132' title='bbox 1127 1866 1181 1919; x_wconf 86' lang='lat' dir='ltr'><strong>in</strong></span> <span class='ocrx_word' id='word_1_133' title='bbox 1220 1868 1624 1936; x_wconf 75' lang='lat' dir='ltr'><strong>congregatimres</strong></span> <span class='ocrx_word' id='word_1_134' title='bbox 1654 1869 1872 1938; x_wconf 78' lang='lat' dir='ltr'><strong>gentium</strong></span> <span class='ocrx_word' id='word_1_135' title='bbox 1914 1882 1966 1922; x_wconf 81' lang='lat' dir='ltr'><strong>se</strong></span> 
     </span>
    </p>
   </div>
   <div class='ocr_carea' id='block_1_19' title="bbox 387 1955 1965 2025">
    <p class='ocr_par' dir='ltr' id='par_1_19' title="bbox 387 1955 1965 2025">
     <span class='ocr_line' id='line_1_19' title="bbox 387 1955 1965 2025; baseline 0.004 -19"><span class='ocrx_word' id='word_1_136' title='bbox 387 1958 645 2025; x_wconf 73' lang='lat' dir='ltr'><strong>[acturum</strong></span> <span class='ocrx_word' id='word_1_137' title='bbox 670 1971 835 2009; x_wconf 89' lang='lat' dir='ltr'><strong>semen</strong></span> <span class='ocrx_word' id='word_1_138' title='bbox 860 1972 1044 2009; x_wconf 85' lang='lat' dir='ltr'><strong>meum.</strong></span> <span class='ocrx_word' id='word_1_139' title='bbox 1090 1955 1155 2010; x_wconf 80' lang='lat' dir='ltr'><strong>Et</strong></span> <span class='ocrx_word' id='word_1_140' title='bbox 1199 1965 1304 2009; x_wconf 85' lang='lat' dir='ltr'><strong>tam</strong></span> <span class='ocrx_word' id='word_1_141' title='bbox 1342 1957 1611 2013; x_wconf 73' lang='lat' dir='ltr'><strong>evidentia</strong></span> <span class='ocrx_word' id='word_1_142' title='bbox 1642 1959 1845 2013; x_wconf 89' lang='lat' dir='ltr'><strong>habens</strong></span> <span class='ocrx_word' id='word_1_143' title='bbox 1883 1960 1965 2012; x_wconf 84' lang='lat' dir='ltr'><strong>iu-</strong></span> 
     </span>
    </p>
   </div>
   <div class='ocr_carea' id='block_1_20' title="bbox 387 2045 1967 2111">
    <p class='ocr_par' dir='ltr' id='par_1_20' title="bbox 387 2045 1967 2111">
     <span class='ocr_line' id='line_1_20' title="bbox 387 2045 1967 2111; baseline 0.003 -12"><span class='ocrx_word' id='word_1_144' title='bbox 387 2045 525 2099; x_wconf 89' lang='lat' dir='ltr'><strong>dicia</strong></span> <span class='ocrx_word' id='word_1_145' title='bbox 570 2045 762 2099; x_wconf 75' lang='lat' dir='ltr'><strong>dirinze</strong></span> <span class='ocrx_word' id='word_1_146' title='bbox 812 2059 937 2111; x_wconf 74' lang='lat' dir='ltr'><strong>erga</strong></span> <span class='ocrx_word' id='word_1_147' title='bbox 990 2060 1048 2099; x_wconf 86' lang='lat' dir='ltr'><strong>se</strong></span> <span class='ocrx_word' id='word_1_148' title='bbox 1092 2046 1473 2101; x_wconf 64' lang='lat' dir='ltr'><strong>benevolentiae</strong></span> <span class='ocrx_word' id='word_1_149' title='bbox 1499 2090 1514 2111; x_wconf 95' lang='lat'><strong>,</strong></span> <span class='ocrx_word' id='word_1_150' title='bbox 1558 2049 1730 2103; x_wconf 87' lang='lat' dir='ltr'><strong>adhuc</strong></span> <span class='ocrx_word' id='word_1_151' title='bbox 1789 2061 1967 2105; x_wconf 86' lang='lat' dir='ltr'><strong>tamen</strong></span> 
     </span>
    </p>
   </div>
   <div class='ocr_carea' id='block_1_21' title="bbox 390 2135 1969 2201">
    <p class='ocr_par' dir='ltr' id='par_1_21' title="bbox 390 2135 1969 2201">
     <span class='ocr_line' id='line_1_21' title="bbox 390 2135 1969 2201; baseline 0.005 -12"><span class='ocrx_word' id='word_1_152' title='bbox 390 2135 720 2190; x_wconf 84' lang='lat' dir='ltr'><strong>bumiliatarn</strong></span> <span class='ocrx_word' id='word_1_153' title='bbox 751 2136 933 2190; x_wconf 89' lang='lat' dir='ltr'><strong>habuit</strong></span> <span class='ocrx_word' id='word_1_154' title='bbox 977 2148 1210 2191; x_wconf 82' lang='lat' dir='ltr'><strong>mentem</strong></span> <span class='ocrx_word' id='word_1_155' title='bbox 1231 2178 1245 2201; x_wconf 96' lang='lat'><strong>,</strong></span> <span class='ocrx_word' id='word_1_156' title='bbox 1275 2147 1329 2191; x_wconf 88' lang='lat' dir='ltr'><strong>et</strong></span> <span class='ocrx_word' id='word_1_157' title='bbox 1364 2140 1534 2193; x_wconf 89' lang='lat' dir='ltr'><strong>dicit:</strong></span> <span class='ocrx_word' id='word_1_158' title='bbox 1561 2139 1700 2195; x_wconf 85' lang='lat' dir='ltr'><strong>Dens</strong></span> <span class='ocrx_word' id='word_1_159' title='bbox 1732 2143 1811 2195; x_wconf 81' lang='lat' dir='ltr'><strong>cui</strong></span> <span class='ocrx_word' id='word_1_160' title='bbox 1847 2144 1969 2197; x_wconf 83' lang='lat' dir='ltr'><strong>bene</strong></span> 
     </span>
    </p>
   </div>
   <div class='ocr_carea' id='block_1_22' title="bbox 391 2229 1963 2300">
    <p class='ocr_par' dir='ltr' id='par_1_22' title="bbox 391 2229 1963 2300">
     <span class='ocr_line' id='line_1_22' title="bbox 391 2229 1963 2300; baseline 0.003 -19"><span class='ocrx_word' id='word_1_161' title='bbox 391 2229 686 2298; x_wconf 70' lang='lat' dir='ltr'><strong>placuerunt</strong></span> <span class='ocrx_word' id='word_1_162' title='bbox 726 2240 893 2299; x_wconf 79' lang='lat' dir='ltr'><strong>patres</strong></span> <span class='ocrx_word' id='word_1_163' title='bbox 918 2231 1013 2284; x_wconf 82' lang='lat' dir='ltr'><strong>mei</strong></span> <span class='ocrx_word' id='word_1_164' title='bbox 1040 2247 1208 2285; x_wconf 74' lang='lat' dir='ltr'><strong>coram</strong></span> <span class='ocrx_word' id='word_1_165' title='bbox 1251 2233 1383 2300; x_wconf 72' lang='lat' dir='ltr'><strong>ipso,</strong></span> <span class='ocrx_word' id='word_1_166' title='bbox 1425 2233 1678 2286; x_wconf 76' lang='lat' dir='ltr'><strong>Abraham</strong></span> <span class='ocrx_word' id='word_1_167' title='bbox 1715 2243 1763 2288; x_wconf 87' lang='lat' dir='ltr'><strong>et</strong></span> <span class='ocrx_word' id='word_1_168' title='bbox 1794 2233 1963 2286; x_wconf 80' lang='lat' dir='ltr'><strong>Isaac.</strong></span> 
     </span>
    </p>
   </div>
   <div class='ocr_carea' id='block_1_23' title="bbox 394 2317 1970 2394">
    <p class='ocr_par' dir='ltr' id='par_1_23' title="bbox 394 2317 1970 2394">
     <span class='ocr_line' id='line_1_23' title="bbox 394 2317 1970 2394; baseline 0.004 -23"><span class='ocrx_word' id='word_1_169' title='bbox 394 2317 594 2372; x_wconf 84' lang='lat' dir='ltr'><strong>Deinde</strong></span> <span class='ocrx_word' id='word_1_170' title='bbox 620 2318 810 2373; x_wconf 72' lang='lat' dir='ltr'><strong>iterum</strong></span> <span class='ocrx_word' id='word_1_171' title='bbox 837 2336 851 2372; x_wconf 89' lang='lat'><strong>:</strong></span> <span class='ocrx_word' id='word_1_172' title='bbox 880 2320 981 2386; x_wconf 81' lang='lat' dir='ltr'><strong>Qui</strong></span> <span class='ocrx_word' id='word_1_173' title='bbox 1008 2323 1167 2390; x_wconf 83' lang='lat' dir='ltr'><strong>pascit</strong></span> <span class='ocrx_word' id='word_1_174' title='bbox 1190 2338 1267 2375; x_wconf 86' lang='lat' dir='ltr'><strong>me</strong></span> <span class='ocrx_word' id='word_1_175' title='bbox 1291 2340 1323 2374; x_wconf 72' lang='grc' dir='ltr'><em>α</em></span> <span class='ocrx_word' id='word_1_176' title='bbox 1341 2324 1600 2391; x_wconf 66' lang='lat' dir='ltr'><strong>iuventute</strong></span> <span class='ocrx_word' id='word_1_177' title='bbox 1622 2340 1750 2376; x_wconf 89' lang='lat' dir='ltr'><strong>mea.</strong></span> <span class='ocrx_word' id='word_1_178' title='bbox 1776 2324 1970 2394; x_wconf 76' lang='lat' dir='ltr'><strong>Accipe</strong></span> 
     </span>
    </p>
   </div>
   <div class='ocr_carea' id='block_1_24' title="bbox 389 2407 1971 2483">
    <p class='ocr_par' dir='ltr' id='par_1_24' title="bbox 389 2407 1971 2483">
     <span class='ocr_line' id='line_1_24' title="bbox 389 2407 1971 2483; baseline 0.004 -22"><span class='ocrx_word' id='word_1_179' title='bbox 389 2417 441 2461; x_wconf 85' lang='lat' dir='ltr'><strong>et</strong></span> <span class='ocrx_word' id='word_1_180' title='bbox 473 2423 536 2461; x_wconf 75' lang='lat' dir='ltr'><strong>ex</strong></span> <span class='ocrx_word' id='word_1_181' title='bbox 574 2407 674 2462; x_wconf 83' lang='lat' dir='ltr'><strong>hoc</strong></span> <span class='ocrx_word' id='word_1_182' title='bbox 708 2409 1068 2478; x_wconf 79' lang='lat' dir='ltr'><strong>gratissimum</strong></span> <span class='ocrx_word' id='word_1_183' title='bbox 1090 2411 1204 2479; x_wconf 84' lang='lat' dir='ltr'><strong>ejus</strong></span> <span class='ocrx_word' id='word_1_184' title='bbox 1225 2413 1482 2466; x_wconf 89' lang='lat' dir='ltr'><strong>animmn.</strong></span> <span class='ocrx_word' id='word_1_185' title='bbox 1527 2412 1638 2467; x_wconf 75' lang='lat' dir='ltr'><strong>Non</strong></span> <span class='ocrx_word' id='word_1_186' title='bbox 1684 2413 1812 2467; x_wconf 75' lang='lat' dir='ltr'><strong>dicit</strong></span> <span class='ocrx_word' id='word_1_187' title='bbox 1848 2429 1971 2483; x_wconf 69' lang='lat' dir='ltr'><strong>pro.</strong></span> 
     </span>
    </p>
   </div>
   <div class='ocr_carea' id='block_1_25' title="bbox 391 2498 1967 2569">
    <p class='ocr_par' dir='ltr' id='par_1_25' title="bbox 391 2498 1967 2569">
     <span class='ocr_line' id='line_1_25' title="bbox 391 2498 1967 2569; baseline 0.006 -21"><span class='ocrx_word' id='word_1_188' title='bbox 391 2498 558 2565; x_wconf 82' lang='lat' dir='ltr'><strong>priam</strong></span> <span class='ocrx_word' id='word_1_189' title='bbox 582 2498 852 2564; x_wconf 74' lang='lat' dir='ltr'><strong>virtutem,</strong></span> <span class='ocrx_word' id='word_1_190' title='bbox 883 2500 976 2553; x_wconf 88' lang='lat' dir='ltr'><strong>sed</strong></span> <span class='ocrx_word' id='word_1_191' title='bbox 999 2516 1058 2553; x_wconf 87' lang='lat' dir='ltr'><strong>ca</strong></span> <span class='ocrx_word' id='word_1_192' title='bbox 1098 2517 1217 2569; x_wconf 79' lang='lat' dir='ltr'><strong>qua:</strong></span> <span class='ocrx_word' id='word_1_193' title='bbox 1244 2502 1344 2555; x_wconf 78' lang='lat' dir='ltr'><strong>sibi</strong></span> <span class='ocrx_word' id='word_1_194' title='bbox 1381 2520 1408 2553; x_wconf 71' lang='grc' dir='ltr'><strong>ει</strong></span> <span class='ocrx_word' id='word_1_195' title='bbox 1434 2502 1545 2556; x_wconf 90' lang='lat' dir='ltr'><strong>Deo</strong></span> <span class='ocrx_word' id='word_1_196' title='bbox 1568 2503 1779 2557; x_wconf 80' lang='lat' dir='ltr'><strong>fuerunt</strong></span> <span class='ocrx_word' id='word_1_197' title='bbox 1810 2504 1967 2557; x_wconf 78' lang='lat' dir='ltr'><strong>facta.</strong></span> 
     </span>
    </p>
   </div>
   <div class='ocr_carea' id='block_1_26' title="bbox 393 2588 1965 2661">
    <p class='ocr_par' dir='ltr' id='par_1_26' title="bbox 393 2588 1965 2661">
     <span class='ocr_line' id='line_1_26' title="bbox 393 2588 1965 2661; baseline 0.005 -22"><span class='ocrx_word' id='word_1_198' title='bbox 393 2588 491 2655; x_wconf 80' lang='lat' dir='ltr'><strong>Qui</strong></span> <span class='ocrx_word' id='word_1_199' title='bbox 519 2590 682 2659; x_wconf 79' lang='lat' dir='ltr'><strong>pascit</strong></span> <span class='ocrx_word' id='word_1_200' title='bbox 720 2607 800 2643; x_wconf 90' lang='lat' dir='ltr'><strong>me</strong></span> <span class='ocrx_word' id='word_1_201' title='bbox 834 2607 866 2642; x_wconf 87' lang='lat' dir='ltr'><strong>a</strong></span> <span class='ocrx_word' id='word_1_202' title='bbox 899 2592 1161 2658; x_wconf 74' lang='lat' dir='ltr'><strong>juvmtnte</strong></span> <span class='ocrx_word' id='word_1_203' title='bbox 1208 2608 1317 2646; x_wconf 82' lang='lat' dir='ltr'><strong>mea</strong></span> <span class='ocrx_word' id='word_1_204' title='bbox 1360 2607 1515 2661; x_wconf 78' lang='lat' dir='ltr'><strong>usque</strong></span> <span class='ocrx_word' id='word_1_205' title='bbox 1551 2595 1603 2645; x_wconf 89' lang='lat' dir='ltr'><strong>in</strong></span> <span class='ocrx_word' id='word_1_206' title='bbox 1640 2594 1770 2646; x_wconf 87' lang='lat' dir='ltr'><strong>diem</strong></span> <span class='ocrx_word' id='word_1_207' title='bbox 1814 2594 1965 2647; x_wconf 84' lang='lat' dir='ltr'><strong>lianc.</strong></span> 
     </span>
    </p>
   </div>
   <div class='ocr_carea' id='block_1_27' title="bbox 392 2679 1970 2753">
    <p class='ocr_par' dir='ltr' id='par_1_27' title="bbox 392 2679 1970 2753">
     <span class='ocr_line' id='line_1_27' title="bbox 392 2679 1970 2753; baseline 0.002 -18"><span class='ocrx_word' id='word_1_208' title='bbox 392 2679 507 2747; x_wconf 86' lang='lat' dir='ltr'><strong>Ipse</strong></span> <span class='ocrx_word' id='word_1_209' title='bbox 536 2680 698 2745; x_wconf 86' lang='lat' dir='ltr'><strong>enim,</strong></span> <span class='ocrx_word' id='word_1_210' title='bbox 730 2680 917 2752; x_wconf 81' lang='lat' dir='ltr'><strong>inquit.</strong></span> <span class='ocrx_word' id='word_1_211' title='bbox 946 2692 1029 2736; x_wconf 85' lang='lat' dir='ltr'><strong>est</strong></span> <span class='ocrx_word' id='word_1_212' title='bbox 1056 2682 1146 2751; x_wconf 82' lang='lat' dir='ltr'><strong>qui</strong></span> <span class='ocrx_word' id='word_1_213' title='bbox 1176 2682 1241 2735; x_wconf 87' lang='lat' dir='ltr'><strong>ab</strong></span> <span class='ocrx_word' id='word_1_214' title='bbox 1269 2683 1422 2735; x_wconf 73' lang='lat' dir='ltr'><strong>initio</strong></span> <span class='ocrx_word' id='word_1_215' title='bbox 1450 2698 1615 2751; x_wconf 87' lang='lat' dir='ltr'><strong>usque</strong></span> <span class='ocrx_word' id='word_1_216' title='bbox 1641 2684 1705 2738; x_wconf 87' lang='lat' dir='ltr'><strong>ad</strong></span> <span class='ocrx_word' id='word_1_217' title='bbox 1734 2698 1970 2753; x_wconf 64' lang='lat' dir='ltr'><strong>praesens</strong></span> 
     </span>
    </p>
   </div>
   <div class='ocr_carea' id='block_1_28' title="bbox 392 2771 1971 2843">
    <p class='ocr_par' dir='ltr' id='par_1_28' title="bbox 392 2771 1971 2843">
     <span class='ocr_line' id='line_1_28' title="bbox 392 2771 1971 2843; baseline 0.003 -19"><span class='ocrx_word' id='word_1_218' title='bbox 392 2785 479 2824; x_wconf 82' lang='lat' dir='ltr'><strong>res</strong></span> <span class='ocrx_word' id='word_1_219' title='bbox 509 2786 654 2825; x_wconf 87' lang='lat' dir='ltr'><strong>meas</strong></span> <span class='ocrx_word' id='word_1_220' title='bbox 682 2771 1040 2841; x_wconf 54' lang='lat' dir='ltr'><strong>dispensavit,</strong></span> <span class='ocrx_word' id='word_1_221' title='bbox 1072 2782 1125 2827; x_wconf 82' lang='lat' dir='ltr'><strong>et</strong></span> <span class='ocrx_word' id='word_1_222' title='bbox 1155 2771 1458 2827; x_wconf 89' lang='lat' dir='ltr'><strong>moderatus</strong></span> <span class='ocrx_word' id='word_1_223' title='bbox 1482 2782 1583 2828; x_wconf 84' lang='lat' dir='ltr'><strong>est.</strong></span> <span class='ocrx_word' id='word_1_224' title='bbox 1630 2775 1708 2829; x_wconf 87' lang='lat' dir='ltr'><strong>Ita</strong></span> <span class='ocrx_word' id='word_1_225' title='bbox 1743 2783 1793 2828; x_wconf 89' lang='lat' dir='ltr'><strong>et</strong></span> <span class='ocrx_word' id='word_1_226' title='bbox 1826 2774 1971 2843; x_wconf 89' lang='lat' dir='ltr'><strong>prius</strong></span> 
     </span>
    </p>
   </div>
   <div class='ocr_carea' id='block_1_29' title="bbox 390 2846 1969 2932">
    <p class='ocr_par' dir='ltr' id='par_1_29' title="bbox 390 2846 1969 2932">
     <span class='ocr_line' id='line_1_29' title="bbox 390 2846 1969 2932; baseline 0.004 -20"><span class='ocrx_word' id='word_1_227' title='bbox 390 2859 602 2915; x_wconf 77' lang='lat' dir='ltr'><strong>dicebat</strong></span> <span class='ocrx_word' id='word_1_228' title='bbox 640 2878 655 2915; x_wconf 89' lang='lat'><strong>:</strong></span> <span class='ocrx_word' id='word_1_229' title='bbox 692 2860 758 2915; x_wconf 79' lang='lat' dir='ltr'><strong>In</strong></span> <span class='ocrx_word' id='word_1_230' title='bbox 788 2862 930 2932; x_wconf 74' lang='lat' dir='ltr'><strong>uirga</strong></span> <span class='ocrx_word' id='word_1_231' title='bbox 967 2865 1099 2916; x_wconf 87' lang='lat' dir='ltr'><strong>enim</strong></span> <span class='ocrx_word' id='word_1_232' title='bbox 1132 2846 1375 2916; x_wconf 78' lang='lat' dir='ltr'><strong>meabat:</strong></span> <span class='ocrx_word' id='word_1_233' title='bbox 1417 2865 1619 2916; x_wconf 81' lang='lat' dir='ltr'><strong>transiri</strong></span> <span class='ocrx_word' id='word_1_234' title='bbox 1644 2864 1921 2919; x_wconf 67' lang='lat' dir='ltr'><strong>Iordanem</strong></span> <span class='ocrx_word' id='word_1_235' title='bbox 1950 2880 1969 2919; x_wconf 88' lang='lat'><strong><em>:</em></strong></span> 
     </span>
    </p>
   </div>
   <div class='ocr_carea' id='block_1_30' title="bbox 390 2953 1967 3025">
    <p class='ocr_par' dir='ltr' id='par_1_30' title="bbox 390 2953 1967 3025">
     <span class='ocr_line' id='line_1_30' title="bbox 390 2953 1967 3025; baseline 0.002 -21"><span class='ocrx_word' id='word_1_236' title='bbox 390 2961 434 3004; x_wconf 86' lang='lat' dir='ltr'><strong>et</strong></span> <span class='ocrx_word' id='word_1_237' title='bbox 463 2968 572 3004; x_wconf 79' lang='lat' dir='ltr'><strong>erce</strong></span> <span class='ocrx_word' id='word_1_238' title='bbox 596 2968 729 3007; x_wconf 71' lang='lat' dir='ltr'><strong>nunc</strong></span> <span class='ocrx_word' id='word_1_239' title='bbox 758 2955 923 3021; x_wconf 68' lang='lat' dir='ltr'><strong>frictus</strong></span> <span class='ocrx_word' id='word_1_240' title='bbox 967 2970 1077 3006; x_wconf 87' lang='lat' dir='ltr'><strong>sum</strong></span> <span class='ocrx_word' id='word_1_241' title='bbox 1120 2954 1172 3007; x_wconf 89' lang='lat' dir='ltr'><strong>in</strong></span> <span class='ocrx_word' id='word_1_242' title='bbox 1211 2953 1312 3007; x_wconf 85' lang='lat' dir='ltr'><strong>duo</strong></span> <span class='ocrx_word' id='word_1_243' title='bbox 1350 2964 1517 3007; x_wconf 81' lang='lat' dir='ltr'><strong>castra</strong></span> <span class='ocrx_word' id='word_1_244' title='bbox 1545 2953 1694 3025; x_wconf 79' lang='lat' dir='ltr'><strong>(Gen.</strong></span> <span class='ocrx_word' id='word_1_245' title='bbox 1727 2956 1815 3009; x_wconf 71' lang='grc'><strong>52.</strong></span> <span class='ocrx_word' id='word_1_246' title='bbox 1848 2956 1967 3025; x_wconf 85' lang='grc'><strong>10).</strong></span> 
     </span>
    </p>
   </div>
   <div class='ocr_carea' id='block_1_31' title="bbox 393 3043 1971 3116">
    <p class='ocr_par' dir='ltr' id='par_1_31' title="bbox 393 3043 1971 3116">
     <span class='ocr_line' id='line_1_31' title="bbox 393 3043 1971 3116; baseline 0.001 -17"><span class='ocrx_word' id='word_1_247' title='bbox 393 3044 456 3099; x_wconf 76' lang='lat' dir='ltr'><strong>Et</strong></span> <span class='ocrx_word' id='word_1_248' title='bbox 499 3058 638 3098; x_wconf 91' lang='lat' dir='ltr'><strong>nunc</strong></span> <span class='ocrx_word' id='word_1_249' title='bbox 682 3045 871 3098; x_wconf 88' lang='lat' dir='ltr'><strong>iterum</strong></span> <span class='ocrx_word' id='word_1_250' title='bbox 916 3043 1039 3099; x_wconf 85' lang='lat' dir='ltr'><strong>aliis</strong></span> <span class='ocrx_word' id='word_1_251' title='bbox 1062 3045 1238 3099; x_wconf 84' lang='lat' dir='ltr'><strong>verbis</strong></span> <span class='ocrx_word' id='word_1_252' title='bbox 1267 3046 1388 3101; x_wconf 83' lang='lat' dir='ltr'><strong>dicit</strong></span> <span class='ocrx_word' id='word_1_253' title='bbox 1425 3062 1439 3099; x_wconf 95' lang='lat'>:</span> <span class='ocrx_word' id='word_1_254' title='bbox 1479 3047 1579 3113; x_wconf 84' lang='lat' dir='ltr'><strong>Qui</strong></span> <span class='ocrx_word' id='word_1_255' title='bbox 1621 3048 1781 3116; x_wconf 80' lang='lat' dir='ltr'><strong>pascit</strong></span> <span class='ocrx_word' id='word_1_256' title='bbox 1823 3064 1900 3103; x_wconf 79' lang='lat' dir='ltr'><strong>me</strong></span> <span class='ocrx_word' id='word_1_257' title='bbox 1939 3061 1971 3101; x_wconf 75' lang='grc' dir='ltr'><em>α</em></span> 
     </span>
    </p>
   </div>
   <div class='ocr_carea' id='block_1_32' title="bbox 384 3136 1972 3209">
    <p class='ocr_par' dir='ltr' id='par_1_32' title="bbox 384 3136 1972 3209">
     <span class='ocr_line' id='line_1_32' title="bbox 384 3136 1972 3209; baseline 0.003 -21"><span class='ocrx_word' id='word_1_258' title='bbox 384 3137 646 3205; x_wconf 71' lang='lat' dir='ltr'><strong>jnrentnte</strong></span> <span class='ocrx_word' id='word_1_259' title='bbox 667 3152 775 3190; x_wconf 81' lang='lat' dir='ltr'><strong>mea</strong></span> <span class='ocrx_word' id='word_1_260' title='bbox 800 3152 955 3206; x_wconf 74' lang='lat' dir='ltr'><strong>usque</strong></span> <span class='ocrx_word' id='word_1_261' title='bbox 980 3136 1030 3189; x_wconf 79' lang='lat' dir='ltr'><strong>in</strong></span> <span class='ocrx_word' id='word_1_262' title='bbox 1054 3137 1183 3189; x_wconf 85' lang='lat' dir='ltr'><strong>diem</strong></span> <span class='ocrx_word' id='word_1_263' title='bbox 1209 3138 1361 3201; x_wconf 82' lang='lat' dir='ltr'><strong>hanc,</strong></span> <span class='ocrx_word' id='word_1_264' title='bbox 1392 3138 1483 3193; x_wconf 74' lang='lat' dir='ltr'><strong>l6.</strong></span> <span class='ocrx_word' id='word_1_265' title='bbox 1501 3139 1712 3208; x_wconf 77' lang='lat' dir='ltr'><strong>angelus</strong></span> <span class='ocrx_word' id='word_1_266' title='bbox 1736 3139 1822 3209; x_wconf 70' lang='lat' dir='ltr'><strong>qni</strong></span> <span class='ocrx_word' id='word_1_267' title='bbox 1848 3138 1972 3193; x_wconf 71' lang='lat' dir='ltr'><strong>Iibeo</strong></span> 
     </span>
    </p>
   </div>
   <div class='ocr_carea' id='block_1_33' title="bbox 390 3227 1971 3301">
    <p class='ocr_par' dir='ltr' id='par_1_33' title="bbox 390 3227 1971 3301">
     <span class='ocr_line' id='line_1_33' title="bbox 390 3227 1971 3301; baseline 0.005 -22"><span class='ocrx_word' id='word_1_268' title='bbox 390 3228 517 3280; x_wconf 80' lang='lat' dir='ltr'><strong>rat-it</strong></span> <span class='ocrx_word' id='word_1_269' title='bbox 552 3244 629 3279; x_wconf 80' lang='lat' dir='ltr'><strong>tne</strong></span> <span class='ocrx_word' id='word_1_270' title='bbox 653 3228 716 3281; x_wconf 91' lang='lat' dir='ltr'><strong>de</strong></span> <span class='ocrx_word' id='word_1_271' title='bbox 756 3227 985 3281; x_wconf 77' lang='lat' dir='ltr'><strong>omnibus</strong></span> <span class='ocrx_word' id='word_1_272' title='bbox 1025 3227 1192 3281; x_wconf 88' lang='lat' dir='ltr'><strong>malis.</strong></span> <span class='ocrx_word' id='word_1_273' title='bbox 1237 3227 1413 3283; x_wconf 54' lang='lat' dir='ltr'><strong>Graiae</strong></span> <span class='ocrx_word' id='word_1_274' title='bbox 1439 3229 1626 3283; x_wconf 68' lang='lat' dir='ltr'><strong>animae</strong></span> <span class='ocrx_word' id='word_1_275' title='bbox 1658 3245 1721 3284; x_wconf 83' lang='lat' dir='ltr'><strong>ac</strong></span> <span class='ocrx_word' id='word_1_276' title='bbox 1750 3232 1846 3301; x_wconf 67' lang='lat' dir='ltr'><strong>pia:</strong></span> <span class='ocrx_word' id='word_1_277' title='bbox 1871 3272 1886 3293; x_wconf 89' lang='lat'><strong>,</strong></span> <span class='ocrx_word' id='word_1_278' title='bbox 1916 3238 1971 3287; x_wconf 80' lang='lat' dir='ltr'><strong>et</strong></span> 
     </span>
    </p>
   </div>
   <div class='ocr_carea' id='block_1_34' title="bbox 390 3319 1969 3393">
    <p class='ocr_par' dir='ltr' id='par_1_34' title="bbox 390 3319 1969 3393">
     <span class='ocr_line' id='line_1_34' title="bbox 390 3319 1969 3393; baseline 0.001 -20"><span class='ocrx_word' id='word_1_279' title='bbox 390 3319 525 3374; x_wconf 89' lang='lat' dir='ltr'><strong>bene</strong></span> <span class='ocrx_word' id='word_1_280' title='bbox 563 3321 814 3375; x_wconf 79' lang='lat' dir='ltr'><strong>memoris</strong></span> <span class='ocrx_word' id='word_1_281' title='bbox 842 3320 1214 3375; x_wconf 82' lang='lat' dir='ltr'><strong>beneﬁciorum</strong></span> <span class='ocrx_word' id='word_1_282' title='bbox 1247 3320 1361 3385; x_wconf 83' lang='lat' dir='ltr'><strong>Dei,</strong></span> <span class='ocrx_word' id='word_1_283' title='bbox 1388 3323 1571 3375; x_wconf 86' lang='lat' dir='ltr'><strong>verba.</strong></span> <span class='ocrx_word' id='word_1_284' title='bbox 1624 3323 1715 3377; x_wconf 88' lang='lat' dir='ltr'><strong>Ille</strong></span> <span class='ocrx_word' id='word_1_285' title='bbox 1734 3366 1749 3389; x_wconf 94' lang='lat'><strong>,</strong></span> <span class='ocrx_word' id='word_1_286' title='bbox 1780 3324 1969 3393; x_wconf 81' lang='lat' dir='ltr'><strong>inquit,</strong></span> 
     </span>
    </p>
   </div>
   <div class='ocr_carea' id='block_1_35' title="bbox 388 3410 1969 3484">
    <p class='ocr_par' dir='ltr' id='par_1_35' title="bbox 388 3410 1969 3484">
     <span class='ocr_line' id='line_1_35' title="bbox 388 3410 1969 3484; baseline 0.004 -20"><span class='ocrx_word' id='word_1_287' title='bbox 388 3412 470 3464; x_wconf 88' lang='lat' dir='ltr'><strong>cui</strong></span> <span class='ocrx_word' id='word_1_288' title='bbox 513 3421 689 3480; x_wconf 84' lang='lat' dir='ltr'><strong>patres</strong></span> <span class='ocrx_word' id='word_1_289' title='bbox 719 3415 821 3467; x_wconf 87' lang='lat' dir='ltr'><strong>mei</strong></span> <span class='ocrx_word' id='word_1_290' title='bbox 853 3410 988 3467; x_wconf 86' lang='lat' dir='ltr'><strong>bene</strong></span> <span class='ocrx_word' id='word_1_291' title='bbox 1018 3412 1346 3481; x_wconf 74' lang='lat' dir='ltr'><strong>placuerunt,</strong></span> <span class='ocrx_word' id='word_1_292' title='bbox 1390 3413 1477 3482; x_wconf 88' lang='lat' dir='ltr'><strong>qui</strong></span> <span class='ocrx_word' id='word_1_293' title='bbox 1506 3428 1591 3467; x_wconf 79' lang='lat' dir='ltr'><strong>me</strong></span> <span class='ocrx_word' id='word_1_294' title='bbox 1629 3428 1662 3468; x_wconf 82' lang='lat' dir='ltr'><strong>a</strong></span> <span class='ocrx_word' id='word_1_295' title='bbox 1696 3414 1969 3484; x_wconf 75' lang='lat' dir='ltr'><strong>iuventute</strong></span> 
     </span>
    </p>
   </div>
   <div class='ocr_carea' id='block_1_36' title="bbox 389 3505 1969 3578">
    <p class='ocr_par' dir='ltr' id='par_1_36' title="bbox 389 3505 1969 3578">
     <span class='ocr_line' id='line_1_36' title="bbox 389 3505 1969 3578; baseline 0.006 -22"><span class='ocrx_word' id='word_1_296' title='bbox 389 3517 505 3557; x_wconf 83' lang='lat' dir='ltr'><strong>mea</strong></span> <span class='ocrx_word' id='word_1_297' title='bbox 534 3518 703 3573; x_wconf 81' lang='lat' dir='ltr'><strong>usque</strong></span> <span class='ocrx_word' id='word_1_298' title='bbox 739 3505 793 3561; x_wconf 86' lang='lat' dir='ltr'><strong>in</strong></span> <span class='ocrx_word' id='word_1_299' title='bbox 835 3514 1151 3574; x_wconf 70' lang='lat' dir='ltr'><strong>prmsentotn</strong></span> <span class='ocrx_word' id='word_1_300' title='bbox 1180 3505 1319 3561; x_wconf 85' lang='lat' dir='ltr'><strong>diem</strong></span> <span class='ocrx_word' id='word_1_301' title='bbox 1364 3506 1604 3561; x_wconf 78' lang='lat' dir='ltr'><strong>educavit</strong></span> <span class='ocrx_word' id='word_1_302' title='bbox 1628 3549 1645 3573; x_wconf 95' lang='lat'><strong>,</strong></span> <span class='ocrx_word' id='word_1_303' title='bbox 1672 3510 1763 3578; x_wconf 90' lang='lat' dir='ltr'><strong>qni</strong></span> <span class='ocrx_word' id='word_1_304' title='bbox 1792 3523 1876 3563; x_wconf 91' lang='lat' dir='ltr'><strong>me</strong></span> <span class='ocrx_word' id='word_1_305' title='bbox 1901 3508 1969 3565; x_wconf 89' lang='lat' dir='ltr'><strong>ab</strong></span> 
     </span>
    </p>
   </div>
   <div class='ocr_carea' id='block_1_37' title="bbox 391 3592 1969 3669">
    <p class='ocr_par' dir='ltr' id='par_1_37' title="bbox 391 3592 1969 3669">
     <span class='ocr_line' id='line_1_37' title="bbox 391 3592 1969 3669; baseline 0.006 -23"><span class='ocrx_word' id='word_1_306' title='bbox 391 3592 539 3646; x_wconf 85' lang='lat' dir='ltr'><strong>initio</strong></span> <span class='ocrx_word' id='word_1_307' title='bbox 559 3593 627 3647; x_wconf 74' lang='lat' dir='ltr'><strong>ab</strong></span> <span class='ocrx_word' id='word_1_308' title='bbox 650 3594 898 3648; x_wconf 86' lang='lat' dir='ltr'><strong>omnibus</strong></span> <span class='ocrx_word' id='word_1_309' title='bbox 923 3596 1074 3648; x_wconf 81' lang='lat' dir='ltr'><strong>malis</strong></span> <span class='ocrx_word' id='word_1_310' title='bbox 1106 3595 1361 3657; x_wconf 74' lang='lat' dir='ltr'><strong>liberavit,</strong></span> <span class='ocrx_word' id='word_1_311' title='bbox 1393 3596 1481 3665; x_wconf 89' lang='lat' dir='ltr'><strong>qui</strong></span> <span class='ocrx_word' id='word_1_312' title='bbox 1507 3606 1702 3651; x_wconf 60' lang='lat' dir='ltr'><strong>tantum</strong></span> <span class='ocrx_word' id='word_1_313' title='bbox 1734 3614 1853 3669; x_wconf 77' lang='lat' dir='ltr'><strong>erga</strong></span> <span class='ocrx_word' id='word_1_314' title='bbox 1883 3614 1969 3655; x_wconf 89' lang='lat' dir='ltr'><strong>me</strong></span> 
     </span>
    </p>
   </div>
   <div class='ocr_carea' id='block_1_38' title="bbox 388 3684 1968 3759">
    <p class='ocr_par' dir='ltr' id='par_1_38' title="bbox 388 3684 1968 3759">
     <span class='ocr_line' id='line_1_38' title="bbox 388 3684 1968 3759; baseline 0.006 -22"><span class='ocrx_word' id='word_1_315' title='bbox 388 3684 673 3738; x_wconf 74' lang='lat' dir='ltr'><strong>declaravit</strong></span> <span class='ocrx_word' id='word_1_316' title='bbox 714 3684 1123 3753; x_wconf 75' lang='lat' dir='ltr'><strong>providentiam,</strong></span> <span class='ocrx_word' id='word_1_317' title='bbox 1172 3688 1281 3755; x_wconf 89' lang='lat' dir='ltr'><strong>ipse</strong></span> <span class='ocrx_word' id='word_1_318' title='bbox 1307 3686 1574 3742; x_wconf 80' lang='lat' dir='ltr'><strong>Benediret</strong></span> <span class='ocrx_word' id='word_1_319' title='bbox 1612 3690 1702 3742; x_wconf 85' lang='lat' dir='ltr'><strong>hos</strong></span> <span class='ocrx_word' id='word_1_320' title='bbox 1742 3708 1921 3759; x_wconf 81' lang='lat' dir='ltr'><strong>pueros</strong></span> <span class='ocrx_word' id='word_1_321' title='bbox 1949 3708 1968 3746; x_wconf 88' lang='lat'><strong><em>:</em></strong></span> 
     </span>
    </p>
   </div>
   <div class='ocr_carea' id='block_1_39' title="bbox 389 3774 1969 3849">
    <p class='ocr_par' dir='ltr' id='par_1_39' title="bbox 389 3774 1969 3849">
     <span class='ocr_line' id='line_1_39' title="bbox 389 3774 1969 3849; baseline 0.005 -22"><span class='ocrx_word' id='word_1_322' title='bbox 389 3784 437 3828; x_wconf 87' lang='lat' dir='ltr'><strong>et</strong></span> <span class='ocrx_word' id='word_1_323' title='bbox 475 3774 780 3827; x_wconf 72' lang='lat' dir='ltr'><strong>invocabitur</strong></span> <span class='ocrx_word' id='word_1_324' title='bbox 808 3774 861 3827; x_wconf 74' lang='lat' dir='ltr'><strong>in</strong></span> <span class='ocrx_word' id='word_1_325' title='bbox 890 3777 961 3829; x_wconf 83' lang='lat' dir='ltr'><strong>eis</strong></span> <span class='ocrx_word' id='word_1_326' title='bbox 1002 3791 1180 3829; x_wconf 80' lang='lat' dir='ltr'><strong>nomen</strong></span> <span class='ocrx_word' id='word_1_327' title='bbox 1222 3794 1421 3841; x_wconf 87' lang='lat' dir='ltr'><strong>meum,</strong></span> <span class='ocrx_word' id='word_1_328' title='bbox 1462 3788 1509 3831; x_wconf 90' lang='lat' dir='ltr'><strong>et</strong></span> <span class='ocrx_word' id='word_1_329' title='bbox 1546 3796 1725 3833; x_wconf 86' lang='lat' dir='ltr'><strong>nomen</strong></span> <span class='ocrx_word' id='word_1_330' title='bbox 1769 3791 1969 3849; x_wconf 77' lang='lat' dir='ltr'><strong>patrum</strong></span> 
     </span>
    </p>
   </div>
   <div class='ocr_carea' id='block_1_40' title="bbox 390 3866 1967 3939">
    <p class='ocr_par' dir='ltr' id='par_1_40' title="bbox 390 3866 1967 3939">
     <span class='ocr_line' id='line_1_40' title="bbox 390 3866 1967 3939; baseline 0.007 -22"><span class='ocrx_word' id='word_1_331' title='bbox 390 3882 643 3931; x_wconf 81' lang='lat' dir='ltr'><strong>meorum,</strong></span> <span class='ocrx_word' id='word_1_332' title='bbox 677 3867 931 3920; x_wconf 63' lang='lat' dir='ltr'><strong>Abraham</strong></span> <span class='ocrx_word' id='word_1_333' title='bbox 955 3878 999 3922; x_wconf 81' lang='lat' dir='ltr'><strong>et</strong></span> <span class='ocrx_word' id='word_1_334' title='bbox 1033 3866 1203 3934; x_wconf 80' lang='lat' dir='ltr'><strong>Isaac,</strong></span> <span class='ocrx_word' id='word_1_335' title='bbox 1247 3878 1292 3923; x_wconf 90' lang='lat' dir='ltr'><strong>et</strong></span> <span class='ocrx_word' id='word_1_336' title='bbox 1333 3871 1729 3939; x_wconf 65' lang='lat' dir='ltr'><strong>multiplicemur</strong></span> <span class='ocrx_word' id='word_1_337' title='bbox 1752 3874 1803 3927; x_wconf 91' lang='lat' dir='ltr'><strong>in</strong></span> <span class='ocrx_word' id='word_1_338' title='bbox 1834 3875 1967 3928; x_wconf 81' lang='lat' dir='ltr'><strong>mul-</strong></span> 
     </span>
    </p>
   </div>
   <div class='ocr_carea' id='block_1_41' title="bbox 390 3957 1974 4030">
    <p class='ocr_par' dir='ltr' id='par_1_41' title="bbox 390 3957 1974 4030">
     <span class='ocr_line' id='line_1_41' title="bbox 390 3957 1974 4030; baseline 0.008 -21"><span class='ocrx_word' id='word_1_339' title='bbox 390 3957 654 4011; x_wconf 83' lang='lat' dir='ltr'><strong>titudinem</strong></span> <span class='ocrx_word' id='word_1_340' title='bbox 681 3975 915 4030; x_wconf 72' lang='lat' dir='ltr'><strong>magnam</strong></span> <span class='ocrx_word' id='word_1_341' title='bbox 942 3977 1095 4030; x_wconf 76' lang='lat' dir='ltr'><strong>super</strong></span> <span class='ocrx_word' id='word_1_342' title='bbox 1122 3972 1321 4014; x_wconf 89' lang='lat' dir='ltr'><strong>terram.</strong></span> <span class='ocrx_word' id='word_1_343' title='bbox 1346 3962 1529 4017; x_wconf 78' lang='lat' dir='ltr'><strong>Vidisti</strong></span> <span class='ocrx_word' id='word_1_344' title='bbox 1554 3965 1711 4019; x_wconf 88' lang='lat' dir='ltr'><strong>simul</strong></span> <span class='ocrx_word' id='word_1_345' title='bbox 1737 3975 1789 4019; x_wconf 89' lang='lat' dir='ltr'><strong>et</strong></span> <span class='ocrx_word' id='word_1_346' title='bbox 1818 3967 1974 4022; x_wconf 82' lang='lat' dir='ltr'><strong>intol-</strong></span> 
     </span>
    </p>
   </div>
   <div class='ocr_carea' id='block_1_42' title="bbox 392 4046 1964 4126">
    <p class='ocr_par' dir='ltr' id='par_1_42' title="bbox 392 4046 1964 4126">
     <span class='ocr_line' id='line_1_42' title="bbox 392 4046 1964 4126; baseline 0.009 -28"><span class='ocrx_word' id='word_1_347' title='bbox 392 4046 698 4117; x_wconf 79' lang='lat' dir='ltr'><strong>Iigcntiam,</strong></span> <span class='ocrx_word' id='word_1_348' title='bbox 744 4058 798 4105; x_wconf 81' lang='lat' dir='ltr'><strong>et</strong></span> <span class='ocrx_word' id='word_1_349' title='bbox 856 4052 1220 4106; x_wconf 73' lang='lat' dir='ltr'><strong>modestiam?</strong></span> <span class='ocrx_word' id='word_1_350' title='bbox 1269 4053 1670 4125; x_wconf 68' lang='lat' dir='ltr'><strong>[intelligentiam</strong></span> <span class='ocrx_word' id='word_1_351' title='bbox 1716 4058 1964 4126; x_wconf 90' lang='lat' dir='ltr'><strong>quidem,</strong></span> 
     </span>
    </p>
   </div>
   <div class='ocr_carea' id='block_1_43' title="bbox 388 4137 1965 4216">
    <p class='ocr_par' dir='ltr' id='par_1_43' title="bbox 388 4137 1965 4216">
     <span class='ocr_line' id='line_1_43' title="bbox 388 4137 1965 4216; baseline 0.009 -26"><span class='ocrx_word' id='word_1_352' title='bbox 388 4138 509 4206; x_wconf 80' lang='lat' dir='ltr'><strong>quia</strong></span> <span class='ocrx_word' id='word_1_353' title='bbox 535 4137 655 4194; x_wconf 82' lang='lat' dir='ltr'><strong>ﬁdei</strong></span> <span class='ocrx_word' id='word_1_354' title='bbox 676 4140 847 4195; x_wconf 85' lang='lat' dir='ltr'><strong>oculis</strong></span> <span class='ocrx_word' id='word_1_355' title='bbox 865 4142 1161 4210; x_wconf 67' lang='lat' dir='ltr'><strong>prtevidens</strong></span> <span class='ocrx_word' id='word_1_356' title='bbox 1183 4142 1433 4211; x_wconf 85' lang='lat' dir='ltr'><strong>Ephraitn</strong></span> <span class='ocrx_word' id='word_1_357' title='bbox 1457 4147 1687 4216; x_wconf 73' lang='lat' dir='ltr'><strong>prmtulit</strong></span> <span class='ocrx_word' id='word_1_358' title='bbox 1706 4147 1927 4204; x_wconf 79' lang='lat' dir='ltr'><strong>Manassi</strong></span> <span class='ocrx_word' id='word_1_359' title='bbox 1950 4168 1965 4204; x_wconf 86' lang='lat'><strong>:</strong></span> 
     </span>
    </p>
   </div>
   <div class='ocr_carea' id='block_1_44' title="bbox 390 4231 1964 4304">
    <p class='ocr_par' dir='ltr' id='par_1_44' title="bbox 390 4231 1964 4304">
     <span class='ocr_line' id='line_1_44' title="bbox 390 4231 1964 4304; baseline 0.008 -20"><span class='ocrx_word' id='word_1_360' title='bbox 390 4231 704 4287; x_wconf 82' lang='lat' dir='ltr'><strong>modestiam</strong></span> <span class='ocrx_word' id='word_1_361' title='bbox 719 4249 866 4297; x_wconf 88' lang='lat' dir='ltr'><strong>vero,</strong></span> <span class='ocrx_word' id='word_1_362' title='bbox 880 4234 1003 4304; x_wconf 83' lang='lat' dir='ltr'><strong>quia</strong></span> <span class='ocrx_word' id='word_1_363' title='bbox 1026 4250 1279 4304; x_wconf 87' lang='lat' dir='ltr'><strong>nusquam</strong></span> <span class='ocrx_word' id='word_1_364' title='bbox 1295 4251 1403 4291; x_wconf 75' lang='lat' dir='ltr'><strong>sua:</strong></span> <span class='ocrx_word' id='word_1_365' title='bbox 1418 4238 1625 4293; x_wconf 88' lang='lat' dir='ltr'><strong>virtutis</strong></span> <span class='ocrx_word' id='word_1_366' title='bbox 1643 4243 1964 4297; x_wconf 87' lang='lat' dir='ltr'><strong>mentionem</strong></span> 
     </span>
    </p>
   </div>
   <div class='ocr_carea' id='block_1_45' title="bbox 393 4325 1964 4396">
    <p class='ocr_par' dir='ltr' id='par_1_45' title="bbox 393 4325 1964 4396">
     <span class='ocr_line' id='line_1_45' title="bbox 393 4325 1964 4396; baseline 0.006 -16"><span class='ocrx_word' id='word_1_367' title='bbox 393 4325 547 4391; x_wconf 77' lang='lat' dir='ltr'><strong>fecit;</strong></span> <span class='ocrx_word' id='word_1_368' title='bbox 577 4325 671 4381; x_wconf 83' lang='lat' dir='ltr'><strong>sed</strong></span> <span class='ocrx_word' id='word_1_369' title='bbox 698 4342 763 4381; x_wconf 78' lang='lat' dir='ltr'><strong>es</strong></span> <span class='ocrx_word' id='word_1_370' title='bbox 794 4326 1014 4396; x_wconf 89' lang='lat' dir='ltr'><strong>probata</strong></span> <span class='ocrx_word' id='word_1_371' title='bbox 1049 4338 1256 4396; x_wconf 88' lang='lat' dir='ltr'><strong>patrum</strong></span> <span class='ocrx_word' id='word_1_372' title='bbox 1280 4330 1411 4395; x_wconf 87' lang='lat' dir='ltr'><strong>vita,</strong></span> <span class='ocrx_word' id='word_1_373' title='bbox 1440 4339 1495 4385; x_wconf 90' lang='lat' dir='ltr'><strong>et</strong></span> <span class='ocrx_word' id='word_1_374' title='bbox 1519 4348 1587 4385; x_wconf 82' lang='lat' dir='ltr'><strong>ex</strong></span> <span class='ocrx_word' id='word_1_375' title='bbox 1618 4332 1886 4387; x_wconf 86' lang='lat' dir='ltr'><strong>beneﬁciis</strong></span> <span class='ocrx_word' id='word_1_376' title='bbox 1913 4336 1964 4389; x_wconf 92' lang='lat' dir='ltr'><strong>in</strong></span> 
     </span>
    </p>
   </div>
   <div class='ocr_carea' id='block_1_46' title="bbox 389 4416 1966 4486">
    <p class='ocr_par' dir='ltr' id='par_1_46' title="bbox 389 4416 1966 4486">
     <span class='ocr_line' id='line_1_46' title="bbox 389 4416 1966 4486; baseline 0.007 -16"><span class='ocrx_word' id='word_1_377' title='bbox 389 4430 447 4470; x_wconf 87' lang='lat' dir='ltr'><strong>se</strong></span> <span class='ocrx_word' id='word_1_378' title='bbox 475 4416 683 4470; x_wconf 83' lang='lat' dir='ltr'><strong>collatis</strong></span> <span class='ocrx_word' id='word_1_379' title='bbox 714 4416 825 4486; x_wconf 85' lang='lat' dir='ltr'><strong>ipse</strong></span> <span class='ocrx_word' id='word_1_380' title='bbox 871 4433 1055 4486; x_wconf 79' lang='lat' dir='ltr'><strong>preces</strong></span> <span class='ocrx_word' id='word_1_381' title='bbox 1100 4418 1249 4485; x_wconf 87' lang='lat' dir='ltr'><strong>ludit,</strong></span> <span class='ocrx_word' id='word_1_382' title='bbox 1295 4430 1348 4474; x_wconf 88' lang='lat' dir='ltr'><strong>ct</strong></span> <span class='ocrx_word' id='word_1_383' title='bbox 1378 4420 1800 4478; x_wconf 71' lang='lat' dir='ltr'><strong>benedictionem</strong></span> <span class='ocrx_word' id='word_1_384' title='bbox 1845 4426 1966 4483; x_wconf 81' lang='lat' dir='ltr'><strong>ﬁliis</strong></span> 
     </span>
    </p>
   </div>
   <div class='ocr_carea' id='block_1_47' title="bbox 390 4508 1963 4583">
    <p class='ocr_par' dir='ltr' id='par_1_47' title="bbox 390 4508 1963 4583">
     <span class='ocr_line' id='line_1_47' title="bbox 390 4508 1963 4583; baseline 0.006 -23"><span class='ocrx_word' id='word_1_385' title='bbox 390 4519 637 4575; x_wconf 79' lang='lat' dir='ltr'><strong>precatus</strong></span> <span class='ocrx_word' id='word_1_386' title='bbox 662 4516 763 4561; x_wconf 86' lang='lat' dir='ltr'><strong>est.</strong></span> <span class='ocrx_word' id='word_1_387' title='bbox 798 4508 996 4563; x_wconf 80' lang='lat' dir='ltr'><strong>Ventm</strong></span> <span class='ocrx_word' id='word_1_388' title='bbox 1014 4508 1178 4565; x_wconf 81' lang='lat' dir='ltr'><strong>Iacob</strong></span> <span class='ocrx_word' id='word_1_389' title='bbox 1202 4512 1413 4581; x_wconf 86' lang='lat' dir='ltr'><strong>quidem</strong></span> <span class='ocrx_word' id='word_1_390' title='bbox 1445 4514 1740 4582; x_wconf 56' lang='lat' dir='ltr'><strong>praevidens</strong></span> <span class='ocrx_word' id='word_1_391' title='bbox 1767 4515 1963 4583; x_wconf 78' lang='lat' dir='ltr'><strong>futura,</strong></span> 
     </span>
    </p>
   </div>
   <div class='ocr_carea' id='block_1_48' title="bbox 390 4596 1967 4678">
    <p class='ocr_par' dir='ltr' id='par_1_48' title="bbox 390 4596 1967 4678">
     <span class='ocr_line' id='line_1_48' title="bbox 390 4596 1967 4678; baseline 0.006 -27"><span class='ocrx_word' id='word_1_392' title='bbox 390 4596 459 4651; x_wconf 87' lang='lat' dir='ltr'><strong>ita</strong></span> <span class='ocrx_word' id='word_1_393' title='bbox 493 4597 596 4650; x_wconf 82' lang='lat' dir='ltr'><strong>illis</strong></span> <span class='ocrx_word' id='word_1_394' title='bbox 627 4598 894 4654; x_wconf 77' lang='lat' dir='ltr'><strong>benedixit</strong></span> <span class='ocrx_word' id='word_1_395' title='bbox 936 4617 950 4653; x_wconf 89' lang='lat'><strong>:</strong></span> <span class='ocrx_word' id='word_1_396' title='bbox 986 4601 1071 4656; x_wconf 80' lang='grc' dir='ltr'><strong>Π.</strong></span> <span class='ocrx_word' id='word_1_397' title='bbox 1106 4601 1299 4671; x_wconf 74' lang='lat' dir='ltr'><strong>Ioseph</strong></span> <span class='ocrx_word' id='word_1_398' title='bbox 1344 4619 1459 4657; x_wconf 68' lang='lat' dir='ltr'><strong>vero</strong></span> <span class='ocrx_word' id='word_1_399' title='bbox 1502 4606 1673 4659; x_wconf 81' lang='lat' dir='ltr'><strong>ridens</strong></span> <span class='ocrx_word' id='word_1_400' title='bbox 1707 4608 1967 4678; x_wconf 80' lang='lat' dir='ltr'><strong>juniorem</strong></span> 
     </span>
    </p>
   </div>
   <div class='ocr_carea' id='block_1_49' title="bbox 390 4690 1967 4765">
    <p class='ocr_par' dir='ltr' id='par_1_49' title="bbox 390 4690 1967 4765">
     <span class='ocr_line' id='line_1_49' title="bbox 390 4690 1967 4765; baseline 0.009 -24"><span class='ocrx_word' id='word_1_401' title='bbox 390 4690 659 4757; x_wconf 69' lang='lat' dir='ltr'><strong>prclatnm</strong></span> <span class='ocrx_word' id='word_1_402' title='bbox 681 4692 884 4755; x_wconf 75' lang='lat' dir='ltr'><strong>seniori,</strong></span> <span class='ocrx_word' id='word_1_403' title='bbox 916 4710 1067 4763; x_wconf 77' lang='lat' dir='ltr'><strong>grave</strong></span> <span class='ocrx_word' id='word_1_404' title='bbox 1092 4703 1136 4749; x_wconf 89' lang='lat' dir='ltr'><strong>et</strong></span> <span class='ocrx_word' id='word_1_405' title='bbox 1159 4695 1419 4765; x_wconf 83' lang='lat' dir='ltr'><strong>indignant</strong></span> <span class='ocrx_word' id='word_1_406' title='bbox 1447 4713 1553 4750; x_wconf 88' lang='lat' dir='ltr'><strong>esse</strong></span> <span class='ocrx_word' id='word_1_407' title='bbox 1582 4710 1783 4765; x_wconf 88' lang='lat' dir='ltr'><strong>putans,</strong></span> <span class='ocrx_word' id='word_1_408' title='bbox 1812 4700 1967 4755; x_wconf 74' lang='lat' dir='ltr'><strong>dicit:</strong></span> 
     </span>
    </p>
   </div>
   <div class='ocr_carea' id='block_1_50' title="bbox 392 4782 1968 4861">
    <p class='ocr_par' dir='ltr' id='par_1_50' title="bbox 392 4782 1968 4861">
     <span class='ocr_line' id='line_1_50' title="bbox 392 4782 1968 4861; baseline 0.006 -26"><span class='ocrx_word' id='word_1_409' title='bbox 392 4784 478 4838; x_wconf 85' lang='grc'><strong>18.</strong></span> <span class='ocrx_word' id='word_1_410' title='bbox 513 4782 608 4836; x_wconf 78' lang='lat' dir='ltr'><strong>Hic</strong></span> <span class='ocrx_word' id='word_1_411' title='bbox 630 4793 705 4837; x_wconf 80' lang='lat' dir='ltr'><strong>est</strong></span> <span class='ocrx_word' id='word_1_412' title='bbox 741 4785 1143 4857; x_wconf 55' lang='lat' dir='ltr'><strong>primogenitum</strong></span> <span class='ocrx_word' id='word_1_413' title='bbox 1181 4804 1311 4856; x_wconf 87' lang='lat' dir='ltr'><strong>pone</strong></span> <span class='ocrx_word' id='word_1_414' title='bbox 1344 4788 1601 4842; x_wconf 73' lang='lat' dir='ltr'><strong>dexteram</strong></span> <span class='ocrx_word' id='word_1_415' title='bbox 1642 4802 1777 4843; x_wconf 84' lang='lat' dir='ltr'><strong>tuam</strong></span> <span class='ocrx_word' id='word_1_416' title='bbox 1817 4808 1968 4861; x_wconf 88' lang='lat' dir='ltr'><strong>super</strong></span> 
     </span>
    </p>
   </div>
   <div class='ocr_carea' id='block_1_51' title="bbox 388 4874 1968 4949">
    <p class='ocr_par' dir='ltr' id='par_1_51' title="bbox 388 4874 1968 4949">
     <span class='ocr_line' id='line_1_51' title="bbox 388 4874 1968 4949; baseline 0.006 -22"><span class='ocrx_word' id='word_1_417' title='bbox 388 4884 539 4944; x_wconf 80' lang='lat' dir='ltr'><strong>caput</strong></span> <span class='ocrx_word' id='word_1_418' title='bbox 564 4875 689 4945; x_wconf 79' lang='lat' dir='ltr'><strong>ejus.</strong></span> <span class='ocrx_word' id='word_1_419' title='bbox 720 4875 804 4930; x_wconf 78' lang='lat' dir='ltr'><strong>I9.</strong></span> <span class='ocrx_word' id='word_1_420' title='bbox 833 4874 898 4930; x_wconf 80' lang='lat' dir='ltr'><strong>Et</strong></span> <span class='ocrx_word' id='word_1_421' title='bbox 921 4877 1081 4929; x_wconf 80' lang='lat' dir='ltr'><strong>noluit</strong></span> <span class='ocrx_word' id='word_1_422' title='bbox 1102 4920 1115 4941; x_wconf 97' lang='lat'><strong>,</strong></span> <span class='ocrx_word' id='word_1_423' title='bbox 1142 4878 1231 4931; x_wconf 85' lang='lat' dir='ltr'><strong>sed</strong></span> <span class='ocrx_word' id='word_1_424' title='bbox 1251 4878 1376 4932; x_wconf 73' lang='lat' dir='ltr'><strong>dixit</strong></span> <span class='ocrx_word' id='word_1_425' title='bbox 1400 4896 1419 4931; x_wconf 90' lang='lat'><strong><em>:</em></strong></span> <span class='ocrx_word' id='word_1_426' title='bbox 1442 4879 1591 4944; x_wconf 76' lang='lat' dir='ltr'><strong>Seio,</strong></span> <span class='ocrx_word' id='word_1_427' title='bbox 1616 4883 1722 4949; x_wconf 80' lang='lat' dir='ltr'><strong>ﬁli,</strong></span> <span class='ocrx_word' id='word_1_428' title='bbox 1750 4884 1871 4939; x_wconf 80' lang='lat' dir='ltr'><strong>scio.</strong></span> <span class='ocrx_word' id='word_1_429' title='bbox 1900 4882 1968 4938; x_wconf 79' lang='lat' dir='ltr'><strong>Et</strong></span> 
     </span>
    </p>
   </div>
   <div class='ocr_carea' id='block_1_52' title="bbox 388 4964 1967 5045">
    <p class='ocr_par' dir='ltr' id='par_1_52' title="bbox 388 4964 1967 5045">
     <span class='ocr_line' id='line_1_52' title="bbox 388 4964 1967 5045; baseline 0.008 -27"><span class='ocrx_word' id='word_1_430' title='bbox 388 4964 470 5018; x_wconf 86' lang='lat' dir='ltr'><strong>Itic</strong></span> <span class='ocrx_word' id='word_1_431' title='bbox 493 4968 585 5021; x_wconf 87' lang='lat' dir='ltr'><strong>erit</strong></span> <span class='ocrx_word' id='word_1_432' title='bbox 608 4969 659 5020; x_wconf 86' lang='lat' dir='ltr'><strong>in</strong></span> <span class='ocrx_word' id='word_1_433' title='bbox 687 4969 962 5037; x_wconf 85' lang='lat' dir='ltr'><strong>populum,</strong></span> <span class='ocrx_word' id='word_1_434' title='bbox 990 4979 1037 5022; x_wconf 81' lang='lat' dir='ltr'><strong>et</strong></span> <span class='ocrx_word' id='word_1_435' title='bbox 1062 4969 1142 5022; x_wconf 84' lang='lat' dir='ltr'><strong>hic</strong></span> <span class='ocrx_word' id='word_1_436' title='bbox 1169 4970 1506 5037; x_wconf 69' lang='lat' dir='ltr'><strong>excitabitur;</strong></span> <span class='ocrx_word' id='word_1_437' title='bbox 1546 4975 1635 5028; x_wconf 82' lang='lat' dir='ltr'><strong>sed</strong></span> <span class='ocrx_word' id='word_1_438' title='bbox 1667 4979 1827 5045; x_wconf 77' lang='lat' dir='ltr'><strong>frater</strong></span> <span class='ocrx_word' id='word_1_439' title='bbox 1858 4978 1967 5043; x_wconf 84' lang='lat' dir='ltr'><strong>ejus</strong></span> 
     </span>
    </p>
   </div>
   <div class='ocr_carea' id='block_1_53' title="bbox 381 5056 1966 5132">
    <p class='ocr_par' dir='ltr' id='par_1_53' title="bbox 381 5056 1966 5132">
     <span class='ocr_line' id='line_1_53' title="bbox 381 5056 1966 5132; baseline 0.009 -25"><span class='ocrx_word' id='word_1_440' title='bbox 381 5056 558 5125; x_wconf 83' lang='lat' dir='ltr'><strong>junior</strong></span> <span class='ocrx_word' id='word_1_441' title='bbox 579 5059 743 5127; x_wconf 75' lang='lat' dir='ltr'><strong>major</strong></span> <span class='ocrx_word' id='word_1_442' title='bbox 762 5075 821 5112; x_wconf 91' lang='lat' dir='ltr'><strong>eo</strong></span> <span class='ocrx_word' id='word_1_443' title='bbox 849 5061 962 5124; x_wconf 83' lang='lat' dir='ltr'><strong>erit,</strong></span> <span class='ocrx_word' id='word_1_444' title='bbox 992 5069 1039 5113; x_wconf 83' lang='lat' dir='ltr'><strong>et</strong></span> <span class='ocrx_word' id='word_1_445' title='bbox 1058 5077 1224 5115; x_wconf 82' lang='lat' dir='ltr'><strong>semen</strong></span> <span class='ocrx_word' id='word_1_446' title='bbox 1251 5063 1360 5132; x_wconf 87' lang='lat' dir='ltr'><strong>ejus</strong></span> <span class='ocrx_word' id='word_1_447' title='bbox 1389 5075 1483 5116; x_wconf 85' lang='lat' dir='ltr'><strong>erit</strong></span> <span class='ocrx_word' id='word_1_448' title='bbox 1511 5065 1562 5118; x_wconf 87' lang='lat' dir='ltr'><strong>in</strong></span> <span class='ocrx_word' id='word_1_449' title='bbox 1591 5066 1966 5121; x_wconf 66' lang='lat' dir='ltr'><strong>multitudinem</strong></span> 
     </span>
    </p>
   </div>
   <div class='ocr_carea' id='block_1_54' title="bbox 386 5148 1967 5222">
    <p class='ocr_par' dir='ltr' id='par_1_54' title="bbox 386 5148 1967 5222">
     <span class='ocr_line' id='line_1_54' title="bbox 386 5148 1967 5222; baseline 0.006 -24"><span class='ocrx_word' id='word_1_450' title='bbox 386 5148 628 5217; x_wconf 82' lang='lat' dir='ltr'><strong>gentium.</strong></span> <span class='ocrx_word' id='word_1_451' title='bbox 671 5149 747 5203; x_wconf 82' lang='lat' dir='ltr'><strong>Ne</strong></span> <span class='ocrx_word' id='word_1_452' title='bbox 780 5160 930 5219; x_wconf 87' lang='lat' dir='ltr'><strong>putes</strong></span> <span class='ocrx_word' id='word_1_453' title='bbox 960 5167 1079 5217; x_wconf 91' lang='lat' dir='ltr'><strong>me,</strong></span> <span class='ocrx_word' id='word_1_454' title='bbox 1114 5153 1314 5222; x_wconf 82' lang='lat' dir='ltr'><strong>inquit,</strong></span> <span class='ocrx_word' id='word_1_455' title='bbox 1353 5168 1478 5207; x_wconf 86' lang='lat' dir='ltr'><strong>casn</strong></span> <span class='ocrx_word' id='word_1_456' title='bbox 1519 5171 1581 5209; x_wconf 89' lang='lat' dir='ltr'><strong>ac</strong></span> <span class='ocrx_word' id='word_1_457' title='bbox 1620 5156 1835 5212; x_wconf 79' lang='lat' dir='ltr'><strong>fortuito</strong></span> <span class='ocrx_word' id='word_1_458' title='bbox 1867 5161 1967 5217; x_wconf 75' lang='lat' dir='ltr'><strong>hoc</strong></span> 
     </span>
    </p>
   </div>
   <div class='ocr_carea' id='block_1_55' title="bbox 389 5237 1967 5318">
    <p class='ocr_par' dir='ltr' id='par_1_55' title="bbox 389 5237 1967 5318">
     <span class='ocr_line' id='line_1_55' title="bbox 389 5237 1967 5318; baseline 0.01 -27"><span class='ocrx_word' id='word_1_459' title='bbox 389 5237 598 5300; x_wconf 73' lang='lat' dir='ltr'><strong>fecisse.</strong></span> <span class='ocrx_word' id='word_1_460' title='bbox 629 5238 711 5294; x_wconf 82' lang='lat' dir='ltr'><strong>vel</strong></span> <span class='ocrx_word' id='word_1_461' title='bbox 739 5254 832 5309; x_wconf 82' lang='lat' dir='ltr'><strong>per</strong></span> <span class='ocrx_word' id='word_1_462' title='bbox 860 5241 1229 5310; x_wconf 77' lang='lat' dir='ltr'><strong>ignorantiam.</strong></span> <span class='ocrx_word' id='word_1_463' title='bbox 1261 5243 1385 5300; x_wconf 86' lang='lat' dir='ltr'><strong>Seio</strong></span> <span class='ocrx_word' id='word_1_464' title='bbox 1405 5244 1568 5310; x_wconf 91' lang='lat' dir='ltr'><strong>enim,</strong></span> <span class='ocrx_word' id='word_1_465' title='bbox 1593 5257 1647 5301; x_wconf 91' lang='lat' dir='ltr'><strong>ct</strong></span> <span class='ocrx_word' id='word_1_466' title='bbox 1673 5249 1967 5318; x_wconf 69' lang='lat' dir='ltr'><strong>prmvidens</strong></span> 
     </span>
    </p>
   </div>
   <div class='ocr_carea' id='block_1_56' title="bbox 386 5330 1967 5402">
    <p class='ocr_par' dir='ltr' id='par_1_56' title="bbox 386 5330 1967 5402">
     <span class='ocr_line' id='line_1_56' title="bbox 386 5330 1967 5402; baseline 0.009 -15"><span class='ocrx_word' id='word_1_467' title='bbox 386 5330 560 5387; x_wconf 73' lang='lat' dir='ltr'><strong>futura</strong></span> <span class='ocrx_word' id='word_1_468' title='bbox 582 5374 596 5395; x_wconf 90' lang='lat'><strong>,</strong></span> <span class='ocrx_word' id='word_1_469' title='bbox 629 5332 701 5387; x_wconf 84' lang='lat' dir='ltr'><strong>ita</strong></span> <span class='ocrx_word' id='word_1_470' title='bbox 728 5334 775 5388; x_wconf 92' lang='lat' dir='ltr'><strong>ci</strong></span> <span class='ocrx_word' id='word_1_471' title='bbox 806 5335 1228 5392; x_wconf 78' lang='lat' dir='ltr'><strong>benedictionem</strong></span> <span class='ocrx_word' id='word_1_472' title='bbox 1259 5337 1401 5393; x_wconf 88' lang='lat' dir='ltr'><strong>dedi.</strong></span> <span class='ocrx_word' id='word_1_473' title='bbox 1445 5338 1573 5394; x_wconf 81' lang='lat' dir='ltr'><strong>Nam</strong></span> <span class='ocrx_word' id='word_1_474' title='bbox 1617 5341 1739 5398; x_wconf 86' lang='lat' dir='ltr'><strong>licet</strong></span> <span class='ocrx_word' id='word_1_475' title='bbox 1779 5356 1967 5402; x_wconf 80' lang='lat' dir='ltr'><strong>natura</strong></span> 
     </span>
    </p>
   </div>
   <div class='ocr_carea' id='block_1_57' title="bbox 386 5426 1967 5507">
    <p class='ocr_par' dir='ltr' id='par_1_57' title="bbox 386 5426 1967 5507">
     <span class='ocr_line' id='line_1_57' title="bbox 386 5426 1967 5507; baseline 0.009 -30"><span class='ocrx_word' id='word_1_476' title='bbox 386 5426 667 5495; x_wconf 85' lang='lat' dir='ltr'><strong>primatum</strong></span> <span class='ocrx_word' id='word_1_477' title='bbox 700 5426 889 5482; x_wconf 78' lang='lat' dir='ltr'><strong>habeat</strong></span> <span class='ocrx_word' id='word_1_478' title='bbox 922 5427 1188 5483; x_wconf 64' lang='lat' dir='ltr'><strong>Manasses</strong></span> <span class='ocrx_word' id='word_1_479' title='bbox 1208 5471 1223 5492; x_wconf 90' lang='lat'><strong>,</strong></span> <span class='ocrx_word' id='word_1_480' title='bbox 1252 5431 1344 5484; x_wconf 88' lang='lat' dir='ltr'><strong>sed</strong></span> <span class='ocrx_word' id='word_1_481' title='bbox 1375 5430 1582 5487; x_wconf 72' lang='lat' dir='ltr'><strong>Iuvenis</strong></span> <span class='ocrx_word' id='word_1_482' title='bbox 1609 5435 1694 5488; x_wconf 85' lang='lat' dir='ltr'><strong>ille</strong></span> <span class='ocrx_word' id='word_1_483' title='bbox 1722 5438 1883 5507; x_wconf 75' lang='lat' dir='ltr'><strong>major</strong></span> <span class='ocrx_word' id='word_1_484' title='bbox 1909 5454 1967 5493; x_wconf 90' lang='lat' dir='ltr'><strong>eo</strong></span> 
     </span>
    </p>
   </div>
   <div class='ocr_carea' id='block_1_58' title="bbox 384 5516 1964 5593">
    <p class='ocr_par' dir='ltr' id='par_1_58' title="bbox 384 5516 1964 5593">
     <span class='ocr_line' id='line_1_58' title="bbox 384 5516 1964 5593; baseline 0.009 -24"><span class='ocrx_word' id='word_1_485' title='bbox 384 5516 501 5580; x_wconf 89' lang='lat' dir='ltr'><strong>erit,</strong></span> <span class='ocrx_word' id='word_1_486' title='bbox 529 5527 576 5569; x_wconf 87' lang='lat' dir='ltr'><strong>et</strong></span> <span class='ocrx_word' id='word_1_487' title='bbox 597 5533 765 5571; x_wconf 82' lang='lat' dir='ltr'><strong>semen</strong></span> <span class='ocrx_word' id='word_1_488' title='bbox 785 5519 894 5588; x_wconf 75' lang='lat' dir='ltr'><strong>ejus</strong></span> <span class='ocrx_word' id='word_1_489' title='bbox 921 5518 972 5572; x_wconf 86' lang='lat' dir='ltr'><strong>in</strong></span> <span class='ocrx_word' id='word_1_490' title='bbox 997 5519 1366 5574; x_wconf 79' lang='lat' dir='ltr'><strong>multitudinem</strong></span> <span class='ocrx_word' id='word_1_491' title='bbox 1388 5526 1629 5593; x_wconf 82' lang='lat' dir='ltr'><strong>gentium.</strong></span> <span class='ocrx_word' id='word_1_492' title='bbox 1656 5524 1766 5581; x_wconf 88' lang='lat' dir='ltr'><strong>IIoc</strong></span> <span class='ocrx_word' id='word_1_493' title='bbox 1790 5538 1964 5583; x_wconf 87' lang='lat' dir='ltr'><strong>atttem</strong></span> 
     </span>
    </p>
   </div>
   <div class='ocr_carea' id='block_1_59' title="bbox 385 5609 1963 5684">
    <p class='ocr_par' dir='ltr' id='par_1_59' title="bbox 385 5609 1963 5684">
     <span class='ocr_line' id='line_1_59' title="bbox 385 5609 1963 5684; baseline 0.01 -21"><span class='ocrx_word' id='word_1_494' title='bbox 385 5620 552 5663; x_wconf 84' lang='lat' dir='ltr'><strong>t-num</strong></span> <span class='ocrx_word' id='word_1_495' title='bbox 586 5609 777 5664; x_wconf 80' lang='lat' dir='ltr'><strong>factum</strong></span> <span class='ocrx_word' id='word_1_496' title='bbox 807 5623 910 5677; x_wconf 87' lang='lat' dir='ltr'><strong>est,</strong></span> <span class='ocrx_word' id='word_1_497' title='bbox 940 5613 1061 5683; x_wconf 82' lang='lat' dir='ltr'><strong>quia</strong></span> <span class='ocrx_word' id='word_1_498' title='bbox 1094 5612 1215 5667; x_wconf 92' lang='lat' dir='ltr'><strong>hinc</strong></span> <span class='ocrx_word' id='word_1_499' title='bbox 1245 5628 1464 5684; x_wconf 80' lang='lat' dir='ltr'><strong>regnum</strong></span> <span class='ocrx_word' id='word_1_500' title='bbox 1493 5617 1963 5679; x_wconf 89' lang='lat' dir='ltr'><strong>demonstrabatur</strong></span> 
     </span>
    </p>
   </div>
   <div class='ocr_carea' id='block_1_60' title="bbox 382 5703 1961 5781">
    <p class='ocr_par' dir='ltr' id='par_1_60' title="bbox 382 5703 1961 5781">
     <span class='ocr_line' id='line_1_60' title="bbox 382 5703 1961 5781; baseline 0.01 -24"><span class='ocrx_word' id='word_1_501' title='bbox 382 5703 731 5760; x_wconf 75' lang='lat' dir='ltr'><strong>esoriturnus.</strong></span> <span class='ocrx_word' id='word_1_502' title='bbox 782 5704 1065 5779; x_wconf 82' lang='lat' dir='ltr'><strong>Propterea</strong></span> <span class='ocrx_word' id='word_1_503' title='bbox 1117 5707 1408 5779; x_wconf 70' lang='lat' dir='ltr'><strong>prredicens</strong></span> <span class='ocrx_word' id='word_1_504' title='bbox 1460 5708 1631 5768; x_wconf 79' lang='lat' dir='ltr'><strong>futura</strong></span> <span class='ocrx_word' id='word_1_505' title='bbox 1657 5752 1675 5781; x_wconf 90' lang='lat'><strong>,</strong></span> <span class='ocrx_word' id='word_1_506' title='bbox 1718 5713 1797 5771; x_wconf 85' lang='lat' dir='ltr'><strong>sic</strong></span> <span class='ocrx_word' id='word_1_507' title='bbox 1840 5730 1961 5773; x_wconf 86' lang='lat' dir='ltr'><strong>eum</strong></span> 
     </span>
    </p>
   </div>
   <div class='ocr_carea' id='block_1_61' title="bbox 1396 285 2694 348">
    <p class='ocr_par' dir='ltr' id='par_1_61' title="bbox 1396 285 2694 348">
     <span class='ocr_line' id='line_1_61' title="bbox 1396 285 2694 348; baseline -0.007 0"><span class='ocrx_word' id='word_1_508' title='bbox 1396 292 1461 348; x_wconf 76' lang='lat' dir='ltr'><strong>IN</strong></span> <span class='ocrx_word' id='word_1_509' title='bbox 1502 291 1653 347; x_wconf 68' lang='lat' dir='ltr'><strong>CAP.</strong></span> <span class='ocrx_word' id='word_1_510' title='bbox 1686 290 1892 345; x_wconf 65' lang='lat' dir='ltr'><strong>XLVIII</strong></span> <span class='ocrx_word' id='word_1_511' title='bbox 1954 288 2198 345; x_wconf 64' lang='lat' dir='ltr'><strong>(SENES.</strong></span> <span class='ocrx_word' id='word_1_512' title='bbox 2243 285 2468 344; x_wconf 63' lang='grc'><strong>1101111..</strong></span> <span class='ocrx_word' id='word_1_513' title='bbox 2510 286 2694 342; x_wconf 69' lang='lat' dir='ltr'><strong>LXVI.</strong></span> 
     </span>
    </p>
   </div>
   <div class='ocr_carea' id='block_1_62' title="bbox 3544 282 3657 341">
    <p class='ocr_par' dir='ltr' id='par_1_62' title="bbox 3544 282 3657 341">
     <span class='ocr_line' id='line_1_62' title="bbox 3544 282 3657 341; baseline 0.035 -4"><span class='ocrx_word' id='word_1_514' title='bbox 3544 282 3657 341; x_wconf 70' lang='lat'><strong>570</strong></span> 
     </span>
    </p>
   </div>
   <div class='ocr_carea' id='block_1_63' title="bbox 2066 395 3637 463">
    <p class='ocr_par' dir='ltr' id='par_1_63' title="bbox 2066 395 3637 463">
     <span class='ocr_line' id='line_1_63' title="bbox 2066 395 3637 463; baseline -0.003 -9"><span class='ocrx_word' id='word_1_515' title='bbox 2066 400 2349 456; x_wconf 82' lang='lat' dir='ltr'><strong>benedicit.</strong></span> <span class='ocrx_word' id='word_1_516' title='bbox 2378 401 2470 455; x_wconf 72' lang='lat'><strong>20.</strong></span> <span class='ocrx_word' id='word_1_517' title='bbox 2500 401 2563 454; x_wconf 78' lang='lat' dir='ltr'><strong>Et</strong></span> <span class='ocrx_word' id='word_1_518' title='bbox 2587 399 2837 454; x_wconf 72' lang='lat' dir='ltr'><strong>benedixit</strong></span> <span class='ocrx_word' id='word_1_519' title='bbox 2862 415 2965 463; x_wconf 88' lang='lat' dir='ltr'><strong>eos,</strong></span> <span class='ocrx_word' id='word_1_520' title='bbox 2992 399 3202 452; x_wconf 78' lang='lat' dir='ltr'><strong>dicens:</strong></span> <span class='ocrx_word' id='word_1_521' title='bbox 3231 395 3294 451; x_wconf 79' lang='grc' dir='ltr'><strong><em>ικ</em></strong></span> <span class='ocrx_word' id='word_1_522' title='bbox 3321 398 3455 450; x_wconf 71' lang='lat' dir='ltr'><strong>vobis</strong></span> <span class='ocrx_word' id='word_1_523' title='bbox 3489 400 3637 449; x_wconf 59' lang='lat' dir='ltr'><strong>bene-</strong></span> 
     </span>
    </p>
   </div>
   <div class='ocr_carea' id='block_1_64' title="bbox 2065 488 3651 557">
    <p class='ocr_par' dir='ltr' id='par_1_64' title="bbox 2065 488 3651 557">
     <span class='ocr_line' id='line_1_64' title="bbox 2065 488 3651 557; baseline -0.002 -12"><span class='ocrx_word' id='word_1_524' title='bbox 2065 490 2230 545; x_wconf 77' lang='lat' dir='ltr'><strong>dicent</strong></span> <span class='ocrx_word' id='word_1_525' title='bbox 2254 492 2436 556; x_wconf 82' lang='lat' dir='ltr'><strong>Israel,</strong></span> <span class='ocrx_word' id='word_1_526' title='bbox 2481 492 2700 545; x_wconf 80' lang='lat' dir='ltr'><strong>dicentes</strong></span> <span class='ocrx_word' id='word_1_527' title='bbox 2727 506 2746 545; x_wconf 91' lang='lat'><strong><em>:</em></strong></span> <span class='ocrx_word' id='word_1_528' title='bbox 2775 489 2950 544; x_wconf 75' lang='lat' dir='ltr'><strong>Faciat</strong></span> <span class='ocrx_word' id='word_1_529' title='bbox 2975 500 3021 545; x_wconf 82' lang='lat' dir='ltr'><strong>te</strong></span> <span class='ocrx_word' id='word_1_530' title='bbox 3064 489 3197 542; x_wconf 84' lang='lat' dir='ltr'><strong>Dens</strong></span> <span class='ocrx_word' id='word_1_531' title='bbox 3238 490 3365 542; x_wconf 78' lang='lat' dir='ltr'><strong>sient</strong></span> <span class='ocrx_word' id='word_1_532' title='bbox 3401 488 3651 557; x_wconf 76' lang='lat' dir='ltr'><strong>Eplirn&#39;im</strong></span> 
     </span>
    </p>
   </div>
   <div class='ocr_carea' id='block_1_65' title="bbox 2063 580 3657 652">
    <p class='ocr_par' dir='ltr' id='par_1_65' title="bbox 2063 580 3657 652">
     <span class='ocr_line' id='line_1_65' title="bbox 2063 580 3657 652; baseline -0.003 -17"><span class='ocrx_word' id='word_1_533' title='bbox 2063 592 2111 635; x_wconf 81' lang='lat' dir='ltr'><strong>et</strong></span> <span class='ocrx_word' id='word_1_534' title='bbox 2151 581 2407 639; x_wconf 71' lang='lat' dir='ltr'><strong>Hancne.</strong></span> <span class='ocrx_word' id='word_1_535' title='bbox 2450 581 2519 635; x_wconf 83' lang='lat' dir='ltr'><strong>Et</strong></span> <span class='ocrx_word' id='word_1_536' title='bbox 2562 584 2726 652; x_wconf 81' lang='lat' dir='ltr'><strong>posuit</strong></span> <span class='ocrx_word' id='word_1_537' title='bbox 2778 580 3021 652; x_wconf 73' lang='lat' dir='ltr'><strong>Bpltrnim</strong></span> <span class='ocrx_word' id='word_1_538' title='bbox 3060 590 3176 634; x_wconf 87' lang='lat' dir='ltr'><strong>ante</strong></span> <span class='ocrx_word' id='word_1_539' title='bbox 3220 580 3507 636; x_wconf 67' lang='lat' dir='ltr'><strong>Manassen.</strong></span> <span class='ocrx_word' id='word_1_540' title='bbox 3550 580 3657 646; x_wconf 77' lang='lat' dir='ltr'><strong>Ita,</strong></span> 
     </span>
    </p>
   </div>
   <div class='ocr_carea' id='block_1_66' title="bbox 2069 670 3648 743">
    <p class='ocr_par' dir='ltr' id='par_1_66' title="bbox 2069 670 3648 743">
     <span class='ocr_line' id='line_1_66' title="bbox 2069 670 3648 743; baseline -0.003 -16"><span class='ocrx_word' id='word_1_541' title='bbox 2069 673 2257 742; x_wconf 84' lang='lat' dir='ltr'><strong>inquit,</strong></span> <span class='ocrx_word' id='word_1_542' title='bbox 2290 674 2448 727; x_wconf 89' lang='lat' dir='ltr'><strong>ambo</strong></span> <span class='ocrx_word' id='word_1_543' title='bbox 2477 684 2634 727; x_wconf 86' lang='lat' dir='ltr'><strong>erunt</strong></span> <span class='ocrx_word' id='word_1_544' title='bbox 2660 674 2879 743; x_wconf 81' lang='lat' dir='ltr'><strong>gloriosi</strong></span> <span class='ocrx_word' id='word_1_545' title='bbox 2903 713 2917 735; x_wconf 94' lang='lat'><strong>,</strong></span> <span class='ocrx_word' id='word_1_546' title='bbox 2948 680 3003 726; x_wconf 90' lang='lat' dir='ltr'><strong>ut</strong></span> <span class='ocrx_word' id='word_1_547' title='bbox 3029 686 3215 725; x_wconf 78' lang='lat' dir='ltr'><strong>oruncs</strong></span> <span class='ocrx_word' id='word_1_548' title='bbox 3246 670 3303 725; x_wconf 88' lang='lat' dir='ltr'><strong>in</strong></span> <span class='ocrx_word' id='word_1_549' title='bbox 3328 671 3522 740; x_wconf 84' lang='lat' dir='ltr'><strong>optatis</strong></span> <span class='ocrx_word' id='word_1_550' title='bbox 3551 670 3648 723; x_wconf 79' lang='lat' dir='ltr'><strong>ha-</strong></span> 
     </span>
    </p>
   </div>
   <div class='ocr_carea' id='block_1_67' title="bbox 2068 764 3648 835">
    <p class='ocr_par' dir='ltr' id='par_1_67' title="bbox 2068 764 3648 835">
     <span class='ocr_line' id='line_1_67' title="bbox 2068 764 3648 835; baseline -0.004 -16"><span class='ocrx_word' id='word_1_551' title='bbox 2068 767 2223 819; x_wconf 86' lang='lat' dir='ltr'><strong>beant</strong></span> <span class='ocrx_word' id='word_1_552' title='bbox 2252 767 2315 819; x_wconf 85' lang='lat' dir='ltr'><strong>ad</strong></span> <span class='ocrx_word' id='word_1_553' title='bbox 2344 768 2586 820; x_wconf 86' lang='lat' dir='ltr'><strong>eamdem</strong></span> <span class='ocrx_word' id='word_1_554' title='bbox 2612 780 2735 820; x_wconf 80' lang='lat' dir='ltr'><strong>cum</strong></span> <span class='ocrx_word' id='word_1_555' title='bbox 2775 766 2881 819; x_wconf 83' lang='lat' dir='ltr'><strong>illis</strong></span> <span class='ocrx_word' id='word_1_556' title='bbox 2906 766 3126 835; x_wconf 65' lang='lat' dir='ltr'><strong>gloriam</strong></span> <span class='ocrx_word' id='word_1_557' title='bbox 3159 764 3435 835; x_wconf 78' lang='lat' dir='ltr'><strong>pervenire</strong></span> <span class='ocrx_word' id='word_1_558' title='bbox 3465 780 3477 816; x_wconf 91' lang='lat'>:</span> <span class='ocrx_word' id='word_1_559' title='bbox 3509 773 3648 815; x_wconf 75' lang='lat' dir='ltr'><strong>atta-</strong></span> 
     </span>
    </p>
   </div>
   <div class='ocr_carea' id='block_1_68' title="bbox 2067 853 3658 927">
    <p class='ocr_par' dir='ltr' id='par_1_68' title="bbox 2067 853 3658 927">
     <span class='ocr_line' id='line_1_68' title="bbox 2067 853 3658 927; baseline -0.003 -16"><span class='ocrx_word' id='word_1_560' title='bbox 2067 869 2188 911; x_wconf 81' lang='lat' dir='ltr'><strong>men</strong></span> <span class='ocrx_word' id='word_1_561' title='bbox 2235 857 2382 927; x_wconf 84' lang='lat' dir='ltr'><strong>prior</strong></span> <span class='ocrx_word' id='word_1_562' title='bbox 2427 858 2528 911; x_wconf 88' lang='lat' dir='ltr'><strong>erit</strong></span> <span class='ocrx_word' id='word_1_563' title='bbox 2576 857 2825 927; x_wconf 77' lang='lat' dir='ltr'><strong>Ephraim</strong></span> <span class='ocrx_word' id='word_1_564' title='bbox 2872 856 3130 909; x_wconf 76' lang='lat' dir='ltr'><strong>Manasse.</strong></span> <span class='ocrx_word' id='word_1_565' title='bbox 3183 854 3340 907; x_wconf 71' lang='lat' dir='ltr'><strong>Vides</strong></span> <span class='ocrx_word' id='word_1_566' title='bbox 3384 853 3658 922; x_wconf 88' lang='lat' dir='ltr'><strong>quomodo</strong></span> 
     </span>
    </p>
   </div>
   <div class='ocr_carea' id='block_1_69' title="bbox 2066 943 3653 1016">
    <p class='ocr_par' dir='ltr' id='par_1_69' title="bbox 2066 943 3653 1016">
     <span class='ocr_line' id='line_1_69' title="bbox 2066 943 3653 1016; baseline -0.002 -16"><span class='ocrx_word' id='word_1_567' title='bbox 2066 948 2234 1016; x_wconf 74' lang='lat' dir='ltr'><strong>gratia</strong></span> <span class='ocrx_word' id='word_1_568' title='bbox 2282 947 2373 1001; x_wconf 84' lang='lat' dir='ltr'><strong>Dei</strong></span> <span class='ocrx_word' id='word_1_569' title='bbox 2426 946 2863 1016; x_wconf 66' lang='lat' dir='ltr'><strong>praemonstrabat</strong></span> <span class='ocrx_word' id='word_1_570' title='bbox 2895 947 2942 1001; x_wconf 87' lang='lat' dir='ltr'><strong>ei</strong></span> <span class='ocrx_word' id='word_1_571' title='bbox 2994 946 3202 1007; x_wconf 84' lang='lat' dir='ltr'><strong>futura,</strong></span> <span class='ocrx_word' id='word_1_572' title='bbox 3248 960 3309 997; x_wconf 80' lang='lat' dir='ltr'><strong>ac</strong></span> <span class='ocrx_word' id='word_1_573' title='bbox 3340 943 3653 1014; x_wconf 82' lang='lat' dir='ltr'><strong>pmphetieo</strong></span> 
     </span>
    </p>
   </div>
   <div class='ocr_carea' id='block_1_70' title="bbox 2068 1032 3648 1107">
    <p class='ocr_par' dir='ltr' id='par_1_70' title="bbox 2068 1032 3648 1107">
     <span class='ocr_line' id='line_1_70' title="bbox 2068 1032 3648 1107; baseline -0.003 -17"><span class='ocrx_word' id='word_1_574' title='bbox 2068 1036 2278 1090; x_wconf 81' lang='lat' dir='ltr'><strong>amatus</strong></span> <span class='ocrx_word' id='word_1_575' title='bbox 2301 1036 2488 1105; x_wconf 82' lang='lat' dir='ltr'><strong>spiritu</strong></span> <span class='ocrx_word' id='word_1_576' title='bbox 2522 1037 2643 1091; x_wconf 86' lang='lat' dir='ltr'><strong>ﬁliis</strong></span> <span class='ocrx_word' id='word_1_577' title='bbox 2672 1036 2869 1107; x_wconf 74' lang='lat' dir='ltr'><strong>Ioseph</strong></span> <span class='ocrx_word' id='word_1_578' title='bbox 2901 1033 3250 1099; x_wconf 76' lang='lat' dir='ltr'><strong>bcnedixcrit,</strong></span> <span class='ocrx_word' id='word_1_579' title='bbox 3282 1042 3334 1087; x_wconf 77' lang='lat' dir='ltr'><strong>et</strong></span> <span class='ocrx_word' id='word_1_580' title='bbox 3363 1032 3503 1103; x_wconf 89' lang='lat' dir='ltr'><strong>quod</strong></span> <span class='ocrx_word' id='word_1_581' title='bbox 3532 1042 3648 1086; x_wconf 83' lang='lat' dir='ltr'><strong>tau-</strong></span> 
     </span>
    </p>
   </div>
   <div class='ocr_carea' id='block_1_71' title="bbox 2070 1128 3651 1197">
    <p class='ocr_par' dir='ltr' id='par_1_71' title="bbox 2070 1128 3651 1197">
     <span class='ocr_line' id='line_1_71' title="bbox 2070 1128 3651 1197; baseline 0 -17"><span class='ocrx_word' id='word_1_582' title='bbox 2070 1128 2135 1182; x_wconf 89' lang='lat' dir='ltr'><strong>tis</strong></span> <span class='ocrx_word' id='word_1_583' title='bbox 2163 1130 2489 1197; x_wconf 86' lang='lat' dir='ltr'><strong>temporibus</strong></span> <span class='ocrx_word' id='word_1_584' title='bbox 2506 1128 2709 1194; x_wconf 83' lang='lat' dir='ltr'><strong>aberat,</strong></span> <span class='ocrx_word' id='word_1_585' title='bbox 2742 1138 3005 1197; x_wconf 80' lang='lat' dir='ltr'><strong>tamquam</strong></span> <span class='ocrx_word' id='word_1_586' title='bbox 3031 1143 3264 1197; x_wconf 55' lang='lat' dir='ltr'><strong>praesens</strong></span> <span class='ocrx_word' id='word_1_587' title='bbox 3290 1136 3343 1180; x_wconf 90' lang='lat' dir='ltr'><strong>ct</strong></span> <span class='ocrx_word' id='word_1_588' title='bbox 3367 1139 3489 1181; x_wconf 87' lang='lat' dir='ltr'><strong>ante</strong></span> <span class='ocrx_word' id='word_1_589' title='bbox 3520 1141 3651 1180; x_wconf 84' lang='lat' dir='ltr'><strong>ocu-</strong></span> 
     </span>
    </p>
   </div>
   <div class='ocr_carea' id='block_1_72' title="bbox 2070 1218 3648 1287">
    <p class='ocr_par' dir='ltr' id='par_1_72' title="bbox 2070 1218 3648 1287">
     <span class='ocr_line' id='line_1_72' title="bbox 2070 1218 3648 1287; baseline -0.001 -17"><span class='ocrx_word' id='word_1_590' title='bbox 2070 1218 2148 1272; x_wconf 90' lang='lat' dir='ltr'><strong>los</strong></span> <span class='ocrx_word' id='word_1_591' title='bbox 2172 1219 2327 1272; x_wconf 88' lang='lat' dir='ltr'><strong>situm</strong></span> <span class='ocrx_word' id='word_1_592' title='bbox 2356 1219 2588 1272; x_wconf 89' lang='lat' dir='ltr'><strong>viderit?</strong></span> <span class='ocrx_word' id='word_1_593' title='bbox 2611 1218 2719 1273; x_wconf 88' lang='lat' dir='ltr'><strong>lloc</strong></span> <span class='ocrx_word' id='word_1_594' title='bbox 2740 1218 3054 1272; x_wconf 80' lang='lat' dir='ltr'><strong>enimmodo</strong></span> <span class='ocrx_word' id='word_1_595' title='bbox 3078 1234 3134 1272; x_wconf 87' lang='lat' dir='ltr'><strong>se</strong></span> <span class='ocrx_word' id='word_1_596' title='bbox 3167 1218 3322 1271; x_wconf 81' lang='lat' dir='ltr'><strong>habet</strong></span> <span class='ocrx_word' id='word_1_597' title='bbox 3354 1218 3648 1287; x_wconf 82' lang='lat' dir='ltr'><strong>prophetia.</strong></span> 
     </span>
    </p>
   </div>
   <div class='ocr_carea' id='block_1_73' title="bbox 2147 1308 3651 1379">
    <p class='ocr_par' dir='ltr' id='par_1_73' title="bbox 2147 1308 3651 1379">
     <span class='ocr_line' id='line_1_73' title="bbox 2147 1308 3651 1379; baseline 0.002 -19"><span class='ocrx_word' id='word_1_598' title='bbox 2147 1308 2293 1361; x_wconf 83' lang='lat' dir='ltr'><strong>Oculi</strong></span> <span class='ocrx_word' id='word_1_599' title='bbox 2318 1308 2435 1376; x_wconf 79' lang='lat' dir='ltr'><strong>ﬁdei</strong></span> <span class='ocrx_word' id='word_1_600' title='bbox 2462 1310 2851 1378; x_wconf 83' lang='lat' dir='ltr'><strong>perspicaciores</strong></span> <span class='ocrx_word' id='word_1_601' title='bbox 2875 1309 3143 1379; x_wconf 76' lang='lat' dir='ltr'><strong>corporeis.</strong></span> <span class='ocrx_word' id='word_1_602' title='bbox 3170 1308 3382 1361; x_wconf 77' lang='lat' dir='ltr'><strong>Muralis</strong></span> <span class='ocrx_word' id='word_1_603' title='bbox 3402 1310 3651 1379; x_wconf 80' lang='lat' dir='ltr'><strong>epilogus.</strong></span> 
     </span>
    </p>
   </div>
   <div class='ocr_carea' id='block_1_74' title="bbox 2068 1399 3647 1471">
    <p class='ocr_par' dir='ltr' id='par_1_74' title="bbox 2068 1399 3647 1471">
     <span class='ocr_line' id='line_1_74' title="bbox 2068 1399 3647 1471; baseline 0.001 -19"><span class='ocrx_word' id='word_1_604' title='bbox 2068 1428 2139 1438; x_wconf 89' lang='lat'><strong>—</strong></span> <span class='ocrx_word' id='word_1_605' title='bbox 2164 1399 2291 1453; x_wconf 72' lang='lat' dir='ltr'><strong>Nam</strong></span> <span class='ocrx_word' id='word_1_606' title='bbox 2323 1400 2459 1454; x_wconf 86' lang='lat' dir='ltr'><strong>sicut</strong></span> <span class='ocrx_word' id='word_1_607' title='bbox 2496 1401 2634 1454; x_wconf 91' lang='lat' dir='ltr'><strong>oculi</strong></span> <span class='ocrx_word' id='word_1_608' title='bbox 2678 1401 2983 1471; x_wconf 87' lang='lat' dir='ltr'><strong>corporales</strong></span> <span class='ocrx_word' id='word_1_609' title='bbox 3013 1399 3142 1454; x_wconf 89' lang='lat' dir='ltr'><strong>nihil</strong></span> <span class='ocrx_word' id='word_1_610' title='bbox 3171 1400 3396 1469; x_wconf 86' lang='lat' dir='ltr'><strong>amplius</strong></span> <span class='ocrx_word' id='word_1_611' title='bbox 3426 1411 3647 1468; x_wconf 69' lang='lat' dir='ltr'><strong>praster-</strong></span> 
     </span>
    </p>
   </div>
   <div class='ocr_carea' id='block_1_75' title="bbox 2070 1490 3653 1561">
    <p class='ocr_par' dir='ltr' id='par_1_75' title="bbox 2070 1490 3653 1561">
     <span class='ocr_line' id='line_1_75' title="bbox 2070 1490 3653 1561; baseline 0.001 -20"><span class='ocrx_word' id='word_1_612' title='bbox 2070 1505 2226 1560; x_wconf 89' lang='lat' dir='ltr'><strong>quam</strong></span> <span class='ocrx_word' id='word_1_613' title='bbox 2256 1491 2479 1544; x_wconf 86' lang='lat' dir='ltr'><strong>visibilia</strong></span> <span class='ocrx_word' id='word_1_614' title='bbox 2516 1500 2757 1561; x_wconf 86' lang='lat' dir='ltr'><strong>spectare</strong></span> <span class='ocrx_word' id='word_1_615' title='bbox 2786 1500 3026 1561; x_wconf 84' lang='lat' dir='ltr'><strong>possunt,</strong></span> <span class='ocrx_word' id='word_1_616' title='bbox 3055 1492 3123 1543; x_wconf 84' lang='lat' dir='ltr'><strong>ita</strong></span> <span class='ocrx_word' id='word_1_617' title='bbox 3154 1500 3206 1544; x_wconf 89' lang='lat' dir='ltr'><strong>et</strong></span> <span class='ocrx_word' id='word_1_618' title='bbox 3232 1490 3370 1544; x_wconf 91' lang='lat' dir='ltr'><strong>oculi</strong></span> <span class='ocrx_word' id='word_1_619' title='bbox 3396 1490 3513 1544; x_wconf 88' lang='lat' dir='ltr'><strong>ﬁdei</strong></span> <span class='ocrx_word' id='word_1_620' title='bbox 3544 1506 3653 1543; x_wconf 85' lang='lat' dir='ltr'><strong>non</strong></span> 
     </span>
    </p>
   </div>
   <div class='ocr_carea' id='block_1_76' title="bbox 2070 1582 3651 1654">
    <p class='ocr_par' dir='ltr' id='par_1_76' title="bbox 2070 1582 3651 1654">
     <span class='ocr_line' id='line_1_76' title="bbox 2070 1582 3651 1654; baseline 0.001 -22"><span class='ocrx_word' id='word_1_621' title='bbox 2070 1599 2188 1651; x_wconf 76' lang='lat' dir='ltr'><strong>qua:</strong></span> <span class='ocrx_word' id='word_1_622' title='bbox 2212 1584 2457 1637; x_wconf 86' lang='lat' dir='ltr'><strong>videntur</strong></span> <span class='ocrx_word' id='word_1_623' title='bbox 2473 1592 2733 1654; x_wconf 89' lang='lat' dir='ltr'><strong>spectant,</strong></span> <span class='ocrx_word' id='word_1_624' title='bbox 2757 1583 2851 1638; x_wconf 88' lang='lat' dir='ltr'><strong>sed</strong></span> <span class='ocrx_word' id='word_1_625' title='bbox 2881 1585 2963 1636; x_wconf 85' lang='lat' dir='ltr'><strong>illa</strong></span> <span class='ocrx_word' id='word_1_626' title='bbox 2983 1582 3180 1642; x_wconf 84' lang='lat' dir='ltr'><strong>vident,</strong></span> <span class='ocrx_word' id='word_1_627' title='bbox 3205 1598 3323 1653; x_wconf 69' lang='lat' dir='ltr'><strong>qua:</strong></span> <span class='ocrx_word' id='word_1_628' title='bbox 3347 1582 3511 1635; x_wconf 90' lang='lat' dir='ltr'><strong>multo</strong></span> <span class='ocrx_word' id='word_1_629' title='bbox 3537 1592 3651 1650; x_wconf 77' lang='lat' dir='ltr'><strong>post</strong></span> 
     </span>
    </p>
   </div>
   <div class='ocr_carea' id='block_1_77' title="bbox 2072 1672 3654 1729">
    <p class='ocr_par' dir='ltr' id='par_1_77' title="bbox 2072 1672 3654 1729">
     <span class='ocr_line' id='line_1_77' title="bbox 2072 1672 3654 1729; baseline -0.003 -2"><span class='ocrx_word' id='word_1_630' title='bbox 2072 1672 2242 1727; x_wconf 72' lang='lat' dir='ltr'><strong>fultura</strong></span> <span class='ocrx_word' id='word_1_631' title='bbox 2270 1682 2413 1727; x_wconf 90' lang='lat' dir='ltr'><strong>sunt.</strong></span> <span class='ocrx_word' id='word_1_632' title='bbox 2451 1675 2513 1727; x_wconf 79' lang='lat' dir='ltr'><strong>Et</strong></span> <span class='ocrx_word' id='word_1_633' title='bbox 2545 1674 2644 1727; x_wconf 86' lang='lat' dir='ltr'><strong>hoc</strong></span> <span class='ocrx_word' id='word_1_634' title='bbox 2670 1674 2999 1729; x_wconf 81' lang='lat' dir='ltr'><strong>manifestius</strong></span> <span class='ocrx_word' id='word_1_635' title='bbox 3027 1675 3207 1728; x_wconf 86' lang='lat' dir='ltr'><strong>scietis</strong></span> <span class='ocrx_word' id='word_1_636' title='bbox 3232 1690 3295 1727; x_wconf 77' lang='lat' dir='ltr'><strong>cx</strong></span> <span class='ocrx_word' id='word_1_637' title='bbox 3328 1673 3654 1728; x_wconf 80' lang='lat' dir='ltr'><strong>benedictio-</strong></span> 
     </span>
    </p>
   </div>
   <div class='ocr_carea' id='block_1_78' title="bbox 2072 1766 3656 1835">
    <p class='ocr_par' dir='ltr' id='par_1_78' title="bbox 2072 1766 3656 1835">
     <span class='ocr_line' id='line_1_78' title="bbox 2072 1766 3656 1835; baseline -0.003 -14"><span class='ocrx_word' id='word_1_638' title='bbox 2072 1768 2249 1829; x_wconf 72' lang='lat' dir='ltr'><strong>nibus,</strong></span> <span class='ocrx_word' id='word_1_639' title='bbox 2272 1780 2403 1834; x_wconf 90' lang='lat' dir='ltr'><strong>quas</strong></span> <span class='ocrx_word' id='word_1_640' title='bbox 2425 1766 2534 1819; x_wconf 88' lang='lat' dir='ltr'><strong>suis</strong></span> <span class='ocrx_word' id='word_1_641' title='bbox 2560 1766 2679 1819; x_wconf 87' lang='lat' dir='ltr'><strong>ﬁliis</strong></span> <span class='ocrx_word' id='word_1_642' title='bbox 2700 1767 2811 1820; x_wconf 88' lang='lat' dir='ltr'><strong>dat.</strong></span> <span class='ocrx_word' id='word_1_643' title='bbox 2839 1766 3103 1822; x_wconf 61' lang='lat' dir='ltr'><strong>Caeterum</strong></span> <span class='ocrx_word' id='word_1_644' title='bbox 3126 1783 3191 1819; x_wconf 90' lang='lat' dir='ltr'><strong>ne</strong></span> <span class='ocrx_word' id='word_1_645' title='bbox 3213 1767 3427 1835; x_wconf 66' lang='lat' dir='ltr'><strong>longum</strong></span> <span class='ocrx_word' id='word_1_646' title='bbox 3454 1780 3656 1818; x_wconf 86' lang='lat' dir='ltr'><strong>sermo-</strong></span> 
     </span>
    </p>
   </div>
   <div class='ocr_carea' id='block_1_79' title="bbox 2073 1857 3658 1925">
    <p class='ocr_par' dir='ltr' id='par_1_79' title="bbox 2073 1857 3658 1925">
     <span class='ocr_line' id='line_1_79' title="bbox 2073 1857 3658 1925; baseline -0.001 -15"><span class='ocrx_word' id='word_1_647' title='bbox 2073 1872 2194 1910; x_wconf 88' lang='lat' dir='ltr'><strong>nem</strong></span> <span class='ocrx_word' id='word_1_648' title='bbox 2224 1857 2478 1911; x_wconf 82' lang='lat' dir='ltr'><strong>iaciamus</strong></span> <span class='ocrx_word' id='word_1_649' title='bbox 2502 1900 2519 1924; x_wconf 95' lang='lat'><strong>,</strong></span> <span class='ocrx_word' id='word_1_650' title='bbox 2546 1858 2818 1925; x_wconf 87' lang='lat' dir='ltr'><strong>multoque</strong></span> <span class='ocrx_word' id='word_1_651' title='bbox 2844 1871 2938 1910; x_wconf 89' lang='lat' dir='ltr'><strong>vos</strong></span> <span class='ocrx_word' id='word_1_652' title='bbox 2962 1872 3247 1912; x_wconf 88' lang='lat' dir='ltr'><strong>oneremus</strong></span> <span class='ocrx_word' id='word_1_653' title='bbox 3280 1858 3460 1911; x_wconf 79' lang='lat' dir='ltr'><strong>labore</strong></span> <span class='ocrx_word' id='word_1_654' title='bbox 3485 1900 3496 1921; x_wconf 94' lang='lat'><strong>,</strong></span> <span class='ocrx_word' id='word_1_655' title='bbox 3528 1873 3658 1911; x_wconf 82' lang='lat' dir='ltr'><strong>enn-</strong></span> 
     </span>
    </p>
   </div>
   <div class='ocr_carea' id='block_1_80' title="bbox 2074 1949 3657 2019">
    <p class='ocr_par' dir='ltr' id='par_1_80' title="bbox 2074 1949 3657 2019">
     <span class='ocr_line' id='line_1_80' title="bbox 2074 1949 3657 2019; baseline -0.003 -15"><span class='ocrx_word' id='word_1_656' title='bbox 2074 1952 2202 2004; x_wconf 84' lang='lat' dir='ltr'><strong>tcnti</strong></span> <span class='ocrx_word' id='word_1_657' title='bbox 2244 1950 2439 2015; x_wconf 75' lang='lat' dir='ltr'><strong>dictis,</strong></span> <span class='ocrx_word' id='word_1_658' title='bbox 2473 1951 2523 2003; x_wconf 92' lang='lat' dir='ltr'><strong>in</strong></span> <span class='ocrx_word' id='word_1_659' title='bbox 2567 1958 2877 2019; x_wconf 86' lang='lat' dir='ltr'><strong>sequentem</strong></span> <span class='ocrx_word' id='word_1_660' title='bbox 2923 1964 3223 2004; x_wconf 86' lang='lat' dir='ltr'><strong>sermonem</strong></span> <span class='ocrx_word' id='word_1_661' title='bbox 3264 1949 3657 2004; x_wconf 66' lang='lat' dir='ltr'><strong>reservabimus</strong></span> 
     </span>
    </p>
   </div>
   <div class='ocr_carea' id='block_1_81' title="bbox 2074 2040 3662 2109">
    <p class='ocr_par' dir='ltr' id='par_1_81' title="bbox 2074 2040 3662 2109">
     <span class='ocr_line' id='line_1_81' title="bbox 2074 2040 3662 2109; baseline -0.001 -14"><span class='ocrx_word' id='word_1_662' title='bbox 2074 2042 2301 2095; x_wconf 77' lang='lat' dir='ltr'><strong>ﬁliorum</strong></span> <span class='ocrx_word' id='word_1_663' title='bbox 2334 2041 2451 2109; x_wconf 88' lang='lat' dir='ltr'><strong>ejus</strong></span> <span class='ocrx_word' id='word_1_664' title='bbox 2479 2042 2923 2097; x_wconf 84' lang='lat' dir='ltr'><strong>benedictionem.</strong></span> <span class='ocrx_word' id='word_1_665' title='bbox 2975 2040 3110 2094; x_wconf 86' lang='lat' dir='ltr'><strong>Illud</strong></span> <span class='ocrx_word' id='word_1_666' title='bbox 3142 2051 3316 2094; x_wconf 90' lang='lat' dir='ltr'><strong>tamen</strong></span> <span class='ocrx_word' id='word_1_667' title='bbox 3342 2041 3662 2094; x_wconf 72' lang='lat' dir='ltr'><strong>obsecrave-</strong></span> 
     </span>
    </p>
   </div>
   <div class='ocr_carea' id='block_1_82' title="bbox 2073 2132 3655 2200">
    <p class='ocr_par' dir='ltr' id='par_1_82' title="bbox 2073 2132 3655 2200">
     <span class='ocr_line' id='line_1_82' title="bbox 2073 2132 3655 2200; baseline -0.003 -12"><span class='ocrx_word' id='word_1_668' title='bbox 2073 2134 2172 2188; x_wconf 88' lang='lat' dir='ltr'><strong>rim</strong></span> <span class='ocrx_word' id='word_1_669' title='bbox 2200 2143 2427 2187; x_wconf 84' lang='lat' dir='ltr'><strong>vestram</strong></span> <span class='ocrx_word' id='word_1_670' title='bbox 2456 2134 2760 2199; x_wconf 81' lang='lat' dir='ltr'><strong>raritatem,</strong></span> <span class='ocrx_word' id='word_1_671' title='bbox 2791 2143 2847 2185; x_wconf 91' lang='lat' dir='ltr'><strong>ut</strong></span> <span class='ocrx_word' id='word_1_672' title='bbox 2872 2132 3147 2187; x_wconf 83' lang='lat' dir='ltr'><strong>imitemini</strong></span> <span class='ocrx_word' id='word_1_673' title='bbox 3174 2132 3373 2200; x_wconf 81' lang='lat' dir='ltr'><strong>justum</strong></span> <span class='ocrx_word' id='word_1_674' title='bbox 3406 2134 3572 2193; x_wconf 86' lang='lat' dir='ltr'><strong>hunc,</strong></span> <span class='ocrx_word' id='word_1_675' title='bbox 3602 2142 3655 2183; x_wconf 74' lang='lat' dir='ltr'><strong>et</strong></span> 
     </span>
    </p>
   </div>
   <div class='ocr_carea' id='block_1_83' title="bbox 2074 2222 3662 2291">
    <p class='ocr_par' dir='ltr' id='par_1_83' title="bbox 2074 2222 3662 2291">
     <span class='ocr_line' id='line_1_83' title="bbox 2074 2222 3662 2291; baseline -0.003 -13"><span class='ocrx_word' id='word_1_676' title='bbox 2074 2225 2207 2279; x_wconf 86' lang='lat' dir='ltr'><strong>tales</strong></span> <span class='ocrx_word' id='word_1_677' title='bbox 2234 2224 2557 2279; x_wconf 88' lang='lat' dir='ltr'><strong>hereditates</strong></span> <span class='ocrx_word' id='word_1_678' title='bbox 2585 2224 2703 2277; x_wconf 89' lang='lat' dir='ltr'><strong>liliis</strong></span> <span class='ocrx_word' id='word_1_679' title='bbox 2727 2222 2916 2277; x_wconf 85' lang='lat' dir='ltr'><strong>vestris</strong></span> <span class='ocrx_word' id='word_1_680' title='bbox 2944 2222 3250 2291; x_wconf 76' lang='lat' dir='ltr'><strong>relinquatis</strong></span> <span class='ocrx_word' id='word_1_681' title='bbox 3272 2264 3286 2286; x_wconf 93' lang='lat'><strong>,</strong></span> <span class='ocrx_word' id='word_1_682' title='bbox 3315 2239 3431 2291; x_wconf 76' lang='lat' dir='ltr'><strong>qme</strong></span> <span class='ocrx_word' id='word_1_683' title='bbox 3458 2238 3485 2276; x_wconf 86' lang='lat' dir='ltr'><strong>a</strong></span> <span class='ocrx_word' id='word_1_684' title='bbox 3516 2222 3662 2273; x_wconf 81' lang='lat' dir='ltr'><strong>nullo</strong></span> 
     </span>
    </p>
   </div>
   <div class='ocr_carea' id='block_1_84' title="bbox 2072 2313 3651 2386">
    <p class='ocr_par' dir='ltr' id='par_1_84' title="bbox 2072 2313 3651 2386">
     <span class='ocr_line' id='line_1_84' title="bbox 2072 2313 3651 2386; baseline -0.003 -16"><span class='ocrx_word' id='word_1_685' title='bbox 2072 2331 2323 2386; x_wconf 85' lang='lat' dir='ltr'><strong>umquam</strong></span> <span class='ocrx_word' id='word_1_686' title='bbox 2346 2316 2597 2369; x_wconf 83' lang='lat' dir='ltr'><strong>damnum</strong></span> <span class='ocrx_word' id='word_1_687' title='bbox 2616 2315 2857 2381; x_wconf 87' lang='lat' dir='ltr'><strong>accipere</strong></span> <span class='ocrx_word' id='word_1_688' title='bbox 2875 2314 3099 2383; x_wconf 88' lang='lat' dir='ltr'><strong>possint.</strong></span> <span class='ocrx_word' id='word_1_689' title='bbox 3126 2313 3325 2368; x_wconf 73' lang='lat' dir='ltr'><strong>Divitiae</strong></span> <span class='ocrx_word' id='word_1_690' title='bbox 3344 2314 3481 2367; x_wconf 88' lang='lat' dir='ltr'><strong>cnim</strong></span> <span class='ocrx_word' id='word_1_691' title='bbox 3506 2329 3651 2379; x_wconf 72' lang='lat' dir='ltr'><strong>sa-pe</strong></span> 
     </span>
    </p>
   </div>
   <div class='ocr_carea' id='block_1_85' title="bbox 2074 2403 3659 2475">
    <p class='ocr_par' dir='ltr' id='par_1_85' title="bbox 2074 2403 3659 2475">
     <span class='ocr_line' id='line_1_85' title="bbox 2074 2403 3659 2475; baseline -0.006 -15"><span class='ocrx_word' id='word_1_692' title='bbox 2074 2407 2233 2460; x_wconf 85' lang='lat' dir='ltr'><strong>etiam</strong></span> <span class='ocrx_word' id='word_1_693' title='bbox 2260 2406 2639 2475; x_wconf 73' lang='lat' dir='ltr'><strong>accipientibus</strong></span> <span class='ocrx_word' id='word_1_694' title='bbox 2663 2405 2950 2473; x_wconf 86' lang='lat' dir='ltr'><strong>perniciem</strong></span> <span class='ocrx_word' id='word_1_695' title='bbox 2976 2413 3317 2474; x_wconf 86' lang='lat' dir='ltr'><strong>pepererunt,</strong></span> <span class='ocrx_word' id='word_1_696' title='bbox 3342 2417 3387 2458; x_wconf 85' lang='lat' dir='ltr'><strong>et</strong></span> <span class='ocrx_word' id='word_1_697' title='bbox 3417 2403 3659 2466; x_wconf 72' lang='lat' dir='ltr'><strong>insidias,</strong></span> 
     </span>
    </p>
   </div>
   <div class='ocr_carea' id='block_1_86' title="bbox 2073 2493 3661 2563">
    <p class='ocr_par' dir='ltr' id='par_1_86' title="bbox 2073 2493 3661 2563">
     <span class='ocr_line' id='line_1_86' title="bbox 2073 2493 3661 2563; baseline -0.005 -14"><span class='ocrx_word' id='word_1_698' title='bbox 2073 2504 2128 2549; x_wconf 89' lang='lat' dir='ltr'><strong>et</strong></span> <span class='ocrx_word' id='word_1_699' title='bbox 2158 2495 2319 2549; x_wconf 83' lang='lat' dir='ltr'><strong>multa</strong></span> <span class='ocrx_word' id='word_1_700' title='bbox 2354 2495 2583 2563; x_wconf 89' lang='lat' dir='ltr'><strong>pericula</strong></span> <span class='ocrx_word' id='word_1_701' title='bbox 2621 2512 2633 2546; x_wconf 93' lang='lat'>:</span> <span class='ocrx_word' id='word_1_702' title='bbox 2667 2493 2748 2548; x_wconf 85' lang='lat' dir='ltr'><strong>hic</strong></span> <span class='ocrx_word' id='word_1_703' title='bbox 2780 2504 2957 2550; x_wconf 85' lang='lat' dir='ltr'><strong>autem</strong></span> <span class='ocrx_word' id='word_1_704' title='bbox 2979 2493 3109 2547; x_wconf 91' lang='lat' dir='ltr'><strong>nihil</strong></span> <span class='ocrx_word' id='word_1_705' title='bbox 3144 2494 3245 2547; x_wconf 90' lang='lat' dir='ltr'><strong>tale</strong></span> <span class='ocrx_word' id='word_1_706' title='bbox 3270 2493 3523 2562; x_wconf 73' lang='lat' dir='ltr'><strong>snSpicari</strong></span> <span class='ocrx_word' id='word_1_707' title='bbox 3562 2508 3661 2561; x_wconf 74' lang='lat' dir='ltr'><strong>pu-</strong></span> 
     </span>
    </p>
   </div>
   <div class='ocr_carea' id='block_1_87' title="bbox 2073 2585 3663 2656">
    <p class='ocr_par' dir='ltr' id='par_1_87' title="bbox 2073 2585 3663 2656">
     <span class='ocr_line' id='line_1_87' title="bbox 2073 2585 3663 2656; baseline 0.001 -16"><span class='ocrx_word' id='word_1_708' title='bbox 2073 2588 2201 2641; x_wconf 85' lang='lat' dir='ltr'><strong>teris</strong></span> <span class='ocrx_word' id='word_1_709' title='bbox 2242 2602 2511 2656; x_wconf 81' lang='lat' dir='ltr'><strong>umquam.</strong></span> <span class='ocrx_word' id='word_1_710' title='bbox 2565 2585 2871 2640; x_wconf 86' lang='lat' dir='ltr'><strong>Thesaurus</strong></span> <span class='ocrx_word' id='word_1_711' title='bbox 2907 2586 3049 2639; x_wconf 91' lang='lat' dir='ltr'><strong>enim</strong></span> <span class='ocrx_word' id='word_1_712' title='bbox 3089 2594 3210 2653; x_wconf 86' lang='lat' dir='ltr'><strong>est,</strong></span> <span class='ocrx_word' id='word_1_713' title='bbox 3245 2587 3333 2656; x_wconf 92' lang='lat' dir='ltr'><strong>qni</strong></span> <span class='ocrx_word' id='word_1_714' title='bbox 3374 2603 3663 2656; x_wconf 75' lang='lat' dir='ltr'><strong>nmnqnzun</strong></span> 
     </span>
    </p>
   </div>
   <div class='ocr_carea' id='block_1_88' title="bbox 2073 2679 3652 2749">
    <p class='ocr_par' dir='ltr' id='par_1_88' title="bbox 2073 2679 3652 2749">
     <span class='ocr_line' id='line_1_88' title="bbox 2073 2679 3652 2749; baseline -0.003 -12"><span class='ocrx_word' id='word_1_715' title='bbox 2073 2681 2361 2743; x_wconf 71' lang='lat' dir='ltr'><strong>exhauriri,</strong></span> <span class='ocrx_word' id='word_1_716' title='bbox 2394 2694 2681 2747; x_wconf 85' lang='lat' dir='ltr'><strong>numquam</strong></span> <span class='ocrx_word' id='word_1_717' title='bbox 2711 2686 2883 2747; x_wconf 87' lang='lat' dir='ltr'><strong>potest</strong></span> <span class='ocrx_word' id='word_1_718' title='bbox 2911 2679 3184 2736; x_wconf 81' lang='lat' dir='ltr'><strong>conserui:</strong></span> <span class='ocrx_word' id='word_1_719' title='bbox 3219 2680 3530 2744; x_wconf 82' lang='lat' dir='ltr'><strong>thesaurus,</strong></span> <span class='ocrx_word' id='word_1_720' title='bbox 3564 2682 3652 2749; x_wconf 82' lang='lat' dir='ltr'><strong>qui</strong></span> 
     </span>
    </p>
   </div>
   <div class='ocr_carea' id='block_1_89' title="bbox 2073 2770 3661 2838">
    <p class='ocr_par' dir='ltr' id='par_1_89' title="bbox 2073 2770 3661 2838">
     <span class='ocr_line' id='line_1_89' title="bbox 2073 2770 3661 2838; baseline -0.003 -10"><span class='ocrx_word' id='word_1_721' title='bbox 2073 2788 2178 2828; x_wconf 90' lang='lat' dir='ltr'><strong>non</strong></span> <span class='ocrx_word' id='word_1_722' title='bbox 2210 2773 2482 2827; x_wconf 88' lang='lat' dir='ltr'><strong>hominum</strong></span> <span class='ocrx_word' id='word_1_723' title='bbox 2502 2771 2663 2838; x_wconf 89' lang='lat' dir='ltr'><strong>dolis,</strong></span> <span class='ocrx_word' id='word_1_724' title='bbox 2693 2784 2791 2826; x_wconf 88' lang='lat' dir='ltr'><strong>nec</strong></span> <span class='ocrx_word' id='word_1_725' title='bbox 2817 2771 3081 2826; x_wconf 82' lang='lat' dir='ltr'><strong>latronum</strong></span> <span class='ocrx_word' id='word_1_726' title='bbox 3107 2770 3330 2835; x_wconf 85' lang='lat' dir='ltr'><strong>insidiis,</strong></span> <span class='ocrx_word' id='word_1_727' title='bbox 3357 2787 3460 2824; x_wconf 90' lang='lat' dir='ltr'><strong>non</strong></span> <span class='ocrx_word' id='word_1_728' title='bbox 3492 2771 3661 2824; x_wconf 69' lang='lat' dir='ltr'><strong>fartim-</strong></span> 
     </span>
    </p>
   </div>
   <div class='ocr_carea' id='block_1_90' title="bbox 2076 2860 3663 2933">
    <p class='ocr_par' dir='ltr' id='par_1_90' title="bbox 2076 2860 3663 2933">
     <span class='ocr_line' id='line_1_90' title="bbox 2076 2860 3663 2933; baseline 0 -16"><span class='ocrx_word' id='word_1_729' title='bbox 2076 2863 2251 2918; x_wconf 90' lang='lat' dir='ltr'><strong>lorum</strong></span> <span class='ocrx_word' id='word_1_730' title='bbox 2281 2863 2500 2929; x_wconf 89' lang='lat' dir='ltr'><strong>malitia,</strong></span> <span class='ocrx_word' id='word_1_731' title='bbox 2527 2877 2629 2917; x_wconf 90' lang='lat' dir='ltr'><strong>non</strong></span> <span class='ocrx_word' id='word_1_732' title='bbox 2661 2863 2764 2918; x_wconf 84' lang='lat' dir='ltr'><strong>alio</strong></span> <span class='ocrx_word' id='word_1_733' title='bbox 2790 2862 3037 2933; x_wconf 87' lang='lat' dir='ltr'><strong>quopiam</strong></span> <span class='ocrx_word' id='word_1_734' title='bbox 3066 2860 3306 2917; x_wconf 89' lang='lat' dir='ltr'><strong>imminui</strong></span> <span class='ocrx_word' id='word_1_735' title='bbox 3337 2873 3507 2931; x_wconf 48' lang='lat' dir='ltr'><strong>potest</strong></span> <span class='ocrx_word' id='word_1_736' title='bbox 3526 2906 3539 2925; x_wconf 93' lang='lat'><strong>,</strong></span> <span class='ocrx_word' id='word_1_737' title='bbox 3566 2865 3663 2917; x_wconf 84' lang='lat' dir='ltr'><strong>sed</strong></span> 
     </span>
    </p>
   </div>
   <div class='ocr_carea' id='block_1_91' title="bbox 2077 2954 3665 3027">
    <p class='ocr_par' dir='ltr' id='par_1_91' title="bbox 2077 2954 3665 3027">
     <span class='ocr_line' id='line_1_91' title="bbox 2077 2954 3665 3027; baseline 0.001 -19"><span class='ocrx_word' id='word_1_738' title='bbox 2077 2966 2332 3027; x_wconf 88' lang='lat' dir='ltr'><strong>perpetuo</strong></span> <span class='ocrx_word' id='word_1_739' title='bbox 2365 2965 2542 3010; x_wconf 88' lang='lat' dir='ltr'><strong>manet</strong></span> <span class='ocrx_word' id='word_1_740' title='bbox 2576 2972 2588 3008; x_wconf 91' lang='lat'><strong>:</strong></span> <span class='ocrx_word' id='word_1_741' title='bbox 2618 2954 2907 3024; x_wconf 89' lang='lat' dir='ltr'><strong>spiritualis</strong></span> <span class='ocrx_word' id='word_1_742' title='bbox 2946 2954 3087 3008; x_wconf 88' lang='lat' dir='ltr'><strong>enim</strong></span> <span class='ocrx_word' id='word_1_743' title='bbox 3120 2962 3201 3009; x_wconf 87' lang='lat' dir='ltr'><strong>est</strong></span> <span class='ocrx_word' id='word_1_744' title='bbox 3226 2996 3239 3018; x_wconf 92' lang='lat'><strong>,</strong></span> <span class='ocrx_word' id='word_1_745' title='bbox 3273 2954 3516 3009; x_wconf 91' lang='lat' dir='ltr'><strong>humanis</strong></span> <span class='ocrx_word' id='word_1_746' title='bbox 3554 2972 3665 3010; x_wconf 83' lang='lat' dir='ltr'><strong>non</strong></span> 
     </span>
    </p>
   </div>
   <div class='ocr_carea' id='block_1_92' title="bbox 2073 3042 3662 3115">
    <p class='ocr_par' dir='ltr' id='par_1_92' title="bbox 2073 3042 3662 3115">
     <span class='ocr_line' id='line_1_92' title="bbox 2073 3042 3662 3115; baseline 0.001 -15"><span class='ocrx_word' id='word_1_747' title='bbox 2073 3046 2268 3101; x_wconf 89' lang='lat' dir='ltr'><strong>cedens</strong></span> <span class='ocrx_word' id='word_1_748' title='bbox 2309 3044 2513 3100; x_wconf 90' lang='lat' dir='ltr'><strong>insidiis</strong></span> <span class='ocrx_word' id='word_1_749' title='bbox 2538 3085 2553 3111; x_wconf 96' lang='lat'><strong>,</strong></span> <span class='ocrx_word' id='word_1_750' title='bbox 2586 3044 2679 3100; x_wconf 87' lang='lat' dir='ltr'><strong>sed</strong></span> <span class='ocrx_word' id='word_1_751' title='bbox 2722 3059 2845 3100; x_wconf 90' lang='lat' dir='ltr'><strong>cum</strong></span> <span class='ocrx_word' id='word_1_752' title='bbox 2876 3043 2937 3097; x_wconf 89' lang='lat' dir='ltr'><strong>iis</strong></span> <span class='ocrx_word' id='word_1_753' title='bbox 2964 3042 3055 3113; x_wconf 88' lang='lat' dir='ltr'><strong>qui</strong></span> <span class='ocrx_word' id='word_1_754' title='bbox 3094 3042 3243 3097; x_wconf 84' lang='lat' dir='ltr'><strong>illum</strong></span> <span class='ocrx_word' id='word_1_755' title='bbox 3269 3045 3536 3115; x_wconf 67' lang='lat' dir='ltr'><strong>accipiunt</strong></span> <span class='ocrx_word' id='word_1_756' title='bbox 3558 3088 3572 3107; x_wconf 89' lang='lat'><strong>,</strong></span> <span class='ocrx_word' id='word_1_757' title='bbox 3606 3057 3662 3101; x_wconf 81' lang='lat' dir='ltr'><strong>et</strong></span> 
     </span>
    </p>
   </div>
   <div class='ocr_carea' id='block_1_93' title="bbox 2074 3130 3662 3205">
    <p class='ocr_par' dir='ltr' id='par_1_93' title="bbox 2074 3130 3662 3205">
     <span class='ocr_line' id='line_1_93' title="bbox 2074 3130 3662 3205; baseline 0 -16"><span class='ocrx_word' id='word_1_758' title='bbox 2074 3136 2236 3190; x_wconf 85' lang='lat' dir='ltr'><strong>sobrii</strong></span> <span class='ocrx_word' id='word_1_759' title='bbox 2265 3150 2383 3190; x_wconf 84' lang='lat' dir='ltr'><strong>esse</strong></span> <span class='ocrx_word' id='word_1_760' title='bbox 2425 3136 2605 3189; x_wconf 79' lang='lat' dir='ltr'><strong>volunt</strong></span> <span class='ocrx_word' id='word_1_761' title='bbox 2648 3150 2711 3190; x_wconf 87' lang='lat' dir='ltr'><strong>ac</strong></span> <span class='ocrx_word' id='word_1_762' title='bbox 2750 3134 3076 3205; x_wconf 89' lang='lat' dir='ltr'><strong>prudentes,</strong></span> <span class='ocrx_word' id='word_1_763' title='bbox 3120 3131 3173 3187; x_wconf 82' lang='lat' dir='ltr'><strong>In</strong></span> <span class='ocrx_word' id='word_1_764' title='bbox 3225 3130 3449 3188; x_wconf 76' lang='lat' dir='ltr'><strong>futuram</strong></span> <span class='ocrx_word' id='word_1_765' title='bbox 3496 3136 3662 3191; x_wconf 84' lang='lat' dir='ltr'><strong>vitam</strong></span> 
     </span>
    </p>
   </div>
   <div class='ocr_carea' id='block_1_94' title="bbox 2074 3225 3485 3297">
    <p class='ocr_par' dir='ltr' id='par_1_94' title="bbox 2074 3225 3485 3297">
     <span class='ocr_line' id='line_1_94' title="bbox 2074 3225 3485 3297; baseline -0.001 -15"><span class='ocrx_word' id='word_1_766' title='bbox 2074 3227 2339 3297; x_wconf 80' lang='lat' dir='ltr'><strong>migrabit,</strong></span> <span class='ocrx_word' id='word_1_767' title='bbox 2372 3236 2425 3282; x_wconf 90' lang='lat' dir='ltr'><strong>ct</strong></span> <span class='ocrx_word' id='word_1_768' title='bbox 2448 3228 2527 3283; x_wconf 89' lang='lat' dir='ltr'><strong>eis</strong></span> <span class='ocrx_word' id='word_1_769' title='bbox 2554 3236 2751 3283; x_wconf 71' lang='lat' dir='ltr'><strong>teterna</strong></span> <span class='ocrx_word' id='word_1_770' title='bbox 2780 3225 3098 3297; x_wconf 69' lang='lat' dir='ltr'><strong>prteparabit</strong></span> <span class='ocrx_word' id='word_1_771' title='bbox 3121 3228 3485 3284; x_wconf 73' lang='lat' dir='ltr'><strong>tabernacula.</strong></span> 
     </span>
    </p>
   </div>
   <div class='ocr_carea' id='block_1_95' title="bbox 2144 3317 3662 3389">
    <p class='ocr_par' dir='ltr' id='par_1_95' title="bbox 2144 3317 3662 3389">
     <span class='ocr_line' id='line_1_95' title="bbox 2144 3317 3662 3389; baseline -0.002 -15"><span class='ocrx_word' id='word_1_772' title='bbox 2144 3320 2197 3374; x_wconf 77' lang='grc'><strong>4.</strong></span> <span class='ocrx_word' id='word_1_773' title='bbox 2236 3317 2314 3373; x_wconf 81' lang='lat' dir='ltr'><strong>Ne</strong></span> <span class='ocrx_word' id='word_1_774' title='bbox 2351 3321 2509 3389; x_wconf 80' lang='lat' dir='ltr'><strong>igitur</strong></span> <span class='ocrx_word' id='word_1_775' title='bbox 2546 3333 2760 3389; x_wconf 79' lang='lat' dir='ltr'><strong>Operam</strong></span> <span class='ocrx_word' id='word_1_776' title='bbox 2804 3327 3041 3374; x_wconf 86' lang='lat' dir='ltr'><strong>nostram</strong></span> <span class='ocrx_word' id='word_1_777' title='bbox 3079 3321 3130 3373; x_wconf 92' lang='lat' dir='ltr'><strong>in</strong></span> <span class='ocrx_word' id='word_1_778' title='bbox 3169 3319 3497 3387; x_wconf 82' lang='lat' dir='ltr'><strong>colligendas</strong></span> <span class='ocrx_word' id='word_1_779' title='bbox 3527 3334 3662 3389; x_wconf 75' lang='lat' dir='ltr'><strong>opes.</strong></span> 
     </span>
    </p>
   </div>
   <div class='ocr_carea' id='block_1_96' title="bbox 2072 3410 3662 3481">
    <p class='ocr_par' dir='ltr' id='par_1_96' title="bbox 2072 3410 3662 3481">
     <span class='ocr_line' id='line_1_96' title="bbox 2072 3410 3662 3481; baseline -0.003 -14"><span class='ocrx_word' id='word_1_780' title='bbox 2072 3413 2396 3467; x_wconf 88' lang='lat' dir='ltr'><strong>collocemus</strong></span> <span class='ocrx_word' id='word_1_781' title='bbox 2420 3454 2436 3477; x_wconf 94' lang='lat'><strong>,</strong></span> <span class='ocrx_word' id='word_1_782' title='bbox 2467 3425 2600 3481; x_wconf 82' lang='lat' dir='ltr'><strong>quas</strong></span> <span class='ocrx_word' id='word_1_783' title='bbox 2642 3410 3005 3480; x_wconf 84' lang='lat' dir='ltr'><strong>relinquamus</strong></span> <span class='ocrx_word' id='word_1_784' title='bbox 3042 3410 3196 3473; x_wconf 84' lang='lat' dir='ltr'><strong>ﬁliis;</strong></span> <span class='ocrx_word' id='word_1_785' title='bbox 3245 3410 3336 3464; x_wconf 85' lang='lat' dir='ltr'><strong>sed</strong></span> <span class='ocrx_word' id='word_1_786' title='bbox 3373 3410 3662 3463; x_wconf 83' lang='lat' dir='ltr'><strong>doceamus</strong></span> 
     </span>
    </p>
   </div>
   <div class='ocr_carea' id='block_1_97' title="bbox 2072 3503 3696 3572">
    <p class='ocr_par' dir='ltr' id='par_1_97' title="bbox 2072 3503 3696 3572">
     <span class='ocr_line' id='line_1_97' title="bbox 2072 3503 3696 3572; baseline -0.003 -13"><span class='ocrx_word' id='word_1_787' title='bbox 2072 3519 2171 3559; x_wconf 85' lang='lat' dir='ltr'><strong>eos</strong></span> <span class='ocrx_word' id='word_1_788' title='bbox 2195 3505 2469 3569; x_wconf 85' lang='lat' dir='ltr'><strong>virtutem,</strong></span> <span class='ocrx_word' id='word_1_789' title='bbox 2489 3512 2541 3557; x_wconf 89' lang='lat' dir='ltr'><strong>et</strong></span> <span class='ocrx_word' id='word_1_790' title='bbox 2570 3503 2989 3557; x_wconf 79' lang='lat' dir='ltr'><strong>benedictionem</strong></span> <span class='ocrx_word' id='word_1_791' title='bbox 3019 3503 3112 3558; x_wconf 88' lang='lat' dir='ltr'><strong>Dei</strong></span> <span class='ocrx_word' id='word_1_792' title='bbox 3146 3504 3250 3557; x_wconf 87' lang='lat' dir='ltr'><strong>illis</strong></span> <span class='ocrx_word' id='word_1_793' title='bbox 3277 3518 3647 3572; x_wconf 87' lang='lat' dir='ltr'><strong>appreccmnr.</strong></span> <span class='ocrx_word' id='word_1_794' title='bbox 3684 3550 3696 3564; x_wconf 85' lang='grc'><em>,</em></span> 
     </span>
    </p>
   </div>
   <div class='ocr_carea' id='block_1_98' title="bbox 2072 3593 3656 3656">
    <p class='ocr_par' dir='ltr' id='par_1_98' title="bbox 2072 3593 3656 3656">
     <span class='ocr_line' id='line_1_98' title="bbox 2072 3593 3656 3656; baseline -0.001 -7"><span class='ocrx_word' id='word_1_795' title='bbox 2072 3593 2189 3649; x_wconf 74' lang='lat' dir='ltr'><strong>Ista:</strong></span> <span class='ocrx_word' id='word_1_796' title='bbox 2227 3596 2368 3649; x_wconf 89' lang='lat' dir='ltr'><strong>enim</strong></span> <span class='ocrx_word' id='word_1_797' title='bbox 2395 3636 2409 3656; x_wconf 90' lang='lat'><strong>.</strong></span> <span class='ocrx_word' id='word_1_798' title='bbox 2451 3594 2564 3648; x_wconf 63' lang='lat' dir='ltr'><strong>ista:</strong></span> <span class='ocrx_word' id='word_1_799' title='bbox 2611 3596 2855 3649; x_wconf 73' lang='lat' dir='ltr'><strong>maximrc</strong></span> <span class='ocrx_word' id='word_1_800' title='bbox 2881 3604 3001 3649; x_wconf 88' lang='lat' dir='ltr'><strong>sunt</strong></span> <span class='ocrx_word' id='word_1_801' title='bbox 3035 3594 3309 3648; x_wconf 71' lang='lat' dir='ltr'><strong>facultates</strong></span> <span class='ocrx_word' id='word_1_802' title='bbox 3338 3611 3351 3647; x_wconf 90' lang='lat'><strong>:</strong></span> <span class='ocrx_word' id='word_1_803' title='bbox 3386 3594 3499 3647; x_wconf 81' lang='lat' dir='ltr'><strong>ista:</strong></span> <span class='ocrx_word' id='word_1_804' title='bbox 3529 3602 3656 3647; x_wconf 86' lang='lat' dir='ltr'><strong>sunt</strong></span> 
     </span>
    </p>
   </div>
   <div class='ocr_carea' id='block_1_99' title="bbox 2072 3686 3656 3756">
    <p class='ocr_par' dir='ltr' id='par_1_99' title="bbox 2072 3686 3656 3756">
     <span class='ocr_line' id='line_1_99' title="bbox 2072 3686 3656 3756; baseline -0.004 -12"><span class='ocrx_word' id='word_1_805' title='bbox 2072 3688 2367 3744; x_wconf 79' lang='lat' dir='ltr'><strong>inell&#39;abiles</strong></span> <span class='ocrx_word' id='word_1_806' title='bbox 2392 3687 2588 3741; x_wconf 76' lang='lat' dir='ltr'><strong>divitia:</strong></span> <span class='ocrx_word' id='word_1_807' title='bbox 2609 3728 2624 3752; x_wconf 96' lang='lat'><strong>,</strong></span> <span class='ocrx_word' id='word_1_808' title='bbox 2651 3704 2769 3756; x_wconf 78' lang='lat' dir='ltr'><strong>qua:</strong></span> <span class='ocrx_word' id='word_1_809' title='bbox 2799 3702 2902 3741; x_wconf 83' lang='lat' dir='ltr'><strong>non</strong></span> <span class='ocrx_word' id='word_1_810' title='bbox 2928 3686 3303 3751; x_wconf 76' lang='lat' dir='ltr'><strong>absumuntur,</strong></span> <span class='ocrx_word' id='word_1_811' title='bbox 3328 3702 3448 3756; x_wconf 70' lang='lat' dir='ltr'><strong>qua!</strong></span> <span class='ocrx_word' id='word_1_812' title='bbox 3477 3689 3656 3754; x_wconf 89' lang='lat' dir='ltr'><strong>quoti-</strong></span> 
     </span>
    </p>
   </div>
   <div class='ocr_carea' id='block_1_100' title="bbox 2072 3776 3661 3845">
    <p class='ocr_par' dir='ltr' id='par_1_100' title="bbox 2072 3776 3661 3845">
     <span class='ocr_line' id='line_1_100' title="bbox 2072 3776 3661 3845; baseline -0.001 -13"><span class='ocrx_word' id='word_1_813' title='bbox 2072 3777 2161 3832; x_wconf 85' lang='lat' dir='ltr'><strong>die</strong></span> <span class='ocrx_word' id='word_1_814' title='bbox 2201 3778 2550 3831; x_wconf 85' lang='lat' dir='ltr'><strong>substantiam</strong></span> <span class='ocrx_word' id='word_1_815' title='bbox 2593 3787 2826 3830; x_wconf 88' lang='lat' dir='ltr'><strong>nostram</strong></span> <span class='ocrx_word' id='word_1_816' title='bbox 2866 3786 3083 3845; x_wconf 82' lang='lat' dir='ltr'><strong>augent.</strong></span> <span class='ocrx_word' id='word_1_817' title='bbox 3129 3777 3267 3835; x_wconf 87' lang='lat' dir='ltr'><strong>Nihil</strong></span> <span class='ocrx_word' id='word_1_818' title='bbox 3296 3777 3437 3831; x_wconf 92' lang='lat' dir='ltr'><strong>enim</strong></span> <span class='ocrx_word' id='word_1_819' title='bbox 3478 3776 3661 3830; x_wconf 87' lang='lat' dir='ltr'><strong>virtuti</strong></span> 
     </span>
    </p>
   </div>
   <div class='ocr_carea' id='block_1_101' title="bbox 2073 3866 3658 3939">
    <p class='ocr_par' dir='ltr' id='par_1_101' title="bbox 2073 3866 3658 3939">
     <span class='ocr_line' id='line_1_101' title="bbox 2073 3866 3658 3939; baseline 0 -18"><span class='ocrx_word' id='word_1_820' title='bbox 2073 3884 2168 3939; x_wconf 84' lang='lat' dir='ltr'><strong>par</strong></span> <span class='ocrx_word' id='word_1_821' title='bbox 2188 3908 2205 3932; x_wconf 91' lang='lat'><strong>,</strong></span> <span class='ocrx_word' id='word_1_822' title='bbox 2242 3868 2373 3923; x_wconf 84' lang='lat' dir='ltr'><strong>nihil</strong></span> <span class='ocrx_word' id='word_1_823' title='bbox 2399 3868 2594 3922; x_wconf 81' lang='lat' dir='ltr'><strong>virtute</strong></span> <span class='ocrx_word' id='word_1_824' title='bbox 2633 3866 2897 3937; x_wconf 58' lang='lat' dir='ltr'><strong>intentius</strong></span> <span class='ocrx_word' id='word_1_825' title='bbox 2928 3882 2949 3925; x_wconf 82' lang='lat'><strong>:</strong></span> <span class='ocrx_word' id='word_1_826' title='bbox 2971 3868 3176 3922; x_wconf 86' lang='lat' dir='ltr'><strong>etiamsi</strong></span> <span class='ocrx_word' id='word_1_827' title='bbox 3205 3868 3331 3923; x_wconf 88' lang='lat' dir='ltr'><strong>mibi</strong></span> <span class='ocrx_word' id='word_1_828' title='bbox 3361 3868 3507 3922; x_wconf 85' lang='lat' dir='ltr'><strong>dicas</strong></span> <span class='ocrx_word' id='word_1_829' title='bbox 3533 3884 3658 3921; x_wconf 84' lang='lat' dir='ltr'><strong>cum</strong></span> 
     </span>
    </p>
   </div>
   <div class='ocr_carea' id='block_1_102' title="bbox 2072 3960 3659 4032">
    <p class='ocr_par' dir='ltr' id='par_1_102' title="bbox 2072 3960 3659 4032">
     <span class='ocr_line' id='line_1_102' title="bbox 2072 3960 3659 4032; baseline 0 -18"><span class='ocrx_word' id='word_1_830' title='bbox 2072 3963 2159 4032; x_wconf 86' lang='lat' dir='ltr'><strong>qui</strong></span> <span class='ocrx_word' id='word_1_831' title='bbox 2186 3977 2405 4032; x_wconf 80' lang='lat' dir='ltr'><strong>regnum</strong></span> <span class='ocrx_word' id='word_1_832' title='bbox 2431 3962 2608 4024; x_wconf 86' lang='lat' dir='ltr'><strong>habet,</strong></span> <span class='ocrx_word' id='word_1_833' title='bbox 2631 3976 2693 4015; x_wconf 87' lang='lat' dir='ltr'><strong>ac</strong></span> <span class='ocrx_word' id='word_1_834' title='bbox 2716 3960 2954 4014; x_wconf 89' lang='lat' dir='ltr'><strong>diadema</strong></span> <span class='ocrx_word' id='word_1_835' title='bbox 2979 3960 3132 4031; x_wconf 77' lang='lat' dir='ltr'><strong>gerit,</strong></span> <span class='ocrx_word' id='word_1_836' title='bbox 3158 3961 3255 4016; x_wconf 83' lang='lat' dir='ltr'><strong>nisi</strong></span> <span class='ocrx_word' id='word_1_837' title='bbox 3284 3960 3417 4015; x_wconf 88' lang='lat' dir='ltr'><strong>hanc</strong></span> <span class='ocrx_word' id='word_1_838' title='bbox 3440 3961 3659 4026; x_wconf 88' lang='lat' dir='ltr'><strong>haheat,</strong></span> 
     </span>
    </p>
   </div>
   <div class='ocr_carea' id='block_1_103' title="bbox 2071 4052 3658 4123">
    <p class='ocr_par' dir='ltr' id='par_1_103' title="bbox 2071 4052 3658 4123">
     <span class='ocr_line' id='line_1_103' title="bbox 2071 4052 3658 4123; baseline 0.002 -18"><span class='ocrx_word' id='word_1_839' title='bbox 2071 4054 2259 4123; x_wconf 74' lang='lat' dir='ltr'><strong>quovis</strong></span> <span class='ocrx_word' id='word_1_840' title='bbox 2291 4052 2635 4123; x_wconf 81' lang='lat' dir='ltr'><strong>pannicnioso</strong></span> <span class='ocrx_word' id='word_1_841' title='bbox 2663 4067 2895 4121; x_wconf 84' lang='lat' dir='ltr'><strong>paupere</strong></span> <span class='ocrx_word' id='word_1_842' title='bbox 2921 4052 3166 4107; x_wconf 91' lang='lat' dir='ltr'><strong>miserior</strong></span> <span class='ocrx_word' id='word_1_843' title='bbox 3194 4054 3319 4107; x_wconf 78' lang='lat' dir='ltr'><strong>erit.</strong></span> <span class='ocrx_word' id='word_1_844' title='bbox 3350 4052 3483 4119; x_wconf 87' lang='lat' dir='ltr'><strong>Quid</strong></span> <span class='ocrx_word' id='word_1_845' title='bbox 3512 4054 3658 4108; x_wconf 84' lang='lat' dir='ltr'><strong>enim</strong></span> 
     </span>
    </p>
   </div>
   <div class='ocr_carea' id='block_1_104' title="bbox 2072 4143 3657 4216">
    <p class='ocr_par' dir='ltr' id='par_1_104' title="bbox 2072 4143 3657 4216">
     <span class='ocr_line' id='line_1_104' title="bbox 2072 4143 3657 4216; baseline 0.001 -17"><span class='ocrx_word' id='word_1_846' title='bbox 2072 4146 2147 4199; x_wconf 89' lang='lat' dir='ltr'><strong>illi</strong></span> <span class='ocrx_word' id='word_1_847' title='bbox 2177 4143 2429 4216; x_wconf 70' lang='lat' dir='ltr'><strong>prodesse</strong></span> <span class='ocrx_word' id='word_1_848' title='bbox 2470 4144 2661 4213; x_wconf 90' lang='lat' dir='ltr'><strong>poterit</strong></span> <span class='ocrx_word' id='word_1_849' title='bbox 2696 4143 2934 4199; x_wconf 90' lang='lat' dir='ltr'><strong>diadema</strong></span> <span class='ocrx_word' id='word_1_850' title='bbox 2967 4154 3056 4199; x_wconf 80' lang='lat' dir='ltr'><strong>aut</strong></span> <span class='ocrx_word' id='word_1_851' title='bbox 3083 4160 3332 4214; x_wconf 81' lang='lat' dir='ltr'><strong>purpura,</strong></span> <span class='ocrx_word' id='word_1_852' title='bbox 3365 4146 3450 4215; x_wconf 90' lang='lat' dir='ltr'><strong>qui</strong></span> <span class='ocrx_word' id='word_1_853' title='bbox 3483 4146 3657 4200; x_wconf 77' lang='lat' dir='ltr'><strong>virtu-</strong></span> 
     </span>
    </p>
   </div>
   <div class='ocr_carea' id='block_1_105' title="bbox 2072 4235 3652 4307">
    <p class='ocr_par' dir='ltr' id='par_1_105' title="bbox 2072 4235 3652 4307">
     <span class='ocr_line' id='line_1_105' title="bbox 2072 4235 3652 4307; baseline -0.001 -15"><span class='ocrx_word' id='word_1_854' title='bbox 2072 4246 2179 4292; x_wconf 89' lang='lat' dir='ltr'><strong>tern</strong></span> <span class='ocrx_word' id='word_1_855' title='bbox 2221 4250 2313 4289; x_wconf 90' lang='lat' dir='ltr'><strong>sua</strong></span> <span class='ocrx_word' id='word_1_856' title='bbox 2345 4235 2542 4290; x_wconf 86' lang='lat' dir='ltr'><strong>desidia</strong></span> <span class='ocrx_word' id='word_1_857' title='bbox 2575 4236 2783 4305; x_wconf 80' lang='lat' dir='ltr'><strong>perdit?</strong></span> <span class='ocrx_word' id='word_1_858' title='bbox 2828 4235 3090 4307; x_wconf 78' lang='lat' dir='ltr'><strong>Numquid</strong></span> <span class='ocrx_word' id='word_1_859' title='bbox 3120 4237 3375 4291; x_wconf 89' lang='lat' dir='ltr'><strong>Dominus</strong></span> <span class='ocrx_word' id='word_1_860' title='bbox 3400 4247 3652 4291; x_wconf 77' lang='lat' dir='ltr'><strong>externa-</strong></span> 
     </span>
    </p>
   </div>
   <div class='ocr_carea' id='block_1_106' title="bbox 2072 4329 3656 4399">
    <p class='ocr_par' dir='ltr' id='par_1_106' title="bbox 2072 4329 3656 4399">
     <span class='ocr_line' id='line_1_106' title="bbox 2072 4329 3656 4399; baseline -0.006 -15"><span class='ocrx_word' id='word_1_861' title='bbox 2072 4345 2188 4384; x_wconf 86' lang='lat' dir='ltr'><strong>rum</strong></span> <span class='ocrx_word' id='word_1_862' title='bbox 2219 4330 2530 4399; x_wconf 73' lang='lat' dir='ltr'><strong>dignitatum</strong></span> <span class='ocrx_word' id='word_1_863' title='bbox 2559 4329 2865 4383; x_wconf 72' lang='lat' dir='ltr'><strong>varietatem</strong></span> <span class='ocrx_word' id='word_1_864' title='bbox 2897 4329 3143 4397; x_wconf 70' lang='lat' dir='ltr'><strong>spectat?</strong></span> <span class='ocrx_word' id='word_1_865' title='bbox 3166 4329 3418 4397; x_wconf 87' lang='lat' dir='ltr'><strong>numquid</strong></span> <span class='ocrx_word' id='word_1_866' title='bbox 3462 4344 3656 4397; x_wconf 67' lang='lat' dir='ltr'><strong>perso-</strong></span> 
     </span>
    </p>
   </div>
   <div class='ocr_carea' id='block_1_107' title="bbox 2072 4420 3653 4491">
    <p class='ocr_par' dir='ltr' id='par_1_107' title="bbox 2072 4420 3653 4491">
     <span class='ocr_line' id='line_1_107' title="bbox 2072 4420 3653 4491; baseline -0.005 -14"><span class='ocrx_word' id='word_1_867' title='bbox 2072 4439 2257 4477; x_wconf 75' lang='lat' dir='ltr'><strong>uarum</strong></span> <span class='ocrx_word' id='word_1_868' title='bbox 2285 4422 2449 4491; x_wconf 78' lang='lat' dir='ltr'><strong>gloria</strong></span> <span class='ocrx_word' id='word_1_869' title='bbox 2481 4422 2857 4491; x_wconf 77' lang='lat' dir='ltr'><strong>permovetur?</strong></span> <span class='ocrx_word' id='word_1_870' title='bbox 2888 4420 3058 4479; x_wconf 84' lang='lat' dir='ltr'><strong>Unum</strong></span> <span class='ocrx_word' id='word_1_871' title='bbox 3090 4432 3173 4476; x_wconf 90' lang='lat' dir='ltr'><strong>est</strong></span> <span class='ocrx_word' id='word_1_872' title='bbox 3202 4422 3307 4477; x_wconf 90' lang='lat' dir='ltr'><strong>illic</strong></span> <span class='ocrx_word' id='word_1_873' title='bbox 3334 4421 3475 4491; x_wconf 79' lang='lat' dir='ltr'><strong>quod</strong></span> <span class='ocrx_word' id='word_1_874' title='bbox 3506 4438 3653 4491; x_wconf 72' lang='lat' dir='ltr'><strong>qum.</strong></span> 
     </span>
    </p>
   </div>
   <div class='ocr_carea' id='block_1_108' title="bbox 2071 4515 3662 4584">
    <p class='ocr_par' dir='ltr' id='par_1_108' title="bbox 2071 4515 3662 4584">
     <span class='ocr_line' id='line_1_108' title="bbox 2071 4515 3662 4584; baseline -0.001 -15"><span class='ocrx_word' id='word_1_875' title='bbox 2071 4516 2203 4569; x_wconf 90' lang='lat' dir='ltr'><strong>ritur</strong></span> <span class='ocrx_word' id='word_1_876' title='bbox 2226 4557 2240 4579; x_wconf 94' lang='lat'><strong>,</strong></span> <span class='ocrx_word' id='word_1_877' title='bbox 2274 4526 2329 4569; x_wconf 90' lang='lat' dir='ltr'><strong>ut</strong></span> <span class='ocrx_word' id='word_1_878' title='bbox 2376 4530 2472 4584; x_wconf 81' lang='lat' dir='ltr'><strong>per</strong></span> <span class='ocrx_word' id='word_1_879' title='bbox 2498 4515 2858 4583; x_wconf 81' lang='lat' dir='ltr'><strong>operationem</strong></span> <span class='ocrx_word' id='word_1_880' title='bbox 2891 4515 3143 4569; x_wconf 85' lang='lat' dir='ltr'><strong>virtutum</strong></span> <span class='ocrx_word' id='word_1_881' title='bbox 3174 4524 3385 4583; x_wconf 62' lang='lat' dir='ltr'><strong>apertas</strong></span> <span class='ocrx_word' id='word_1_882' title='bbox 3416 4515 3662 4573; x_wconf 78' lang='lat' dir='ltr'><strong>invenire</strong></span> 
     </span>
    </p>
   </div>
   <div class='ocr_carea' id='block_1_109' title="bbox 2073 4606 3659 4680">
    <p class='ocr_par' dir='ltr' id='par_1_109' title="bbox 2073 4606 3659 4680">
     <span class='ocr_line' id='line_1_109' title="bbox 2073 4606 3659 4680; baseline 0.001 -17"><span class='ocrx_word' id='word_1_883' title='bbox 2073 4610 2338 4677; x_wconf 80' lang='lat' dir='ltr'><strong>possimus</strong></span> <span class='ocrx_word' id='word_1_884' title='bbox 2379 4606 2573 4679; x_wconf 72' lang='lat' dir='ltr'><strong>ianuas</strong></span> <span class='ocrx_word' id='word_1_885' title='bbox 2616 4608 2816 4665; x_wconf 69' lang='lat' dir='ltr'><strong>ﬁducia!</strong></span> <span class='ocrx_word' id='word_1_886' title='bbox 2868 4610 2919 4663; x_wconf 87' lang='lat' dir='ltr'><strong>itt</strong></span> <span class='ocrx_word' id='word_1_887' title='bbox 2972 4609 3137 4665; x_wconf 83' lang='lat' dir='ltr'><strong>Deum</strong></span> <span class='ocrx_word' id='word_1_888' title='bbox 3173 4625 3335 4668; x_wconf 81' lang='lat' dir='ltr'><strong>:natn</strong></span> <span class='ocrx_word' id='word_1_889' title='bbox 3382 4611 3469 4680; x_wconf 87' lang='lat' dir='ltr'><strong>qui</strong></span> <span class='ocrx_word' id='word_1_890' title='bbox 3522 4608 3659 4664; x_wconf 81' lang='lat' dir='ltr'><strong>nihil</strong></span> 
     </span>
    </p>
   </div>
   <div class='ocr_carea' id='block_1_110' title="bbox 2075 4702 3656 4773">
    <p class='ocr_par' dir='ltr' id='par_1_110' title="bbox 2075 4702 3656 4773">
     <span class='ocr_line' id='line_1_110' title="bbox 2075 4702 3656 4773; baseline 0.002 -19"><span class='ocrx_word' id='word_1_891' title='bbox 2075 4702 2277 4757; x_wconf 71' lang='lat' dir='ltr'><strong>ﬁducim</strong></span> <span class='ocrx_word' id='word_1_892' title='bbox 2308 4702 2430 4757; x_wconf 89' lang='lat' dir='ltr'><strong>hinc</strong></span> <span class='ocrx_word' id='word_1_893' title='bbox 2449 4704 2636 4769; x_wconf 80' lang='lat' dir='ltr'><strong>defert,</strong></span> <span class='ocrx_word' id='word_1_894' title='bbox 2667 4704 2803 4759; x_wconf 89' lang='lat' dir='ltr'><strong>inter</strong></span> <span class='ocrx_word' id='word_1_895' title='bbox 2831 4702 3208 4773; x_wconf 75' lang='lat' dir='ltr'><strong>ignorttiniosos</strong></span> <span class='ocrx_word' id='word_1_896' title='bbox 3232 4714 3283 4759; x_wconf 88' lang='lat' dir='ltr'><strong>et</strong></span> <span class='ocrx_word' id='word_1_897' title='bbox 3310 4703 3656 4773; x_wconf 80' lang='lat' dir='ltr'><strong>desperantes</strong></span> 
     </span>
    </p>
   </div>
   <div class='ocr_carea' id='block_1_111' title="bbox 2072 4794 2505 4849">
    <p class='ocr_par' dir='ltr' id='par_1_111' title="bbox 2072 4794 2505 4849">
     <span class='ocr_line' id='line_1_111' title="bbox 2072 4794 2505 4849; baseline -0.005 0"><span class='ocrx_word' id='word_1_898' title='bbox 2072 4794 2244 4849; x_wconf 78' lang='lat' dir='ltr'><strong>locum</strong></span> <span class='ocrx_word' id='word_1_899' title='bbox 2272 4795 2505 4849; x_wconf 84' lang='lat' dir='ltr'><strong>habebit.</strong></span> 
     </span>
    </p>
   </div>
   <div class='ocr_carea' id='block_1_112' title="bbox 2148 4885 3649 4957">
    <p class='ocr_par' dir='ltr' id='par_1_112' title="bbox 2148 4885 3649 4957">
     <span class='ocr_line' id='line_1_112' title="bbox 2148 4885 3649 4957; baseline -0.001 -17"><span class='ocrx_word' id='word_1_900' title='bbox 2148 4887 2383 4941; x_wconf 78' lang='lat' dir='ltr'><strong>Pecunia:</strong></span> <span class='ocrx_word' id='word_1_901' title='bbox 2426 4887 2597 4941; x_wconf 69' lang='lat' dir='ltr'><strong>uirtuti</strong></span> <span class='ocrx_word' id='word_1_902' title='bbox 2624 4886 2842 4941; x_wconf 83' lang='lat' dir='ltr'><strong>obstant.</strong></span> <span class='ocrx_word' id='word_1_903' title='bbox 2883 4916 2954 4929; x_wconf 68' lang='grc' dir='ltr'><strong>-υ-</strong></span> <span class='ocrx_word' id='word_1_904' title='bbox 2983 4885 3090 4941; x_wconf 81' lang='lat' dir='ltr'><strong>Hoc</strong></span> <span class='ocrx_word' id='word_1_905' title='bbox 3118 4887 3275 4957; x_wconf 77' lang='lat' dir='ltr'><strong>igitur</strong></span> <span class='ocrx_word' id='word_1_906' title='bbox 3304 4901 3491 4941; x_wconf 88' lang='lat' dir='ltr'><strong>mnnes</strong></span> <span class='ocrx_word' id='word_1_907' title='bbox 3521 4901 3649 4938; x_wconf 82' lang='lat' dir='ltr'><strong>cnu—</strong></span> 
     </span>
    </p>
   </div>
   <div class='ocr_carea' id='block_1_113' title="bbox 2076 4977 3649 5040">
    <p class='ocr_par' dir='ltr' id='par_1_113' title="bbox 2076 4977 3649 5040">
     <span class='ocr_line' id='line_1_113' title="bbox 2076 4977 3649 5040; baseline -0.003 -7"><span class='ocrx_word' id='word_1_908' title='bbox 2076 4979 2365 5034; x_wconf 81' lang='lat' dir='ltr'><strong>sidercmus</strong></span> <span class='ocrx_word' id='word_1_909' title='bbox 2389 5018 2407 5040; x_wconf 94' lang='lat'><strong>,</strong></span> <span class='ocrx_word' id='word_1_910' title='bbox 2442 4987 2495 5031; x_wconf 90' lang='lat' dir='ltr'><strong>et</strong></span> <span class='ocrx_word' id='word_1_911' title='bbox 2524 4987 2735 5031; x_wconf 89' lang='lat' dir='ltr'><strong>nostros</strong></span> <span class='ocrx_word' id='word_1_912' title='bbox 2779 4978 2915 5030; x_wconf 84' lang='lat' dir='ltr'><strong>lliios</strong></span> <span class='ocrx_word' id='word_1_913' title='bbox 2955 4978 3239 5032; x_wconf 84' lang='lat' dir='ltr'><strong>doceamus</strong></span> <span class='ocrx_word' id='word_1_914' title='bbox 3267 5019 3281 5037; x_wconf 88' lang='lat'><strong>,</strong></span> <span class='ocrx_word' id='word_1_915' title='bbox 3315 4986 3370 5029; x_wconf 91' lang='lat' dir='ltr'><strong>ut</strong></span> <span class='ocrx_word' id='word_1_916' title='bbox 3400 4977 3649 5029; x_wconf 81' lang='lat' dir='ltr'><strong>virtutem</strong></span> 
     </span>
    </p>
   </div>
   <div class='ocr_carea' id='block_1_114' title="bbox 2071 5068 3650 5139">
    <p class='ocr_par' dir='ltr' id='par_1_114' title="bbox 2071 5068 3650 5139">
     <span class='ocr_line' id='line_1_114' title="bbox 2071 5068 3650 5139; baseline 0.001 -15"><span class='ocrx_word' id='word_1_917' title='bbox 2071 5071 2232 5124; x_wconf 87' lang='lat' dir='ltr'><strong>rebus</strong></span> <span class='ocrx_word' id='word_1_918' title='bbox 2246 5070 2491 5124; x_wconf 89' lang='lat' dir='ltr'><strong>omnibus</strong></span> <span class='ocrx_word' id='word_1_919' title='bbox 2503 5068 2805 5138; x_wconf 71' lang='lat' dir='ltr'><strong>prrel‘crant.</strong></span> <span class='ocrx_word' id='word_1_920' title='bbox 2824 5069 3081 5138; x_wconf 82' lang='lat' dir='ltr'><strong>nihilique</strong></span> <span class='ocrx_word' id='word_1_921' title='bbox 3095 5069 3281 5123; x_wconf 79' lang='lat' dir='ltr'><strong>faciant</strong></span> <span class='ocrx_word' id='word_1_922' title='bbox 3304 5069 3650 5139; x_wconf 69' lang='lat' dir='ltr'><strong>pecuniarum</strong></span> 
     </span>
    </p>
   </div>
   <div class='ocr_carea' id='block_1_115' title="bbox 2072 5160 3658 5231">
    <p class='ocr_par' dir='ltr' id='par_1_115' title="bbox 2072 5160 3658 5231">
     <span class='ocr_line' id='line_1_115' title="bbox 2072 5160 3658 5231; baseline 0.002 -17"><span class='ocrx_word' id='word_1_923' title='bbox 2072 5161 2467 5214; x_wconf 80' lang='lat' dir='ltr'><strong>abundantiam.</strong></span> <span class='ocrx_word' id='word_1_924' title='bbox 2503 5160 2626 5215; x_wconf 75' lang='lat' dir='ltr'><strong>IL&#39;ce</strong></span> <span class='ocrx_word' id='word_1_925' title='bbox 2655 5163 2830 5221; x_wconf 87' lang='lat' dir='ltr'><strong>enim,</strong></span> <span class='ocrx_word' id='word_1_926' title='bbox 2863 5162 2975 5216; x_wconf 68' lang='lat' dir='ltr'><strong>ha&#39;e</strong></span> <span class='ocrx_word' id='word_1_927' title='bbox 3014 5172 3096 5216; x_wconf 92' lang='lat' dir='ltr'><strong>est</strong></span> <span class='ocrx_word' id='word_1_928' title='bbox 3135 5177 3252 5231; x_wconf 79' lang='lat' dir='ltr'><strong>qnn</strong></span> <span class='ocrx_word' id='word_1_929' title='bbox 3297 5162 3476 5215; x_wconf 86' lang='lat' dir='ltr'><strong>virtuti</strong></span> <span class='ocrx_word' id='word_1_930' title='bbox 3515 5178 3658 5229; x_wconf 65' lang='lat' dir='ltr'><strong>sa&#39;pe</strong></span> 
     </span>
    </p>
   </div>
   <div class='ocr_carea' id='block_1_116' title="bbox 2075 5252 3660 5324">
    <p class='ocr_par' dir='ltr' id='par_1_116' title="bbox 2075 5252 3660 5324">
     <span class='ocr_line' id='line_1_116' title="bbox 2075 5252 3660 5324; baseline 0.004 -20"><span class='ocrx_word' id='word_1_931' title='bbox 2075 5254 2357 5323; x_wconf 72' lang='lat' dir='ltr'><strong>plurimum</strong></span> <span class='ocrx_word' id='word_1_932' title='bbox 2404 5252 2577 5307; x_wconf 88' lang='lat' dir='ltr'><strong>obstat</strong></span> <span class='ocrx_word' id='word_1_933' title='bbox 2608 5270 2621 5307; x_wconf 89' lang='lat'><strong>:</strong></span> <span class='ocrx_word' id='word_1_934' title='bbox 2650 5254 3075 5323; x_wconf 72' lang='lat' dir='ltr'><strong>quandoquidem</strong></span> <span class='ocrx_word' id='word_1_935' title='bbox 3125 5254 3369 5307; x_wconf 78' lang='lat' dir='ltr'><strong>nesciunt</strong></span> <span class='ocrx_word' id='word_1_936' title='bbox 3419 5256 3660 5324; x_wconf 83' lang='lat' dir='ltr'><strong>pecuniis</strong></span> 
     </span>
    </p>
   </div>
   <div class='ocr_carea' id='block_1_117' title="bbox 2076 5345 3656 5417">
    <p class='ocr_par' dir='ltr' id='par_1_117' title="bbox 2076 5345 3656 5417">
     <span class='ocr_line' id='line_1_117' title="bbox 2076 5345 3656 5417; baseline 0.001 -19"><span class='ocrx_word' id='word_1_937' title='bbox 2076 5345 2148 5398; x_wconf 91' lang='lat' dir='ltr'><strong>uti</strong></span> <span class='ocrx_word' id='word_1_938' title='bbox 2188 5346 2413 5413; x_wconf 76' lang='lat' dir='ltr'><strong>juvenes</strong></span> <span class='ocrx_word' id='word_1_939' title='bbox 2458 5354 2516 5398; x_wconf 92' lang='lat' dir='ltr'><strong>ut</strong></span> <span class='ocrx_word' id='word_1_940' title='bbox 2559 5353 2789 5415; x_wconf 85' lang='lat' dir='ltr'><strong>oportet.</strong></span> <span class='ocrx_word' id='word_1_941' title='bbox 2825 5345 2891 5399; x_wconf 80' lang='lat' dir='ltr'><strong>Et</strong></span> <span class='ocrx_word' id='word_1_942' title='bbox 2933 5346 3069 5400; x_wconf 86' lang='lat' dir='ltr'><strong>sient</strong></span> <span class='ocrx_word' id='word_1_943' title='bbox 3108 5346 3252 5415; x_wconf 87' lang='lat' dir='ltr'><strong>parvi</strong></span> <span class='ocrx_word' id='word_1_944' title='bbox 3298 5348 3443 5415; x_wconf 79' lang='lat' dir='ltr'><strong>pueri</strong></span> <span class='ocrx_word' id='word_1_945' title='bbox 3472 5364 3656 5417; x_wconf 81' lang='lat' dir='ltr'><strong>sa-pc,</strong></span> 
     </span>
    </p>
   </div>
   <div class='ocr_carea' id='block_1_118' title="bbox 2073 5439 3657 5511">
    <p class='ocr_par' dir='ltr' id='par_1_118' title="bbox 2073 5439 3657 5511">
     <span class='ocr_line' id='line_1_118' title="bbox 2073 5439 3657 5511; baseline 0.003 -17"><span class='ocrx_word' id='word_1_946' title='bbox 2073 5439 2285 5510; x_wconf 83' lang='lat' dir='ltr'><strong>quando</strong></span> <span class='ocrx_word' id='word_1_947' title='bbox 2304 5440 2546 5493; x_wconf 88' lang='lat' dir='ltr'><strong>cultellos</strong></span> <span class='ocrx_word' id='word_1_948' title='bbox 2566 5450 2613 5495; x_wconf 86' lang='lat' dir='ltr'><strong>et</strong></span> <span class='ocrx_word' id='word_1_949' title='bbox 2639 5439 2839 5509; x_wconf 73' lang='lat' dir='ltr'><strong>gladios</strong></span> <span class='ocrx_word' id='word_1_950' title='bbox 2861 5440 3141 5509; x_wconf 86' lang='lat' dir='ltr'><strong>arripiunt,</strong></span> <span class='ocrx_word' id='word_1_951' title='bbox 3164 5454 3229 5493; x_wconf 86' lang='lat' dir='ltr'><strong>eo</strong></span> <span class='ocrx_word' id='word_1_952' title='bbox 3250 5442 3389 5511; x_wconf 86' lang='lat' dir='ltr'><strong>quod</strong></span> <span class='ocrx_word' id='word_1_953' title='bbox 3415 5445 3657 5499; x_wconf 86' lang='lat' dir='ltr'><strong>nesciunt</strong></span> 
     </span>
    </p>
   </div>
   <div class='ocr_carea' id='block_1_119' title="bbox 2073 5531 3655 5605">
    <p class='ocr_par' dir='ltr' id='par_1_119' title="bbox 2073 5531 3655 5605">
     <span class='ocr_line' id='line_1_119' title="bbox 2073 5531 3655 5605; baseline 0.001 -19"><span class='ocrx_word' id='word_1_954' title='bbox 2073 5532 2208 5587; x_wconf 86' lang='lat' dir='ltr'><strong>bene</strong></span> <span class='ocrx_word' id='word_1_955' title='bbox 2238 5531 2341 5585; x_wconf 90' lang='lat' dir='ltr'><strong>illis</strong></span> <span class='ocrx_word' id='word_1_956' title='bbox 2368 5533 2461 5595; x_wconf 91' lang='lat' dir='ltr'><strong>uti,</strong></span> <span class='ocrx_word' id='word_1_957' title='bbox 2496 5532 2879 5601; x_wconf 87' lang='lat' dir='ltr'><strong>periclitantur,</strong></span> <span class='ocrx_word' id='word_1_958' title='bbox 2914 5532 3052 5587; x_wconf 90' lang='lat' dir='ltr'><strong>umle</strong></span> <span class='ocrx_word' id='word_1_959' title='bbox 3084 5544 3281 5588; x_wconf 81' lang='lat' dir='ltr'><strong>matres</strong></span> <span class='ocrx_word' id='word_1_960' title='bbox 3305 5550 3408 5588; x_wconf 88' lang='lat' dir='ltr'><strong>non</strong></span> <span class='ocrx_word' id='word_1_961' title='bbox 3438 5538 3655 5605; x_wconf 82' lang='lat' dir='ltr'><strong>permit-</strong></span> 
     </span>
    </p>
   </div>
   <div class='ocr_carea' id='block_1_120' title="bbox 2072 5626 3660 5699">
    <p class='ocr_par' dir='ltr' id='par_1_120' title="bbox 2072 5626 3660 5699">
     <span class='ocr_line' id='line_1_120' title="bbox 2072 5626 3660 5699; baseline 0.001 -16"><span class='ocrx_word' id='word_1_962' title='bbox 2072 5635 2192 5683; x_wconf 86' lang='lat' dir='ltr'><strong>tunt</strong></span> <span class='ocrx_word' id='word_1_963' title='bbox 2223 5626 2324 5681; x_wconf 89' lang='lat' dir='ltr'><strong>illis</strong></span> <span class='ocrx_word' id='word_1_964' title='bbox 2352 5642 2446 5681; x_wconf 76' lang='lat' dir='ltr'><strong>eos</strong></span> <span class='ocrx_word' id='word_1_965' title='bbox 2481 5627 2695 5695; x_wconf 87' lang='lat' dir='ltr'><strong>impune</strong></span> <span class='ocrx_word' id='word_1_966' title='bbox 2724 5629 2985 5698; x_wconf 77' lang='lat' dir='ltr'><strong>attingere</strong></span> <span class='ocrx_word' id='word_1_967' title='bbox 3014 5646 3028 5679; x_wconf 91' lang='lat'><strong><em>:</em></strong></span> <span class='ocrx_word' id='word_1_968' title='bbox 3059 5629 3125 5681; x_wconf 88' lang='lat' dir='ltr'><strong>ita</strong></span> <span class='ocrx_word' id='word_1_969' title='bbox 3154 5626 3394 5697; x_wconf 81' lang='lat' dir='ltr'><strong>proiecto</strong></span> <span class='ocrx_word' id='word_1_970' title='bbox 3424 5640 3476 5684; x_wconf 92' lang='lat' dir='ltr'><strong>et</strong></span> <span class='ocrx_word' id='word_1_971' title='bbox 3504 5633 3660 5699; x_wconf 82' lang='lat' dir='ltr'><strong>juve-</strong></span> 
     </span>
    </p>
   </div>
   <div class='ocr_carea' id='block_1_121' title="bbox 2074 5717 3662 5793">
    <p class='ocr_par' dir='ltr' id='par_1_121' title="bbox 2074 5717 3662 5793">
     <span class='ocr_line' id='line_1_121' title="bbox 2074 5717 3662 5793; baseline 0.002 -18"><span class='ocrx_word' id='word_1_972' title='bbox 2074 5733 2191 5787; x_wconf 87' lang='lat' dir='ltr'><strong>nes,</strong></span> <span class='ocrx_word' id='word_1_973' title='bbox 2221 5717 2311 5791; x_wconf 85' lang='lat' dir='ltr'><strong>qui</strong></span> <span class='ocrx_word' id='word_1_974' title='bbox 2364 5719 2705 5790; x_wconf 79' lang='lat' dir='ltr'><strong>pecuniarum</strong></span> <span class='ocrx_word' id='word_1_975' title='bbox 2747 5717 3121 5776; x_wconf 85' lang='lat' dir='ltr'><strong>abundantiam</strong></span> <span class='ocrx_word' id='word_1_976' title='bbox 3160 5721 3491 5793; x_wconf 79' lang='lat' dir='ltr'><strong>susceperint</strong></span> <span class='ocrx_word' id='word_1_977' title='bbox 3534 5737 3662 5779; x_wconf 82' lang='lat' dir='ltr'><strong>cum</strong></span> 
     </span>
    </p>
   </div>
  </div>
