4164 6224
496 262 593 318 571

500 375 791 439 noluuteis
821 375 953 433 bene
979 377 1073 443 uti,
1104 376 1154 430 in
1188 378 1473 445 periculum
1502 388 1706 433 certum
1736 394 1796 432 se
1824 378 2070 447 pra-cipi-

502 475 651 532 tant,
678 467 937 520 sarcinam
965 477 1297 536 peccatorum
1323 465 1421 521 sibi
1449 467 1570 523 inde
1597 468 1931 536 colligentes.
1971 467 2071 523 Na-

500 567 721 612 scuntur
748 559 888 611 enim
916 556 1039 613 inde
1067 559 1218 611 luxus
1243 597 1258 621 ,
1287 557 1490 613 delicia:
1513 598 1528 622 ,
1555 568 1613 613 et
1647 558 1892 613 absurdae
1917 559 2072 613 volu-

431 700 438 724 ζ
507 656 677 716 ptates
716 657 768 701 et
810 647 1008 701 infinita
1047 647 1181 701 mala
1216 666 1229 700 :
1263 663 1368 702 non
1413 648 1726 718 simpliciter
1763 664 1792 702 a
1840 649 2075 718 pecuniis

504 738 645 802 dico,
672 752 717 790 St
733 736 766 789 d
800 736 919 791 ideo
947 736 1069 806 quia
1095 738 1182 807 qui
1212 737 1328 791 illas
1354 748 1703 808 receperunt,
1728 741 1807 794 eis
1834 741 2077 795 nesciunt

424 834 437 895 ξ
504 834 649 880 recte
676 826 768 880 uti.
800 825 1085 894 Propterea
1108 836 1161 882 et
1180 829 1392 897 sapiens
1417 828 1629 898 quidam
1653 829 1860 884 dicebat
1884 847 1899 883 :
1920 828 2078 884 Bona

429 916 439 946 ’
497 916 705 982 dicitur,
730 917 909 985 quibus
935 933 1035 970 nou
1056 926 1127 971 est
1145 919 1466 987 coujuuctum
1490 930 1749 987 peccatum
1770 920 1958 989 (Eccli.
1992 921 2073 976 15.

498 1006 613 1074 50).
643 1004 774 1072 Quia
804 1015 858 1061 et
886 1006 1154 1075 Abraham
1178 1007 1326 1062 dives
1352 1018 1467 1063 erat
1491 1052 1506 1073 ,
1535 1018 1590 1064 et
1613 1009 1714 1064 Joh
1737 1010 1887 1066 dives
1913 1019 2028 1065 erat
2056 1050 2075 1077 ,

495 1103 556 1158 et
584 1110 688 1149 non
716 1096 889 1167 solum
914 1096 1041 1150 nihil
1071 1097 1250 1151 damni
1278 1099 1355 1152 eis
1380 1100 1570 1154 accidit
1596 1115 1627 1153 a
1656 1100 1874 1164 divitiis.
1904 1102 1998 1157 sed
2024 1110 2078 1157 et

499 1185 751 1241 clariores
794 1186 1024 1240 fuerunt.
1070 1189 1283 1254 Quare?
1323 1189 1456 1255 Quia
1496 1207 1598 1244 non
1644 1192 1695 1245 in
1728 1208 1885 1247 usum
1919 1210 2074 1247 sumn

509 1285 713 1331 tantum
756 1277 847 1331 has
890 1278 1269 1349 possidebant,
1303 1280 1398 1336 sed
1439 1292 1493 1336 ut
1533 1282 1598 1337 iis
1632 1282 1880 1357 juvat-ent
1918 1287 2077 1340 ctimn

504 1368 640 1423 alios
665 1410 680 1433 ,
712 1384 938 1439 quorum
977 1381 1349 1426 succurrerent
1388 1373 1578 1443 inepia:
1602 1416 1623 1439 ,
1644 1385 1862 1430 etesset
1887 1376 2081 1430 dooms

503 1477 687 1515 eorum
716 1470 897 1531 aperta
934 1463 1227 1533 peregrinis
1252 1465 1518 1520 omnibus.
1567 1467 1705 1521 Audi
1747 1469 1887 1521 enim
1917 1484 2078 1523 unum

504 1565 689 1603 eorum
720 1549 981 1606 dicentem
1014 1568 1027 1604 :
1057 1552 1119 1606 Si
1154 1562 1320 1605 autem
1353 1571 1579 1624 egressus
1611 1558 1811 1624 estquis
1841 1557 1902 1610 de
1931 1557 2081 1611 domo

507 1658 615 1694 mea
640 1642 753 1694 sinu
776 1658 928 1695 vacuo
951 1658 970 1696 :
990 1652 1220 1718 acturum
1239 1654 1283 1697 et
1308 1646 1601 1714 impotentes
1620 1648 1801 1700 viribus
1816 1687 1841 1712 ,.
1854 1648 1898 1700 si
1920 1664 2080 1718 quan.-

508 1732 573 1782 rlo
603 1730 889 1801 iudigrbant
916 1732 1137 1785 subsidio
1157 1772 1173 1795 ,
1204 1749 1303 1787 nou
1334 1734 1656 1803 privabantur
1683 1735 1820 1805 (Iob.
1851 1738 1939 1791 51.
1968 1738 2077 1807 16).

510 1822 572 1878 Et
613 1837 720 1883 non
758 1824 940 1884 solum,
970 1838 1066 1893 per
1110 1825 1359 1892 pecunias
1397 1825 1697 1881 subsidium.
1728 1827 2083 1898 indigentibus

509 1912 784 1978 ferebant,
821 1912 915 1969 sed
957 1923 1011 1969 et
1051 1914 1455 1970 sollicitudinem
1486 1932 1668 1972 eorum
1706 1918 1985 1989 gerebant.
2014 1917 2082 1973 Et

509 2018 646 2055 erant
670 2043 685 2066 ,
718 2002 886 2072 inquit
908 2044 922 2070 ,
965 2020 1057 2072 pes
1090 2004 1322 2071 claudis,
1363 2006 1537 2060 oculus
1577 2007 1721 2061 crucis
1743 2046 1759 2073 ,
1791 2017 1837 2063 ct
1864 2024 1891 2060 ε
1920 2008 2083 2063 medio

509 2093 736 2147 dentium
760 2095 921 2164 eripui
949 2096 1173 2165 prwdum
1201 2095 1341 2169 (Job.
1367 2096 1469 2152 29..
1492 2099 1575 2154 15.
1605 2099 1715 2170 17).
1748 2100 1917 2155 Vides.
1937 2101 2083 2157 illum

510 2193 569 2238 et
592 2199 770 2259 cuiam
798 2200 955 2254 agere
980 2201 1164 2241 eorum
1192 2188 1280 2256 qui
1309 2188 1498 2257 injuria
1519 2189 1839 2257 afficiuntur,
1865 2203 1915 2247 et
1937 2192 2085 2249 debi-

513 2273 649 2328 libus
684 2262 1045 2330 tuembrorum
1088 2276 1256 2331 vicem
1302 2293 1395 2347 per
1437 2280 1612 2351 omnia
1661 2283 2087 2351 repraesentare?

511 2362 662 2418 nunc
685 2379 870 2420 omnes
895 2375 1105 2436 oportet
1133 2367 1357 2434 imitari,
1389 2368 1551 2436 hunc,
1585 2369 1828 2442 inquam,
1847 2375 1933 2442 qui
1964 2384 2087 2430 ante

513 2452 681 2523 legem
708 2452 834 2519 fuit,
864 2464 917 2508 et
940 2464 1065 2510 ante
1088 2457 1310 2525 gratiam
1344 2467 1447 2512 tam
1474 2460 1611 2517 bene
1641 2473 1899 2517 moratam
1927 2464 2102 2520 vitam.

511 2543 673 2613 gessit
703 2560 717 2596 :
747 2544 904 2614 idque
931 2560 1052 2602 cum
1085 2563 1182 2600 nec
1215 2557 1589 2618 prmceptorem
1618 2550 1889 2623 habuerit,
1917 2570 2090 2624 neque

514 2634 876 2702 progenitores
915 2634 1107 2688 virtute
1150 2636 1398 2705 prmditos
1419 2679 1435 2703 ,
1464 2638 1561 2694 sed
1595 2654 1624 2692 a
1663 2642 1950 2711 semetipso
1975 2653 2027 2697 et
2056 2659 2086 2712 a

515 2722 777 2777 sententia
817 2731 959 2777 recta
999 2723 1051 2777 in
1082 2724 1272 2779 bonam
1303 2726 1440 2782 hanc
1468 2728 1623 2783 vitam
1655 2730 1928 2799 prodierit.
1955 2732 2087 2789 Nam

522 2813 881 2884 ttttttsqttisqttc
920 2823 1163 2872 nostrum
1208 2816 1262 2870 in
1308 2827 1494 2872 natura
1536 2834 1630 2875 sua
1676 2820 1834 2876 habet
1877 2823 2085 2878 insitam

514 2902 790 2958 scientiam
841 2904 1053 2960 virtutis
1094 2923 1113 2963 ζ
1158 2916 1212 2961 et
1258 2908 1361 2963 nisi
1406 2909 1523 2979 quis
1564 2925 1684 2966 eam
1730 2913 1952 2968 voluerit
1998 2929 2092 2985 fer

518 2994 774 3065 ignaviam
800 3011 948 3051 suam
981 2997 1204 3067 perdere
1233 3001 1641 3070 generositatem
1664 3044 1681 3070 ,
1713 3021 1998 3076 numquam
2027 3021 2093 3063 ea

519 3086 828 3159 privabitur.
869 3087 1078 3153 Utinam
1112 3080 1288 3165 autem
1316 3106 1432 3147 eam
1462 3107 1648 3150 omnes
1674 3111 1772 3150 nos
1796 3097 2050 3167 eligamus
2071 3138 2091 3164 ,

516 3188 571 3233 et
597 3194 718 3234 eum
741 3179 1010 3250 diligentia
1053 3196 1395 3237 exerceamus
1418 3225 1431 3247 ,
1464 3185 1532 3239 ita
1564 3195 1619 3239 ut
1655 3185 1789 3241 bona
1825 3204 1940 3256 qum
1972 3188 2092 3244 dili-

520 3268 762 3339 gentibus
791 3269 953 3325 Dcum
982 3272 1237 3340 promissa
1264 3282 1389 3328 sunt
1412 3289 1815 3346 consequamur,
1842 3279 2007 3347 gratia
2037 3288 2091 3334 et

521 3360 881 3415 misericordia
910 3356 1309 3419 Damiuinostri
1334 3363 1457 3419 Iesu
1486 3364 1703 3434 Christi,
1735 3367 1819 3423 cui
1845 3382 1964 3422 cum
1994 3368 2089 3421 Pa-

520 3460 600 3505 tre
636 3460 690 3506 et
730 3462 916 3509 saneto
952 3454 1151 3524 Spiritu
1189 3457 1259 3509 sit
1290 3457 1453 3526 gloria
1478 3496 1495 3521 ,
1525 3457 1806 3527 imperium
1831 3500 1846 3523 ,
1880 3459 2048 3516 honor
2069 3500 2089 3528 ,

520 3558 661 3599 nunc
685 3554 740 3598 et
764 3558 974 3614 semper
997 3586 1014 3609 ,
1044 3555 1095 3600 et
1121 3544 1174 3599 in
1204 3548 1396 3601 saecula
1422 3548 1757 3603 smculorum.
1791 3551 1985 3606 Amen.

1047 3657 1323 3715 IIOSHLIA
1361 3659 1567 3715 LXVil.

517 3745 662 3803 Dixit
704 3758 867 3803 autem
892 3748 1054 3804 Israel
1080 3750 1151 3803 ad
1165 3749 1357 3822 Ioseph
1384 3766 1534 3806 :ecce
1559 3768 1650 3824 ego
1676 3755 1879 3818 morior.
1903 3764 1950 3809 et
1994 3758 2093 3811 erit

584 3839 731 3905 Deus
757 3843 1002 3896 vobiscum
1022 3885 1038 3909 ,
1064 3854 1109 3899 et
1143 3845 1345 3899 reducet
1370 3860 1454 3899 vos
1487 3844 1624 3900 Deus
1653 3863 1715 3901 eat
1743 3857 1876 3903 terra
1910 3848 2005 3903 hac
2036 3850 2090 3903 iu

588 3942 772 3985 terram
798 3942 999 4003 patrum
1023 3945 1315 3988 vestrorum.
1360 3935 1469 4006 Ego
1497 3946 1660 3991 autent
1683 3938 1748 3991 do
1773 3939 1860 3990 tibi
1890 3939 2091 3993 Secima

585 4023 741 4076 electa
768 4039 873 4090 pra:
897 4025 1137 4092 fratribus
1168 4026 1264 4076 tuis
1286 4066 1301 4089 ,
1340 4041 1454 4094 qua:
1479 4026 1588 4094 cepi
1614 4027 1670 4079 in
1698 4027 1872 4096 gladio
1905 4043 2012 4080 meo
2043 4036 2093 4081 et

589 4128 712 4165 arcu
739 4110 892 4179 (Gen.
920 4114 1011 4167 48.
1034 4113 1123 4167 9.1.
1153 4113 1271 4185 2‘2).

568 4201 622 4255 1.
633 4199 810 4253 Jacobi
831 4202 1087 4254 historiam
1103 4204 1261 4272 pergit
1279 4200 1680 4273 Chrysostomus,
1699 4214 1743 4258 et
1760 4204 1821 4259 iis
1838 4222 1950 4275 qua:
1961 4224 2097 4278 pra)-

514 4291 766 4346 t‘edcntcm
782 4291 1041 4345 homiliam
1055 4294 1403 4346 concluseruut
1427 4292 1632 4348 breuiter
1647 4296 1930 4364 resumptis,
1949 4296 2093 4350 iden—

518 4384 667 4437 tidem
694 4380 944 4436 Iacobum
970 4382 1159 4436 inducit
1188 4399 1269 4437 res
1294 4387 1489 4452 futuras
1521 4384 1869 4452 praedicentem
1898 4387 2017 4453 filiis
2043 4398 2090 4442 et

519 4473 583 4524 de
608 4481 765 4526 morte
790 4489 885 4526 sua
913 4473 1143 4543 proxima
1169 4473 1306 4541 ipsos
1332 4473 1700 4539 admonentem,
1728 4491 1789 4529 ex
1816 4478 1972 4531 verbis
1996 4477 2089 4531 Ia-

520 4561 631 4615 cobi
648 4562 876 4627 qua’dam
893 4562 1104 4616 moralia
1125 4562 1371 4632 principia
1385 4579 1582 4627 eruens,
1598 4564 1731 4617 verbi
1745 4567 1908 4634 gratia
1926 4582 1944 4619 :
1962 4568 2089 4622 nihil

526 4653 764 4722 prodesse
812 4652 945 4705 dona
984 4652 1238 4706 naturalia
1275 4653 1372 4706 nisi
1423 4669 1584 4707 mores
1639 4654 1779 4722 probi
1830 4656 2090 4711 accedant.

521 4743 996 4797 ——l'ol|icebamur
1043 4759 1211 4813 nuper
1267 4743 1424 4799 ﬁnem
1465 4760 1562 4799 nos
1625 4744 1963 4815 imposituros
2010 4748 2089 4802 bi-

516 4833 695 4887 storia:
723 4830 904 4894 Iacob,
926 4848 1274 4905 sermoneque
1300 4836 1553 4904 prolixius
1576 4851 1635 4891 se
1655 4838 1993 4904 extendente,
2021 4838 2088 4893 ad

518 4925 673 4979 tinem
710 4925 849 4995 quod
890 4926 1327 4995 promittebanms
1354 4927 1642 4997 perducere
1672 4944 1776 4983 non
1805 4930 2087 4985 valuimus.

513 5014 640 5073 Ideo
669 5017 791 5072 volo
813 5034 931 5088 qua:
962 5018 1162 5088 pridem
1190 5019 1368 5075 relicta
1396 5019 1611 5074 fuerunt
1634 5020 1682 5074 in
1711 5022 1941 5076 ntedium
1971 5039 2089 5090 pro:-

516 5124 732 5178 ponere,
764 5119 821 5164 ut
847 5125 986 5165 nunc
1010 5110 1219 5176 saltem,
1248 5110 1294 5165 si
1321 5111 1458 5165 Deus
1482 5111 1704 5177 dederit,
1735 5113 1889 5166 linem
1921 5113 2088 5181 impo-

514 5218 723 5259 namus.
754 5204 943 5275 Operm
964 5205 1189 5275 pretium
1210 5214 1383 5259 autem
1413 5204 1588 5267 fuerit,
1613 5206 1836 5275 primum
1859 5215 2085 5259 vestram

512 5295 967 5349 commonefacere
986 5296 1278 5359 Caritatan
1303 5304 1354 5350 et
1374 5293 1656 5350 ostendere
1677 5294 1764 5350 ubi
1784 5310 2085 5350 sermonem

514 5400 682 5453 nuper
711 5385 927 5439 missum
959 5385 1259 5440 frcerimus.
1291 5386 1447 5441 Scitis
1484 5385 1666 5456 utique
1688 5426 1703 5451 ,
1735 5396 1789 5440 et
1823 5399 2086 5439 memores

512 5479 677 5540 estis,
706 5493 826 5530 eum
868 5476 1031 5531 Jacith
1076 5479 1444 5534 benedicturus
1485 5490 1631 5533 esset
1676 5479 1813 5534 filios
1845 5478 2085 5548 JoseplL,

512 5568 679 5633 ipsum
714 5568 962 5637 Epltraim
993 5569 1214 5624 Manassi
1246 5571 1607 5640 proposuisse,
1631 5570 1787 5639 idque
1808 5570 1966 5624 etiam
1995 5584 2086 5638 pa-

518 5668 596 5717 tre
619 5659 737 5732 ejus
762 5677 866 5717 tton
918 5662 1171 5733 probante
1201 5679 1214 5717 :
1246 5663 1329 5718 cui
1358 5671 1412 5719 et
1440 5662 1571 5718 dixit
1606 5680 1621 5719 :
1659 5663 1778 5718 Scio
1798 5701 1815 5732 ,
1844 5662 1970 5732 filii;
2000 5678 2080 5717 ue-

1234 264 1290 321 S.
1313 263 1587 322 JOANNtS
1624 265 1973 322 αιιιιῐδοδτ
1976 265 2093 321 0N1
2115 261 2429 320 ARCHJSI‘.
2458 263 2984 321 CONSTANTINOP.

3653 267 3760 320 5Ἱῇ

2180 388 2456 429 rumtameu
2479 386 2526 429 ct
2550 376 2630 430 hic
2654 376 2747 431 erit
2775 378 2826 430 in
2850 376 3108 445 populum,
3136 384 3182 429 et
3202 375 3282 428 hic
3306 374 3607 429 excitabitur
3624 393 3643 430 :
3667 383 3759 431 sed

2179 467 2337 536 frater
2362 469 2471 538 ejus
2501 469 2676 537 junior
2704 470 2870 539 major
2895 483 2953 521 eo
2997 468 3125 531 erit,
3162 474 3208 520 et
3242 482 3408 520 semen
3434 468 3542 533 eius
3576 469 3759 523 erit'in

2180 557 2545 611 multitudinem
2576 559 2815 629 gentium.
2859 557 2926 610 Et
2954 557 3211 612 beneditit
3236 573 3319 611 eos
3343 558 3395 610 in
3417 557 3500 611 die
3524 558 3614 612 illa
3632 600 3648 625 ,
3678 561 3761 613 rli-

2179 666 2294 702 ceus
2330 665 2349 705 .'
2384 648 2449 702 In
2479 651 2616 703 rubis
2643 649 2928 703 benedicent
2959 647 3123 703 Israel
3142 687 3159 711 ,
3189 648 3410 702 dicentes
3447 664 3466 702 :
3504 647 3687 703 Faciat
3714 661 3763 703 te

2181 739 2321 801 Deus
2362 742 2489 794 sicut
2526 739 2774 809 Ephruim
2813 749 2858 792 et
2890 738 3201 802 Manassen;
3243 748 3305 792 et.
3318 738 3480 807 posuit
3509 737 3763 810 Ephraim

2180 844 2296 887 ante
2327 831 2617 886 Manassen.
2647 832 2713 885 Et
2737 831 3006 900 hucusque
3036 829 3417 900 processimus,
3444 845 3508 885 ac
3537 846 3607 886 ne
3634 846 3756 887 sero

2182 942 2399 981 ntouum
2424 925 2583 979 nimia
2606 924 2755 994 copia
2780 932 3007 979 vestram
3033 924 3381 977 obruerentus
3406 927 3721 978 memoriam
3744 965 3761 987 ,

2183 1016 2507 1073 cessavimus
2527 1032 2554 1071 a
2585 1016 2825 1070 doctrina
2853 1031 2866 1067 :
2897 1014 2991 1069 sed
3020 1015 3066 1069 si
3094 1013 3329 1078 videtur,
3354 1011 3510 1068 hodie
3533 1027 3766 1084 sequen-

2186 1109 2254 1163 tia
2280 1107 2574 1164 videamus.
2601 1106 2690 1160 2l.
2724 1107 2862 1161 Ilia-it
2885 1116 3052 1160 autem
3079 1103 3249 1159 Israel
3272 1105 3340 1158 ad
3366 1103 3556 1173 Ioseph
3582 1121 3601 1159 ε
3632 1105 3767 1159 Ecce

2184 1215 2273 1269 ego
2294 1199 2505 1261 morior,
2528 1207 2571 1251 ct
2590 1198 2681 1251 erit
2704 1195 2852 1250 Deus.
2861 1195 3131 1260 vobiscum,
3154 1204 3199 1250 et
3217 1195 3416 1249 reducet
3436 1211 3522 1249 vos
3546 1194 3677 1249 Deus
3697 1213 3765 1249 cx

2181 1298 2313 1342 terra
2343 1289 2436 1341 hac
2462 1288 2511 1340 in
2537 1296 2729 1340 terram
2749 1294 2949 1357 patrum
2970 1300 3223 1338 meoruma
3239 1282 3337 1338 9.2..
3369 1283 3478 1354 Ego
3500 1294 3667 1337 autem
3697 1286 3763 1337 '10

2182 1378 2271 1439 tibi
2297 1377 2506 1437 Sccima.
2526 1375 2679 1432 electa
2706 1391 2813 1446 pra:
2839 1376 3078 1445 fratribus
3097 1375 3215 1440 tuis,
3238 1388 3352 1443 quas
3378 1375 3487 1443 cepi
3510 1375 3561 1427 in
3586 1376 3761 1444 gladio

2185 1484 2292 1521 meo
2317 1477 2360 1522 et
2383 1484 2527 1530 arcu.
2561 1466 2843 1535 Postquam
2873 1464 3009 1519 lilios
3040 1463 3326 1530 benedixit,
3353 1472 3407 1518 et
3427 1464 3598 1519 futura
3625 1481 3764 1534 pra:-

2188 1558 2379 1612 .videns
2395 1558 2659 1626 jnuiorem
2682 1555 2966 1624 prmposuit
2985 1554 3180 1609 seniori
3201 1571 3213 1607 :
3233 1555 3413 1609 volens
3436 1554 3758 1624 persuadere

2186 1649 2440 1719 .loscpho,
2463 1664 2522 1704 se
2543 1663 2645 1703 non
2668 1647 2997 1717 simpliciter,
3017 1660 3188 1715 neque
3206 1654 3402 1701 temere
3424 1644 3525 1701 hoc
3545 1646 3759 1709 kcisse,

2183 1741 2277 1797 sed
2304 1740 2676 1812 praedicentem
2704 1738 2878 1792 futura
2906 1755 2917 1790 :
2946 1737 3184 1807 praedicit
3205 1734 3362 1790 etiam
3384 1737 3431 1791 ei
3455 1752 3601 1791 suam
3625 1753 3767 1791 mor-

2186 1843 2313 1899 tem,
2335 1843 2387 1888 et
2411 1832 2551 1903 quod
2577 1831 2808 1888 redituri.
2824 1831 2932 1885 sint
2955 1845 3021 1885 ex
3047 1830 3216 1883 aliena
3243 1830 3465 1885 terrain
3480 1830 3756 1894 Chanaan,

2185 1926 2240 1982 in
2270 1936 2462 1982 terram
2488 1935 2698 1997 patrum
2725 1940 2945 1981 suorum
2972 1940 2984 1977 :
3013 1931 3067 1978 et
3092 1923 3283 1978 bonam
3306 1923 3385 1977 eis
3409 1936 3557 1992 spem
3581 1935 3760 1993 anget,

2187 2018 2332 2077 itaut
2350 2016 2741 2087 exspectatione
2757 2016 3000 2073 solatium
3018 2014 3265 2070 habeant.
3292 2013 3423 2069 Nam
3449 2028 3573 2085 spes
3600 2014 3765 2069 bono-

2188 2124 2304 2164 rum
2320 2108 2472 2180 hujus
2491 2109 2610 2165 vitm
2623 2109 2832 2164 labores
2848 2122 3056 2178 semper
3077 2107 3355 2161 imminuit.
3377 2106 3444 2161 Et
3464 2116 3767 2162 monstrans

2189 2201 2348 2255 etiam
2380 2209 2618 2271 tempore
2648 2200 2854 2267 mortis,
2875 2214 3033 2269 quam
3056 2197 3393 2253 dilectionem
3419 2212 3542 2267 erga
3565 2197 3763 2266 Ioseph

2189 2292 2380 2348 habeat
2397 2334 2413 2360 ,
2444 2293 2575 2347 dicit
2597 2292 2644 2347 ei
2674 2312 2687 2347 :
2721 2291 2828 2362 Ego
2854 2300 3021 2344 autem
3045 2290 3112 2344 do
3138 2289 3223 2343 tibi
3252 2288 3453 2343 Secima
3478 2289 3633 2342 electa
3658 2304 3768 2359 prie

2190 2383 2430 2453 fratribus
2458 2384 2563 2437 tuis
2582 2397 2602 2437 :
2631 2382 2780 2453 quasi
2812 2397 2906 2452 per
2936 2381 3035 2436 hoc
3064 2380 3338 2436 declarans
3360 2419 3376 2446 ,
3409 2379 3522 2434 Hoc
3548 2380 3769 2434 onmiuo

2190 2456 2314 2539 erit,
2353 2483 2408 2527 et
2442 2473 2734 2528 secundum
2775 2486 2945 2526 meam
2987 2469 3381 2540 praedictionem
3410 2468 3683 2532 redibitis,
3714 2480 3768 2524 et

2191 2563 2243 2618 in
2267 2562 2614 2618 hereditatem
2638 2562 2972 2633 possidebitis
2995 2570 3190 2617 terram
3214 2570 3418 2630 patrum
3438 2570 3765 2617 vestrortun:

2191 2663 2245 2709 et
2273 2653 2602 2709 Secimorum
2632 2653 2893 2707 civitatem
2926 2651 3019 2707 tibi
3057 2652 3128 2707 do
3164 2651 3511 2719 hereditatem
3540 2652 3779 2708 electam-

2192 2744 2314 2800 Prw
2342 2745 2584 2813 fratribus
2612 2746 2712 2798 tuis
2734 2786 2753 2811 ,
2776 2761 2926 2815 quant
2956 2744 3064 2814 cepi
3089 2745 3151 2798 de
3186 2760 3338 2797 morm
3363 2744 3769 2798 Amorrharortnn

2190 2838 2245 2893 in
2287 2839 2456 2909 gladio
2485 2854 2591 2892 meo
2619 2848 2666 2891 et
2703 2836 3139 2903 arcu.'Quidnam
3177 2838 3277 2890 hoc
3300 2836 3424 2891 est?
3449 2821 3578 2904 Qua:
3604 2852 3635 2891 a
3662 2838 3777 2907 Sy-

2194 2945 2384 2985 meone
2420 2938 2474 2983 et
2513 2929 2636 2984 Levi
2674 2928 2809 2983 facta
2834 2936 2956 2982 sunt
2983 2936 3164 2983 contra
3191 2925 3470 2983 Secimitas
3500 2927 3551 2982 in
3583 2942 3769 2998 perso-

2192 3037 2313 3076 nam
2346 3021 2611 3091 propsiam
2649 3019 2896 3076 transfert
2936 3037 2951 3074 :
2988 3029 3042 3075 et
3080 3030 3296 3089 propter
3322 3020 3424 3075 hoc
3448 3020 3612 3084 dicit,
3641 3020 3778 3087 Quae

2192 3113 2301 3181 cepi
2329 3109 2577 3183 in’gladio
2606 3127 2715 3165 meo
2740 3121 2787 3166 et
2813 3127 2957 3166 arcu.
3001 3110 3110 3166 Sed
3140 3110 3227 3165 hic
3249 3120 3548 3180 opportune
3571 3113 3768 3181 quiest,

2193 3202 2329 3256 uerit
2350 3201 2611 3271 quispiam
2640 3222 2654 3258 :
2678 3201 2746 3256 Et
2769 3216 2933 3271 quare
2952 3201 3055 3256 hoc
3077 3199 3280 3256 facinus
3303 3216 3457 3256 suum
3482 3201 3624 3267 facit,
3647 3217 3785 3258 cum.

2195 3298 2376 3360 postea
2403 3299 2777 3347 testamentum
2797 3291 3036 3346 editurus
3056 3292 3393 3347 accusatione
3413 3292 3554 3347 clare
3573 3294 3787 3361 scripta.

2193 3395 2287 3436 eos
2321 3381 2542 3451 arguat?
2583 3380 2700 3437 Non
2728 3396 2907 3436 secum
2950 3390 3149 3452 pugnat
3176 3382 3376 3450 justus,
3410 3382 3504 3437 sed
3533 3383 3779 3439 declarat

2194 3471 2652 3528 mansuetudinem
2694 3473 2888 3528 mentis
2924 3486 3035 3527 sum
3057 3513 3074 3540 ,
3101 3482 3154 3528 et
3199 3481 3393 3544 praeter
3433 3489 3544 3530 sua:
3576 3477 3783 3532 mentis.

2193 3563 2506 3617 sententiam
2550 3562 2651 3618 hoc
2687 3562 2882 3618 factum
2910 3577 3029 3618 esse
3062 3581 3076 3618 :
3107 3578 3214 3618 non
3253 3564 3424 3619 solum
3470 3565 3611 3620 enim
3656 3581 3771 3621 non

2194 3654 2438 3724 probavit
2465 3653 2659 3710 factum
2679 3695 2695 3721 ,
2722 3654 2816 3711 sed
2847 3663 2903 3710 et
2940 3655 3151 3725 arguit,
3181 3665 3463 3727 postquam
3492 3656 3542 3712 id
3572 3655 3769 3711 factum

2194 3744 2390 3799 fuerat.
2422 3744 2706 3815 Propterea
2733 3745 2913 3808 volens
2934 3753 3232 3801 monstrare
3249 3761 3399 3802 suam
3424 3763 3547 3818 erga
3570 3747 3778 3818 Josepls

2193 3832 2528 3889 dilectionem
2551 3876 2567 3901 ,
2598 3835 2653 3890 ei
2671 3835 2920 3891 concedit
2940 3836 3145 3891 Seeima
3167 3875 3183 3900 ,
3220 3844 3275 3892 et
3302 3836 3430 3893 dicit
3460 3856 3486 3893 ι
3505 3838 3632 3905 Quae
3658 3842 3776 3910 cepi

2193 3924 2246 3978 iu
2271 3926 2441 3995 gladio
2472 3942 2581 3980 meo
2602 3935 2651 3980 et
2678 3942 2820 3980 arcu.
2853 3925 2983 3980 Nam
3027 3927 3149 3981 licet
3176 3926 3388 3981 illorum
3413 3926 3571 3983 fuerit
3593 3943 3728 3999 opus
3750 3970 3769 3995 ,

2196 4014 2246 4068 in
2276 4031 2390 4068 mea
2420 4024 2593 4070 tamen
2615 4024 2876 4085 potestate
2903 4016 3130 4086 positum
3161 4024 3262 4072 est.
3296 4017 3350 4073 Si
3376 4020 3518 4075 enim
3540 4018 3769 4073 filiorum

2193 4102 2441 4158 dominus
2471 4113 2619 4173 pater
2644 4144 2659 4168 ,
2692 4105 3411 4177 ntulto-magis.eorttm.qua:
3436 4123 3471 4161 a
3496 4108 3614 4162 filiis
3642 4124 3777 4178 pos-

2193 4195 2433 4251 sidentur
2460 4214 2473 4248 :
2505 4196 2551 4250 si
2580 4206 2755 4253 autem
2785 4197 3032 4254 dominus
3056 4238 3070 4263 ,
3110 4207 3164 4253 et
3190 4198 3349 4269 quod.
3376 4199 3613 4254 voluerit.
3639 4199 3771 4256 dape

2194 4286 2377 4355 possit.
2409 4286 2589 4356 Itaque
2616 4286 2887 4343 declarare
2912 4288 3097 4342 volens
3122 4303 3270 4342 suam
3295 4302 3417 4357 erga
3443 4287 3639 4358 Ioseph
3669 4289 3768 4345 be-

2193 4377 2569 4445 nevolentiam,
2597 4392 2702 4431 non
2729 4378 2900 4432 solum
2929 4378 3178 4447 Ephraim
3208 4388 3262 4434 et
3288 4378 3562 4434 Manassen
3596 4380 3773 4435 bene-

2193 4470 2317 4524 dieit
2344 4510 2358 4534 ,
2404 4469 2497 4524 sed
2539 4478 2596 4525 et
2632 4469 2837 4524 Sceima
2867 4470 3089 4524 electam
3129 4469 3474 4525 hereditatem
3515 4473 3777 4542 relinquit

2195 4560 2325 4615 lilio.
2350 4562 2400 4615 Ι.
2427 4559 2492 4613 Et
2518 4560 2736 4625 vocavit,
2770 4560 2971 4629 inquit,
2999 4559 3321 4630 Iacob/ilius
3345 4579 3462 4616 suos
3480 4603 3495 4627 ,
3526 4572 3572 4616 et
3596 4564 3722 4617 dixit
3749 4580 3780 4618 :.

2193 4649 2574 4720 Cougregamini
2596 4691 2611 4715 ,
2651 4658 2706 4704 ut
2742 4651 3033 4704 artnwttiem
3067 4651 3202 4705 vobis
3237 4652 3359 4721 quid
3386 4662 3673 4707 euenturum
3703 4656 3771 4706 sit

2192 4740 2326 4795 vobis
2352 4742 2404 4793 in
2433 4741 2709 4795 novissimis
2743 4740 2936 4795 diebus.
2975 4739 3436 4814 2..Congregamini
3457 4783 3489 4809 ,.
3512 4752 3561 4797 et
3597 4744 3772 4797 audite

2192 4835 2360 4890 Israel
2385 4843 2575 4905 patrem
2596 4845 2808 4888 rastrum
2832 4832 3016 4906 (Caput
3034 4835 3149 4907 49).
3174 4835 3304 4891 Vide
3319 4836 3451 4905 justi
3476 4836 3771 4904 intelligen-

2195 4928 2340 4980 tiam.
2382 4926 2513 4991 Quia
2546 4924 2854 4995 praesciebat
2882 4926 3065 4979 tnortis
3108 4937 3317 4997 tempus
3339 4967 3354 4992 ,
3387 4926 3600 4980 vocavit
3632 4926 3777 4982 filios

2195 5031 2321 5072 suos
2342 5015 2406 5070 ad
2433 5031 2514 5083 se,
2546 5024 2600 5071 et
2622 5016 2750 5071 dicit
2776 5034 2789 5070 :
2817 5016 3198 5088 Congrrgamini
3219 5056 3236 5082 ,
3265 5026 3317 5069 ut
3342 5016 3604 5084 uobisjam
3630 5033 3767 5086 prtu-

2192 5109 2355 5165 dicam
2382 5109 2502 5179 quid
2541 5109 2676 5163 vobis
2701 5118 2984 5162 euenturum
3011 5109 3070 5160 sit
3097 5110 3149 5160 in
3178 5107 3366 5160 ultimis
3394 5108 3587 5162 diebus.
3627 5108 3764 5163 Con-

2193 5203 2490 5278 grrgamini,
2512 5212 2557 5255 et
2579 5202 2748 5255 audite
2773 5199 2938 5254 Israel
2967 5210 3158 5270 patrem
3185 5209 3417 5253 vestrum.
3450 5200 3656 5264 Venite,
3683 5202 3767 5254 in-

2193 5298 2343 5368 quit,
2370 5303 2424 5350 et
2450 5294 2637 5349 discite
2664 5310 2693 5346 a
2724 5308 2809 5347 me
2833 5332 2849 5357 ,
2879 5307 2981 5344 non
3012 5292 3332 5359 prmsentia,
3361 5306 3464 5346 non
3500 5309 3619 5362 quae
3650 5304 3777 5362 post-

2193 5404 2410 5459 parvum
2444 5399 2648 5456 tempus
2673 5374 2948 5447 eventura,
2975 5382 3069 5437 Sed
3094 5382 3233 5452 quod
3259 5383 3461 5437 accidet
3486 5383 3537 5437 in
3567 5384 3784 5438 ultimis

2190 5477 2397 5532 diebus.
2428 5478 2489 5532 Et
2512 5476 2625 5530 [nec
2653 5473 2802 5527 vobis
2828 5486 2929 5526 non
2956 5486 2986 5525 a
3012 5471 3321 5538 memetipso
3347 5472 3603 5524 annuntio
3624 5512 3641 5536 ,
3671 5473 3775 5527 sed

2190 5568 2400 5622 afflatus
2425 5582 2454 5620 a
2478 5566 2676 5636 Spiritu
2705 5580 2718 5615 :
2746 5572 2800 5618 et
2826 5562 3021 5616 idcirco
3051 5576 3167 5625 qua:
3194 5556 3371 5612 multis
3398 5570 3575 5628 postea
3605 5574 3784 5628 gone...

2198 5658 2488 5716 rationibus
2541 5655 2849 5725 contingent
2892 5653 3139 5723 praedico.
3187 5650 3395 5706 Etenim
3440 5664 3472 5706 e
3526 5653 3632 5709 vita
3667 5654 3781 5713 hac
