4134 6214
391 283 489 314 142⁷92

387 301 446 360 ἰν
458 301 492 338 ι’)

1351 282 1416 340 IN
1455 283 1606 342 CAP.
1648 282 1804 342 XLIX
1866 278 2102 338 GENES.
2143 282 2367 342 llUlllL.
2409 286 2622 347 LXVII.

3527 298 3630 356 επ

383 415 738 476 migraturus,
759 405 880 459 volo
899 404 1194 474 unicuique
1208 411 1448 461 vestrum
1475 406 1632 476 quasi
1651 405 1706 460 in
1723 405 1886 460 titulo
1903 413 1958 458 et
2060 401 2202 454 t'icax
2239 418 2256 456 :
2282 415 2327 456 et
2354 405 2430 457 ira
2456 421 2648 472 eorum,
2679 405 2798 477 quia
2827 407 3070 464 obdurato
3093 421 3187 464 est.
3223 411 3406 466 Dolunt
3432 411 3632 483 signiﬁ-

381 499 632 554 Colnmna
643 511 781 554 terea
797 495 1110 551 memoriam
1125 496 1449 567 insculpere.
1463 496 1756 552 Considera
1773 503 1954 549 autem

377 590 610 660 justum,
633 587 908 658 quomodo
931 591 1279 660 congregatis
1300 589 1514 652 liberis,
1536 589 1795 642 natalium
1836 603 1956 642 ser-

382 688 508 734 vato
529 679 743 740 ordine,
769 679 1067 748 unicuique
1086 689 1476 749 congruentem
1511 681 1600 734 det
1618 680 1699 735 vel
1720 679 1950 734 maledi-

381 770 617 825 ctionem
633 769 712 823 vel
739 766 1171 824 benedictionem
1195 778 1279 824 :et
1303 770 1355 824 in
1377 770 1477 824 hoc
1502 779 1813 826 monstrans
1841 783 1953 824 sna‘

382 861 600 914 virtutis
621 859 1004 922 eminentiam,
1023 858 1250 928 incipiat
1277 875 1306 913 a
1341 861 1534 930 primo.
1565 861 1618 915 5.
1642 859 1838 918 Ruben.
1868 860 1924 914 in

380 953 517 1024 quit,
535 949 932 1022 primogenita,
963 952 1220 1020 fortitudo
1244 963 1440 1012 mea.et
1456 954 1773 1022 principium
1809 954 1952 1021 ftlio-

381 1059 498 1096 rum
528 1043 979 1097 tneorum:durus
1013 1043 1083 1096 ad
1098 1045 1391 1111 ferendum,
1417 1045 1583 1099 durus
1615 1055 1662 1099 et
1682 1048 1946 1113 pervicax.

380 1133 516 1190 Vide
531 1143 737 1206 quanta
769 1136 1038 1205 sapientia
1058 1135 1213 1205 justi.
1244 1137 1445 1192 Veiens
1471 1138 1614 1192 enim
1641 1137 1951 1192 accusatio-

379 1242 502 1280 nem
529 1227 700 1296 magis
732 1225 958 1290 intendi,
983 1228 1133 1297 prius
1153 1228 1288 1282 dixit
1310 1230 1590 1300 privilegia
1617 1231 1667 1284 ei
1693 1245 1722 1284 a
1756 1238 1950 1284 natura

375 1333 664 1380 concessa,
694 1327 745 1371 et
781 1317 1102 1389 dignitatem
1133 1335 1299 1390 quam
1325 1321 1565 1385 tenebat,
1601 1337 1724 1377 eum
1756 1336 1950 1392 nempe

370 1408 705 1478 principium
726 1409 1041 1472 ﬁlitimttnet
1062 1413 1502 1482 primogenitum:
1516 1416 1722 1467 honore
1737 1417 1946 1467 clarunt

373 1514 530 1554 esse:
560 1509 612 1554 et
636 1511 822 1569 postea
847 1512 1070 1571 peccata
1098 1503 1244 1557 illitis
1267 1505 1422 1573 quasi
1447 1506 1500 1562 itt
1524 1520 1661 1558 terea
1692 1504 1945 1558 columna

366 1586 668 1643 inscribit:
702 1599 1019 1646 monstrans
1051 1591 1183 1645 ttihil
1219 1593 1500 1661 profutura
1531 1594 1688 1648 nobis
1723 1609 1843 1648 esse
1878 1608 1943 1647 ca

372 1693 498 1748 qua:
527 1694 555 1732 a
593 1688 786 1733 natura
811 1679 1019 1742 insunt,
1052 1681 1156 1734 nisi
1192 1691 1245 1738 et
1278 1683 1576 1738 voluntatis
1610 1683 1749 1736 bona
1779 1697 1946 1752 opera

375 1778 680 1839 sequantur
715 1787 726 1823 :
754 1770 867 1827 haec
893 1771 1035 1823 enim
1057 1779 1185 1827 sunt
1209 1787 1329 1842 qua:
1349 1780 1399 1824 ct
1426 1772 1639 1826 laudem
1667 1773 1863 1828 habent
1893 1780 1948 1826 et

370 1861 732 1934 Vituperiutn.
774 1860 974 1924 Durus,
1013 1861 1209 1931 ittqttit.
1264 1863 1332 1917 ad
1365 1863 1660 1933 ferendum,
1691 1865 1858 1917 durus
1893 1872 1944 1920 et

369 1951 885 2021 perrit°w.Naturat,
920 1953 1115 2024 inquit,
1141 1951 1458 2024 dignitatem
1486 1955 1582 2008 tibi
1606 1955 1785 2010 datam
1809 1954 1944 2008 ami-

372 2043 496 2097 sisti
520 2045 738 2112 prnpria
759 2051 854 2098 tua
888 2044 1216 2100 temeritate.
1242 2045 1448 2100 Deinde
1480 2055 1534 2100 tt
1564 2047 1800 2117 speciem
1828 2062 1946 2116 pce-

373 2135 482 2187 cati
515 2135 651 2192 benc
683 2136 943 2205 scriptam
969 2137 1248 2206 relinquit,
1284 2138 1357 2190 ita
1390 2147 1446 2192 ut
1475 2137 1619 2208 quod
1651 2139 1740 2193 ille
1780 2153 1942 2193 accu-

371 2232 530 2278 satus
550 2227 1024 2295 repreltettsusque
1054 2226 1148 2290 sit,
1176 2229 1411 2295 posteris
1434 2243 1626 2297 magna
1658 2228 1729 2282 sit
1752 2229 1940 2283 erudi-

371 2313 471 2377 tio,
496 2330 563 2372 ne
594 2313 794 2368 similia
809 2323 1097 2370 attentent.
1138 2317 1192 2370 4.
1227 2316 1562 2372 Contumelia
1597 2319 1844 2387 a/I‘ccisti,
1875 2320 1942 2372 si-

367 2413 461 2456 cut
493 2421 634 2473 aqua
657 2422 764 2459 non
788 2405 1114 2474 cﬁ'crrescas.
1138 2408 1602 2472 Ascendistienint,
1630 2410 1826 2480 inquit,
1849 2427 1941 2463 su-

362 2506 462 2561 per
505 2493 692 2548 lectum
724 2498 895 2563 patris
931 2497 1009 2550 tui
1045 2511 1064 2550 :
1115 2507 1238 2551 tunc
1281 2500 1520 2565 polluisti
1547 2510 1772 2554 stratum
1799 2502 1936 2571 quod

365 2586 676 2640 ascendisti.
713 2586 996 2656 Signiﬁcat
1025 2589 1378 2642 concubitum
1401 2589 1522 2658 ejus
1557 2605 1679 2644 cum
1715 2590 1881 2646 Balla.

438 2671 493 2726 2.
533 2672 658 2727 Vide
696 2669 958 2742 quomodo
990 2688 1086 2743 per
1110 2674 1422 2742 sapientiam
1452 2689 1482 2729 a
1522 2673 1718 2745 Spiritu
1758 2684 1942 2730 sancto

365 2764 467 2817 sibi
497 2764 692 2831 datam,
718 2765 860 2832 prius
880 2764 1008 2818 dixit
1037 2765 1086 2819 id
1120 2764 1256 2835 quod
1289 2776 1469 2836 [mstea
1502 2765 1674 2822 Moses
1705 2768 1840 2820 inter
1871 2768 1942 2822 le-

369 2870 470 2922 ges
496 2855 853 2909 recensiturus
875 2867 1014 2924 erat,
1044 2872 1147 2910 non
1181 2842 1336 2912 licere
1362 2873 1480 2912 cum
1511 2857 1693 2912 eadem
1722 2859 1941 2914 muliere

366 2955 571 3011 patrem
619 2953 673 2998 et
719 2946 882 2998 lilium
933 2960 1042 3000 rem
1073 2945 1266 3000 habere
1309 2946 1450 3016 (Lev.
1485 2948 1563 3002 18.
1599 2948 1673 3017 8).
1712 2949 1772 3002 Et
1805 2965 1941 3003 nunc

363 3035 509 3092 istud
535 3036 664 3106 ipse,
699 3036 860 3091 ﬁlium
892 3053 1043 3091 suum
1069 3037 1406 3107 increpando,
1436 3040 1512 3093 sic
1535 3042 1792 3109 prohibet.
1824 3041 1943 3095 Pol-

368 3125 530 3190 luisti,
561 3128 748 3197 inquit,
778 3138 1009 3194 stratum,
1051 3128 1344 3184 ascendens
1370 3145 1531 3200 super
1559 3130 1750 3186 lectum
1779 3133 1941 3202 patris

368 3221 467 3274 mi.
504 3221 632 3274 Rem
655 3236 956 3292 perversam
985 3223 1167 3276 fecisti.
1193 3223 1413 3291 Propter
1434 3223 1535 3278 hoc
1560 3223 1696 3291 quod
1725 3224 1789 3276 ita
1813 3224 1944 3278 Con-

370 3313 578 3366 tumelia
617 3328 703 3367 tne
745 3312 978 3380 effecisti,
1008 3314 1134 3368 sicut
1175 3330 1303 3384 aqua
1333 3330 1431 3367 non
1472 3312 1779 3380 e/fervescas.
1825 3314 1941 3368 luu-

364 3408 478 3463 tilis
494 3407 616 3473 erit,
645 3407 830 3478 inquit,
858 3407 943 3462 ille
969 3416 1186 3462 Conatus
1209 3416 1325 3462 tuus
1349 3425 1363 3461 :
1387 3407 1524 3477 quod
1553 3423 1720 3477 neque
1743 3417 1939 3476 patrent

368 3500 646 3564 reveritus,
673 3499 909 3569 polluere
934 3498 1049 3567 ejus
1073 3500 1264 3552 lectum
1293 3513 1451 3556 ausus
1478 3497 1659 3551 fueris.
1694 3497 1758 3551 Ut
1785 3496 1943 3567 igitur

365 3601 512 3644 nunc.
551 3589 600 3642 in
632 3590 972 3659 sequentibus
1010 3589 1438 3657 generationibus
1470 3588 1588 3642 talia
1633 3602 1788 3641 nemo
1819 3587 1940 3640 imi-

368 3687 540 3742 tetur,
576 3689 851 3748 propterea
881 3679 1110 3748 Spiritus
1138 3689 1350 3733 Sanctus
1377 3679 1659 3742 ordinavit,
1691 3687 1746 3732 ut
1778 3679 1942 3734 literis

363 3769 768 3823 commendetur
805 3767 918 3822 hate
946 3771 1247 3823 accusatio:
1293 3778 1346 3823 et
1375 3784 1560 3823 omnes
1588 3769 1677 3838 qui
1725 3770 1942 3824 audiunt

368 3858 678 3912 erudiantur
701 3897 716 3922 ,
748 3857 1020 3929 sciantque
1051 3859 1329 3914 manifeste
1350 3900 1364 3922 ,
1398 3857 1526 3912 nihil
1571 3859 1819 3928 prodesse
1857 3861 1940 3914 di-

370 3950 631 4018 gnitatem
652 3958 848 4002 natura~
863 3965 1188 4016 concessam,
1208 3949 1306 4003 nisi
1327 3961 1375 4005 et
1395 3951 1678 4006 voluntatis
1693 3952 1940 4006 accedant

371 4049 708 4093 ornamenta.
735 4039 930 4094 Deinde
950 4040 1069 4110 quia
1093 4042 1220 4095 satis
1243 4041 1542 4096 traduxerat
1565 4041 1819 4096 nefarium
1845 4043 1942 4096 hoc

366 4144 530 4199 opus,
565 4131 706 4185 venit
729 4130 793 4184 ad
820 4132 1136 4202 Sytneoneut
1163 4143 1215 4188 et
1243 4132 1390 4186 Levi.
1419 4133 1470 4188 5.
1506 4135 1724 4204 Synteon
1755 4145 1799 4187 ct
1824 4134 1944 4188 Levi

366 4223 740 4291 compleverunt
767 4223 1064 4295 injustitiant
1085 4224 1353 4279 voluntatis
1379 4241 1503 4277 stuc.
1536 4226 1818 4280 Contentio
1846 4242 1941 4280 ι·οο

367 4327 513 4377 rum,
545 4328 700 4382 quam
749 4324 961 4384 pr0pter
1001 4330 1238 4372 sororem
1271 4330 1420 4370 suam
1450 4316 1802 4383 declararunt,
1851 4334 1944 4373 eos

366 4403 419 4456 in
449 4403 759 4472 injustitiam
790 4405 932 4460 illam
963 4407 1185 4476 impulit.
1233 4407 1430 4464 Deinde
1457 4407 1733 4463 declarans
1765 4425 1857 4465 eos
1886 4426 1944 4466 se

369 4494 557 4563 ignaro
585 4510 695 4549 rem
724 4494 926 4562 fecisse,
955 4496 1118 4554 dtcit:
1159 4497 1212 4554 6.
1250 4497 1315 4552 In
1350 4501 1614 4555 consilium
1647 4517 1818 4554 eorum
1845 4518 1943 4558 non

371 4587 534 4637 reniut
561 4585 729 4637 anima
754 4603 883 4652 mea,
911 4597 956 4640 et
990 4590 1040 4641 itt
1080 4600 1207 4642 coetu
1233 4607 1404 4644 eorum
1438 4609 1536 4644 non
1578 4592 1842 4659 firmentur
1857 4593 1943 4664 je-

371 4690 492 4727 cora
529 4690 655 4728 mea.
686 4675 852 4738 Absit,
885 4678 1070 4748 inquit,
1100 4692 1156 4733 ttt
1182 4683 1565 4737 communicem
1597 4699 1779 4738 eorum
1817 4700 1945 4738 seu-

373 4767 573 4830 tentim,
606 4775 661 4820 et
695 4766 955 4837 obsequar
997 4770 1073 4822 eis
1113 4771 1163 4823 in
1213 4772 1275 4824 iis
1314 4788 1432 4842 qua:
1475 4772 1665 4842 injuSte
1700 4785 1940 4845 egerunt.

376 4855 506 4918 Quia
539 4857 588 4909 itt
619 4860 792 4927 furore
818 4874 908 4911 suo
936 4858 1226 4912 occiderunt
1256 4861 1498 4916 homines.
1535 4862 1941 4929 Irrationabilis,

375 4943 565 5014 inquit,
595 4946 688 5002 fttit
713 4961 896 5002 eorum
919 4947 1226 5015 indignatio.
1257 4950 1384 5003 Nam
1414 4953 1533 5006 licet
1563 4966 1832 5022 peccasset
1855 4956 1947 5026 Sy-

375 5037 530 5092 t‘ltetn
549 5081 567 5106 ,
596 5051 829 5096 attamen
860 5056 962 5096 nOn
989 5042 1265 5111 Oportebat
1292 5054 1487 5098 tantam
1515 5057 1742 5116 stragem
1774 5046 1948 5103 facere

376 5137 431 5180 et
452 5144 636 5184 omnes
662 5132 901 5199 perdere.
937 5130 1000 5184 Et
1030 5133 1079 5185 in
1105 5135 1502 5201 concupiscentia
1539 5154 1632 5190 sua
1674 5137 1947 5191 subnerva-

377 5230 551 5270 verunt
593 5223 852 5273 taurum'.
892 5222 1078 5276 Filium
1123 5223 1337 5277 Etntnor
1383 5224 1466 5278 hic
1506 5227 1783 5295 signiﬁcat.
1817 5227 1946 5282 Nam

377 5309 498 5374 quia
539 5310 590 5363 in
630 5310 833 5364 ﬂorenti
864 5323 1017 5366 mtate
1052 5321 1195 5376 erat,
1229 5323 1434 5368 taurum
1472 5331 1593 5369 emn
1641 5318 1946 5370 nominavit.

383 5397 580 5455 Deinde
607 5415 660 5455 ut
685 5402 815 5455 dixit
840 5419 900 5456 ea
930 5420 1044 5472 qua:
1068 5403 1316 5468 feet-rant,
1339 5407 1495 5460 etiam
1528 5407 1946 5463 ntaledictionetn

379 5494 596 5558 Opponit
621 5501 675 5546 et
695 5493 854 5546 dicit:
884 5494 933 5546 7.
966 5493 1264 5548 Malcdictus
1293 5501 1433 5564 furor
1457 5514 1626 5550 eorum
1649 5539 1662 5560 ,
1693 5502 1809 5567 quia
1836 5518 1948 5568 per-

449 5594 467 5625 ί
498 5593 612 5651 Alii,
635 5595 927 5651 suﬂhderunt
970 5610 1158 5646 murum
1180 5610 1196 5659 ,'
1238 5599 1307 5646 sic
1342 5598 1554 5660 Vulgata.
1594 5600 1693 5648 \ld.
1738 5601 1951 5664 ttesapla

381 5667 566 5710 nostra.

2056 502 2161 552 cat,
2207 508 2311 561 quo
2357 494 2474 546 illos
2515 494 3006 564 circumvenerunt,
3052 513 3113 552 ac
3149 515 3268 553 eum
3315 501 3440 554 dolo
3484 502 3627 572 ipsos

2055 582 2223 635 adorti
2253 592 2394 636 sunt.
2426 583 2674 638 [’ervicax
2702 586 2843 642 enim
2865 626 2882 652 ,
2917 587 3102 657 inquit,
3135 588 3282 645 furor
3310 607 3515 653 eorum.
3546 603 3627 649 te.

2055 675 2331 730 merarius.
2362 675 2706 745 impetnosus,
2735 679 2937 734 ratione
2965 696 3169 736 carens.
3205 681 3270 736 Et
3317 685 3392 740 ira
3428 704 3621 753 eorum.

2053 764 2170 832 quia
2205 765 2449 816 obdurata
2482 777 2573 818 est.
2603 767 2826 833 Quando
2855 771 2993 824 enim
3019 771 3279 826 Seciutita:
3307 786 3621 842 putaverunt

2053 867 2144 908 eos
2174 853 2272 907 sibi
2301 855 2450 909 valde
2481 857 2700 922 amicos,
2735 868 2856 912 tunc
2887 862 3028 929 gravi
3063 864 3134 916 ira
3164 875 3214 918 et
3247 864 3384 919 bello
3409 883 3501 921 eos
3526 885 3622 937 0p-

2052 953 2378 1012 presScrunt.
2425 946 2485 998 Ει
2511 947 2650 1000 dicto
2679 963 2861 1002 eorum
2903 963 3141 1021 peccato,
3184 955 3311 1009 dicit
3339 968 3392 1012 et
3419 961 3623 1028 suppli-

2051 1032 2188 1086 cium
2220 1035 2355 1101 quod
2387 1035 2562 1089 luitttri
2592 1047 2739 1091 erattt
2791 1039 2998 1093 Partiar
3026 1061 3108 1096 eos
3136 1046 3186 1098 in
3215 1045 3393 1110 Jacob,
3435 1058 3484 1103 et
3517 1053 3625 1104 dis-

2050 1123 2300 1177 sentittabo
2329 1141 2412 1179 eos
2441 1126 2492 1178 itt
2515 1126 2696 1180 Israel.
2731 1129 2951 1200 Ubique,
2982 1133 3165 1204 inquit,
3195 1137 3416 1210 dispersi
3447 1154 3621 1208 erunt,

2053 1223 2106 1265 ut
2133 1215 2270 1268 istud
2301 1217 2468 1285 ipsum
2501 1222 2677 1272 manili
2695 1232 2832 1274 stum
2873 1224 2994 1287 ﬁat,
3042 1244 3134 1281 eos
3172 1245 3384 1299 propter
3425 1234 3626 1292 facinus

2049 1307 2386 1361 commissum
2419 1309 2467 1363 id
2496 1325 2681 1379 passos
2725 1312 2902 1367 fuisse.
2937 1317 2988 1370 8.
3014 1317 3172 1382 Iuda,
3209 1331 3255 1373 te
3279 1323 3485 1378 laudent
3514 1327 3623 1395 fra-

2049 1405 2146 1448 tres
2173 1397 2262 1449 tui.
2289 1397 2592 1453 Benedictio
2619 1401 2768 1456 Juda:
2789 1404 2904 1458 data
2935 1410 3150 1476 mystica
3174 1422 3272 1476 est,
3301 1417 3621 1485 pratsignsns

2047 1486 2220 1538 omnia
2249 1504 2364 1554 qua.-
2391 1488 2455 1542 ad
2487 1489 2751 1548 Christum
2772 1495 3016 1550 attinent.
3040 1499 3200 1563 Juda,
3225 1501 3409 1572 ittq'tit,
3439 1515 3485 1563 te:
3509 1507 3623 1560 lana

2047 1573 2164 1627 deut
2209 1575 2390 1645 fratres
2438 1580 2525 1632 ttti.
2577 1582 2704 1646 Quia
2755 1598 2816 1636 ex
2867 1584 2962 1638 hac
2993 1588 3126 1640 tribu
3157 1593 3455 1647 exoz'iturtts
3503 1609 3616 1652 erat

2045 1661 2287 1720 Cltrisnts
2316 1668 2601 1722 secundum
2634 1671 3041 1739 disizensationis
3059 1681 3336 1746 rationem,
3367 1697 3613 1756 propter-

2044 1768 2104 1807 ea
2134 1754 2326 1822 Spiritu
2359 1767 2542 1812 sancto
2566 1760 2773 1816 afflatus
2799 1763 2980 1831 Jacob,
3007 1769 3242 1836 prmdicit
3271 1787 3363 1838 per
3389 1754 3481 1833 ea,
3499 1792 3616 1844 qua:

2047 1843 2096 1896 in
2126 1843 2312 1900 Judam
2340 1847 2608 1915 dicuntur,
2638 1866 2739 1906 non
2772 1855 2939 1908 solum
2973 1855 3285 1914 descensum
3321 1863 3526 1918 Domini
3549 1866 3614 1920 ad

2045 1933 2305 1999 homines,
2331 1939 2420 1992 sed
2445 1949 2494 1992 et
2519 1944 2844 2012 mysterium,
2876 1955 2926 1999 et
2947 1963 3176 2014 crucem,
3200 1959 3252 2004 et
3273 1955 3617 2023 sepulturam,

2045 2035 2097 2078 et
2128 2029 2593 2096 resurrectionem,
2634 2042 2688 2087 et
2716 2042 2772 2088 ut
2813 2037 2975 2091 semel
3012 2037 3204 2105 dicam,
3239 2045 3433 2098 omnia.
3481 2045 3621 2101 Iuda

2044 2115 2205 2176 ettitn,
2237 2117 2424 2186 inquit,
2453 2129 2499 2173 te
2524 2122 2728 2177 laudent
2750 2128 2930 2194 fratres
2950 2129 3021 2179 tui
3041 2143 3062 2181 :
3084 2147 3262 2184 ntanus
3287 2147 3385 2186 tute
3406 2135 3455 2188 in
3481 2146 3618 2207 tergo

2043 2204 2360 2260 inimicorum
2405 2216 2606 2264 tuorunt
2639 2227 2658 2266 :
2699 2223 2746 2266 et
2787 2215 3068 2270 adorabunt
3111 2229 3158 2274 te
3200 2221 3297 2289 ﬁlii
3324 2227 3482 2292 patris
3524 2204 3617 2281 tui.

2043 2293 2241 2360 Quibus
2269 2297 2518 2362 declarat,
2551 2316 2644 2356 eos
2673 2303 3028 2372 subjiciendos
3056 2309 3126 2361 illi
3159 2326 3296 2364 esse.
3331 2313 3381 2366 9.
3408 2315 3616 2370 Catulus

2045 2385 2199 2439 leonis
2225 2385 2383 2443 Iuda.
2426 2389 2504 2444 De
2549 2393 2788 2462 germine,
2821 2395 2896 2462 fili
2938 2399 3025 2459 mi,
3058 2402 3343 2454 ascendisti.
3379 2403 3616 2474 [legunto

2044 2474 2159 2541 ejus
2201 2477 2452 2544 prwdicit.
2485 2480 2706 2550 Semper
2737 2484 2878 2538 enim
2919 2484 3203 2557 Scriptura:
3233 2507 3346 2545 mos
3384 2505 3492 2556 est,
3527 2511 3620 2564 per

2046 2562 2263 2632 ﬁguram
2295 2566 2451 2636 hujus
2476 2570 2717 2626 animalis
2749 2575 2946 2643 regiam
2977 2583 3339 2636 auctoritatem
3383 2562 3616 2639 insinua-

2043 2667 2121 2706 re.
2153 2653 2461 2710 Ilecnntbens
2486 2658 2758 2714 dorntittisti
2795 2675 2848 2716 ut
2875 2666 2972 2730 leo,
3003 2677 3050 2720 et
3089 2670 3215 2723 sicut
3241 2675 3458 2727 catulus.
3487 2677 3612 2740 Quis

2045 2742 2276 2796 excitabit
2319 2748 2472 2800 eum?
2529 2749 2749 2806 Crucem
2813 2762 2868 2808 et
2928 2757 3253 2826 sepulturam
3318 2760 3400 2816 hic
3447 2765 3615 2834 signi-

2046 2831 2183 2885 ﬁcat.
2239 2834 2363 2900 Quis
2405 2839 2655 2906 excitabit,
2705 2841 2905 2912 inquit,
2942 2849 3101 2901 eum?
3145 2848 3288 2904 Sicut
3319 2853 3459 2907 ettitn
3497 2831 3615 2910 leo-

2046 2936 2166 2974 nent
2195 2926 2274 2978 vel
2303 2929 2530 2983 catulum
2571 2931 2920 2991 dormientem
2954 2941 3126 2994 nttllus
3154 2944 3311 2998 audet
3349 2948 3578 3004 excitare
3597 2988 3612 3014 ,

2047 3013 2114 3066 ita
2148 3013 2436 3072 Dormiristi
2466 3031 2516 3074 ttt
2543 3023 2638 3087 lca,
2671 3035 2718 3077 et
2745 3038 2795 3078 ut
2815 3031 3031 3086 catulus.
3059 3032 3183 3098 Quis
3209 3037 3438 3090 excitabit
3468 3013 3619 3097 eunti

2049 3105 2165 3195 ipse
2211 3111 2349 3163 enim
2403 3123 2479 3166 est
2521 3117 2608 3183 qtti
2655 3117 2822 3172 dicit:
2871 3120 3173 3178 l’otvstatem
3212 3127 3366 3181 habeo
3405 3135 3622 3196 ponendi

2044 3200 2263 3252 animant
2295 3219 2476 3263 meam,
2523 3216 2569 3257 et
2613 3218 2898 3274 potestatem
2944 3215 3100 3266 Itabeo
3127 3217 3302 3270 iterum
3350 3221 3620 3284 recipiendi

2045 3304 2150 3340 eam
2179 3288 2355 3352 (Joan.
2393 3294 2470 3346 l0.
2517 3295 2625 3365 18).
2649 3297 2833 3352 Postea
2871 3313 2922 3354 et
2953 3312 3158 3371 tempus
3197 3323 3405 3376 quaque
3449 3313 3620 3366 nrani-

2049 3375 2179 3431 feste
2206 3379 2438 3435 declarat
2461 3424 2474 3445 ,
2504 3401 2607 3451 quo
2627 3387 2946 3446 adventttrus
2967 3393 3029 3446 sit
3061 3394 3302 3450 Christus
3324 3375 3620 3456 secundum

2044 3465 2450 3536 dispenSationis
2507 3476 2783 3530 rationem.
2843 3480 2922 3534 l0.
2956 3480 3076 3535 Non
3131 3484 3354 3552 deficiet,
3410 3490 3615 3560 inquit,

2045 3559 2275 3629 princeps
2302 3560 2364 3615 de
2388 3561 2422 3614 Ι
2429 3564 2548 3628 uda,
2583 3583 2738 3635 neque
2772 3569 2876 3623 dua:
2911 3571 2972 3623 de
3000 3575 3270 3642 femoribus
3299 3579 3426 3646 ejus,
3457 3559 3617 3635 donec

2049 3650 2235 3715 veniat,
2264 3654 2342 3704 cui
2369 3657 2638 3723 repositum
2666 3669 2737 3712 est
2763 3675 2781 3713 :
2811 3671 2857 3714 et
2881 3661 2989 3730 ipse
3031 3666 3124 3717 erit
3161 3673 3460 3736 exspectatio
3495 3689 3620 3743 gen-

2047 3741 2193 3796 tium.
2226 3743 2468 3811 Tamdiu,
2499 3748 2698 3817 inquit,
2725 3751 2984 3806 durabunt
3013 3754 3247 3824 Judaiea,
3275 3768 3327 3813 ct
3350 3741 3612 3834 principes

2044 3831 2365 3899 Judmorum,
2393 3836 2560 3891 donec
2584 3839 2669 3892 ille
2692 3842 2911 3894 venerit.
2935 3845 2996 3897 Et
3021 3844 3155 3901 bene
3171 3848 3320 3915 dixit,
3344 3831 3614 3909 Donrc'ille

2045 3923 2250 3989 venerit,
2283 3926 2363 3977 cui
2382 3927 2650 3994 repositunt
2677 3945 2748 3982 est
2771 3945 2791 3982 :
2815 3934 2960 4000 quasi
2986 3932 3143 3999 dicat,
3179 3936 3271 3992 Ille
3296 3941 3380 3994 cui
3412 3959 3614 4012 praepa-

2047 4021 2216 4068 ratum
2242 4025 2322 4068 est
2348 4032 2564 4086 regnum
2591 4036 2603 4071 :
2639 4032 2912 4090 prtapterea
2940 4025 3057 4091 Ipse
3084 4037 3156 4078 est
3181 4033 3478 4098 exspectatio
3502 4051 3622 4103 gen-

2047 4105 2189 4157 tium.
2223 4106 2352 4161 Vide
2380 4110 2643 4177 quomodo
2665 4111 2772 4180 jam
2796 4113 2921 4166 dicit
2940 4116 3101 4171 etiam
3117 4129 3299 4187 gentes
3327 4123 3497 4178 salute
3524 4126 3620 4177 do-

2047 4197 2265 4251 nandas.
2293 4198 2358 4251 Et
2382 4200 2488 4267 ipse
2510 4201 2620 4267 erit,
2648 4203 2812 4273 inquit
2838 4211 3144 4274 exspectatio
3173 4212 3413 4279 gentium.
3446 4215 3614 4283 llujus

2046 4289 2326 4344 adventum
2352 4304 2535 4361 gentes
2558 4305 2887 4365 exspectant.
2919 4299 3000 4352 ll.
3025 4299 3212 4369 Ligans
3240 4303 3307 4354 ad
3337 4305 3478 4356 vitem
3509 4309 3623 4373 pul-

2048 4379 2152 4433 lum
2177 4397 2342 4447 suum,
2374 4393 2418 4435 ct
2440 4385 2507 4436 ad
2535 4385 2787 4452 palmitem
2817 4389 3010 4454 pullam
3038 4391 3196 4443 asinte
3219 4408 3345 4446 suat.
3373 4393 3473 4448 l'er
3501 4397 3621 4465 pulo

2051 4472 2156 4526 lum
2183 4473 2369 4526 iterum
2397 4476 2630 4544 gentium
2651 4479 2910 4546 significat
2935 4480 3322 4536 adductionctn.
3349 4484 3480 4542 Nam
3503 4487 3624 4555 quia

2048 4567 2228 4621 asinus
2257 4567 2582 4628 immundum
2620 4579 2734 4624 erat
2763 4572 2980 4636 animal,
3014 4584 3291 4642 propterea
3320 4577 3484 4632 dicit:
3520 4578 3624 4634 Illa

2051 4657 2334 4712 immunda:
2379 4671 2560 4727 gentes
2601 4675 2720 4712 cum
2776 4671 2918 4716 tanta
2963 4659 3210 4718 facilitate
3258 4665 3587 4722 adducentur
3615 4711 3629 4731 ,

2049 4748 2196 4816 quasi
2234 4749 2354 4817 quis
2393 4748 2458 4801 ad
2505 4749 2770 4818 palmitem
2812 4751 2936 4805 vitis
2964 4753 3169 4806 asinum
3207 4755 3421 4826 alliget:
3463 4758 3619 4810 simul

2051 4837 2322 4893 insinuans
2358 4849 2410 4892 ct
2453 4840 2730 4907 potestatis
2751 4841 3118 4897 excellentiam
3146 4855 3198 4898 et
3234 4846 3470 4914 gentium
3496 4847 3625 4898 obc-

2051 4929 2322 4984 dientiam.
2341 4930 2537 4998 Magna:
2553 4932 2693 4984 enim
2717 4935 3132 4988 mansuetudinis
3157 4945 3259 4998 est,
3285 4935 3423 5004 quod
3445 4935 3625 4989 asinus

2059 5024 2286 5092 patiatur
2309 5037 2368 5075 se
2394 5022 2458 5074 ad
2491 5023 2756 5088 palmitem
2793 5023 2912 5077 vitis
2940 5025 3107 5093 ligari.
3141 5024 3242 5077 Viti
3274 5035 3450 5079 autem
3479 5040 3627 5080 suam

2053 5112 2348 5166 doctrinam
2362 5123 2667 5180 comparat:
2690 5112 2798 5183 Ego
2821 5113 2960 5168 enim
2983 5131 3112 5177 sum,
3138 5114 3323 5183 inquit,
3348 5117 3459 5168 uitis
3487 5132 3620 5178 rem,

2053 5213 2100 5257 et
2127 5215 2266 5272 pater
2287 5219 2423 5256 meus
2451 5205 2674 5272 agricola
2703 5215 2775 5257 est
2818 5203 2998 5274 (locu.
3028 5205 3112 5258 l5.
3153 5206 3223 5272 l).
3259 5205 3507 5261 Pahnites
3534 5224 3627 5260 au-

2056 5303 2161 5346 tem
2189 5293 2400 5346 vocavit
2430 5294 2835 5348 teneritudinem
2880 5305 3282 5362 praeceptorum,
3316 5307 3371 5350 et
3408 5299 3630 5354 facilita~

2057 5391 2161 5435 tem
2206 5382 2336 5451 legis
2377 5381 2606 5435 ferendm
2639 5399 2652 5436 :
2693 5394 2749 5436 ut
2789 5381 2898 5448 jam
2942 5385 3222 5450 pra-signet
3251 5396 3435 5453 gentes
3467 5390 3632 5449 magis

2055 5473 2296 5527 credulas
2337 5473 2468 5535 fore,
2511 5488 2669 5542 quam
2698 5471 2930 5526 habens.
2960 5471 3164 5530 Larabit
3207 5476 3259 5528 iu
3297 5476 3409 5530 vino
3451 5478 3631 5532 stulam

2056 5583 2222 5630 suam,
2254 5577 2302 5618 et
2333 5567 2382 5618 in
2413 5567 2655 5634 sanguine
2683 5581 2791 5618 una
2818 5567 3054 5620 amictum
3085 5583 3247 5621 suum.

2130 5658 2182 5713 5.
2218 5654 2508 5728 .lfystcriutn
2539 5653 2872 5709 Eurharistiw
2895 5657 3246 5726 prcsiynatur.
3265 5688 3331 5697 --
3355 5657 3482 5713 \‘ide
3504 5673 3621 5728 quo
