4164 6224
471 250 577 309 8⁸Ιὸ

471 387 630 445 modo
667 386 819 442 nobis
856 396 1019 441 totum
1060 383 1365 455 mysterium
1411 382 1710 437 insinuavit.
1740 381 1925 438 Sciunt
1955 381 2044 452 qui

472 484 662 539 initiati
692 492 834 546 sunt,
864 479 1002 551 quod
1035 478 1230 533 dictum
1258 486 1341 532 est
1366 494 1380 530 :
1413 474 1622 531 Lavabit
1650 477 1700 530 in
1724 477 1837 530 vino
1862 476 2046 530 stolam

468 594 636 631 suam.
659 575 856 630 Stolam
886 580 1011 643 puto
1036 584 1229 640 corpus
1254 567 1381 632 dici,
1411 570 1549 640 quod
1581 576 1798 639 propter
1824 568 2047 635 disnen-

469 668 727 723 sationem
767 664 906 718 ferre
936 662 1179 732 dignatus
1202 669 1305 716 est.
1335 660 1538 715 Deinde
1581 670 1637 715 ut
1664 659 1944 730 diligenter
1966 657 2049 712 di-

467 775 582 813 scas
601 758 774 811 vimtm
795 754 920 826 quid
947 754 1250 826 appellavit,
1277 753 1491 808 subdit:
1521 752 1582 806 Et
1597 753 1649 806 in
1672 754 1916 823 sanguine
1939 767 2047 805 uva:

465 849 700 901 amictum
729 863 899 900 suum.
931 845 1063 900 Vide
1087 844 1353 915 quomodo
1383 843 1653 914 sanguinis
1679 845 1890 898 nomine
1920 857 2047 897 cru-

463 955 576 995 cem
607 938 759 993 nobis
784 949 837 992 et
863 936 1181 992 occisionem
1213 935 1491 1005 signiﬁcet,
1523 944 1577 989 et
1602 950 1813 988 onlnem
1841 944 2046 1005 myste-

467 1033 664 1085 riorum
714 1029 1185 1100 dispensationem.
1239 1027 1323 1081 l2.
1368 1026 1705 1082 Jucundiorcs
1751 1028 1883 1081 oculi
1932 1029 2044 1097 ejus

463 1125 575 1177 vino
594 1141 613 1189 ;
635 1133 680 1177 et
694 1123 1014 1175 candidiores
1040 1121 1209 1174 dentes
1226 1120 1494 1190 (jnslacte.
1519 1120 1612 1174 llic
1640 1120 1861 1190 gloriam
1891 1119 2044 1174 nobis

461 1214 828 1267 demonstrare
864 1212 976 1265 vult
1000 1227 1095 1282 per
1122 1210 1488 1279 metaphoram
1526 1211 1632 1264 vini
1663 1221 1716 1265 ct
1745 1211 2039 1264 oculorum.

468 1305 530 1358 Et
575 1304 891 1358 candidiores
921 1302 1091 1356 dentes
1133 1301 1242 1372 ejus
1285 1302 1432 1355 lacte.
1477 1299 1741 1355 iustitiam
1778 1301 1950 1369 signat
1990 1309 2045 1352 et

461 1401 757 1455 claritatem
788 1399 998 1470 judicis.
1044 1398 1174 1452 Nam
1209 1414 1300 1467 per
1329 1397 1518 1451 dentes
1543 1407 1595 1450 ct
1624 1396 1705 1449 lac
1731 1393 1858 1447 nihil
1896 1392 2040 1446 aliud

464 1491 762 1561 signiﬁcare
792 1491 901 1543 vult
944 1504 1098 1558 quam
1128 1489 1240 1543 fore
1281 1486 1564 1543 candidum
1605 1495 1663 1540 et
1704 1484 2040 1539 manifestum

460 1582 711 1652 judicium
732 1590 786 1633 ιιι
801 1589 883 1634 est
902 1579 1050 1633 lactis
1068 1589 1121 1632 et
1144 1578 1379 1633 dentium
1401 1576 1650 1631 conditio.
1679 1576 1761 1630 15.
1787 1573 2040 1639 Zabulon,

460 1674 649 1742 inquit,
694 1673 744 1725 in
771 1672 1019 1725 maritimo
1056 1670 1313 1736 habitabit,
1357 1680 1404 1723 et
1444 1670 1552 1739 ipse
1594 1668 1734 1739 apud
1776 1667 2040 1721 stationem

460 1765 684 1827 scrinium,
730 1772 774 1817 et
817 1762 1106 1815 extendetur
1149 1776 1303 1830 usque
1335 1759 1403 1812 ad
1445 1760 1707 1812 Sidoncm.
1735 1757 1866 1811 Vide
1906 1772 2039 1826 quo.

467 1853 625 1907 modo
654 1861 707 1907 et
736 1853 859 1906 huic
899 1850 1136 1921 prasdicit
1164 1850 1251 1905 ubi
1283 1849 1604 1904 domicilium
1638 1848 1912 1902 habiturus
1940 1848 2038 1916 sit,

461 1955 513 1999 et
544 1943 685 2014 quod
716 1957 882 2012 usque
919 1941 982 1995 ad
1022 1940 1271 1996 Sidonem
1310 1939 1642 1994 extendetur.
1673 1939 1760 1993 14.
1803 1936 2041 2005 lssacliar

457 2037 642 2090 bonum
667 2033 984 2097 desideravit,
1011 2032 1301 2087 recumbens
1322 2016 1452 2085 inter
1476 2043 1632 2084 sortes
1650 2047 1668 2083 :
1693 2029 1779 2084 15.
1802 2039 1847 2083 et
1869 2029 2040 2082 videns

459 2129 677 2198 requiem
711 2125 847 2197 quod
868 2124 1022 2189 bona,
1055 2133 1102 2177 et
1136 2134 1321 2177 terram
1359 2122 1495 2193 quod
1524 2122 1743 2192 pinguis,
1774 2120 2039 2191 supposuit

457 2223 720 2275 humerum
748 2236 894 2273 suum
922 2221 990 2273 ad
1020 2216 1376 2284 laborandum,
1417 2224 1465 2269 et
1502 2216 1666 2284 [actus
1694 2225 1764 2289 est
1794 2215 1869 2267 vir
1896 2213 2036 2284 agri-

455 2312 588 2367 cola.
617 2311 821 2368 Laudat
857 2310 1001 2370 hunc
1027 2307 1165 2379 quod
1196 2308 1559 2378 operationem
1595 2318 1749 2362 terra:
1783 2307 2032 2376 elegerit,

455 2416 512 2459 et
538 2404 679 2459 hanc
715 2402 963 2457 onmibus
999 2402 1119 2455 aliis
1159 2398 1467 2469 prictulerit.
1510 2399 1598 2453 16.
1639 2396 1754 2451 Dan
1783 2398 2037 2469 judicavit

456 2496 696 2564 populum
735 2509 903 2558 suam,
949 2492 1079 2546 sicut
1116 2498 1163 2544 et
1189 2507 1291 2544 una
1332 2488 1491 2542 tribus
1528 2488 1581 2541 in
1611 2486 1795 2541 Israel.
1837 2489 1920 2543 l7.
1965 2487 2037 2542 Et

458 2590 547 2654 ﬁat
578 2586 694 2638 Dan
714 2601 921 2653 serpens
944 2583 994 2637 in
1015 2583 1116 2649 via,
1141 2582 1362 2636 insidens
1386 2582 1438 2634 in
1466 2581 1664 2646 semita,
1689 2578 1924 2651 mordens
1941 2598 2036 2635 un-

453 2678 628 2748 gulam
668 2674 817 2746 equi:
846 2684 893 2727 et
915 2673 1060 2727 cadet
1087 2688 1233 2743 eques
1257 2681 1557 2738 retrorsum,
1589 2670 1678 2726 18.
1714 2671 1927 2727 salutent
1954 2690 2037 2728 ea:-

453 2778 682 2838 spectans
707 2765 930 2821 Domini.
963 2765 1186 2836 Dignum
1211 2772 1271 2818 ut
1297 2763 1414 2834 quis
1441 2763 1736 2818 admiretur
1763 2774 1818 2819 et
1844 2765 2033 2821 obstu-

452 2869 650 2931 pescat,
676 2858 940 2931 quomodo
962 2858 1136 2928 justus
1156 2857 1243 2913 ille
1263 2850 1427 2912 oculis
1452 2857 1673 2928 spiritus
1692 2858 1866 2914 omnia
1893 2876 2030 2929 pra:-

452 2953 658 3018 videns,
690 2953 812 3007 ﬁliis
836 2952 945 3007 suis
967 2949 1341 3021 pmnnntiavet
1356 2948 1396 3005 it
1419 2950 1545 3019 quid
1568 2952 1848 3022 unicuique
1870 2968 2038 3011 even-

451 3055 625 3100 turum
650 3045 755 3099 sit:
786 3059 906 3098 nam
926 3043 1086 3098 etiam
1114 3042 1201 3097 illa
1230 3057 1349 3111 qua:
1378 3052 1496 3113 post
1525 3044 1747 3099 multum
1778 3047 2032 3119 temporis

452 3137 623 3191 futura
653 3142 779 3190 sunt
821 3133 1079 3204 praedicit.
1110 3133 1198 3188 19.
1238 3131 1371 3198 God,
1410 3136 1617 3189 tentatio
1645 3136 1851 3189 tentabit
1881 3153 2031 3203 eum;

449 3229 558 3297 ipse
596 3236 761 3281 autem
787 3226 991 3280 tentabit
1030 3225 1174 3280 illum
1213 3226 1280 3278 ad
1320 3224 1488 3295 pedes.
1515 3225 1586 3281 20
1636 3225 1781 3289 Aser,
1829 3228 2032 3298 pinguis

447 3322 557 3390 ejus
579 3320 746 3389 panis,
775 3327 821 3371 et
858 3318 963 3388 ipse
996 3316 1135 3372 dabit
1161 3317 1326 3371 cibum
1364 3318 1699 3388 principibus.
1726 3318 1815 3373 21.
1847 3317 2030 3390 Neph-

448 3394 646 3475 tlsalim,
679 3408 951 3480 virgultum
982 3408 1279 3474 resolutum,
1307 3409 1437 3462 dans
1465 3409 1517 3463 in
1545 3410 1769 3479 germine
1799 3412 2029 3480 pulchri-

448 3503 692 3557 tudinem.
740 3501 807 3556 Et
847 3501 968 3570 quia
1014 3501 1193 3571 paucis
1237 3501 1429 3555 transit
1473 3500 1620 3565 illos,
1652 3502 1796 3555 venit
1835 3516 2027 3557 conse-

447 3604 670 3664 quenter
694 3593 760 3648 ad
792 3591 1012 3664 Josepb,
1052 3602 1107 3648 et
1129 3593 1203 3647 ait
1231 3610 1246 3647 :
1290 3592 1381 3646 22.
1422 3591 1615 3661 Joseplt
1654 3593 1793 3662 ﬁlius
1826 3604 2023 3656 auctus,

446 3688 718 3741 invidiosus
737 3701 757 3740 :
781 3684 973 3754 Joseplt
1000 3685 1140 3754 ﬁlius
1163 3693 1357 3749 auctus,
1383 3685 1521 3754 ﬁlius
1558 3700 1697 3739 meus
1710 3682 1911 3755 iunior.
1946 3687 2027 3741 ln-

447 3779 702 3844 vidiosus,
727 3777 910 3849 inquit.
933 3777 1102 3833 l'actns
1120 3777 1257 3832 esab
1274 3778 1401 3847 ipsis
1417 3776 1597 3832 initiis.
1613 3777 1701 3832 23.
1728 3777 1886 3844 Quem
1906 3795 2025 3833 con-

442 3871 556 3924 silio
583 3870 951 3924 communicato
972 3869 1209 3923 conviciis
1236 3869 1561 3922 incesserunt.
1590 3868 1833 3924 Fratrum
1862 3870 2026 3941 signi-

447 3961 567 4015 ﬁcat
602 3959 1047 4028 conspirationem
1085 3966 1269 4014 contra
1308 3974 1452 4013 cum.
1498 3959 1564 4013 Et
1595 3958 1647 4012 id
1686 3959 1826 4028 quod
1863 3976 2021 4031 supra

442 4051 650 4106 dicebat
674 4051 969 4120 Scriptura,
998 4066 1092 4106 eos
1116 4053 1340 4107 crimine
1370 4055 1510 4106 malo
1542 4053 1795 4109 dctulissc
1822 4053 2021 4124 .loscph

441 4139 579 4209 apud
605 4148 806 4210 patrem
836 4155 990 4193 suum
1018 4140 1166 4211 (Gen.
1197 4141 1285 4195 57.
1317 4142 1396 4210 2),
1424 4144 1524 4196 hoc
1545 4142 1642 4197 iste
1666 4141 1793 4197 dicit
1817 4161 1831 4197 :
1859 4142 2018 4208 Quem

439 4232 800 4286 conuuunicato
834 4233 1046 4286 consilio
1081 4232 1315 4286 conviciis
1341 4232 1667 4299 incesserunt,
1714 4246 1758 4288 et
1791 4235 2022 4290 intende-

437 4323 557 4377 bant
591 4326 643 4377 in
677 4341 789 4378 eum
817 4325 1009 4378 domini
1046 4325 1443 4395 sagittationum.
1467 4324 1871 4396 Sanguinariutn
1902 4328 2019 4383 illo-

441 4430 557 4469 rum
580 4416 838 4487 signiﬁcat
863 4417 1119 4471 animum.
1146 4417 1232 4470 2i.
1264 4414 1332 4469 Et
1356 4418 1557 4471 contriti
1584 4428 1700 4471 sunt
1724 4436 1837 4473 cum
1869 4422 2015 4490 forti-

442 4505 612 4559 tudine
638 4523 786 4560 arcus
811 4523 1002 4562 eorum.
1035 4505 1167 4561 Vide
1193 4507 1459 4577 quomodo
1488 4517 1765 4579 ppstquam
1797 4510 1930 4567 dixit
1953 4529 2015 4569 ea

439 4612 558 4666 qua:
592 4607 777 4652 contra
810 4598 1009 4669 ,ιιιεσ-ιιιι
1050 4607 1398 4665 attentaruut,
1440 4600 1568 4655 dicit
1608 4614 1662 4656 et
1694 4617 1755 4657 ea
1784 4619 1902 4674 qua:
1936 4605 2016 4660 eis

438 4691 789 4759 contigerunt.
821 4691 1033 4745 Contriti
1048 4695 1212 4758 enim,
1243 4693 1431 4762 inquit,
1458 4710 1608 4749 arcus
1625 4711 1815 4758 eorum,
1839 4705 1885 4750 et
1909 4697 2011 4753 dis-

436 4782 587 4836 soluti
614 4792 732 4836 sunt
771 4784 906 4836 nervi
934 4783 1249 4838 brachiorum
1278 4802 1517 4840 manuum
1543 4802 1737 4842 eorum.
1764 4787 1864 4857 Ipsi
1886 4788 2008 4858 qui—

433 4872 554 4927 dem
575 4871 821 4928 occidere
849 4885 899 4928 te
926 4874 1099 4928 conati
1126 4884 1267 4939 sunt,
1291 4885 1345 4931 et
1369 4885 1619 4945 quantum
1641 4893 1704 4932 ex
1735 4878 1862 4947 ipsis
1885 4893 2014 4947 pen-

435 4966 613 5031 debat,
641 4980 802 5035 opere
829 4966 1188 5036 complessent
1220 4983 1235 5022 :
1274 4966 1368 5023 sed
1404 4977 1459 5023 et
1481 4984 1635 5024 arcus
1664 4984 1848 5027 eorum
1875 4983 2010 5024 con-

436 5059 543 5111 triti
573 5068 716 5121 snnt,
740 5066 793 5113 et
822 5058 1061 5114 dissoluti
1091 5068 1215 5115 sunt
1239 5075 1423 5114 eorum
1455 5061 1620 5115 nervi.
1649 5059 1738 5117 Sic
1760 5061 1904 5115 enim
1930 5061 2009 5117 eis

431 5150 638 5213 accidit,
671 5150 884 5219 quando
905 5150 1186 5206 audierunt
1210 5150 1409 5221 Joseph
1437 5151 1701 5208 dicentem
1728 5170 1743 5206 :
1766 5150 1880 5220 Ego
1896 5169 2007 5206 sum

431 5242 585 5306 frater
626 5251 785 5294 vester
818 5240 1040 5311 Ioseph,
1087 5259 1231 5313 quem
1273 5243 1562 5297 vendidistis
1606 5245 1659 5296 in
1723 5242 2008 5314 IEgyptum

428 5332 581 5395 (Gen.
631 5333 722 5387 45.
763 5334 845 5401 '5).
871 5334 1019 5390 Tunc
1052 5335 1216 5401 enim,
1252 5344 1376 5391 tunc
1419 5336 1650 5390 maxime
1686 5335 1841 5389 soluti
1881 5346 2006 5390 sunt

428 5434 461 5472 n
482 5422 572 5476 -rvi
618 5437 801 5476 eorum
821 5463 837 5487 ,
887 5423 988 5477 Per
1026 5442 1228 5477 manum
1257 5426 1473 5495 potentis
1511 5424 1692 5478 Jacob.
1735 5425 1824 5480 25.
1874 5424 2005 5487 lude

426 5512 510 5573 qui
536 5511 875 5566 corroboravit
913 5512 1077 5567 Israel
1102 5530 1133 5566 a
1160 5513 1268 5567 Deo
1308 5516 1465 5584 patris
1498 5516 1569 5568 tui
1588 5555 1602 5575 .
1633 5524 1681 5568 et
1719 5517 1915 5584 adjuvit
1955 5529 2002 5572 te

427 5598 561 5654 Deus
581 5618 738 5655 nicas.
763 5602 860 5667 Qui
885 5601 1125 5656 dissolvit
1143 5618 1326 5658 eorum
1358 5620 1568 5667 nervos,
1595 5604 1784 5672 inquit,
1811 5616 2001 5674 potens

420 5701 520 5744 est.
541 5690 657 5761 Ipse
670 5693 800 5746 enim
816 5693 1005 5764 adjuvit
1017 5703 1065 5748 te
1077 5692 1216 5748 Deus
1233 5710 1386 5749 meus.
1407 5694 1537 5751 Vide
1552 5711 1856 5766 germanam
1870 5701 1998 5769 justi

1207 250 1266 307 S.
1305 247 1579 306 JOANNIS
1615 247 2085 316 CllRYSQSTOMl
2123 249 2444 307 ARClllEP.
2484 251 3019 315 CONSTANTINOP.

3632 270 3746 331 516

2156 376 2278 432 erga
2310 363 2589 421 Dominum
2618 367 2975 434 dilectionem,
2996 370 3264 441 quomodo
3287 373 3434 430 orbis
3459 374 3749 435 Dominum

2153 466 2307 507 suum
2328 469 2448 510 esse
2471 455 2636 510 Deum
2651 458 2811 525 dicat,
2834 474 2937 514 non
2955 462 3278 520 concludens
3296 465 3412 535 ejus
3425 466 3746 538 dominium,

2156 560 2325 615 neque
2342 549 2554 616 privans
2568 563 2689 605 eum
2708 562 2965 620 potestati
2979 556 3391 625 universali,sed
3406 576 3560 617 suum
3572 563 3747 621 deela-

2153 654 2278 692 rans
2293 655 2550 696 amorem.
2572 642 2637 696 Et
2667 647 2916 701 benedixit
2930 649 3021 702 tibi
3031 650 3374 706 benedictione
3390 654 3502 708 ccli
3520 671 3549 708 e
3564 674 3749 727 super-

2153 729 2251 783 nis.
2272 729 2382 784 Non
2401 731 2593 795 solum,
2619 733 2806 806 inquit,
2827 735 3024 807 adjuvit
3045 747 3118 806 te,
3134 738 3228 795 sed
3241 750 3293 794 et
3314 740 3578 798 Benedirit
3595 756 3643 799 te
3657 745 3750 805 (-5-

2153 821 2430 876 nedictioue
2446 832 2591 877 terra:
2610 827 2780 880 omnia
2793 829 3110 892 continentis.
3132 840 3337 899 [vomer
3350 832 3746 893 benedictionem

2152 911 2358 965 uberum
2388 924 2433 967 et
2459 915 2641 984 culum,
2667 917 2757 972 26.
2784 918 3173 974 benedictionem
3201 924 3360 991 patris
3387 926 3464 978 tui
3486 936 3535 980 et
3561 941 3746 985 matris

2152 1013 2269 1058 tute.
2294 1003 2567 1061 Pru'valuit
2594 1010 3015 1066 benedictionibus
3031 1014 3273 1067 montium
3290 1015 3575 1085 ﬁrmarunt,
3593 1031 3637 1072 et
3658 1023 3763 1072 dc-

2149 1098 2349 1153 sideriis
2373 1101 2578 1155 collium
2607 1112 2927 1159 a'ternorum.
2953 1106 3054 1161 Per
3068 1107 3236 1163 colles
3254 1117 3485 1166 attentos
3512 1114 3740 1184 gloriam

2150 1199 2203 1241 et
2250 1189 2602 1259 majestatem,
2644 1204 2699 1248 et
2745 1210 2965 1263 regnum
3006 1196 3222 1268 Aigypti
3258 1216 3396 1270 :per
3430 1213 3640 1260 montes
3682 1217 3734 1262 et

2149 1286 2334 1350 colles,
2376 1289 2752 1345 sublimitatem
2798 1300 2850 1346 ct
2890 1291 3249 1349 fortitudinem
3286 1295 3545 1368 deignat.
3588 1310 3641 1356 et
3680 1301 3743 1357 in

2149 1392 2415 1434 summum
2445 1383 2706 1451 fastigium
2735 1384 3055 1453 principatus
3081 1397 3320 1441 evectum
3346 1403 3467 1444 esse
3494 1390 3579 1445 hic
3606 1392 3731 1447 insi-

2150 1482 2294 1525 nuat.
2333 1472 2430 1527 Ila:
2461 1476 2613 1537 enim,
2654 1476 2841 1545 inquit,
2875 1478 3242 1533 benedictiones
3269 1492 3413 1534 erunt
3452 1499 3606 1553 super
3646 1501 3731 1537 m-

2149 1576 2236 1631 pnt
2270 1564 2482 1633 Joseplt,
2512 1576 2561 1618 et
2594 1567 2643 1620 in
2675 1568 2854 1621 vertice
2878 1570 3115 1637 fratrum,
3146 1586 3357 1640 quorum
3385 1572 3492 1627 dna:
3516 1584 3608 1629 est.
3639 1575 3735 1630 lla:

2146 1655 2368 1720 scilicet,
2394 1656 2582 1726 inquit,
2608 1657 3003 1713 benedictiones
3027 1668 3181 1712 erunt
3201 1674 3364 1729 super
3381 1673 3538 1732 caput
3557 1674 3729 1720 lll'lnl.

2145 1744 2233 1799 27.
2263 1745 2529 1815 Bcnjamin
2560 1748 2711 1819 lupus
2738 1766 2923 1820 rapax,
2956 1764 3102 1804 mane
3122 1753 3363 1819 comedet,
3398 1767 3444 1807 et
3467 1757 3535 1807 ad
3553 1771 3732 1827 vespe'

2145 1858 2253 1893 ram
2292 1842 2552 1895 distribuet
2588 1859 2771 1898 escam.
2803 1844 2867 1898 Et
2895 1844 2979 1898 hic
3015 1844 3299 1914 prtesignat
3322 1847 3371 1901 ei
3400 1848 3540 1919 quod
3571 1848 3733 1917 longo

2147 1942 2265 2001 post
2296 1941 2533 2003 tempore
2558 1933 2793 1989 futurum
2819 1944 2953 1999 erat,
2985 1945 3039 1990 et
3061 1937 3198 2005 quod
3226 1948 3558 2006 grassatur-ns
3584 1954 3734 1998 esset

2144 2024 2281 2078 sicut
2323 2024 2478 2094 lupus
2517 2008 2749 2094 rapiens,
2782 2026 3034 2081 occidens
3064 2034 3118 2080 ct
3160 2026 3439 2083 innumera
3469 2030 3605 2083 mala
3648 2035 3736 2086 ta-

2141 2117 2309 2171 ciens.
2332 2116 2593 2185 Quoniam
2616 2127 2793 2172 autem
2819 2117 3065 2172 omnibus
3093 2117 3214 2172 ﬁliis
3247 2129 3603 2190 congruentes
3636 2123 3738 2178 be-

2143 2207 2471 2263 nedictioncs
2494 2209 2850 2278 pricsignavit,
2879 2208 2970 2264 28.
3007 2207 3069 2262 Et
3100 2209 3370 2277 benedixit,
3400 2210 3588 2282 inquit,
3613 2213 3736 2267 sin-

2140 2301 2273 2370 gulis
2290 2300 2445 2370 juxta
2482 2300 2868 2354 benedictionem
2907 2316 3071 2362 suam,
3113 2317 3211 2370 qua
3252 2300 3573 2358 benedixerat
3611 2306 3685 2359 eis
3705 2321 3728 2361 :

2144 2393 2244 2448 hoc
2269 2405 2370 2460 est,
2403 2393 2685 2465 unicuique
2710 2393 3027 2464 praedicebat
3047 2409 3165 2464 qua:
3184 2394 3424 2461 decebat,
3456 2405 3509 2452 et
3528 2413 3647 2467 qua:
3669 2398 3725 2454 in

2141 2500 2454 2556 unaquaque
2486 2484 2624 2540 tribu
2653 2494 2907 2540 eventura
2937 2493 3115 2540 essent
3143 2486 3405 2556 prmdixit.
3437 2488 3724 2558 Postquam

2139 2587 2316 2631 autetn
2345 2577 2608 2632 ordinavit
2633 2591 2694 2631 ea
2718 2592 2835 2646 qua:
2859 2591 2888 2629 a
2915 2576 3116 2646 Spiritu
3141 2577 3236 2647 ipsi
3267 2579 3576 2650 prtcsignata
3603 2580 3726 2637 iue-

2141 2680 2280 2734 rant,
2311 2668 2441 2723 dicit
2477 2669 2592 2722 cis:
2633 2667 2722 2723 29.
2756 2667 2863 2738 Ego
2900 2684 3133 2738 apponor
3158 2668 3228 2722 ad
3250 2672 3494 2741 popular:
3532 2688 3722 2741 nicum,

2138 2771 2184 2815 et
2222 2762 2466 2833 sepelietis
2494 2777 2571 2813 me
2597 2776 2713 2814 cum
2734 2759 2959 2829 patribus
2982 2760 3123 2814 meis.

2206 2854 2260 2908 4.
2296 2851 2423 2907 Vide
2452 2851 2719 2922 quomodo
2746 2868 2840 2922 per
2868 2850 3172 2907 mandatum
3202 2851 3304 2906 hoc
3332 2853 3612 2907 maximam
3634 2854 3718 2909 eis

2135 2943 2554 2999 CONSttlaliOItem
2596 2942 2802 2998 aﬂ'erat.
2851 2941 3275 2999 Considerabant
3312 2944 3719 3014 enittt,jusumt

2138 3035 2239 3091 hoc
2263 3051 2371 3090 non
2413 3034 2784 3090 mandaturum
2832 3034 3026 3099 fuisse,
3073 3033 3176 3089 nisi
3214 3036 3434 3090 omnino
3472 3037 3722 3092 SciviSset

2136 3127 2363 3180 reditum
2395 3126 2630 3197 ipsorum
2656 3124 2890 3179 futurum
2915 3165 2930 3189 ,
2963 3134 3017 3180 et
3051 3125 3355 3180 liberandos
3396 3141 3455 3181 se
3491 3142 3522 3181 a
3552 3129 3723 3182 servi-

2137 3228 2246 3272 tote
2276 3216 2510 3287 Egypti.
2548 3217 2735 3271 Postea
2765 3231 2976 3286 quoque
3001 3215 3171 3270 locum
3202 3217 3443 3271 nominat
3470 3234 3483 3269 :
3511 3216 3577 3271 In
3603 3234 3723 3289 spes

2133 3309 2304 3372 (unca,
2343 3307 2506 3377 inquit
2529 3349 2543 3373 ,
2567 3322 2680 3374 quw
2707 3316 2778 3359 est
2804 3308 2855 3359 in
2881 3322 3006 3376 agro
3031 3304 3245 3378 Ephron
3266 3308 3494 3362 Cltetta'i.
3527 3309 3615 3364 55.
3653 3308 3719 3363 Et

2131 3411 2187 3454 ut
2214 3400 2321 3454 Iuve
2347 3399 2502 3465 dixit,
2533 3399 2743 3453 cessavit
2784 3400 3032 3469 imperare
3061 3401 3181 3469 ﬁliis
3203 3402 3328 3455 suis.
3352 3399 3421 3454 Et
3444 3401 3719 3457 sublevavit

2130 3493 2290 3547 Jucob
2318 3493 2469 3562 pedes
2497 3509 2614 3546 suos
2642 3508 2792 3559 super
2813 3492 2995 3546 lectam
3013 3534 3028 3556 ,
3062 3503 3108 3546 et
3138 3493 3352 3562 defecit,
3377 3506 3425 3548 et
3452 3496 3718 3565 appositus

2129 3595 2201 3639 est
2228 3585 2297 3639 ad
2322 3585 2566 3655 populum
2590 3601 2759 3638 suum.
2779 3583 2909 3639 Vide
2934 3594 3160 3639 mortem
3178 3585 3306 3653 justi
3333 3585 3492 3640 etiam
3520 3600 3715 3657 magno

2130 3676 2386 3731 miraculo
2434 3676 2663 3746 plenam.
2714 3674 2847 3730 Nam
2892 3686 3170 3746 postquam
3216 3677 3497 3748 imperavit
3532 3679 3715 3748 pueris

2127 3769 2261 3834 suis,
2295 3767 2582 3823 Sublevavit
2607 3769 2759 3839 pedes
2782 3770 2834 3822 in
2859 3769 3042 3822 lectum
3080 3784 3249 3837 suum,
3280 3770 3431 3841 quasi
3457 3786 3578 3828 cum
3610 3787 3711 3827 vo-

2128 3861 2330 3931 luptate
2360 3877 2472 3917 rem
2499 3864 2779 3933 reciperet.
2828 3861 2904 3917 lta
2953 3862 3184 3933 impletis
3225 3864 3502 3929 omnibus,
3544 3864 3712 3921 Pedes

2125 3956 2330 4010 sustulit
2356 3971 2376 4009 :
2408 3956 2510 4010 hoc
2535 3966 2637 4021 est,
2670 3956 2856 4026 planos
2882 3965 2937 4011 ct
2965 3972 3036 4010 rei
3056 3963 3138 4010 tos
3166 3954 3310 4015 fecit.
3341 3967 3395 4011 ct
3421 3956 3659 4015 extendit
3688 3976 3707 4013 :

2127 4045 2346 4118 Defecit,
2378 4046 2477 4101 hoc
2500 4058 2601 4111 est,
2637 4046 2806 4101 ﬁnivit
2828 4047 3011 4113 vitant,
3049 4045 3112 4100 Et
3139 4049 3403 4118 appositus
3427 4060 3500 4103 est
3527 4050 3596 4103 ad
3615 4066 3711 4122 po-

2124 4140 2304 4209 pulum
2329 4156 2494 4193 suum.
2528 4141 2579 4194 ‘l.
2612 4137 2678 4192 Et
2716 4139 2892 4193 recidit
2927 4139 3118 4210 Joseplt
3160 4157 3314 4211 super
3340 4141 3518 4211 faciem
3547 4145 3711 4212 patris

2122 4232 2221 4297 sui,
2246 4241 2293 4286 et
2318 4231 2454 4300 ﬂevit
2473 4247 2626 4299 super
2644 4248 2774 4296 eum,
2794 4241 2841 4285 et
2865 4231 3120 4286 osculatus
3142 4242 3215 4286 est
3229 4248 3342 4286 eum
3373 4232 3557 4303 (Caput
3584 4234 3704 4293 50).

2124 4324 2314 4380 Vidisti
2357 4324 2450 4379 ﬁlii
2477 4323 2863 4380 dilectionem?
2912 4325 3085 4380 vidisti
3133 4325 3349 4396 ignitam
3383 4328 3706 4383 caritatem?

2120 4416 2189 4472 Et
2215 4427 2332 4487 post
2361 4417 2554 4471 animre
2579 4432 2847 4473 recessum
2887 4418 3088 4473 Recidit
3114 4418 3307 4490 .Ioseplt
3345 4437 3496 4491 super
3519 4424 3705 4492 faciem

2118 4512 2230 4581 ejus
2252 4552 2269 4578 ,
2299 4519 2345 4565 et
2371 4510 2624 4565 osculatus
2648 4520 2754 4576 est,
2793 4519 2838 4564 et
2870 4511 3006 4581 ﬂevit
3035 4527 3185 4580 super
3208 4528 3285 4566 eo.
3316 4512 3408 4566 llis
3435 4513 3585 4568 factis
3603 4514 3702 4568 ,Ιη-

2118 4605 2249 4675 seph
2278 4620 2398 4675 qua:
2438 4619 2468 4656 a
2515 4613 2665 4673 patre
2692 4602 2938 4657 mandata
2970 4612 3124 4658 erant
3146 4605 3363 4674 exsequi
3392 4607 3613 4660 curavit.
3641 4610 3698 4661 2.

2117 4695 2185 4750 Et
2212 4711 2333 4749 mox
2364 4695 2619 4749 mandavit
2642 4695 3025 4767 pollinctoribus
3048 4736 3064 4761 ,
3106 4705 3161 4749 ut
3204 4698 3469 4766 sepelirent
3506 4709 3701 4767 patrem

2115 4804 2281 4841 suum.
2310 4787 2361 4841 5.
2394 4784 2462 4839 Et
2487 4787 2594 4855 ipse
2615 4787 2813 4858 quidem
2837 4787 3169 4857 quadraginta
3198 4787 3371 4841 diebus
3389 4828 3405 4854 ,
3438 4787 3700 4860 {Egyptus

2116 4891 2283 4933 autent
2306 4881 2626 4949 septuaginta
2656 4878 2828 4933 diebus
2847 4896 2959 4932 eum
2982 4880 3129 4934 luxit.
3164 4880 3229 4934 Et
3255 4892 3535 4951 pqslqnatn
3553 4882 3697 4951 justa

2115 4972 2293 5025 omnia
2320 4972 2585 5040 persoluta
2616 4980 2760 5037 sunt,
2791 4972 3105 5043 signiﬁcavit
3126 4971 3414 5037 Pharaoni,
3442 4984 3496 5031 et
3521 4975 3584 5029 iis
3605 4976 3696 5045 qui

2112 5077 2231 5119 eum
2259 5077 2325 5117 co
2349 5069 2534 5124 erant,
2574 5078 2694 5134 qua:
2736 5063 2807 5118 illi
2838 5073 2989 5132 pater
3013 5062 3186 5117 adhuc
3222 5065 3373 5119 vivus
3401 5063 3693 5120 demanda-

2113 5163 2212 5216 rat,
2241 5162 2295 5207 et
2317 5153 2449 5207 dixit
2481 5170 2493 5206 :
2526 5154 2580 5209 5.
2609 5153 2875 5220 Adiurarit
2902 5170 2980 5207 me
3007 5162 3149 5220 pater
3171 5171 3310 5208 meus
3332 5195 3348 5221 ,
3382 5157 3554 5211 dicens
3577 5173 3597 5211 :
3627 5156 3693 5211 In

2110 5242 2371 5312 sepulcro,
2397 5242 2531 5313 quod
2557 5245 2664 5313 [odi
2689 5243 2813 5296 milii
2838 5241 2891 5296 in
2915 5253 3047 5297 terra
3074 5243 3315 5298 Chanaan
3335 5286 3351 5311 ,
3384 5247 3490 5300 illic
3513 5265 3590 5300 me
3605 5264 3692 5302 se-

2109 5337 2281 5407 pelies.
2300 5333 2454 5388 Nunc
2477 5335 2630 5406 igitur
2651 5334 2937 5399 ascendam,
2961 5344 3007 5387 et
3026 5333 3264 5403 sepeliant
3286 5345 3478 5406 patrem
3502 5354 3684 5401 incum,

2107 5440 2153 5483 et
2183 5428 2370 5481 redibo.
2400 5426 2629 5497 [Equum
2652 5441 2684 5480 e
2714 5434 2764 5486 t,
2809 5426 2997 5495 inquit,
3024 5436 3077 5479 nt
3099 5442 3218 5495 quae
3243 5428 3309 5482 ab
3334 5443 3400 5482 eo
3426 5440 3690 5499 pra-cepta

2105 5529 2251 5585 sunt,
2283 5521 2549 5590 impleam.
2588 5516 2683 5573 [Ibi
2716 5518 2872 5589 igitur
2894 5531 2956 5571 ea
2988 5516 3164 5570 fecero
3192 5533 3309 5587 qum.
3329 5519 3567 5584 jusserit,
3600 5538 3686 5576 re-

2108 5611 2249 5666 dibo.
2280 5608 2401 5663 lla-c
2425 5620 2482 5663 ιιι
2500 5607 2701 5671 audiit,
2735 5605 2972 5673 permisit
3002 5605 3225 5659 Pharao.
3255 5608 3304 5660 7.
3336 5606 3403 5661 Et
3428 5612 3684 5677 ascendit,

2106 5702 2295 5771 ἱιιιιειίι,
2322 5701 2510 5770 Ioseph
2539 5711 2589 5753 ut
2615 5716 2686 5769 se;
2704 5699 2843 5752 cliret
2866 5708 3058 5768 patrem
3079 5714 3244 5755 suum.
3268 5711 3314 5753 et
3337 5701 3490 5753 sintut
3508 5718 3677 5757 ascen-
