4134 6214
346 253 369 284 \

430 317 534 373 579

425 431 658 490 ctionetn
678 429 731 485 in
751 438 984 489 carcere,
999 431 1051 477 et
1065 420 1187 491 quia
1211 431 1466 490 generose
1485 425 1541 476 et
1558 429 1678 472 cum
1703 416 1986 485 gratiarum

429 521 638 578 actione
663 517 780 578 tulit
811 515 987 572 omnia
1011 552 1027 574 ,
1056 520 1336 581 propterea
1375 508 1519 577 larga
1545 506 1759 576 pramia
1784 505 1990 575 accepit

425 611 661 672 etiamin
683 609 781 665 hac
807 606 930 662 vita.
949 599 1241 658 Considera
1261 599 1425 666 enirn,
1451 613 1572 659 eum
1597 612 1694 668 pro
1717 597 1867 652 brevi
1897 595 1988 650 ilio

431 713 690 771 tempore,
719 695 1155 767 quaeservitutem
1183 699 1238 748 et
1259 705 1528 750 carcerem
1551 688 1819 756 sustinuit,
1841 696 1989 745 octo-

431 793 572 862 ginta
611 788 767 843 annis
803 799 1025 855 regnum
1054 780 1525 842 administravisse.
1561 778 1712 847 Quod
1736 791 1864 834 vero
1884 776 1989 834 (ide

429 881 603 938 omnia
641 875 978 947 disposuerit,
1001 881 1054 930 et
1079 879 1294 942 propter
1321 870 1422 930 hoc
1446 871 1605 927 etiam
1651 867 1722 924 de
1747 874 1990 924 transve-

429 972 604 1026 ctione
627 967 826 1022 ossium
851 963 1134 1029 mandarit,
1148 961 1270 1018 audi
1293 961 1517 1021 Paulum
1539 958 1803 1016 dicentem
1823 973 1840 1014 z
1859 956 1991 1011 Fide

423 1060 612 1130 Ioseph
634 1059 880 1122 moriens,
907 1057 970 1114 de
1003 1054 1286 1126 egressione
1312 1051 1539 1120 ﬁliorum
1563 1049 1730 1106 Israel
1767 1047 1990 1104 meminit

432 1149 614 1219 (Hebr.
634 1148 719 1202 tl.
743 1144 858 1217 22).
886 1146 952 1202 Et
977 1159 1082 1200 non
1109 1143 1208 1202 fuit
1233 1143 1316 1204 his
1339 1147 1622 1202 contentus
1639 1179 1656 1205 ,
1678 1137 1774 1196 sed
1815 1144 1874 1193 ut
1909 1135 1992 1190 di-

426 1251 547 1296 scas
577 1251 812 1301 causam,
837 1243 1051 1304 propter
1078 1247 1235 1302 quam
1276 1229 1561 1301 iniunxerit
1592 1229 1791 1283 ossium
1815 1235 1989 1282 trans-

425 1328 718 1384 vectionem
747 1365 765 1392 ,
791 1325 969 1388 addit,
1002 1321 1070 1380 Et
1098 1322 1162 1382 de
1189 1321 1383 1379 ossibus
1407 1319 1512 1376 suis
1532 1317 1806 1374 mandavit.

496 1416 764 1474 Conclusio
787 1431 902 1471 cum
929 1413 1108 1470 morali
1135 1408 1736 1470 exhortatione—Forte
1754 1405 1992 1478 pluribus

1079 309 1150 365 'S.
1189 303 1464 363 JOANNIS
1497 299 1963 360 CHRYSOSTOMI
2001 298 2315 356 ARCHIEP.
2357 297 2883 358 CONSTANTINOP.

3557 302 3673 359 sse

2097 414 2328 484 adiicere
2349 455 2366 480 ,
2395 422 2453 474 ut
2487 413 2690 470 scilicet
2710 413 2971 470 dictorum
2995 413 3348 470 recordemini
3364 455 3382 481 ,
3407 425 3464 470 et
3494 416 3676 473 imite-

2091 523 2210 564 mur
2227 507 2489 576 justorum
2511 506 2721 562 illorum
2746 506 3012 573 virtutem,
3034 515 3088 562 et
3108 506 3424 576 iniuriarum
3448 508 3675 564 oblivio-

2090 615 2217 657 nem
2243 614 2371 670 erga
2395 613 2488 655 eos
2515 598 2727 668 quinos
2750 597 2943 653 damno
2963 597 3253 652 atiecemnt
3280 638 3298 662 ,
3325 599 3671 667 patientium

2091 706 2194 765 que
2212 705 2337 760 erga
2361 703 2455 747 eos
2479 690 2570 760 qui
2598 688 2753 745 nobis
2777 688 3072 747 molestiam
3096 689 3347 752 inferunt,
3373 689 3665 743 intemera-

2091 792 2302 852 tamque
2327 779 2727 836 continentiam.
2769 778 2904 834 Hinc
2949 778 3092 836 enim
3116 776 3294 847 iustus
3321 786 3523 833 tantam
3553 779 3656 834 sibi

2095 871 2186 926 Dei
2222 870 2442 940 gratiam
2464 869 2783 926 conciliavit.
2825 865 2883 926 Si
2909 882 3036 936 ergo
3060 867 3303 923 volumus
3332 883 3432 922 nos
3457 883 3672 937 quoque

2093 961 2312 1020 calcate
2349 960 2605 1016 auxilium
2648 959 2885 1018 obtinere
2904 999 2920 1023 ,
2949 973 3215 1015 summam
3239 959 3452 1016 virtutis
3475 958 3664 1014 hahea-

2091 1066 2210 1113 mus
2253 1050 2534 1108 rationem.
2578 1049 2670 1108 Sic
2698 1049 2840 1110 enim
2885 1058 2940 1106 et
2980 1047 3211 1119 Spiritus
3251 1050 3474 1120 gratiam
3515 1051 3665 1106 nobis

2091 1140 2440 1206 attrahemus,
2471 1148 2528 1194 et
2565 1149 2880 1210 praesentem
2917 1139 3078 1196 vitam
3115 1154 3306 1210 magna
3335 1141 3666 1209 iucunditate

2095 1232 2465 1302 transigenda,
2487 1239 2544 1292 et
2568 1232 2740 1292 futura
2761 1231 2900 1292 bona
2917 1244 3303 1300 censequemur
3326 1249 3341 1285 :
3367 1246 3488 1301 qua
3511 1231 3666 1287 nobis

2093 1323 2341 1379 omnibus
2381 1322 2636 1385 concedat
2680 1322 2934 1382 Dominus
2970 1330 3151 1382 noster
3187 1321 3346 1380 ἔθους
3369 1323 3616 1381 Christus
3641 1364 3664 1387 ,

2093 1411 2308 1483 quicum
2332 1413 2475 1470 Patri
2502 1421 2556 1466 ct
2580 1420 2763 1474 sancto
2790 1411 3007 1481 Spiritui
3047 1411 3118 1472 sit
3156 1411 3326 1480 gloria
3344 1451 3358 1477 .
3387 1408 3669 1481 imperium

428 1508 542 1564 hinc
560 1507 699 1564 dicta
716 1514 866 1572 sunt,
887 1504 980 1568 sed
1011 1503 1280 1575 ignoscite.
1309 1501 1440 1556 Nam
1461 1499 1711 1570 quoniam
1736 1497 1802 1552 ad
1832 1495 1990 1552 tinem

430 1598 550 1652 libri
579 1597 918 1668 pervenimus
939 1637 954 1663 ,
986 1595 1247 1652 voluimus
1275 1607 1396 1648 eum
1422 1592 1536 1666 eius
1563 1590 1670 1646 ﬁne
1692 1589 1833 1643 hunc
1863 1601 1994 1657 quo-

430 1705 533 1761 que
554 1704 852 1744 sermonem
873 1686 1035 1744 hodie
1057 1685 1230 1750 finire,
1251 1692 1306 1740 et
1333 1682 1542 1744 solitam
1571 1679 1992 1736 exhortationem

1423 1836 1642 1892 FIle
1686 1829 2164 1888 HOMILIARUM
2207 1829 2292 1883 ΙΝ
2329 1827 2686 1885 οΕΝεεηι.

2097 1513 2150 1558 et
2176 1502 2346 1558 honor
2366 1543 2380 1568 ,
2411 1517 2552 1560 nunc
2573 1512 2631 1562 ct
2654 1515 2898 1573 semper.
2938 1509 2996 1562 et
3025 1502 3078 1560 ia
3107 1501 3300 1560 saecula
3329 1503 3668 1562 saeculorum.

2103 1596 2294 1652 Amen.

1403 2728 1502 2787 AD
1541 2726 1947 2789 SERMONES
2001 2729 2196 2789 OCTO
2239 2730 2320 2789 IN
2368 2729 2698 2793 GENESIM

498 3056 712 3130 Optime
735 3056 962 3127 coniicit
986 3053 1390 3140 Tiilemontius,
1423 3071 1546 3114 cum
1574 3057 1650 3114 ait
1675 3058 1890 3132 Opinari
1919 3073 1979 3118 se
2025 3061 2247 3118 ineunte
2290 3061 2710 3134 Quadragestma
2767 3063 2898 3121 anui
2946 3062 3054 3119 386
3097 3065 3548 3138 Chrysostomntn
3578 3070 3686 3124 hos

431 3197 693 3253 habuisse
722 3195 1047 3267 Sermones;
1079 3197 1224 3268 quod
1265 3206 1449 3254 autem
1491 3197 1697 3269 adiicit,
1744 3196 1984 3268 primum
2039 3197 2359 3255 Sermonem
2391 3199 2594 3255 dictum
2642 3199 2812 3256 fuisse
2849 3201 3023 3274 prima
3071 3203 3512 3276 Quadragcsimte
3561 3206 3681 3271 die.

427 3333 559 3390 feria
590 3349 784 3405 nempe
815 3333 1080 3402 secunda,
1108 3349 1222 3414 qua
1254 3334 1616 3406 ineipiebatur
1646 3334 1952 3392 Antiochiae
1977 3335 2424 3408 Quadragesima,
2449 3346 2505 3394 et
2537 3338 2641 3396 hoc
2686 3353 2830 3394 anno
2871 3338 3143 3396 incidebat
3175 3339 3230 3394 in
3267 3339 3335 3395 t6
3369 3341 3676 3407 Februarii,

425 3475 576 3543 illud,
610 3476 854 3548 inquam,
882 3487 1113 3536 eatenus
1139 3479 1478 3552 exploratum
1505 3494 1628 3537 esse
1655 3488 1854 3549 potest,
1886 3488 2154 3548 quatenus
2203 3479 2426 3538 Tabulis
2457 3479 2816 3540 Paschalibus
2861 3485 3026 3542 fidere
3062 3499 3368 3556 possumus,
3413 3501 3536 3557 qua:
3576 3486 3680 3541 hoc

425 3633 568 3678 anno
596 3617 897 3712 Paschain
921 3620 1170 3692 quintam
1196 3621 1400 3696 Aprilis
1430 3621 1672 3684 incidere
1691 3621 2070 3682 testificantur.
2098 3623 2206 3682 Sed
2237 3639 2363 3681 cum
2389 3623 2496 3682 illa
2520 3623 2741 3682 Tabulae
2771 3624 3060 3684 Paschales
3088 3643 3197 3683 non
3230 3630 3453 3685 omnino
3485 3637 3677 3684 vacent

426 3757 758 3826 suspicione,
793 3766 854 3814 ut
883 3757 1128 3829 pluribus
1156 3758 1396 3816 diximus
1429 3759 1482 3815 in
1513 3759 1718 3817 ΒΙοηίιο
1754 3762 1822 3818 ad
1861 3760 2149 3819 Orationes
2190 3771 2379 3818 contra
2413 3763 2628 3822 Judazos
2654 3763 2824 3821 Tomo
2863 3766 3076 3840 primo:
3111 3767 3178 3825 iis
3215 3783 3322 3827 non
3367 3771 3679 3829 omnimoda

425 3899 558 3958 ﬁdes
589 3899 857 3958 habenda.
888 3898 1077 3972 Itaque
1102 3909 1315 3962 certum
1343 3911 1424 3961 est
1450 3899 1684 3974 primum
1709 3920 1766 3960 in
1791 3904 2046 3961 Genesim
2078 3904 2399 3963 Sermonem
2433 3908 2679 3964 habitum
2705 3907 2874 3964 fuisse
2898 3909 3071 3978 prima
3093 3908 3182 3963 die
3214 3907 3678 3979 Quadragesimtr,

423 4050 545 4106 qua:
585 4033 718 4091 feria
752 4033 1012 4099 secunda,
1041 4031 1210 4090 biduo
1241 4049 1436 4106 nempe
1469 4045 1596 4092 ante
1627 4037 2111 4110 Quadragesimam
2157 4051 2418 4103 nostram,
2449 4057 2661 4113 semper
2693 4045 2992 4103 Antiochiae
3023 4045 3352 4117 incipiebat;
3404 4063 3512 4105 non
3558 4064 3685 4121 per-

425 4172 548 4234 inde
575 4188 702 4230 vero
739 4183 945 4232 certum
975 4183 1062 4234 est.
1084 4191 1190 4246 qua
1223 4177 1428 4237 mensis
1450 4178 1562 4244 die,
1590 4186 1653 4236 ut
1688 4179 1742 4236 in
1774 4179 1967 4238 eodem
2003 4180 2206 4237 Monito
2234 4180 2440 4236 videas.

493 4309 724 4368 ﬂabitos
753 4321 937 4370 autem
971 4327 1116 4370 anno
1156 4315 1258 4372 386
1303 4317 1420 4390 ipse
1467 4320 1749 4394 perspicue
1797 4333 2193 4381 commonstrat
2238 4325 2665 4397 Chrysostomus
2706 4341 2830 4382 cum
2881 4327 3179 4384 secundum
3235 4327 3550 4388 Sermonem
3594 4331 3679 4388 his

424 4448 606 4506 verbis
644 4449 856 4506 orditur
883 4466 899 4506 :
929 4444 1079 4520 Ἆρα
1107 4449 1389 4521 μέμνησθε
1410 4455 1519 4510 τῶν
1543 4453 1877 4527 ζητημάτων
1905 4458 1990 4512 τῶ

2092 4458 2262 4532 πρώην
2309 4461 2684 4533 προτεθέντων
2730 4462 2860 4532 ὑμῖν
2905 4465 3051 4531 ;Εξς
3101 4463 3352 4520 τοσοῦτον
3383 4466 3491 4538 γὰρ
3521 4469 3670 4542 ἡμᾶς

421 4590 681 4656 ἀπονοίας
711 4593 804 4647 καί
832 4593 1038 4666 τόλμης
1068 4596 1332 4668 ἑπήρατε,
1365 4599 1442 4662 ὡς
1465 4598 1559 4654 καὶ
1584 4599 1912 4670 ζητημάτων
1942 4602 2042 4672 ἤδη
2073 4601 2419 4674 κατατολμᾷν
2437 4615 2451 4629 °
2487 4601 2687 4672 μᾶλλον
2714 4603 2770 4658 δὲ
2798 4604 2899 4660 οὐκ
2929 4605 2998 4659 ἂν
3026 4606 3112 4677 εἴη
3139 4606 3344 4679 τόλμης
3371 4607 3493 4662 odd!
3539 4609 3676 4663 ἀπο·

420 4733 569 4798 νοίας
596 4733 774 4790 τοῦτο.
805 4733 884 4790 οὐ
911 4733 1022 4805 γὰρ
1049 4735 1229 4808 οἰκείᾳ
1256 4736 1483 4808 δυνάμει
1523 4737 1917 4810 θαρρήσαντες,
1949 4737 2087 4792 ἀλλὰ
2126 4741 2249 4804 ταῖς
2276 4739 2460 4812 εὐχαῖς
2496 4739 2608 4794 τῶν
2667 4741 2948 4814 προέδρων
2983 4742 3078 4795 καὶ
3105 4745 3228 4807 ταῖς
3265 4745 3562 4818 ὑμετέραις
3619 4749 3680 4802 τὸ

421 4870 529 4924 πᾶν
558 4868 970 4942 ἑπιρῤίψαντες.
1005 4871 1395 4946 ἀπεδυσὰμεθα
1425 4872 1560 4946 πρὸς
1587 4871 1650 4926 τὸ
1679 4871 1909 4929 στάδιον.
1945 4875 1990 4931 Id

2092 4884 2106 4931 t
2138 4896 2152 4932 :
2176 4875 2444 4948 Numquid
2478 4878 2790 4933 meministis
2815 4879 3183 4950 questionttm,
3207 4897 3323 4952 qua
3351 4881 3494 4938 vobis
3517 4898 3683 4952 nuper

420 5017 545 5074 sunt
571 5012 898 5080 preposite?
935 5010 1001 5066 In
1029 5021 1236 5068 tantum
1257 5015 1398 5068 sunt:
1426 5014 1792 5086 arrogantiam
1821 5025 1870 5069 et
1895 5017 2178 5072 audaciam
2206 5034 2300 5072 nos
2349 5019 2684 5088 provexistis,
2735 5029 2791 5073 ut
2835 5021 3148 5091 questiones
3192 5022 3448 5092 intrepide
3498 5039 3683 5094 aggre~

425 5151 642 5203 diamur
667 5166 686 5204 :
717 5153 824 5209 into
851 5169 943 5208 nec
967 5153 1208 5208 audacia
1237 5170 1328 5209 nec
1359 5157 1682 5226 arrogantia:
1714 5157 1770 5214 id
1803 5156 2010 5225 facinus
2036 5168 2135 5215 est.
2165 5157 2289 5214 Non
2319 5158 2456 5214 enim
2491 5159 2691 5214 viribus
2729 5160 2923 5218 nostris
2963 5159 3305 5229 conﬁdentes,
3343 5159 3438 5215 sed
3461 5160 3681 5230 antisti.

419 5297 530 5345 tum
558 5289 799 5356 precibus
826 5307 893 5345 ae
919 5293 1106 5347 uestris
1138 5294 1320 5348 ontnio
1350 5295 1748 5364 committentes,
1781 5297 1850 5351 ad
1883 5295 2122 5352 stadium
2172 5314 2266 5354 nos
2317 5301 2670 5359 accinximus.
2718 5302 2818 5358 Hic
2856 5302 3002 5358 clare
3043 5302 3194 5358 vides
3233 5301 3682 5372 Cbrysostomum

419 5430 485 5485 ad
512 5431 748 5490 stadium
787 5450 846 5492 se
874 5436 1268 5509 octingentem,
1296 5449 1350 5496 et
1381 5436 1824 5510 Quadragesimte
1849 5454 2133 5497 sermones
2165 5442 2400 5513 primum
2443 5443 2740 5512 ineuntem,
2770 5459 2938 5514 seque
2969 5460 3108 5516 pene
3151 5444 3392 5501 audaciae
3428 5444 3686 5500 incusan-

422 5580 554 5636 tem.
577 5573 723 5643 quod
756 5590 872 5633 rem
899 5585 1104 5634 tantam
1127 5577 1512 5650 aggrederetur
1537 5593 1553 5646 ;
1581 5593 1702 5649 qua
1732 5589 1879 5635 certe
1906 5579 2088 5636 omnia
2113 5581 2613 5654 quadragesimales
2639 5596 2922 5638 sermones
2966 5581 3138 5654 prima
3166 5581 3282 5637 vice
3333 5581 3684 5654 incipientem

422 5713 700 5773 indicant.
731 5732 839 5781 non
867 5718 1018 5784 enim
1046 5735 1113 5782 ea
1133 5733 1266 5782 usus
1296 5731 1382 5780 est
1411 5717 1660 5780 ordiendi
1683 5719 1897 5778 ratione
1923 5735 2068 5780 anno
2103 5722 2420 5794 insequente
2445 5723 2576 5792 587,
2604 5739 2728 5782 cum
2769 5723 3064 5783 Sermones
3095 5723 3164 5782 de
3200 5723 3406 5781 Statuis
3455 5739 3552 5796 per
3600 5733 3683 5780 to-
