4164 6224
375 265 479 325 581

885 382 1113 440 SERth
1166 383 1451 451 PRIMUS,

379 513 599 571 Habitus
628 510 681 571 in
724 518 975 589 principio
1013 517 1431 589 Quadragesimw
1468 518 1522 572 in
1547 518 1698 583 iliud,
1733 519 1787 573 lu
1816 519 1960 588 prin-

443 607 588 678 cipio
617 607 740 662 fecit
776 608 913 662 Deus
948 607 1137 662 czelum
1166 617 1222 663 et
1259 617 1452 664 terram
1477 607 1627 679 (Gen.
1680 610 1731 664 1.
1762 609 1857 679 1);
1900 624 1959 662 ac

444 699 509 752 de
524 700 726 772 jejunio
754 707 800 754 et
829 699 1140 769 eleemosyna
1173 700 1270 771 (a).

453 828 506 884 1’.
535 828 801 901 Jejunium
846 830 948 885 veri
975 841 1320 902 comparatur.
1366 864 1437 873 —
1461 832 1759 889 Jucundum
1786 834 1960 888 nautis

371 930 457 975 est
476 936 571 976 ver
597 962 613 989 ,
635 921 929 990 jucundum
959 923 1241 993 agricolis;
1266 923 1360 981 sed
1391 942 1562 996 neque
1591 926 1764 981 nautis
1790 941 1962 995 neque

370 1010 618 1082 agricolis
640 1011 710 1067 ita
736 1011 1025 1082 jucundum
1052 1030 1145 1069 ver
1182 1024 1285 1083 est,
1311 1024 1367 1070 ut
1391 1016 1691 1071 volentibus
1721 1016 1960 1086 philoso-

373 1102 527 1173 pbari
564 1104 857 1174 jucundum
903 1117 985 1162 est
1021 1106 1211 1177 jejunii
1262 1116 1492 1179 tempus,
1530 1110 1828 1163 animarum
1872 1126 1963 1161 ver

372 1196 689 1266 spirituale,
744 1198 1125 1268 cogitationum
1174 1216 1296 1256 vera
1345 1201 1767 1271 tranquillitas‘.
1827 1201 1957 1254 Nam

371 1288 621 1358 agricolis
648 1304 741 1344 ver
790 1288 911 1344 ideo
931 1288 1225 1360 jucundum
1269 1302 1371 1357 est,
1426 1293 1547 1362 quia
1580 1301 1705 1347 tunc
1733 1307 1960 1347 corona-

373 1388 482 1434 tam
503 1379 684 1435 vident
712 1379 932 1437 ﬂoribus
960 1392 1155 1438 terram
1182 1425 1198 1449 ,
1223 1393 1277 1439 et
1307 1384 1593 1439 herbarum
1630 1383 1800 1438 comis
1823 1383 1965 1438 velut

371 1470 569 1525 amictu
600 1470 834 1541 undique
857 1481 1102 1528 ornatam
1134 1489 1147 1527 :
1178 1475 1353 1529 nautis
1374 1476 1501 1529 item
1530 1490 1625 1530 ver
1647 1473 1960 1545 jucundum,

371 1559 493 1630 quia
525 1561 749 1615 marium
789 1562 944 1618 dorsa
972 1571 1086 1617 tuto
1114 1572 1336 1633 possunt
1365 1564 1588 1619 navibus
1616 1563 1845 1628 sulcare,
1875 1578 1963 1618 se-

369 1650 511 1705 datis
537 1668 731 1723 nempe
756 1653 1019 1721 ﬂuctibus,
1046 1654 1312 1725 delphinis
1335 1656 1615 1727 tranquille
1636 1654 1961 1723 ludentibus,

371 1752 427 1798 et
448 1744 513 1799 ad
559 1744 672 1815 ipsa
705 1747 853 1801 navis
896 1747 1061 1802 latera
1093 1748 1405 1817 plerumque
1435 1748 1827 1804 exsilientibus.
1858 1747 1964 1803 No-

373 1833 460 1889 bis
487 1843 666 1888 autem
696 1835 991 1904 jucundum
1017 1846 1102 1891 est
1123 1837 1308 1907 jejunii
1349 1854 1462 1902 ver,
1490 1839 1614 1908 quia
1644 1837 1836 1891 ﬂuctus
1878 1852 1965 1891 no-

375 1923 480 1989 bis,
512 1938 618 1979 non
655 1926 935 1992 undarum,
981 1927 1075 1981 sed
1106 1928 1460 1982 ahsurdorum
1494 1937 1732 1982 motuum
1764 1942 1963 1982 concu-

377 2017 866 2089 piscentiarumque
901 2019 1108 2084 sedare,
1141 2031 1196 2073 et
1228 2035 1479 2075 coronam
1523 2020 1696 2087 nobis,
1728 2035 1831 2074 non
1863 2019 1963 2073 ilo-

375 2126 518 2177 rum,
567 2111 661 2166 sed
692 2112 985 2182 spiritualis
1031 2113 1217 2184 gratia:
1275 2126 1454 2169 texere
1499 2115 1679 2169 solet:
1711 2114 1973 2169 Coronam

378 2204 704 2272 gratiarum,
753 2206 943 2276 inquit,
983 2208 1198 2278 accipies
1252 2209 1406 2279 capiti
1459 2219 1546 2263 tuo
1597 2209 1774 2281 (Prov.
1803 2211 1853 2264 1.
1883 2210 1964 2280 6).

377 2293 505 2349 Non
524 2295 601 2350 sic
625 2295 924 2352 adventans
953 2297 1181 2353 hirundo
1212 2299 1442 2354 hiemem
1469 2301 1608 2355 solet
1651 2301 1919 2371 depellere
1949 2343 1964 2368 ,

379 2393 442 2439 ut
461 2385 758 2441 adventans
785 2388 1048 2457 jejuniqu
1078 2390 1503 2445 turbulentorum
1532 2392 1695 2446 animi
1729 2401 1967 2447 motuum

381 2474 613 2530 hiemem
642 2491 670 2529 a
701 2477 856 2531 nobis
906 2478 1069 2547 ejicit.
1114 2479 1229 2533 Non
1256 2480 1391 2534 ultra
1423 2496 1594 2551 pugna
1626 2482 1819 2536 animae
1845 2496 1967 2537 cum

378 2581 564 2632 carne,
599 2583 705 2621 non
753 2568 980 2640 insurgit
1006 2570 1263 2626 adversus
1308 2571 1577 2627 dominam
1607 2573 1841 2639 ancilla;
1872 2573 1968 2630 sed

382 2655 686 2726 hujusmodi
717 2659 768 2712 in
816 2675 1042 2729 corpore
1067 2670 1268 2716 motum
1296 2662 1490 2718 bellum
1518 2673 1685 2720 totum
1721 2666 1966 2722 solvitur.

380 2746 822 2818 Quandoquidem
852 2751 1013 2820 igitur
1066 2766 1256 2822 magna
1287 2751 1512 2807 fruimur
1538 2770 1667 2825 pace
1692 2798 1706 2822 ,
1737 2757 1969 2826 ingenti-

380 2855 489 2910 que
535 2842 960 2912 tranquillitate,
1014 2859 1152 2915 age,
1202 2856 1257 2900 et
1313 2861 1411 2899 nos
1460 2863 1670 2917 quoque
1712 2848 1973 2904 doctrinm

382 2934 635 3004 scapham
669 2936 941 2992 trahamus
968 2980 984 3005 ,
1037 2946 1197 3008 atque
1222 2954 1288 2993 ex
1319 2948 1474 3008 portu
1505 2941 1558 2994 in
1588 2942 1723 2996 bene
1754 2941 1969 2998 alfecta-

384 3041 504 3081 rum
535 3026 741 3080 aurium
766 3036 1065 3082 vestrarum
1095 3037 1306 3099 portum
1332 3031 1778 3086 transmittamus.
1825 3033 1971 3103 Age,

384 3118 659 3173 subtiliora
700 3119 990 3189 Scriptura:
1020 3135 1175 3176 sensa
1203 3122 1596 3192 aggrediamur,
1645 3139 1706 3178 ac
1725 3123 1792 3179 de
1817 3125 1971 3190 caelo,

384 3210 455 3265 de
482 3220 620 3265 terra
643 3252 657 3279 ,
689 3211 757 3265 de
786 3212 943 3277 mari,
966 3211 1140 3283 deque
1163 3220 1269 3267 tota
1293 3228 1472 3268 rerum
1518 3223 1708 3268 natura
1733 3215 1971 3284 philoso—

387 3303 651 3374 phemur:
683 3303 798 3359 huic
845 3305 1040 3375 quippe
1088 3304 1245 3361 nobis
1291 3304 1453 3360 hodie
1504 3306 1642 3361 lecta
1692 3316 1837 3361 sunt.
1864 3307 1977 3364 Sed

385 3394 513 3466 quid
538 3393 606 3449 ad
635 3410 754 3459 nos,
788 3394 1017 3465 inquies,
1042 3396 1328 3453 creationis
1352 3397 1528 3452 ratio?
1555 3397 1636 3453 Ad
1665 3413 1765 3453 nos
1793 3399 1976 3470 utique

388 3488 635 3557 pertinet,
661 3487 863 3544 dilecti.
894 3488 1022 3543 Nam
1053 3489 1098 3544 si
1118 3505 1183 3544 ex
1215 3490 1579 3559 magnitudine
1602 3501 1656 3547 et
1678 3492 1975 3562 pulchrituo

387 3579 513 3635 dine
540 3590 904 3636 creaturarum
937 3583 1284 3651 proportione
1305 3583 1535 3653 quadam
1557 3584 1783 3639 Creator
1812 3601 1977 3657 agno-

390 3672 578 3739 scitur,
608 3681 809 3742 quanto
837 3673 1008 3743 magis
1038 3682 1340 3729 creatarum
1387 3690 1568 3730 rerum
1622 3678 1977 3746 pulchritudi-

391 3777 515 3817 nem
556 3763 1080 3834 magnitudinemque
1105 3766 1608 3835 contemplabimur,
1639 3776 1789 3823 tanto
1809 3772 1977 3840 magis

390 3852 458 3909 ad
486 3854 653 3923 ipsius
674 3854 894 3924 Opiﬁcis
924 3855 1166 3909 notitiam
1190 3855 1538 3912 adducemur.

464 3946 873 4001 Maniclueorum
895 3956 941 4000 et
964 3946 1237 4000 Gentilium
1267 3964 1480 4002 errores.
1510 3979 1583 3987 —
1609 3947 1852 4019 Magnum
1880 3949 1977 4004 bo-

392 4053 519 4094 num
540 4046 622 4093 est
647 4051 809 4093 nosse
851 4037 976 4107 quid
1004 4038 1075 4092 sit
1097 4047 1360 4105 creatura,
1390 4038 1517 4108 quid
1548 4038 1805 4106 Creator;
1850 4041 1985 4110 quid

390 4145 549 4201 opus,
583 4127 709 4199 quid
731 4127 939 4199 Opifex.
968 4128 1100 4183 Nam
1127 4131 1171 4184 si
1205 4130 1318 4184 haec
1365 4140 1611 4186 accurate
1647 4132 1978 4203 distinguere

393 4223 596 4278 scirent
624 4223 862 4278 veritatis
888 4222 1073 4278 hostes
1094 4265 1108 4291 ,
1138 4238 1245 4278 non
1275 4224 1454 4278 omnia
1483 4225 1894 4291 confunderent,
1916 4242 1984 4281 ae

391 4330 485 4371 sus
505 4315 676 4385 deque
707 4324 979 4370 verterent
1011 4332 1024 4367 :
1053 4331 1158 4370 non
1189 4315 1332 4386 quod
1360 4317 1545 4371 stellas
1569 4326 1622 4371 et
1665 4318 1853 4372 celum
1879 4317 1977 4373 de-

390 4405 667 4471 duxerint,
691 4413 747 4461 et
773 4415 969 4461 terram
995 4406 1283 4464 sublimem
1314 4408 1568 4473 fecerint;
1593 4408 1687 4463 sed
1724 4410 1975 4464 etelorum

392 4500 592 4571 Regem
638 4515 668 4554 a
700 4500 847 4570 regio
894 4500 1034 4555 solio
1068 4501 1551 4556 deturbatumcum
1578 4501 1773 4557 creatis
1818 4502 1979 4557 rebus

393 4589 796 4653 collocaverint,
828 4602 1130 4645 creaturam
1152 4608 1279 4648 vero
1304 4592 1601 4648 divinitatis
1629 4593 1853 4648 sedibus
1885 4592 1978 4648 ho—

394 4681 653 4737 norarint.
683 4681 741 4737 Si
786 4681 853 4737 de
880 4692 1064 4737 natura
1086 4699 1266 4738 rerum
1294 4694 1459 4742 recte
1482 4685 1710 4741 scissent
1740 4685 1978 4756 philoso-

393 4774 548 4845 phari
577 4774 857 4831 Manichtei
886 4816 902 4841 ,
948 4790 1239 4845 numquam
1278 4792 1416 4843 eam,
1447 4793 1569 4848 qua
1598 4793 1665 4833 ex
1706 4779 1876 4833 nihilo
1905 4779 1983 4833 fa-

393 4875 498 4932 cta,
531 4867 835 4939 eoruptioni
861 4867 1114 4935 obnoxia,
1142 4867 1282 4923 ﬂuxa
1309 4878 1365 4923 et
1381 4868 1652 4923 mutabilis
1675 4877 1809 4936 erat,
1829 4869 1981 4940 quasi

395 4973 503 5014 non
543 4960 733 5017 iactam
776 4962 1157 5018 honorassent.
1188 4961 1244 5017 Si
1279 4960 1348 5016 de
1404 4976 1584 5016 rerum
1617 4972 1805 5016 natura
1832 4970 1980 5019 recte

395 5051 629 5107 scissent
657 5055 964 5110 ratiocinari
991 5054 1239 5125 gentiles,
1265 5068 1370 5107 non
1397 5067 1427 5107 a
1457 5067 1585 5108 vero
1616 5054 1981 5112 aberrassent.

394 5157 571 5214 neque
589 5143 879 5200 coluissent
892 5146 1307 5216 adorassentque
1321 5154 1616 5201 creaturam
1636 5147 1809 5215 potius
1822 5164 1982 5219 quam

394 5237 727 5292 Greatorem.
767 5237 1051 5292 Pulchrum
1081 5247 1164 5294 est
1190 5239 1400 5305 malum»,
1458 5238 1553 5293 sed
1595 5238 1715 5295 ideo
1740 5252 1981 5297 creatum

399 5339 485 5388 est
506 5339 566 5388 ut
593 5330 850 5389 adorares
878 5330 1140 5401 Opiﬂeem
1166 5348 1179 5386 :
1210 5332 1435 5404 pulcher
1457 5332 1561 5398 sol,
1590 5332 1685 5387 sed
1716 5333 1836 5389 ideo
1874 5336 1982 5405 pul-

461 5507 494 5582 ‘7
517 5507 1031 5582 neganrranquitlitas,
1053 5521 1231 5559 ancora
1252 5507 1488 5573 fidelium,
1513 5514 1560 5562 et
1581 5522 1699 5575 pons
1721 5511 1789 5563 ad
1813 5519 1978 5567 Dearti.

396 5574 454 5619 ει
539 5569 715 5631 ricoiis,
743 5569 840 5623 etc.
1252 5569 1262 5573 -
1478 5569 1485 5571 ν
1581 5569 1591 5575 -

394 5580 549 5754 indage
564 5631 732 5758 ἓξὲξ-υ
766 5639 880 5686 sum
922 5633 970 5684 hi
1009 5641 1269 5686 sermones
1309 5647 1417 5685 cum
1454 5635 1628 5688 calice
1670 5636 1815 5701 ⁸08ίο
1848 5635 1971 5688 2352

1631 270 1697 327 TN
1736 268 2033 329 GENESIM
2069 270 2309 330 SERMO'
2336 274 2389 328 1..

3548 287 3674 342 εει

2075 385 2205 442 cher
2236 397 2292 443 ut
2316 387 2463 443 colas
2486 387 2524 443 F
2528 398 2763 447 actorem
2792 410 2804 445 :
2830 392 2923 448 sed
2951 393 2994 448 si
3027 393 3077 449 in
3108 394 3242 450 mira
3276 412 3456 452 rerum
3480 397 3649 452 forma

2068 477 2350 544 consistas,
2392 489 2446 535 et
2476 495 2661 536 earum
2711 482 3094 554 pulchritudini
3123 487 3409 555 inhaereas,
3444 488 3529 544 lux
3560 489 3651 543 tibi

2069 581 2223 621 versa
2254 576 2337 623 est
2381 569 2433 623 in
2462 570 2744 638 tenebras,
2775 573 2882 628 imo
2928 573 3108 644 potius
3150 574 3267 631 luce
3295 577 3362 631 ad
3397 579 3645 633 tenebras

2070 674 2198 714 usus
2218 675 2298 714 es.
2322 660 2489 717 Vides
2521 673 2776 733 quantum
2807 665 3004 721 bonum
3045 668 3115 722 sit
3142 683 3322 724 rerum
3349 680 3648 726 ereatarum

2071 766 2233 807 nosse
2292 755 2559 809 rationes?
2603 756 2680 811 Ne
2746 760 2923 827 itaque
2970 760 3171 815 lucrum
3206 772 3530 830 praetereas,
3558 766 3653 820 sed

2068 843 2228 899 dictis
2258 856 2507 902 aecnrate
2527 848 2767 904 animum
2817 849 3012 906 adhibe
3038 869 3051 904 :
3086 868 3189 907 non
3218 854 3358 908 enim
3380 855 3445 911 de
3477 858 3610 911 exulo
3631 900 3645 921 ,

2067 934 2134 990 de
2164 946 2323 1003 terra,
2352 938 2418 992 de
2443 938 2575 994 mari
2602 948 2804 994 tantum
2831 941 3022 997 dicturi
3052 956 3255 1010 sumus,
3285 945 3379 1002 sed
3406 946 3563 1001 etiam
3591 949 3656 1002 de

2068 1027 2274 1097 origine
2323 1039 2526 1095 nostra,
2557 1040 2715 1101 atque
2746 1031 2886 1088 unde
2914 1048 3061 1089 mors
3088 1047 3205 1090 orta
3235 1037 3342 1103 sit,
3374 1039 3513 1094 unde
3550 1041 3653 1092 vita

2071 1118 2357 1187 laboriosa,
2389 1121 2530 1177 unde
2563 1124 2774 1178 tristitia
2807 1134 2861 1180 et
2887 1126 3293 1183 sollicitudines.
3328 1128 3459 1185 Nam
3488 1142 3543 1185 ut
3588 1132 3656 1187 de

2072 1211 2156 1266 his
2183 1212 2354 1283 deque
2396 1214 2579 1270 multis
2615 1216 2733 1270 aliis
2765 1231 2882 1272 sese
2913 1228 3157 1288 purgaret
3196 1221 3354 1285 Deus,
3396 1220 3538 1277 hunc
3585 1224 3651 1277 ad

2071 1318 2169 1357 nos
2199 1305 2389 1359 librum
2418 1307 2561 1361 misit
2589 1325 2602 1361 :
2631 1323 2803 1379 neque
2833 1311 2976 1363 enim
3024 1321 3142 1366 sese
3169 1310 3458 1370 defendere
3508 1316 3647 1372 Deus

2070 1395 2404 1466 dedignatur,
2428 1398 2519 1453 sed
2541 1414 2637 1469 per
2655 1402 2965 1471 prophetam
2996 1402 3187 1458 clamat
3214 1424 3226 1460 :
3261 1403 3461 1473 Venite,
3483 1420 3528 1463 et
3551 1411 3655 1464 dis-

2071 1502 2322 1559 putemus,
2352 1492 2473 1546 dicit
2500 1492 2747 1549 Dominus
2792 1494 2939 1568 (Isai.
2970 1498 3018 1552 1.
3064 1498 3174 1569 18).
3209 1498 3316 1555 Nec
3356 1502 3515 1556 modo
3532 1518 3654 1559 sese

2071 1582 2310 1638 defendit
2338 1600 2401 1639 ac
2447 1584 2650 1655 judicio
2687 1586 3122 1655 contendit,sed
3170 1590 3329 1645 etiam
3376 1594 3645 1663 quomodo

2070 1676 2569 1732 condemnationem
2603 1677 2786 1749 fugere
2812 1680 3077 1749 possimus
3104 1681 3261 1736 docet
3294 1700 3306 1735 :
3356 1700 3462 1739 non
3509 1685 3653 1739 enim

2073 1768 2243 1822 solum
2270 1768 2424 1833 dixit,
2462 1768 2665 1835 Venite,
2679 1782 2726 1826 et
2760 1773 3090 1843 disputemus,
3125 1775 3219 1829 sed
3249 1788 3527 1847 postquam
3550 1779 3653 1831 do-

2069 1860 2181 1915 cuit
2207 1862 2330 1930 quid
2360 1861 2641 1918 dicendum
2660 1906 2674 1929 ,
2704 1865 2830 1933 quid
2878 1866 3144 1936 agendum
3172 1878 3334 1935 esset,
3361 1870 3438 1923 sic
3463 1871 3528 1924 ad
3559 1873 3655 1925 tri-

2070 1952 2234 2006 bunal
2268 1955 2445 2008 traxit.
2470 1955 2605 2010 Audi
2630 1957 2808 2027 itaque
2842 1958 3211 2028 propheticum
3238 1975 3540 2016 sermonem
3565 1978 3657 2017 su-

2071 2042 2252 2111 perius
2292 2045 2555 2114 prolatum
2585 2063 2598 2099 :
2627 2044 2912 2116 Lavamini,
2947 2049 3123 2103 mundi
3142 2061 3313 2117 estote,
3346 2057 3545 2125 auferte
3570 2073 3658 2108 nc-

2072 2133 2259 2203 quitias
2303 2138 2364 2188 ab
2389 2137 2654 2192 animabus
2692 2140 2870 2193 vestris
2894 2156 2912 2193 :
2937 2141 3114 2195 discite
3142 2142 3263 2197 bene
3294 2145 3461 2215 facere
3481 2188 3494 2211 ,
3520 2146 3663 2216 judi-

2074 2237 2184 2281 cate
2210 2230 2405 2298 pupillo
2429 2272 2443 2296 ,
2495 2240 2543 2284 et
2561 2232 2845 2303 justificate
2893 2234 3097 2288 viduam
3136 2234 3295 2306 (Ibid.
3345 2254 3393 2290 υ.
3436 2239 3567 2308 16);
3609 2251 3663 2293 et

2076 2327 2203 2373 tunc
2229 2321 2303 2373 ait
2328 2338 2339 2373 :
2380 2319 2574 2389 Venite,
2614 2332 2659 2376 et
2684 2323 2997 2392 disputemus
3021 2367 3035 2390 ,
3065 2326 3186 2380 dicit
3216 2326 3485 2384 Dominus.
3527 2330 3662 2383 Nolo

2076 2426 2194 2476 vos,
2238 2412 2427 2481 inquit,
2460 2413 2630 2468 nudos
2660 2423 2715 2469 et
2745 2413 3059 2470 defensione
3077 2432 3274 2472 vacuos
3295 2434 3530 2486 sumere,
3561 2420 3657 2473 sed

2076 2500 2365 2556 instructos
2388 2503 2668 2558 ratiocinio
2694 2513 2748 2559 et
2773 2503 3084 2560 defensione
3122 2506 3189 2561 ad
3226 2509 3488 2565 rationem
3541 2511 3665 2564 red-

2077 2592 2305 2648 dcudam
2332 2610 2464 2649 voco
2495 2613 2509 2649 :
2543 2595 2808 2665 siquidem
2858 2597 3134 2652 vobiscum
3162 2598 3462 2668 disceptare
3505 2604 3624 2655 volo
3646 2646 3663 2666 ,

2078 2702 2184 2740 non
2218 2696 2272 2740 ut
2295 2686 2671 2753 condemnem,
2704 2688 2798 2743 sed
2831 2698 2889 2742 ut
2918 2704 3151 2758 parcam.
3184 2690 3273 2747 Sic
3315 2700 3367 2747 et
3398 2692 3505 2747 alio
3544 2694 3663 2748 loco

2077 2776 2249 2832 dicit:
2281 2766 2378 2832 Dic
2424 2787 2479 2832 tu
2541 2779 2682 2850 prior
2733 2780 3019 2850 iniquitates
3069 2791 3214 2848 tuas,
3260 2792 3316 2837 ut
3369 2784 3670 2855 justiﬁccris

2080 2867 2240 2939 (Ibid.
2277 2871 2366 2923 45.
2407 2869 2520 2943 26).
2576 2871 2751 2927 llabes
2778 2872 3032 2928 acerbum
3064 2884 3117 2930 et
3167 2875 3425 2932 immitem
3455 2892 3615 2933 aecus
3637 2904 3674 2930 l-

2082 2967 2249 3013 torem
2279 2976 2292 3012 :
2326 2960 2558 3029 praeventi
2586 2976 2730 3030 eum,
2759 2962 2936 3020 locum
2966 2964 3115 3035 prius
3143 2980 3365 3037 occupa,
3399 2981 3461 3023 os
3489 2967 3661 3039 impu-

2082 3048 2219 3107 dens
2256 3052 2466 3108 obtura.

2150 3144 2207 3199 2.
2230 3144 2371 3201 Deus
2396 3164 2485 3217 per
2506 3148 2677 3203 literas
2693 3149 2795 3221 agit
2817 3167 2930 3204 cum
2949 3150 3324 3225 ltomine.—(a)
3344 3150 3497 3210 [uitio
3519 3165 3668 3212 certe

2083 3238 2226 3296 Deus
2264 3256 2360 3310 per
2398 3255 2454 3296 se
2482 3240 2791 3297 hominibus
2821 3244 3158 3315 loquebatur,
3190 3257 3444 3318 quantum
3463 3250 3674 3305 scilicet

2084 3330 2390 3386 hominibus
2409 3331 2594 3387 audire
2625 3331 2705 3388 ias
2732 3342 2835 3388 est.
2863 3334 2951 3390 Sic
2978 3335 3239 3392 Adamqu
3266 3338 3416 3404 adiit,
3441 3340 3519 3395 sic
3542 3340 3668 3397 Cai-

2084 3438 2210 3477 num
2259 3423 2697 3494 iucrepavit;.sic
2725 3441 2849 3481 eum
2888 3426 3001 3483 Noe
3042 3428 3293 3499 loquutus
3318 3439 3441 3499 est;
3474 3433 3551 3487 sic
3597 3432 3667 3488 ab

2082 3516 2389 3571 Abrahamo
2434 3518 2668 3587 hospitio
2714 3527 3013 3591 susceptus.
3048 3519 3246 3577 Verum
3295 3525 3417 3592 quia
3477 3536 3663 3579 natura

2084 3615 2264 3659 nostra
2287 3606 2354 3660 ad
2377 3608 2572 3661 malum
2598 3608 2904 3677 declinavit,
2936 3620 2990 3666 et
3033 3612 3186 3683 quasi
3216 3612 3269 3667 in
3319 3612 3666 3685 longinquum

2084 3696 2331 3750 exsilium
2352 3697 2586 3766 seipsam
2619 3702 2893 3757 transtulit
2920 3718 2936 3767 ;
2966 3701 3180 3756 demum
3203 3701 3293 3756 ille
3319 3703 3494 3768 nobis,
3518 3706 3673 3773 quasi

2085 3785 2296 3856 longam
2325 3789 2813 3857 peregrinationem
2834 3792 3251 3860 susceperimus,
3281 3793 3462 3848 literas
3487 3795 3670 3860 mittit,

2085 3877 2237 3947 quasi
2264 3892 2361 3947 per
2385 3878 2669 3947 epistolam
2698 3880 2975 3935 nobiscum
3001 3892 3236 3937 veterem
3259 3898 3520 3939 renovans
3543 3887 3676 3939 ami-

2085 3967 2286 4021 citiam.
2314 3967 2625 4038 llujusmodi
2660 3970 2843 4026 literas
2866 3971 3009 4026 misit
3042 3972 3202 4037 Deus,
3234 3975 3408 4030 attulit
3438 3976 3650 4048 Moyses

2085 4058 2224 4126 Quid
2254 4061 2431 4115 ferunt
2478 4062 2647 4117 literae
2668 4064 2691 4117 ?
2713 4061 2779 4117 In
2802 4064 3052 4136 principio
3102 4066 3221 4135 fecit
3253 4066 3387 4123 Deus
3408 4068 3589 4124 etclam
3626 4084 3680 4126 ct

2086 4160 2273 4206 terram
2327 4151 2492 4226 (Gen.
2548 4155 2731 4225 1.1).
2775 4155 2884 4211 Cur
2936 4172 3041 4211 non
3099 4158 3166 4213 de
3213 4161 3416 4231 angelis
3470 4164 3554 4217 vel
3603 4164 3681 4219 der

2088 4246 2425 4318 archangelis
2474 4247 2708 4318 loquitur
2754 4250 2954 4304 nobis?
3003 4250 3136 4306 Nam
3190 4253 3234 4308 si
3288 4270 3353 4309 ex
3407 4256 3670 4312 creaturis

2087 4336 2313 4395 Creator
2368 4341 2735 4413 conspicitur,
2791 4343 2959 4398 multo
3014 4346 3182 4416 magis
3238 4363 3302 4402 ex
3356 4349 3461 4404 illis
3519 4353 3673 4406 nosci

2092 4431 2282 4501 potuit.
2313 4433 2601 4489 Pulchrum
2632 4444 2716 4490 est
2740 4437 2951 4503 caelum,
2976 4437 3072 4492 sed
3110 4454 3216 4493 non
3269 4441 3340 4495 ita
3386 4442 3668 4512 pulchrum

2090 4535 2146 4579 ut
2173 4526 2427 4595 angelus;
2458 4527 2771 4597 splendidus
2804 4529 2906 4596 sol,
2933 4531 3025 4586 sed
3050 4546 3156 4586 non
3186 4532 3253 4586 ita
3285 4534 3597 4604 splendidus
3621 4549 3679 4594 ut

2088 4620 2464 4690 archangelus.
2489 4622 2597 4677 Cur
2648 4623 2823 4694 itaque
2842 4624 3157 4682 sublimiore
3183 4627 3401 4683 dimissa
3435 4628 3549 4698 via,
3584 4647 3683 4700 per

2090 4710 2427 4768 humiliorem
2460 4728 2558 4769 nos
2586 4716 2751 4769 ducit.
2775 4716 2905 4781 Quia
2933 4731 3056 4772 cum
3081 4716 3280 4774 Judaois
3310 4720 3563 4793 loquitur,
3582 4725 3674 4793 qui

2090 4803 2365 4860 intellectu
2394 4806 2571 4861 minus
2602 4806 2845 4861 instructi
2872 4815 3044 4874 erant,
3069 4811 3158 4879 qui
3190 4812 3477 4867 sensilibus
3507 4813 3674 4867 luere-

2088 4897 2240 4964 bant,
2273 4899 2363 4969 qui
2410 4914 2475 4954 ex
2518 4898 2755 4970 Egypto
2785 4915 2957 4970 nuper
2981 4902 3221 4972 egressi,
3257 4903 3347 4957 ubi
3375 4903 3632 4959 crocodili
3660 4948 3674 4971 ,

2089 5006 2273 5059 canes,
2316 4992 2485 5048 simi-.e
2510 4993 2578 5048 ab
2618 4992 2923 5049 hominibus
2973 4995 3311 5062 colebantur,
3340 5009 3439 5049 nec
3484 4995 3679 5053 licebat

2090 5086 2401 5141 sublimiore
2453 5088 2537 5138 via
2582 5086 2702 5142 illos
2763 5087 2829 5141 ad
2870 5088 3181 5143 Creatorem
3232 5085 3450 5143 ducere.
3490 5087 3675 5143 Subli-

2091 5175 2230 5230 mior
2282 5176 2464 5245 utique
2512 5177 2595 5229 via
2636 5176 2727 5231 illa
2768 5185 2904 5242 erat,
2954 5178 3047 5233 sed
3095 5177 3378 5246 aSperior,
3409 5194 3679 5250 praerupta

2088 5276 2142 5321 et
2165 5266 2325 5322 ardua
2355 5266 2757 5323 infirmioribus.
2786 5267 2907 5321 Ideo
2935 5268 3051 5321 illos
3073 5283 3166 5337 per
3187 5267 3478 5324 faciliorem
3512 5270 3667 5343 ducit,

2090 5373 2186 5429 per
2214 5358 2401 5412 caelum
2428 5399 2443 5423 ,
2470 5368 2686 5424 terram,
2717 5373 2882 5421 mare,
2912 5368 3209 5429 cnetcraque
3234 5358 3460 5415 visibilis
3480 5374 3679 5418 creata.

2152 5510 2226 5576 (ᾳ)
2259 5517 2369 5576 Haec
2386 5510 2556 5576 iisdem
2579 5523 2706 5573 pene
2733 5511 2897 5561 verbis
2915 5511 3069 5576 babes
3082 5526 3225 5576 supra
3251 5514 3451 5565 Homilia
3469 5515 3501 5563 2
3520 5516 3568 5563 tu
3586 5516 3678 5563 Ge-

2086 5571 2245 5622 nesiiu
2266 5572 2361 5621 col.
2384 5571 2446 5621 28
2478 5581 2531 5622 et
2551 5571 2641 5637 seq
2681 5610 2692 5621 .
2718 5587 2730 5622 :
2756 5582 2870 5622 sunt
2894 5575 3040 5624 etiam
3064 5571 3156 5624 alia
3170 5577 3320 5626 multa
3336 5580 3512 5641 passim
3538 5579 3587 5626 in
3607 5582 3680 5627 bis

2086 5635 2415 5687 sermonibus.
2440 5648 2549 5687 quae
2590 5588 2881 5687 cademiusa
2916 5637 3161 5687 habentur
3198 5640 3245 5687 in
3278 5639 3511 5687 ttcmiliis.
3563 5642 3679 5687 Πιο

2086 5635 2415 5700 sermonibus,
2440 5648 2549 5698 quae
2590 5635 2761 5687 eadem
2780 5637 2881 5700 ipsa
2916 5637 3161 5689 habentur
3198 5640 3245 5690 in
3278 5635 3511 5691 ttcmiliis.
3563 5642 3679 5690 γῆμε

2089 5697 2316 5749 Mouitum
2337 5697 2499 5761 supra.
