4134 6214
506 315 616 372 585

502 436 659 508 Quod
689 442 872 490 autem
899 432 1014 487 ι)ωο
1038 443 1163 486 vera
1183 428 1252 482 sit
1278 440 1464 491 causa,
1486 423 1612 478 audi
1634 422 1926 494 quomodo,
1957 431 2094 493 post-

503 542 668 601 quam
709 525 922 596 paulum
961 521 1299 592 profecerant
1322 519 1364 583 ¹,
1408 515 1667 588 prepbeta
1691 514 1760 570 de
1785 514 1892 569 illis
1914 527 2102 583 super-

511 622 596 676 nis
625 617 908 680 virtutibus
935 615 1200 688 loquatur.
1228 609 1462 665 Laudate
1492 607 1792 672 Dominum,
1815 605 2006 682 inquit,
2037 603 2102 658 de

509 711 650 773 artis
673 751 690 775 ,
719 707 924 763 laudate
973 721 1087 759 eam
1128 703 1182 756 in
1233 701 1486 758 excelsis:
1522 700 1730 760 laudate
1773 714 1889 752 eam
1931 713 2104 753 omnes

507 801 675 873 angeli
714 801 846 870 eius,
876 797 1085 855 laudate
1110 813 1225 851 eam
1253 811 1424 850 omnes
1454 794 1661 848 virtutes
1682 793 1793 863 ejus
1818 808 1837 846 :
1865 791 2105 860 quodam

509 898 617 966 ipse
643 893 794 965 dixit,
821 901 869 956 et
897 893 1035 968 {acta
1059 899 1218 955 sunt;
1241 888 1348 958 ipse
1375 885 1673 950 mandavit,
1702 894 1750 938 et
1791 893 1960 938 creata
1987 893 2105 938 sunt

507 991 529 1057 (
561 985 706 1042 Psal.
734 984 859 1040 148.
893 984 946 1038 l.
969 981 1026 1036 2.
1060 981 1094 1038 5
1113 980 1158 1058 ).
1187 979 1255 1034 Et
1273 977 1400 1052 quid
1425 977 1618 1032 mirum
1641 977 1686 1030 si
1715 975 1766 1030 in
1799 973 1978 1030 Veteri
2004 973 2107 1030 τε·

508 1087 779 1136 stamento
812 1076 901 1138 hic
925 1076 1190 1133 doctrinm
1238 1072 1433 1130 modus
1458 1071 1726 1142 reperitur
1750 1112 1764 1134 ,
1793 1085 1917 1124 cum
1942 1067 2103 1123 etiam

509 1174 566 1230 in
589 1170 740 1228 Novo
769 1211 786 1239 ,
809 1167 1026 1242 quando
1049 1165 1424 1223 sublimiorum
1451 1163 1893 1219 documentorum
1912 1163 1934 1193 ²
1966 1169 2104 1214 tem-

509 1280 612 1335 pus
640 1272 777 1331 erat,
806 1276 931 1318 cum
967 1256 1387 1318 Atheniensibus
1434 1255 1660 1328 loquens
1683 1253 1884 1309 Paulus
1907 1295 1924 1319 ,
1954 1267 2106 1308 eam-

510 1362 634 1414 dem
665 1355 896 1413 tenuerit
919 1354 1088 1417 viam,
1117 1365 1278 1425 quam
1315 1347 1532 1421 Moyses
1560 1361 1680 1402 cum
1711 1345 1925 1408 Judazos
1958 1343 2108 1398 instio

512 1449 732 1506 tueret?
761 1447 946 1520 Neque
977 1445 1123 1504 enim
1166 1443 1235 1498 de
1289 1441 1493 1513 angelis
1548 1439 1723 1510 deque
1773 1435 2109 1506 arcliangelis

511 1556 818 1598 sermonem
845 1538 1001 1594 fecit:
1028 1535 1123 1594 sed
1142 1535 1211 1591 de
1237 1533 1392 1598 cmlo,
1414 1532 1483 1588 de
1512 1541 1676 1598 terra,
1693 1539 1746 1584 et
1765 1527 1833 1584 de
1853 1528 2009 1594 mari,
2036 1528 2108 1581 ita

514 1633 864 1688 concionattts
888 1648 904 1684 :
936 1629 1078 1682 Deus
1105 1627 1193 1698 qui
1215 1625 1334 1696 fecit
1363 1623 1630 1690 mundum,
1655 1631 1703 1676 et
1733 1621 1905 1674 omnia
1924 1633 2037 1688 qua
2056 1618 2111 1671 in

515 1741 574 1778 eo
601 1730 719 1780 sunt
737 1738 756 1776 :
781 1720 864 1774 hic
891 1719 1003 1774 cali
1028 1728 1076 1773 et
1100 1727 1248 1772 terra!
1266 1733 1384 1769 cum
1408 1715 1473 1770 sit
1497 1713 1765 1780 Dominus,
1788 1729 1890 1766 non
1913 1712 1967 1764 in
1996 1726 2110 1762 ma-

515 1815 742 1889 nufactis
767 1811 967 1883 templis
995 1810 1188 1865 habitat
1297 1809 1410 1862 Act.
1440 1807 1527 1861 ΓΙ.
1557 1805 1628 1861 24
1650 1806 1692 1876 ).
1740 1805 1810 1859 At
1837 1819 1958 1858 cum
1989 1802 2112 1857 Plii-

516 1909 791 1978 lippenses
811 1905 890 1978 (a)
916 1901 1290 1976 alloquebatur
1310 1940 1326 1965 ,
1372 1913 1480 1953 non
1512 1897 1615 1952 hac
1655 1897 1776 1951 illos
1805 1895 1888 1949 via
1917 1894 2068 1949 duxit
2092 1911 2109 1959 ;

517 1999 614 2056 sed
633 1997 705 2054 ad
732 1995 1100 2054 sublimiorem
1130 1993 1248 2050 illos
1275 1992 1590 2048 concionem
1613 1987 1866 2059 provehit
1895 1987 1980 2042 his
1994 2001 2115 2042 vcr-

519 2089 601 2146 bis
628 2105 644 2144 :
682 2089 939 2158 Quoniam
961 2087 1017 2142 in
1039 2087 1152 2158 ipso
1171 2095 1341 2140 creata
1391 2092 1506 2138 sunt
1531 2081 1762 2135 universa
1786 2093 1902 2148 qua
1926 2083 1980 2131 in
2009 2093 2113 2132 cce-

521 2183 586 2236 lis
608 2190 655 2236 et
675 2197 790 2251 qua,
812 2181 865 2234 in
886 2188 1019 2234 terra
1038 2220 1055 2244 ,
1078 2177 1181 2232 sive
1203 2176 1374 2230 throni
1397 2217 1412 2242 ,
1442 2175 1546 2228 sive
1584 2172 1978 2240 dominationes,
2014 2170 2117 2224 sive

520 2273 861 2343 principatus,
883 2270 986 2324 sive
1011 2277 1280 2339 potestates
1295 2281 1316 2322 :
1335 2266 1510 2319 omnia
1539 2281 1628 2334 per
1653 2265 1820 2332 ipsum
1847 2272 1896 2317 et
1925 2263 1978 2316 in
2003 2262 2115 2332 ipso

517 2372 689 2419 creata
713 2373 834 2418 sunt
860 2359 880 2434 (
906 2359 1104 2416 Coloss.
1139 2361 1192 2414 l.
1213 2357 1280 2414 l6
1307 2359 1350 2429 ).
1384 2356 1476 2419 Sic
1499 2365 1553 2411 et
1575 2355 1812 2411 Joannes
1840 2356 1964 2425 quia
1988 2370 2113 2425 per-

529 2454 782 2510 fectiores
810 2451 998 2516 habuit
1037 2449 1348 2520 discipulos,
1369 2449 1670 2503 universam
1701 2445 1862 2502 simul
1887 2446 2118 2502 creatio-

528 2560 650 2599 nem
672 2544 1133 2600 commemoravit.
1187 2540 1308 2596 Non
1337 2540 1482 2595 enim
1511 2539 1668 2605 dixit,
1693 2540 1884 2593 cmlum
1911 2546 1968 2594 et
2008 2547 2117 2593 tero

523 2648 631 2692 tam
656 2646 712 2692 et
733 2650 902 2702 mare,
932 2633 1053 2700 sed,
1079 2631 1266 2687 Omnia
1292 2648 1381 2701 per
1405 2631 1576 2704 ipsum
1604 2633 1742 2701 facta
1761 2640 1881 2684 sunt
1897 2672 1914 2698 ,
1943 2640 1990 2684 et
2011 2629 2120 2684 sine

523 2729 636 2795 ipso
685 2725 880 2795 factum
925 2733 999 2779 est
1043 2723 1177 2801 nihil
1205 2722 1342 2794 quod
1369 2725 1562 2801 factum
1589 2721 1699 2792 est(
1723 2720 1886 2776 Joan.
1909 2721 1962 2784 1.
1988 2721 2023 2776 5
2046 2719 2068 2792 )
2093 2739 2108 2788 ;

528 2819 647 2873 sive
674 2816 887 2872 visibile
912 2857 929 2883 ,
953 2799 1161 2886 inquit,
1205 2814 1274 2870 sit
1301 2853 1318 2882 ,
1345 2799 1458 2869 sive
1484 2813 1770 2871 invisibile.
1800 2812 1949 2868 Sicut
1973 2813 2118 2868 enim

529 2907 671 2980 apud
695 2907 1118 2978 ludimagistros,
1148 2907 1287 2963 alius
1312 2905 1548 2979 puellum
1575 2921 1606 2960 a
1630 2915 1802 2962 matre
1829 2905 2118 2977 accipiens,

527 2999 699 3070 prima
737 2999 911 3070 ipsum
935 2998 1096 3055 docet
1117 2998 1418 3062 elementa;
1447 2998 1586 3055 alius
1610 2997 1804 3054 deinde
1823 2997 2121 3072 excipiens,

523 3090 846 3162 discipulum
870 3090 939 3147 ad
960 3090 1274 3157 sublimiora
1300 3091 1622 3147 documenta
1663 3089 1909 3161 provehit
1936 3107 1952 3146 :
1994 3090 2065 3154 ita
2089 3107 2121 3146 a

528 3169 710 3256 Moyse
738 3182 976 3240 etPaulo
1007 3193 1064 3239 et
1089 3183 1296 3239 Joanne
1343 3193 1518 3237 actum
1561 3193 1662 3238 est.
1717 3182 1926 3254 Moyses
1977 3181 2121 3237 enim

529 3283 773 3352 ignaram
800 3280 1038 3335 omnium
1069 3289 1126 3336 et
1162 3294 1352 3350 nuper.
1374 3279 1692 3340 ablactatam
1732 3288 1974 3333 naturam
2021 3293 2121 3333 no-

526 3383 692 3431 stram
719 3373 888 3446 prima
910 3371 1104 3427 divinm
1121 3371 1442 3443 cognitionis
1458 3370 1720 3426 elementa
1736 3369 1934 3425 docuit.
1956 3369 2120 3425 Joan-

529 3479 626 3520 nes
645 3473 824 3519 autem
854 3472 910 3519 et
943 3463 1164 3538 Paulus,
1185 3465 1337 3534 quasi
1364 3479 1394 3517 a
1423 3462 1793 3534 ludimagistro
1821 3473 2069 3531 acceptos
2090 3477 2120 3517 a

527 3554 728 3633 Moyse,
759 3553 1006 3610 homines
1031 3553 1097 3616 ad
1127 3555 1435 3610 sublimiora
1461 3553 1779 3615 documenta
1827 3552 2118 3622 deducunt,

530 3648 707 3726 priora
753 3656 933 3714 tamen
988 3649 1169 3720 paucis
1202 3657 1705 3712 commemorantes.
1746 3646 1938 3702 Vidisti
1985 3649 2120 3702 utri-

530 3758 698 3818 usque
722 3741 1058 3800 Testamenti
1107 3741 1423 3798 affinitatem
1451 3742 1475 3796 τ
1509 3741 1689 3798 vidiSIi
1714 3755 2035 3796 consensum
2067 3741 2120 3796 in

530 3836 914 3904 documentis?
963 3836 1176 3892 Audisti
1228 3836 1280 3890 in
1334 3834 1518 3890 Veteri
1569 3835 1900 3890 sensibilium
1940 3850 2118 3891 rerum

527 3931 882 4002 creationem,
910 3938 966 3986 et
994 3929 1062 3985 de
1106 3926 1476 4001 spiritualibus
1517 3926 1772 3982 Davidem
1812 3927 2117 3982 dicentem:

529 4021 654 4092 Ipse
673 4022 835 4092 dixit,
861 4031 909 4076 et
939 4023 1074 4098 {acta
1101 4030 1218 4074 sunt
1247 4019 1268 4090 (
1302 4017 1449 4073 Psal.
1481 4017 1568 4074 52.
1599 4017 1633 4073 9
1659 4019 1677 4088 )
1699 4019 1724 4072 l
1743 4018 1832 4074 Sic
1859 4019 2048 4075 iterum
2069 4023 2124 4082 in

529 4113 703 4188 Novo,
732 4124 1015 4191 postquam
1033 4112 1232 4167 dictum
1261 4121 1342 4166 est
1369 4109 1437 4164 de
1459 4110 1815 4172 invisibilibus
1839 4114 2124 4183 potestati-

527 4207 651 4276 bus,
681 4207 843 4271 etiam
871 4205 938 4262 de
970 4214 1214 4264 creatura
1262 4203 1503 4266 sensibili
1556 4219 1737 4260 sermo
1777 4205 2025 4264 habetur.
2054 4205 2123 4262 In

529 4297 784 4371 principio
817 4296 933 4374 fecit
971 4295 1109 4351 Deus
1135 4295 1323 4352 celum.
1349 4303 1400 4350 et
1438 4303 1646 4352 terram.
1678 4294 1868 4352 Sermo
1907 4297 2121 4376 quidem

529 4389 717 4446 brevis
741 4398 798 4444 et
816 4388 1066 4460 simplex,
1087 4402 1152 4448 ac
1180 4387 1378 4442 dictum
1409 4402 1572 4441 unum
1599 4426 1616 4453 ,
1645 4386 1738 4442 sed
1768 4387 1909 4460 quod
1931 4404 2122 4446 omnes

533 4480 964 4548 adversariorum
1005 4491 1178 4536 turres
1231 4480 1548 4538 subvertere
1595 4483 1783 4554 possit.
1837 4481 1935 4539 llic
1964 4499 2120 4539 men.-

535 4583 643 4630 tem
670 4573 886 4630 adhibe.

605 4665 880 4720 lanichazi
925 4665 1183 4721 veritatem
1213 4665 1461 4722 mendacii
1498 4676 1763 4721 accusant.
1789 4696 1862 4706 ——
1890 4666 2114 4728 Accedit

531 4756 865 4816 Manichacus.
883 4757 1090 4824 dicens,
1119 4757 1335 4812 Materia
1369 4773 1477 4813 non
1510 4757 1650 4813 facta
1695 4757 1826 4817 fuit:
1849 4757 2116 4827 responde

534 4849 611 4904 illi
641 4867 657 4904 :
687 4846 754 4904 In
783 4847 1034 4922 principio
1065 4848 1182 4920 fecit
1207 4848 1347 4903 Deus
1393 4849 1575 4904 caelum
1614 4857 1662 4912 et
1704 4859 1888 4904 terram
1915 4865 1933 4902 :
1962 4859 2016 4904 et
2038 4859 2120 4903 to-

531 4950 638 5006 tam
679 4939 800 5012 ejus
836 4939 1194 5021 arrogantiam
1243 4939 1425 4995 statim
1475 4939 1802 4995 subvertisti.
1853 4938 1962 4995 Sed
2014 4955 2120 4998 non

529 5031 702 5089 credit
721 5031 1016 5102 Scriptura:
1037 5031 1215 5098 dictis,
1239 5030 1431 5104 inquit.
1455 5030 1595 5101 Ergo
1609 5045 1672 5086 ea
1699 5031 1768 5086 de
1787 5045 1947 5085 causa
1969 5033 2120 5101 quasi

529 5125 877 5180 furibundum
927 5120 1080 5179 illum
1104 5122 1308 5194 repelle
1335 5131 1392 5180 et
1431 5137 1704 5179 aversare.
1725 5123 1857 5178 Nam
1884 5123 1976 5195 qui
2011 5124 2122 5180 Deo

528 5227 638 5270 non
674 5214 848 5270 credit
881 5212 1059 5284 palam
1108 5213 1390 5283 loquenti,
1430 5223 1486 5268 et
1525 5214 1614 5285 qui
1641 5201 1923 5271 veritatem
1964 5231 2120 5271 meu-

527 5303 670 5360 dacii
697 5313 939 5372 accusat,
983 5320 1091 5377 quo
1137 5314 1297 5376 pacto
1351 5305 1571 5362 insania:
1600 5318 1969 5377 argumentum
2013 5326 2118 5365 non

529 5394 686 5462 ferat,
718 5411 914 5465 nempe
939 5396 1369 5452 incredulitatem
1389 5396 1413 5449 l
1436 5398 1506 5452 At
1522 5399 1812 5468 quomodo,
1840 5401 2030 5470 inquit,
2053 5417 2120 5459 ex

530 5486 708 5544 nihilo
721 5485 840 5554 fieri
865 5487 995 5558 quid
1026 5487 1234 5559 possit?
1264 5488 1346 5545 Tu
1377 5505 1506 5548 vero
1532 5491 1664 5547 mihi
1697 5491 1867 5558 dicas,
1894 5507 2119 5565 quomoe

591 5579 614 5650 ξ
645 5583 785 5650 903.,
1079 5579 1278 5643 paulttm
1299 5595 1350 5634 se
1371 5582 1539 5646 pietati
1557 5583 1870 5636 addiscunt.

1218 5639 1582 5717 ρτωρέμοηαι

593 5698 672 5761 (a)
702 5698 787 5750 me
807 5698 1040 5754 memoria
1087 5698 1262 5758 labitur
1285 5709 1350 5758 Cb

546 5760 554 5769 .
593 5716 672 5761 tu)
703 5716 787 5750 mc
807 5716 1040 5754 memoria
1087 5716 1262 5758 labitur
1285 5716 1374 5758 Chr
1582 5720 1656 5756 us.
1701 5716 1848 5756 Locus
1869 5716 2000 5755 enim

543 5767 594 5815 tl!
609 5761 812 5826 Epistula
832 5764 891 5814 ad
915 5765 1268 5832 Philippenscs,
1293 5716 1798 5820 sMossenses
1818 5767 2012 5832 legitur.

1269 293 1326 348 S.
1366 288 1643 348 JOANNIS
1676 281 2158 342 ειιῐιῖδοετωιι
2196 279 2515 337 ΔΜΣΙΙΙΕΡ.
2556 279 3088 337 οοΝδτΑΝτιΝοΡ.

3687 277 3801 339 588

2208 411 2281 469 do
2307 429 2370 469 es
2397 415 2549 484 prius
2568 416 2950 472 exsistentibtts
2974 414 3090 472 ﬁeri
3111 415 3238 487 quid
3265 417 3474 486 possit?
3499 419 3632 474 Nam
3651 418 3802 491 quod

2207 521 2275 562 ex
2314 523 2424 570 non
2452 508 2835 570 essistuttihus
2887 518 3031 571 tum
3072 509 3210 571 facta
3252 512 3343 577 sit.
3375 527 3476 583 ego
3500 513 3703 579 credo.
3740 527 3800 574 to

2207 608 2387 658 autem
2414 599 2662 666 dubitas;
2689 600 2833 671 quod
2857 611 3036 662 autem
3055 616 3124 661 es
3151 612 3292 661 terra
3317 602 3492 661 factus
3511 605 3582 662 sit
3611 605 3798 671 homo.

2208 689 2369 744 ambo
2387 690 2728 746 conﬁtemur.
2762 691 2856 747 Dic
2903 693 3062 763 igitur
3103 692 3236 754 illud
3264 695 3408 763 quod
3455 697 3509 753 in
3548 697 3804 756 coufcsso

2209 789 2266 837 et
2292 780 2503 838 facilius
2523 791 2628 849 est,
2661 783 2934 860 quomodo
2955 799 3024 839 ex
3046 793 3188 839 terra
3213 784 3352 842 facta
3379 787 3453 841 sit
3487 789 3668 845 carnis
3705 804 3804 852 na-

2212 882 2355 928 tura.
2398 874 2476 928 Ex
2508 887 2649 930 terra
2677 875 2822 931 enim
2850 875 3041 944 lutum,
3085 877 3223 936 later
3243 920 3260 946 ,
3294 894 3389 933 vas
3424 879 3608 948 ﬁctile,
3636 893 3693 937 et
3717 892 3799 939 te-

2211 977 2293 1022 sta
2321 966 2436 1022 ﬁeri
2494 969 2631 1023 solet
2660 984 2914 1026 :carnem
2943 986 3076 1027 vero
3103 987 3171 1027 ex
3220 981 3360 1033 terra
3408 972 3597 1029 factam
3639 991 3804 1032 nemo

2212 1074 2466 1130 umquam
2484 1060 2701 1118 viderit.
2724 1062 3008 1130 Quomodo
3035 1064 3195 1140 igitur
3217 1064 3355 1120 facta
3377 1075 3461 1122 est
3486 1067 3667 1124 carnis
3693 1085 3800 1124 na-

2214 1151 2374 1204 tura?
2399 1151 2670 1221 quomodo
2693 1167 2817 1208 ossa
2838 1154 3117 1210 eﬂ’ormata
3144 1157 3302 1211 sunt?
3327 1158 3596 1232 quomodo
3626 1162 3801 1229 nervi,

2212 1259 2365 1299 vcnze
2385 1253 2440 1300 et
2454 1245 2710 1300 arteriae?
2738 1246 3016 1322 quomodo
3062 1249 3414 1316 membranae,
3445 1249 3632 1322 adeps,
3680 1267 3805 1310 car-

2213 1352 2333 1402 nes,
2365 1338 2524 1406 cutis,
2551 1354 2777 1410 ungues,
2811 1339 3013 1410 capilli,
3043 1349 3098 1395 et
3130 1349 3271 1394 tanta
3306 1340 3589 1400 diversitas
3627 1345 3803 1401 varia-

2213 1443 2334 1482 rum
2365 1429 2788 1484 substantiarum
2814 1446 2880 1486 ex
2907 1446 3011 1485 una
3047 1431 3359 1508 subjaeente
3381 1435 3565 1490 terra?
3602 1435 3800 1492 Verum

2215 1519 2332 1575 hare
2355 1522 2536 1577 dicere
2563 1523 2784 1580 minime
2821 1527 3012 1596 possis.
3042 1527 3324 1601 Quomodo
3350 1545 3478 1602 ergo
3507 1530 3800 1594 absurdum

2218 1627 2323 1666 non
2363 1612 2524 1676 fuerit
2558 1630 2682 1672 eum
2711 1617 2801 1692 qui
2844 1617 2896 1672 id
2939 1618 3082 1690 quod
3137 1619 3336 1676 clarius
3386 1631 3443 1676 et
3483 1621 3692 1678 facilius
3720 1634 3807 1682 cst

2217 1703 2446 1774 ignorat,
2475 1704 2776 1762 difﬁciliora
2807 1718 2861 1763 et
2884 1723 3081 1764 arcana
3111 1711 3323 1772 curiose
3355 1715 3576 1768 scrutari
3601 1717 3625 1768 ἲ

2288 1822 2343 1878 5.
2385 1820 2576 1880 Rerum
2627 1825 2938 1883 naturalium
2987 1828 3234 1887 rationem
3284 1845 3387 1888 non
3431 1829 3762 1900 intelligi-sats
3781 1875 3798 1898 ,

2217 1923 2406 1984 quanto
2432 1915 2599 1986 minus
2619 1915 2811 1970 divina.
2843 1947 2915 1958 —
2938 1917 3031 1976 Vis
3061 1928 3114 1976 te
3137 1920 3313 1984 adhuc
3339 1921 3406 1980 ad
3439 1921 3674 1984 faciliora
3704 1923 3806 1988 du-

2218 2021 2359 2073 cam,
2386 2023 2505 2077 qua:
2530 2009 2768 2079 quotidie
2803 2009 2918 2066 ﬁeri
2960 2012 3176 2069 solent?
3205 2015 3456 2076 Attamen
3500 2031 3568 2077 no
3608 2017 3680 2074 de
3722 2018 3808 2078 his

2219 2099 2434 2170 quidem
2462 2102 2722 2160 rationem
2744 2103 2955 2160 reddes.
2978 2104 3175 2162 Panem
3200 2107 3434 2177 quotidie
3453 2109 3803 2174 comedimus.

2220 2189 2503 2258 Quomodo
2532 2193 2711 2264 igitur,
2743 2210 2946 2265 quaso,
2977 2196 3132 2267 panis
3161 2197 3275 2268 ipsa
3303 2208 3489 2258 natura
3519 2201 3572 2256 in
3590 2204 3806 2271 sanguis

2221 2297 2348 2340 nem
2372 2285 2615 2351 vertitur,
2645 2287 2700 2341 in
2729 2287 2996 2357 pituitam,
3035 2289 3088 2343 in
3109 2289 3272 2350 bilem
3291 2301 3345 2354 et
3366 2292 3418 2352 in.
3446 2292 3678 2364 reliquos
3705 2294 3809 2356 htt-

2222 2375 2440 2433 morest
2495 2375 2628 2430 Nam
2672 2377 2826 2447 panis
2868 2377 3085 2449 quidem
3134 2380 3336 2444 densus
3380 2382 3653 2455 durusque
3702 2397 3806 2452 est,

2222 2467 2440 2539 sanguis
2462 2483 2590 2524 vero
2613 2470 2792 2526 mollis
2816 2480 2871 2526 et
2898 2471 3127 2538 ﬂuidus;
3158 2475 3313 2544 panis
3338 2477 3419 2532 vel
3443 2477 3700 2538 candidus
3727 2481 3810 2538 vel

2225 2556 2473 2616 frumenti
2499 2560 2704 2628 colore,
2737 2563 2955 2632 sanguis
2983 2565 3146 2626 ruber
3168 2575 3223 2626 et
3259 2566 3433 2637 niger.
3479 2567 3808 2630 Ceterarum

2225 2649 2354 2706 item
2407 2653 2720 2722 qualitatum
2769 2655 3126 2719 diﬂ'erentiam
3166 2660 3213 2717 si
3266 2661 3387 2736 quis
3428 2675 3808 2735 persequatur,

2225 2741 2451 2800 multum
2487 2744 2719 2802 inveniet
2760 2761 2952 2816 panem
2995 2749 3136 2809 inter
3176 2760 3233 2811 et
3270 2755 3579 2824 snguinem
3622 2755 3815 2817 discri-

2227 2847 2371 2888 men.
2409 2832 2690 2900 Quomodo
2713 2837 2874 2909 igitur
2894 2840 3010 2902 hzec
3036 2839 3195 2906 ﬁniat,
3219 2845 3479 2906 rationem
3500 2847 3690 2904 reddas
3716 2865 3812 2906 ve-

2225 2923 2339 2978 lim.
2365 2923 2471 2982 Sed
2494 2943 2784 3000 numquam
2811 2934 3001 3002 possis.
3023 2934 3234 3010 Ergone
3257 2946 3311 2992 tu
3331 2938 3423 3008 qui
3445 2940 3552 2999 cibi
3574 2943 3817 3010 quotidie

2227 3018 2491 3078 immutati
2538 3023 2804 3087 rationem
2829 3026 3058 3090 reddere
3102 3031 3320 3101 neutris,
3351 3046 3386 3089 a
3432 3033 3546 3091 Dee
3583 3046 3815 3106 pet-aet:

2226 3113 2514 3168 creationis
2535 3115 2771 3179 rationes
2790 3131 2820 3172 a
2843 3133 2932 3180 me
2953 3122 3202 3189 repetes?
3221 3123 3416 3183 Annon
3433 3124 3535 3183 hoc
3558 3139 3816 3186 extreme

2227 3201 2510 3266 detneutim
2539 3206 2738 3269 fuerit?
2763 3208 2820 3266 Si
2848 3211 3019 3273 nostri
3044 3213 3333 3274 similiseSt
3359 3215 3520 3284 Deus,
3551 3221 3816 3278 rationem

2226 3297 2378 3368 exige
2403 3314 2663 3369 operum;
2697 3302 2804 3364 imo
2832 3319 2899 3362 ne
2924 3304 2976 3357 id
3002 3305 3222 3374 quidem
3243 3309 3572 3367 concedatur
3598 3330 3615 3369 :
3645 3314 3812 3370 multa

2225 3391 2426 3461 quippe
2451 3392 2678 3454 tantum
2705 3403 2852 3454 certe
2880 3394 3014 3456 facta
3057 3397 3149 3468 qui
3178 3397 3312 3458 fiant
3351 3399 3531 3459 dicere
3558 3419 3665 3459 son
3692 3420 3817 3474 pos-

2227 3496 2447 3548 stuuns;
2476 3485 2710 3555 exempli
2738 3501 2922 3554 causa,
2968 3490 3240 3559 quando
3284 3507 3350 3547 ex
3380 3497 3644 3554 metallioa
3670 3507 3816 3557 terra

2227 3589 2414 3636 aurum
2443 3573 2566 3644 ﬁat;
2594 3578 2868 3647 unumodo
2883 3595 3050 3642 arena
3078 3581 3137 3643 in
3159 3584 3281 3646 vitri
3309 3586 3596 3654 puritatem
3641 3600 3816 3647 anno.

2229 3675 2335 3722 tur.
2359 3666 2628 3739 Multoque
2653 3670 2804 3740 plura
2834 3671 2944 3734 dici
2979 3684 3200 3743 possent
3231 3677 3465 3738 ﬂuuiana
3486 3680 3712 3738 artiﬁcio
3737 3683 3817 3740 fa-

2225 3768 2335 3826 eta.
2369 3775 2596 3831 quorum
2647 3762 2912 3826 ratio.an
2964 3765 3292 3836 ignoramus.
3339 3768 3722 3831 Verumtamen
3767 3776 3820 3832 si

2227 3852 2394 3906 nostri
2422 3853 2611 3908 similis
2626 3855 2697 3918 sit
2720 3855 2883 3921 Deus,
2911 3871 3008 3926 per
3029 3873 3117 3918 me
3135 3859 3264 3919 licet
3281 3861 3542 3921 rationem
3564 3875 3818 3933 repetas;

2226 3942 2311 4002 sin
2338 3944 2600 4007 immenso
2625 3947 2802 4016 spatio
2833 3963 2865 4006 a
2900 3948 3056 4009 nobis
3097 3949 3284 4020 distat,
3309 3961 3362 4011 et
3387 3969 3553 4024 supra
3595 3955 3814 4015 nitidum

2227 4034 2523 4102 antecellit,
2554 4051 2731 4098 annon
2759 4046 3020 4100 extremo
3068 4039 3225 4102 luerit
3272 4042 3496 4104 insanias
3546 4060 3668 4113 eos,
3722 4047 3820 4118 qui

2227 4127 2544 4191 immensam
2571 4129 2711 4192 illius
2736 4132 3053 4204 sapientiam
3081 4143 3140 4194 et
3173 4136 3432 4200 virtutem
3466 4139 3816 4204 conﬁtentur.

2226 4237 2455 4292 namque
2498 4223 2729 4286 divinant
2770 4235 2827 4284 et
2867 4225 3489 4298 inconprehensibilem.
3542 4233 3700 4302 quasi
3745 4233 3818 4292 de

2227 4315 2462 4377 humana
2486 4317 2718 4387 quadam
2744 4326 2860 4379 arte
2883 4360 2902 4386 .
2936 4319 3018 4377 sio
3039 4335 3139 4390 per
3174 4322 3385 4392 singula
3428 4322 3696 4384 factorum
3727 4340 3820 4385 ra-

2227 4414 2429 4470 tionem
2469 4413 2762 4483 expetere?
2792 4413 2995 4474 Verum
3041 4413 3125 4473 his
3167 4417 3350 4473 missis
3386 4417 3700 4485 ratiociniis,
3746 4420 3818 4478 ad

2225 4514 2434 4576 petram
2460 4505 2609 4562 illam
2640 4505 2869 4563 solidam
2911 4507 3232 4566 redeamus:
3283 4508 3351 4568 ιη
3398 4511 3650 4580 principio
3696 4513 3818 4581 fecit

2225 4599 2370 4656 Deus
2396 4600 2578 4655 minus
2601 4610 2650 4654 et
2674 4610 2881 4656 tamam.
2911 4600 3088 4671 Supra
3124 4602 3254 4658 illud
3276 4601 3678 4661 {underneath
3706 4614 3812 4672 sta,

2225 4707 2296 4748 ne
2323 4693 2443 4764 quis
2469 4693 2530 4747 in
2555 4699 2610 4748 te
2633 4691 2988 4749 humanarum
3025 4694 3410 4764 cogitationum
3454 4695 3648 4754 ﬂuctus
3694 4712 3816 4754 tunc

2225 4795 2349 4842 veat
2380 4803 2396 4840 :
2425 4785 2764 4857 Cogitationes
2798 4786 2932 4842 enim
2974 4787 3267 4844 utamini:
3293 4789 3505 4852 timidis,
3537 4798 3589 4845 es
3608 4790 3814 4852 itm

2225 4881 2600 4940 adiungationes
2626 4895 2803 4934 eorum
2833 4878 2986 4951 (Saga.
3039 4878 3106 4944 9.
3133 4880 3195 4938 ιι
3215 4877 3259 4950 ).
3290 4879 3367 4937 Ne
3409 4880 3572 4952 bitur
3591 4881 3646 4938 id
3670 4882 3812 4952 quod

2227 4976 2437 5030 ﬁrmum
2463 4984 2548 5030 est
2576 4973 2814 5040 deseras,
2845 4982 2905 5030 ut
2943 4974 3138 5030 anim
3161 4984 3267 5030 tua:
3311 4974 3542 5032 salutem
3587 4976 3812 5031 inﬁmis

2225 5076 2281 5121 et
2324 5065 2601 5122 fallacibus
2635 5066 2934 5121 ratiociniis
2962 5065 3270 5123 committas
3297 5082 3314 5120 :
3343 5065 3442 5121 sed
3469 5081 3630 5123 marte
3665 5066 3722 5122 in
3747 5066 3811 5124 iis

2225 5173 2345 5227 qum
2372 5157 2622 5222 didicisti,
2651 5166 2706 5213 et
2743 5173 2863 5226 qum
2892 5157 2983 5212 tibi
3005 5157 3311 5214 concredita
3334 5166 3482 5223 sunt,
3508 5167 3564 5214 et
3587 5157 3676 5214 die
3701 5177 3717 5214 :
3744 5157 3806 5215 ιιι
3887 5223 3904 5237 ο

2232 5252 2484 5323 principio
2512 5253 2627 5325 fecit
2651 5251 2787 5306 Deus
2807 5251 2989 5305 calum
3009 5261 3056 5305 et
3081 5259 3284 5306 terrast.
3308 5251 3362 5308 Si
3396 5251 3716 5309 Manichacus
3734 5251 3812 5322 (α)

2224 5345 2530 5411 accesserit,
2559 5345 2606 5398 si
2629 5344 2884 5405 Marcion,
2909 5344 2956 5397 si
2982 5342 3244 5400 Valentini
3271 5345 3460 5401 atorbo
3481 5345 3806 5414 latitantes,

2226 5440 2269 5492 si
2298 5439 2478 5510 quivis
2508 5439 2668 5504 alius,
2703 5437 2804 5493 hoc
2831 5437 3031 5493 dictum
3061 5437 3269 5510 objice;
3299 5439 3343 5494 si
3371 5438 3634 5496 ridentem
3661 5433 3812 5494 vitle-

2283 5640 2356 5701 (α)
2375 5640 2678 5698 mmsis.
2695 5641 2912 5697 Marcion,
2933 5638 3212 5696 \‘
3227 5647 3384 5695 Deum
3397 5649 3675 5696 creatorem
3695 5651 3808 5687 esse

1582 5720 1656 5756 us.
1701 5714 1848 5756 Locus
1869 5707 2000 5755 enim
2021 5721 2116 5759 non
2222 5703 2485 5767 negabant.
2501 5704 2792 5767 Manichzetts
2801 5704 2906 5767 sive
2918 5708 3082 5767 atauus
3098 5701 3558 5767 dicebat_mat_eriam
3567 5711 3806 5767 aitet-tiam

2225 5759 2356 5816 esse
2378 5765 2484 5829 Ejus
2501 5765 2623 5817 liber
2645 5768 2713 5816 sic
2735 5762 3015 5826 incipiebat.
3036 5770 3164 5814 teste
3185 5763 3457 5826 Epiphanio,
3492 5778 3538 5826 [ι.
3561 5760 3675 5810 650;
3703 5759 3821 5806 Erat
