4134 6214
312 318 419 377 585

312 436 409 503 ris,
436 441 492 489 tu
525 445 646 488 eum
676 440 734 486 ut
771 429 1034 485 furentem
1065 425 1306 497 deplora.
1339 424 1579 480 Buseunt
1606 423 1683 477 illi
1705 420 1904 477 habent

311 529 589 592 colorem,
644 523 939 580 demissum
971 518 1343 590 supercilium,
1386 517 1669 573 verborum
1715 514 1897 569 mode-

309 620 465 674 aliam
512 614 803 687 praeferunt
832 632 845 667 :
880 623 934 669 tu
964 613 1084 683 fuge
1128 610 1409 665 illecebras
1432 651 1448 675 ,
1478 621 1533 664 ct
1581 608 1761 678 lupqu
1804 606 1904 661 sub

308 709 428 764 ovis
480 708 621 778 pelle
672 706 939 763 occultum
987 701 1357 774 deprehendo.
1408 701 1698 770 Propterea
1752 700 1897 752 illum

306 801 541 855 maxime
582 799 707 855 odio
742 798 962 861 habeas,
989 797 1111 866 quia
1151 795 1276 849 dum
1321 808 1443 864 erga
1486 804 1537 847 te
1583 806 1900 847 conservum

306 890 453 947 mitis
479 900 530 945 et
559 900 865 944 mansuetus
888 904 1011 944 esse
1028 886 1261 950 videtur,
1285 884 1540 939 adversus
1562 897 1899 937 communem

305 995 546 1041 nostrum
574 985 815 1040 omnium
838 982 1118 1038 Dominum
1155 994 1287 1035 cane
1318 977 1502 1033 rabido
1541 976 1770 1033 ferocior
1794 984 1897 1041 est,

306 1076 641 1149 implacabile
661 1075 863 1132 bellum
892 1082 948 1129 et
974 1072 1217 1143 praelium
1242 1084 1435 1140 gerens
1455 1078 1642 1123 contra
1688 1067 1898 1131 cadum,

303 1177 360 1223 et
385 1176 701 1238 potestatem
740 1164 1025 1236 quamdam
1073 1162 1183 1217 Deo
1230 1174 1531 1231 opponens.
1576 1158 1722 1227 Fuge
1754 1158 1901 1212 virus

303 1258 624 1330 iniquitatis,
656 1257 953 1329 perniciosa
981 1254 1262 1325 pharmaca
1295 1252 1417 1307 odio
1445 1249 1584 1306 habe
1616 1268 1629 1304 :
1661 1259 1715 1303 et
1741 1263 1898 1318 quam

301 1365 333 1405 ι
374 1351 614 1421 patribus
668 1348 916 1419 accepisti
974 1346 1323 1401 hereditatem
1358 1384 1373 1409 ,
1429 1356 1625 1411 nempe
1693 1340 1902 1393 divina-

301 1461 418 1503 rum
446 1443 839 1514 Scripturarum
880 1440 1038 1496 fidem
1054 1450 1213 1508 atque
1240 1435 1537 1491 doctrinam
1558 1473 1573 1497 ,
1606 1432 1743 1485 hanc
1777 1445 1897 1484 cum

302 1537 465 1593 multa
503 1536 713 1592 cautela
746 1535 938 1589 retine.
978 1530 1041 1585 In
1064 1529 1313 1601 principio
1339 1527 1455 1597 fecit
1482 1524 1623 1578 Deus
1648 1523 1829 1577 cwlum
1850 1532 1899 1576 et

299 1639 505 1683 terram.
530 1626 671 1694 Quid
704 1626 809 1681 hoc
833 1623 963 1680 est?
991 1623 1164 1693 primo
1188 1619 1380 1675 cmlum
1414 1658 1427 1681 ,
1459 1627 1639 1687 postea
1662 1614 1900 1670 terram?

298 1720 474 1791 primo
528 1728 724 1774 tectum
756 1758 770 1781 ,
830 1723 1016 1784 postea
1067 1711 1284 1768 solum?
1333 1709 1451 1764 Non
1496 1709 1639 1764 enim
1694 1717 1898 1763 natura:

296 1812 603 1868 necessitati
648 1808 890 1863 subditus
934 1814 1054 1872 est,
1110 1820 1215 1859 nou
1273 1803 1408 1858 artis
1466 1802 1662 1873 regulis
1705 1801 1894 1856 servit.

298 1905 505 1960 Etenim
532 1911 586 1958 et
612 1911 817 1957 natura:
844 1910 899 1955 ct
922 1899 1077 1963 artis,
1104 1907 1158 1953 ct
1178 1912 1357 1952 rerum
1384 1895 1623 1950 omnium
1650 1893 1896 1948 voluntas

300 1998 392 2053 Dei
421 1996 600 2067 opifex
639 1993 937 2063 artifesque
960 2001 1062 2049 est.
1092 1990 1253 2045 Terra
1304 1998 1474 2044 autem
1502 1996 1608 2041 erat
1631 1986 1896 2041 invisibilis

295 2088 718 2157 etiucomposita.
749 2085 857 2141 Cur
905 2085 1095 2140 caelum
1150 2082 1442 2153 perfectum
1471 2080 1744 2149 produxit,
1788 2089 1899 2133 ler-

292 2194 408 2235 ram
458 2188 639 2234 autem
690 2178 941 2248 paulatim
992 2174 1315 2230 fabricatum
1370 2187 1492 2227 eum
1538 2185 1661 2225 esse
1707 2178 1892 2224 narrat

292 2270 543 2343 Moyses?
575 2270 646 2327 Ut
670 2279 949 2341 postquam
993 2267 1045 2321 in
1074 2264 1433 2337 pra'stantiori
1464 2262 1730 2317 elemento
1774 2260 1892 2331 ejus

297 2364 549 2418 virtutem
589 2362 891 2425 didiceras,
936 2358 1135 2413 certior
1171 2356 1328 2411 ﬂeres
1357 2355 1505 2409 illum
1549 2353 1771 2423 perinde
1797 2367 1893 2421 po-

292 2455 459 2510 tuisse
499 2464 693 2509 terram
724 2452 1009 2522 perfectam
1044 2448 1358 2519 producere,
1385 2446 1649 2501 utcmlum
1672 2446 1886 2499 fecerat.

295 2548 401 2605 Sed
434 2558 651 2619 propter
682 2555 733 2601 te
761 2556 813 2599 et
842 2553 1058 2614 propter
1079 2542 1306 2596 salutem
1332 2549 1473 2593 tuam
1494 2553 1599 2592 non
1630 2539 1710 2591 sic
1738 2534 1885 2591 fecit.

290 2640 593 2708 Quomodo,
653 2636 881 2707 inquies,
935 2643 1151 2703 propter
1206 2647 1294 2686 me
1350 2640 1404 2685 et
1444 2638 1659 2699 propter
1714 2641 1887 2682 meam

288 2731 563 2790 salutem?
589 2729 903 2786 Communis
927 2742 1110 2781 mensa
1143 2734 1195 2780 et
1223 2724 1392 2794 patria
1417 2731 1473 2777 et
1501 2722 1677 2776 nutrix
1702 2730 1754 2775 et
1776 2735 1889 2775 ma-

290 2834 372 2881 ter
412 2823 651 2879 omnium
679 2829 764 2876 est
790 2831 949 2880 terra.
983 2818 1111 2873 urbs
1139 2826 1195 2871 et
1246 2814 1550 2883 sepulcrum
1579 2825 1880 2867 commune.

288 2915 495 2971 Etenim
529 2927 755 2980 corpora
795 2918 976 2965 nostra
1019 2923 1087 2962 ex
1116 2907 1228 2976 ipsa
1265 2944 1280 2968 ,
1314 2904 1543 2973 indeque
1569 2902 1886 2973 corporibus

285 3008 484 3065 nostris
511 3006 741 3062 sumitur
756 3004 1090 3067 alimentum,
1122 3000 1176 3054 in
1212 3000 1323 3069 ipsa
1351 2996 1654 3051 habitamus
1679 3005 1733 3051 et
1762 3011 1886 3050 ver-

286 3115 490 3164 samur,
517 3107 571 3154 et
603 3105 725 3169 post
750 3106 975 3151 mortem
1017 3093 1211 3148 iterum
1258 3090 1311 3145 in
1344 3090 1513 3160 ipsam
1544 3086 1881 3143 revertimur.

283 3191 364 3248 Ne
412 3191 592 3262 itaque
631 3204 696 3245 ex
739 3186 1058 3243 necessariis
1106 3183 1291 3239 usibus
1338 3183 1505 3252 ipsam
1555 3180 1671 3250 plus
1722 3195 1881 3250 quam

285 3299 385 3356 par
412 3291 530 3339 erat
575 3281 871 3345 mirareris,
918 3293 1054 3333 neve
1101 3274 1486 3331 beneficiorum
1537 3271 1691 3342 copia
1745 3281 1796 3327 te
1825 3270 1879 3326 in

285 3374 615 3445 impietatem
649 3369 987 3443 pertraheret
1015 3382 1079 3422 ac
1112 3366 1517 3436 supplantaret,
1557 3363 1727 3433 ipsam
1784 3361 1881 3417 tibi

283 3466 433 3537 prius
455 3463 737 3519 informem
766 3471 821 3516 et
846 3457 1255 3528 incompositam
1280 3455 1536 3520 declarat,
1569 3465 1625 3508 ut
1652 3454 1768 3523 ejus
1798 3454 1881 3508 in-

283 3555 531 3609 firmitate
560 3561 868 3623 conspecta,
919 3551 1133 3605 mireris
1188 3563 1309 3604 eum
1365 3546 1453 3617 qui
1506 3545 1774 3615 produxit,
1824 3556 1880 3601 et

282 3647 419 3703 hanc
447 3648 521 3702 illi
570 3654 735 3700 totam
775 3644 1024 3698 virtutem
1078 3641 1290 3705 indidit,
1333 3640 1683 3709 celebresque
1728 3655 1873 3707 eum,

280 3742 370 3810 qui
398 3753 486 3794 res
513 3746 687 3791 tantas
710 3735 776 3790 ad
815 3732 1157 3790 commodum
1208 3741 1450 3787 nostrum
1479 3732 1701 3800 paravit.
1736 3731 1876 3786 Deus

278 3840 457 3887 autem
481 3830 807 3900 glorificatur
832 3844 937 3881 non
970 3825 1131 3880 modo
1187 3840 1281 3894 per
1306 3833 1450 3879 recta
1487 3824 1754 3892 dogmata,
1780 3824 1873 3879 sed

279 3922 443 3979 etiam
473 3935 567 3991 per
596 3920 859 3990 optimum
893 3918 1015 3972 vita:
1061 3916 1366 3971 institutum
1419 3932 1432 3967 :
1476 3914 1667 3968 aneat
1708 3914 1869 3982 enim,

279 4012 472 4084 inquit,
522 4012 613 4066 tua:
654 4020 815 4066 vestra
844 4026 1017 4064 coram
1038 4007 1352 4073 hominibus,
1409 4015 1464 4059 ut
1493 4005 1690 4059 uideant
1719 4020 1876 4075 spera

276 4114 441 4161 uestra
464 4106 624 4171 bona,
651 4115 697 4159 et
722 4103 1003 4177 gloriﬁcent
1030 4100 1239 4156 Patrem
1265 4108 1501 4166 vestrum,
1528 4098 1614 4169 qui
1642 4099 1694 4153 in
1735 4098 1872 4152 ctelis

276 4209 351 4255 est
375 4198 591 4271 (Matth.
615 4198 669 4254 5.
700 4196 812 4269 16).

348 4292 404 4349 ι.
436 4291 675 4347 Flaviani
700 4290 925 4361 episcopi
958 4287 1260 4343 Antiocheni
1284 4285 1484 4339 laudes.
1516 4314 1584 4323 -—
1610 4281 1867 4338 Volebam

278 4386 347 4443 de
375 4386 719 4457 eleemosyna
764 4396 1069 4438 sermonem
1097 4379 1333 4448 adjicere
1362 4394 1374 4428 :
1404 4386 1459 4430 at
1501 4374 1634 4429 mihi
1681 4388 1870 4443 super-

278 4479 442 4534 ﬂuum
463 4493 583 4533 esse
606 4476 815 4531 videtur
841 4490 937 4529 vos
966 4474 1132 4529 verbo
1160 4473 1357 4527 docere
1377 4512 1392 4535 ,
1431 4485 1552 4524 cum
1608 4468 1653 4524 is
1681 4466 1769 4537 qui
1814 4467 1868 4522 in

278 4569 458 4626 medio
482 4566 636 4623 sedet
659 4565 958 4620 communis
1000 4574 1151 4634 pater
1176 4573 1231 4617 et
1269 4561 1459 4617 doctor
1497 4568 1677 4614 noster
1703 4557 1871 4627 possit

277 4676 373 4717 vos
401 4659 653 4730 operibus
678 4667 732 4713 et
778 4656 1031 4724 exemplo
1070 4654 1291 4709 erudire
1313 4695 1329 4719 ,
1359 4652 1447 4722 qui
1480 4666 1541 4706 ac
1581 4651 1624 4704 si
1649 4648 1866 4705 domum

278 4764 551 4823 paternam
580 4750 647 4805 ad
688 4750 788 4805 hoc
818 4748 992 4802 solum
1044 4762 1073 4799 a
1105 4745 1397 4814 majoribus
1449 4742 1763 4811 accepisset,
1812 4750 1869 4797 ut

274 4859 393 4899 eam
423 4842 720 4913 hospitibus
740 4836 1071 4908 excipiendis
1088 4837 1375 4906 preberet,
1400 4833 1477 4888 sic
1504 4848 1623 4886 eam
1653 4848 1868 4903 semper

276 4935 344 4991 iis
373 4934 462 5004 qui
485 4949 579 5003 pro
604 4933 827 4990 veritate
851 4930 1126 5001 pelluntur
1140 4926 1459 4996 recipiendis
1479 4924 1783 4989 destinavit,
1811 4934 1869 4981 nt

276 5044 371 5085 eos
412 5027 658 5081 omnibus
699 5024 873 5080 modis
923 5022 1155 5085 foveret;
1184 5020 1254 5073 ita
1298 5028 1356 5074 ut
1409 5018 1642 5073 nesciam
1681 5027 1862 5072 utrum

275 5133 394 5176 eam
418 5116 555 5187 ejus,
577 5117 643 5170 ad
664 5114 1071 5186 peregrinorum
1099 5112 1316 5167 domum
1343 5108 1613 5179 appellare
1640 5123 1735 5177 par
1760 5110 1863 5176 sit;

276 5211 387 5268 imo
417 5209 594 5281 potius
623 5222 799 5261 annon
825 5221 888 5261 ea
918 5207 1061 5262 illius
1086 5220 1208 5260 esse
1238 5202 1358 5259 ideo
1382 5200 1737 5271 existimanda
1768 5200 1860 5268 sit,

273 5423 402 5467 Dus
419 5417 466 5465 et
487 5412 711 5472 materia,
735 5412 824 5462 tua:
845 5418 891 5463 et
913 5410 1139 5461 latebra.
1173 5410 1376 5459 κει-σίου
1400 5407 1514 5472 duo
1524 5406 1758 5472 principia
1780 5405 1865 5472 ad-

270 5476 514 5533 mittellt,
539 5467 719 5524 bonum
744 5482 796 5524 et
818 5473 1015 5523 malum.
1061 5479 1240 5533 Bonum
1262 5477 1415 5533 Deum
1436 5467 1580 5533 nihil
1596 5467 1864 5533 in_mundo

269 5528 518 5588 creuisse
560 5536 783 5594 dicebat,
824 5535 989 5597 Epiph.
1028 5549 1074 5596 p.
1114 5532 1224 5597 504.
1262 5528 1599 5597 Valentiniani

269 5600 431 5651 munia
453 5589 810 5648 adsumet-ant.
836 5589 979 5660 Paulo
1177 5596 1403 5660 pureum
1429 5589 1604 5660 [tabent
1624 5590 1711 5660 illi
1734 5590 1864 5660 colo-

270 5674 406 5720 rem;
430 5661 522 5711 hoc
542 5669 619 5709 est
640 5661 835 5716 flavum,
863 5652 1087 5721 pallidum
1130 5656 1246 5707 hfl'd
1288 5656 1466 5721 inSIar:
1495 5652 1587 5703 hoc
1605 5654 1779 5721 dicitur
1796 5652 1863 5705 de

272 5725 331 5773 lis
354 5717 436 5785 qui
469 5723 713 5785 simulate,
740 5729 789 5771 et
813 5717 1007 5785 ttgalim
1040 5717 1441 5773 circumveniant,
1480 5718 1857 5767 maccratioucm

272 5792 325 5837 st
345 5780 573 5847 pallidum
596 5782 785 5837 vultum
809 5783 1051 5834 atl'ectaut.

1541 307 1603 369 ΙΝ
1646 307 1936 366 GENESIM
1967 306 2197 365 Sillim)
2235 309 2298 366 il.

3494 326 3601 383 εἰεί

2012 427 2138 491 quia
2168 422 2569 494 peregrinorum
2589 438 2691 484 est.
2724 430 2930 486 Etenim
2947 430 3229 491 facultates
3252 443 3448 492 nostra
3472 450 3604 493 tune

2013 517 2243 569 maxime
2272 526 2469 571 nostra:
2492 518 2643 586 fiunt,
2672 520 2886 590 quando
2913 536 3019 577 non
3046 523 3221 588 nobis,
3239 523 3334 579 sed
3354 529 3605 596 pauperi—

2012 605 2111 660 bus
2137 622 2228 663 eas
2259 609 2595 678 possidemus
2623 621 2678 667 et
2696 614 3088 683 dispensamus.
3119 614 3399 683 Quomodo
3420 629 3599 673 autem

2013 696 2113 752 hoc
2139 699 2229 764 sit,
2259 714 2359 771 ego
2386 700 2583 755 dicam.
2615 704 2671 759 Si
2718 704 2784 760 ad
2822 704 3098 761 dexteram
3130 708 3378 777 pauperis
3405 724 3599 778 argen-

2011 798 2122 845 tum
2153 791 2411 862 depunas,
2448 811 2555 850 non
2600 799 2927 869 syc0pbauta
2962 800 3183 868 invadit,
3231 817 3336 856 non
3390 802 3600 856 invidus

2008 882 2198 937 oculus
2226 886 2462 955 respicit,
2496 903 2601 942 non
2632 888 2737 955 fur,
2771 906 2873 944 non
2915 892 3173 961 parietum
3206 893 3430 948 ell'ossor
3459 895 3601 948 altri-

2009 974 2104 1045 pit,
2139 990 2245 1029 non
2287 992 2477 1033 servus
2506 994 2572 1035 eo
2606 981 2786 1037 ablato
2810 981 2987 1053 fugam
3018 983 3179 1039 facit:
3215 1002 3335 1040 nam
3368 987 3454 1040 illa
3511 1006 3603 1055 pi.»

2008 1083 2109 1121 nus
2148 1084 2273 1125 vere
2301 1072 2508 1143 asylum
2547 1082 2651 1128 est.
2691 1073 2749 1129 Si
2792 1085 2970 1130 autem
3002 1076 3147 1132 domi
3176 1077 3439 1145 defudias,
3469 1078 3600 1142 furi,

2008 1174 2280 1216 murorum
2308 1162 2573 1231 etlossori,
2594 1165 2795 1233 invido,
2822 1168 3185 1237 sycophantas,
3212 1184 3388 1234 servo,
3413 1179 3466 1225 et
3488 1172 3599 1224 eui-

2008 1252 2137 1306 libet
2179 1256 2433 1323 perniciei
2491 1272 2679 1312 aurum
2727 1267 2873 1314 tuum
2924 1262 3213 1316 obnoxium
3258 1263 3406 1318 facis.
3443 1263 3597 1333 Saepe

2006 1345 2218 1412 accidit,
2253 1355 2309 1401 ut
2330 1348 2509 1416 januis
2538 1358 2593 1403 et
2623 1352 2864 1406 vectibus
2908 1354 3093 1409 multis
3119 1356 3383 1424 oppositis
3410 1365 3596 1411 extero

2004 1450 2193 1490 norum
2242 1438 2434 1492 damna
2482 1442 2723 1510 pecunia:
2776 1444 3015 1508 vilarinl,
3066 1444 3160 1499 sed
3216 1447 3593 1515 penuariorum

2004 1544 2194 1584 manus
2227 1546 2331 1585 non
2360 1532 2676 1603 effugerint,
2709 1536 2837 1605 ipsis
2868 1551 2989 1591 cum
3016 1539 3242 1607 pecunia
3275 1539 3595 1610 aufugicnti-

2004 1622 2122 1677 bus.
2160 1622 2320 1679 Vides
2369 1633 2493 1680 tunc
2524 1641 2623 1682 nos
2664 1643 2790 1683 vere
2827 1627 3138 1685 facultatum
3170 1641 3469 1686 nostrarum
3499 1631 3597 1686 du-

2003 1716 2177 1770 minos
2206 1731 2346 1782 esse,
2369 1732 2490 1772 cum
2521 1733 2614 1773 eas
2643 1718 2784 1789 apud
2832 1735 3093 1791 pauperes
3121 1721 3460 1792 deponimus.
3486 1723 3592 1779 Ne-

2002 1822 2103 1875 que
2130 1808 2388 1862 custodia:
2407 1809 2581 1864 solum
2606 1811 2773 1879 gratia
2798 1810 2883 1865 hic
2907 1812 3235 1867 tutiorlocus
3262 1821 3365 1879 est,
3399 1812 3491 1868 sed
3510 1824 3594 1869 est

2000 1898 2159 1952 etiam
2206 1899 2424 1968 majoris
2454 1899 2584 1954 lucri
2630 1910 2684 1954 et
2721 1910 3013 1970 proventus
3051 1917 3230 1957 causa.
3262 1902 3392 1957 Nam
3419 1904 3462 1957 si
3493 1906 3593 1957 ho-

2000 1989 2132 2043 mini
2180 1988 2489 2056 ftenereris,
2521 1992 2871 2045 centesimam
2899 1993 3135 2062 accipis:
3185 1993 3228 2047 si
3272 2002 3450 2048 autem
3482 1994 3592 2049 Deo

1999 2095 2094 2150 per
2118 2095 2403 2151 pauperem
2456 2080 2762 2148 fmtiereris,
2791 2084 2902 2152 jam
2934 2100 3040 2139 non
3083 2085 3460 2148 centesimam.
3492 2088 3587 2142 sed

1996 2171 2303 2240 centuplum
2332 2172 2585 2241 accipies.
2618 2172 2673 2228 Si
2696 2173 2749 2227 in
2780 2174 2939 2229 feraci
2980 2190 3129 2229 seras
3159 2190 3287 2246 agro
3308 2217 3322 2238 ,
3365 2185 3417 2231 et
3443 2176 3584 2243 larga

1997 2276 2153 2332 seges
2180 2261 2362 2327 fuerit,
2394 2261 2682 2332 decuplum
2706 2265 2930 2319 seminis
2954 2265 2969 2295 ¹
3013 2262 3255 2331 referas;
3287 2266 3331 2320 si
3370 2267 3421 2319 in
3453 2268 3589 2322 czelo

1996 2370 2166 2421 seras,
2211 2365 2493 2426 postquam
2537 2359 2852 2427 centuplum
2910 2360 3203 2427 acceperis,
3238 2360 3398 2412 vitam
3426 2360 3586 2413 etiam

1995 2454 2272 2516 aeternam,
2303 2462 2641 2520 perpetuam,
2674 2450 3031 2506 immortalem
3051 2450 3370 2520 possidebis.
3404 2450 3471 2506 Et
3501 2449 3588 2507 hic

1994 2540 2211 2611 quidem
2253 2541 2455 2596 multus
2483 2543 2636 2598 labor
2674 2544 2739 2597 iis
2779 2540 3087 2598 subeundus
3127 2551 3210 2596 est
3246 2543 3332 2612 qui
3383 2542 3585 2597 semina

1989 2632 2236 2702 jaciunt;
2271 2634 2382 2688 illic
2409 2650 2540 2689 vero
2580 2636 2697 2689 sine
2748 2644 2949 2697 aratro,
2992 2633 3183 2697 bobus,
3216 2634 3485 2704 agricolis,
3532 2645 3587 2689 et

1990 2726 2207 2796 reliquis
2233 2724 2525 2792 laboribus,
2550 2726 2693 2795 jacta
2720 2726 2923 2781 semina
2943 2725 3233 2795 pullulant;
3257 2740 3361 2780 non
3385 2736 3570 2792 :estus,

1991 2832 2097 2872 non
2126 2817 2318 2887 pluvias
2342 2818 2543 2884 nimia‘,
2567 2834 2674 2873 non
2708 2833 2893 2883 eruca,
2923 2818 3005 2872 vel
3052 2818 3280 2888 grando,
3315 2816 3397 2871 vel
3430 2818 3577 2873 locu-

1988 2918 2193 2963 starum
2222 2924 2435 2980 agmen,
2462 2909 2548 2965 vel
2598 2909 2882 2965 ﬂuviorum
2914 2909 3291 2965 inundationes
3317 2951 3331 2975 ,
3362 2909 3447 2965 vel
3476 2926 3583 2965 ca:-

1990 3011 2101 3058 tera
2143 3001 2448 3072 hujusmodi
2492 3002 2778 3057 metuenda
2808 3010 2933 3056 sunt
2981 3002 3219 3067 serenti;
3248 3000 3342 3056 sed
3367 3017 3485 3073 qua:
3509 3001 3579 3056 ibi

1981 3093 2124 3163 jacta
2152 3103 2279 3147 sunt
2317 3094 2545 3159 semina,
2571 3093 2703 3148 nulli
2734 3092 2989 3163 perniciei
3015 3100 3140 3148 sunt
3167 3092 3415 3148 obnoxia.
3445 3092 3578 3147 Cum

1986 3183 2146 3255 igitur
2173 3200 2272 3240 nec
2301 3185 2453 3239 labor
2477 3227 2493 3253 ,
2519 3200 2617 3241 nec
2644 3185 2960 3255 periculum,
2992 3200 3090 3241 nec
3118 3183 3372 3256 suSpicio,
3406 3200 3579 3255 neque

1979 3274 2187 3346 jactura
2209 3277 2474 3347 quaepiam
2506 3275 2681 3342 adsit;
2711 3276 2804 3332 sed
2829 3276 2976 3345 jacto
3000 3275 3206 3331 semine
3234 3275 3393 3346 longe
3422 3275 3576 3347 plura

1984 3379 2292 3435 nascantur,
2340 3377 2395 3423 et
2450 3377 2593 3423 tanta
2644 3369 2769 3424 hinc
2821 3368 3079 3438 pullulent
3121 3367 3284 3434 bona,
3340 3366 3465 3433 Qui:
3489 3386 3577 3421 nec

1982 3461 2160 3516 oculus
2200 3462 2359 3528 vidit,
2398 3477 2488 3515 nec
2531 3462 2671 3515 auris
2719 3459 2936 3523 audivit,
2982 3476 3072 3512 nec
3120 3459 3171 3513 in
3208 3474 3297 3512 cor
3351 3459 3571 3513 hominis

1981 3554 2316 3609 ascenderunt
2348 3555 2426 3625 (1.
2456 3552 2574 3608 Cur.
2604 3554 2659 3608 2.
2702 3554 2757 3624 9)
2796 3571 2809 3607 :
2839 3568 3017 3607 annon
3068 3562 3323 3608 extrema:
3352 3551 3575 3622 ignavia:

1984 3645 2160 3711 fuerit,
2201 3645 2395 3701 relicto
2440 3646 2669 3715 majore,
2704 3644 2754 3699 id
2784 3644 2927 3715 quod
2982 3645 3160 3699 minus
3189 3654 3271 3699 est
3301 3644 3570 3714 persequi,

1979 3748 2127 3794 eteo
2169 3738 2312 3806 quod
2366 3746 2539 3793 tutum
2571 3747 2688 3793 erat
2740 3738 2984 3801 deserto,
3042 3736 3267 3801 incerta,
3322 3736 3572 3805 periculis

1980 3830 2156 3898 plena,
2186 3838 2241 3883 et
2267 3826 2572 3882 infortuniis
2601 3828 2787 3882 multis
2828 3826 3059 3881 obnoxia
3087 3827 3278 3882 adire?
3302 3828 3432 3893 Qua:
3474 3844 3569 3882 no-

1978 3920 2061 3976 bis
2087 3920 2239 3975 venia
2268 3918 2323 3974 id
2350 3919 2653 3990 agentibus,
2695 3934 2815 3989 qua:
2851 3920 3171 3974 excusatio?
3196 3919 3567 3991 Paupertatem

1976 4012 2317 4068 obtendimus
2365 4030 2378 4067 :
2419 4020 2475 4065 at
2522 4012 2872 4083 pauperiores
2900 4026 3007 4066 non
3051 4026 3237 4067 sumus
3265 4011 3424 4066 vidua
3455 4011 3567 4078 illa,
3598 4066 3611 4101 ρ

1974 4123 2094 4178 quas
2117 4122 2240 4162 cum
2267 4106 2375 4161 duo
2414 4105 2590 4160 solum
2622 4106 2831 4161 minuta
2884 4104 3130 4172 haberet,
3161 4104 3276 4160 haec
3322 4104 3567 4176 deposuit

1976 4198 2126 4271 (Luc.
2152 4197 2245 4252 2|.
2274 4198 2366 4268 3).
2400 4196 2552 4252 Illius
2581 4197 2766 4267 itaque
2810 4195 3025 4252 divitias
3068 4196 3403 4258 aemulemur,
3448 4197 3568 4251 imi-

1976 4302 2150 4347 temur
2169 4290 2429 4362 propositi
2459 4288 2911 4361 magniﬁcentiam
2935 4330 2950 4351 ,
2980 4298 3037 4343 ut
3063 4288 3296 4357 reposita
3320 4288 3395 4342 illi
3423 4288 3561 4343 bona

1972 4398 2407 4454 consequamur:
2437 4399 2557 4454 quae.
2610 4396 2709 4436 nos
2750 4395 2939 4437 omnes
2979 4379 3205 4450 adipisci
3256 4381 3555 4449 contingat,

1970 4476 2139 4548 gratia
2170 4483 2224 4530 et
2246 4474 2574 4546 benignitate
2604 4472 2816 4528 Domini
2844 4471 3013 4528 nostri
3036 4470 3165 4528 Jesu
3189 4469 3411 4538 Christi,
3440 4486 3562 4527 eum

1971 4583 2077 4639 quo
2114 4567 2278 4634 Patri,
2330 4566 2599 4637 simulque
2640 4576 2831 4621 sancto
2860 4563 3105 4634 Spiritui,
3156 4562 3348 4634 gloria,
3396 4562 3567 4634 impe-

1970 4664 2327 4731 rinm,ltonor,
2356 4677 2497 4719 nunc
2516 4670 2571 4718 et
2594 4676 2707 4718 sem
2718 4675 2828 4731 per,
2850 4669 2905 4715 ct
2921 4660 2973 4713 in
2995 4656 3195 4714 saecula
3215 4657 3559 4713 saeculorum.

1970 4758 2163 4815 Amen.

2599 4864 2826 4922 SERMO
2863 4864 2925 4920 11.

1970 4981 2072 5037 Cur
2100 4982 2151 5035 in
2174 4982 2281 5036 sole
2310 4990 2357 5033 et
2384 4980 2505 5032 lima
2532 4988 2577 5032 et
2604 4978 2728 5031 calo
2748 4988 2795 5032 et
2824 4977 2945 5031 aliis
2971 4977 3154 5030 dixerit
3183 4990 3201 5028 :
3232 4975 3366 5037 Fiat,
3392 4975 3444 5027 in
3467 4975 3559 5026 Ιωο

2040 5074 2176 5126 miue
2222 5081 2410 5134 autem,
2458 5069 2773 5135 Faciamus;
2818 5080 2867 5124 et
2893 5069 3139 5139 quidnam
3181 5068 3245 5122 sit
3290 5066 3441 5132 illud,
3473 5066 3555 5120 Ad

2042 5167 2326 5235 imaginem
2358 5163 2509 5235 (Gen.
2546 5164 2598 5218 1.
2622 5163 2675 5218 5.
2706 5163 2759 5220 6.
2788 5162 2859 5217 26
2880 5161 2923 5235 ).

2045 5282 2097 5335 1.
2138 5278 2224 5333 Vis
2254 5277 2501 5333 orationis
2547 5274 2809 5329 Ecclesia.
2837 5303 2906 5314 —
2934 5270 3199 5341 Numquid
3238 5272 3559 5326 meministis

1969 5373 2345 5445 qumstionum,
2378 5384 2500 5441 qua:
2544 5367 2696 5422 vobis
2746 5380 2917 5436 nuper
2951 5374 3076 5419 sunt
3120 5364 3451 5434 prepositze?
3498 5363 3553 5419 In

1971 5475 2171 5521 tantam
2226 5464 2371 5520 enim
2398 5460 2754 5533 arrogantiam
2779 5467 2834 5515 et
2859 5456 3133 5513 audaciam
3174 5473 3273 5513 nos
3313 5458 3559 5529 provexi-

1968 5562 2086 5628 stis,
2119 5568 2177 5615 ut
2200 5559 2525 5631 quaestiones
2551 5552 2820 5627 intrepide
2847 5552 3222 5626 aggrediamur
3253 5568 3268 5605 :
3303 5552 3410 5607 imo
3454 5564 3555 5605 nec

1970 5654 2208 5711 audacia
2238 5667 2339 5708 nec
2364 5649 2692 5723 arrogantia:
2718 5648 2771 5703 id
2802 5646 3009 5703 facinus
3034 5654 3138 5701 est.
3168 5643 3286 5702 Non
3316 5642 3459 5703 enim
3481 5641 3553 5697 vi-

2039 5777 2053 5807 '
2091 5781 2230 5837 Reg,
2248 5767 2503 5833 da‘ttplttm
2518 5763 2731 5830 seminis,
2745 5763 2822 5816 vel
2847 5762 2915 5817 bis
2937 5760 3191 5827 αεσιφιιογκ
