4164 6224
555 354 657 413 587

561 472 710 528 ribus
735 465 932 523 nostris
957 459 1287 518 confidentes
1311 496 1325 520 ,
1359 452 1455 507 sed
1482 450 1779 506 antistitum
1805 443 2058 519 precibus
2077 451 2142 495 ac

560 563 749 621 vestris
792 555 971 614 omnia
997 551 1393 610 committentes
1419 545 1484 600 ad
1510 543 1742 600 stadium
1773 554 1873 595 nos
1903 534 2143 593 accinxi-

558 672 696 713 mus.
723 653 892 708 Tanta
921 662 1086 718 porro
1114 646 1194 700 vis
1222 650 1303 699 est
1332 655 1552 713 precum
1584 635 1840 693 Ecclesite
1865 675 1878 699 ,
1912 639 1973 687 ut
2020 629 2144 684 licet

556 747 724 820 magis
746 743 877 800 muti
903 756 1063 814 quam
1108 737 1312 808 lapides
1339 747 1603 798 essemus,
1639 723 2030 820 pcnnaquavis
2069 721 2146 776 le-

559 817 765 897 viorem
788 837 1024 907 linguam
1060 839 1298 887 nostram
1329 826 1588 884 efﬁciant.
1619 821 1751 877 Nam
1791 819 1928 874 sicut
1952 817 2004 871 in
2034 826 2147 868 me-

555 935 642 990 dia
670 929 792 987 navi
822 927 1064 985 incidens
1083 924 1198 980 vela
1224 919 1491 991 zephyrus
1522 914 1711 986 sagitta
1739 909 1972 966 velocius
1992 919 2144 977 cym-

567 1028 688 1082 bam
718 1029 996 1095 promovet
1029 1039 1044 1076 :
1072 1019 1148 1075 sic
1183 1025 1238 1072 et
1283 1017 1335 1069 in
1389 1013 1622 1083 linguam
1650 1003 1876 1062 dicentis
1905 1000 2144 1056 incidens

559 1118 732 1175 oratio
763 1113 1040 1179 Ecclesiae,
1069 1104 1438 1164 vehementius
1463 1117 1619 1173 quam
1648 1097 1914 1168 zephyrus
1936 1105 2145 1149 sermo-

564 1225 688 1266 nem
715 1213 1012 1280 promovet.
1046 1202 1333 1270 PrOpterea
1381 1211 1480 1250 nos
1510 1192 1670 1248 etiam
1701 1187 1937 1280 quotidie
1967 1183 2144 1280 confi-

561 1273 750 1356 denter
797 1295 864 1352 ad
923 1301 1192 1350 certamen
1232 1303 1330 1344 nos
1384 1283 1730 1354 accingimus.
1782 1279 1838 1334 Si
1895 1276 2037 1332 enim
2092 1273 2144 1328 in

555 1391 795 1449 externis
845 1385 1222 1444 certaminibus
1252 1379 1515 1452 quispiam
1547 1417 1562 1443 ,
1593 1375 1678 1430 cui
1709 1373 1895 1429 decem
1941 1377 2146 1424 tantum

557 1492 650 1540 aut
671 1481 852 1554 viginti
881 1478 1079 1534 fuerint
1107 1475 1261 1530 amici
1291 1474 1341 1528 in
1391 1480 1545 1526 tanto
1567 1467 1781 1540 p0pulo,
1828 1464 2072 1520 alacriter
2093 1462 2145 1515 in

558 1593 776 1634 arenam
803 1572 1077 1631 descendit
1109 1588 1122 1625 :
1153 1569 1320 1624 multo
1347 1566 1514 1637 magis
1538 1578 1657 1630 nos,
1708 1561 1798 1632 qui
1827 1573 1932 1614 non
1960 1557 2146 1612 decem

559 1679 649 1725 aut
677 1667 884 1740 viginti,
942 1663 1036 1720 sed
1069 1670 1238 1718 totum
1267 1659 1535 1715 theatrum
1582 1669 1648 1710 ex
1689 1651 1938 1708 fratribus
1985 1647 2150 1719 patri-

558 1763 764 1830 basque
814 1756 1102 1814 conﬂatum
1145 1751 1421 1814 habemus,
1453 1745 1785 1804 confidenter
1827 1743 1880 1799 id
1907 1754 2144 1812 agemus.

560 1851 794 1909 Tametsi
815 1851 868 1904 in
894 1849 1136 1904 externis
1151 1841 1535 1901 certaminibus
1552 1853 1658 1894 non
1683 1837 1909 1892 multum
1935 1832 2151 1904 prodest

561 1943 779 1999 athleta:
830 1938 1057 1996 certanti
1115 1944 1403 2007 spectator,
1451 1931 1550 1987 nisi
1602 1927 1740 1984 forte
1767 1936 1827 1983 ut
1855 1926 2051 1982 clamet
2097 1932 2151 1978 et

561 2032 745 2092 laudet
795 2047 915 2103 quas
960 2037 1240 2102 geruntur,
1285 2035 1338 2082 et
1382 2026 1435 2080 in
1479 2021 1741 2094 superiori
1794 2019 1911 2074 loco
1958 2015 2152 2072 sedens

562 2143 682 2183 cum
738 2124 844 2180 illis
887 2121 1196 2184 contendat,
1241 2118 1331 2189 qui
1369 2113 1739 2172 contradicunt
1771 2129 1784 2166 :
1814 2109 1867 2164 in
1922 2107 2150 2162 stadium

561 2234 688 2275 vero
733 2213 1079 2280 descendere,
1113 2222 1434 2280 manumque
1462 2207 1753 2278 porrigere,
1781 2202 1868 2258 vel
1896 2201 2151 2257 adversa-

560 2310 624 2366 rii
673 2307 862 2382 pedem
917 2305 1162 2369 trahere,
1213 2301 1299 2357 vel
1349 2297 1494 2354 aliud
1546 2293 1810 2367 ejusmodi
1879 2289 2151 2363 quidpiam

560 2418 742 2474 agere,
773 2399 992 2455 minime
1020 2396 1164 2452 licet.
1215 2394 1318 2462 Qui
1361 2392 1505 2448 enim
1549 2389 1616 2445 ab
1665 2387 1815 2443 initio
1859 2383 2151 2441 certamina

560 2495 653 2551 illa
677 2493 1087 2553 constituerunt,
1117 2487 1288 2543 acutis
1331 2485 1464 2556 palis
1493 2481 1705 2546 defixis,
1738 2494 1802 2534 ac
1851 2477 2064 2532 funibus
2093 2476 2146 2529 in

560 2601 750 2658 gyrum
775 2581 1011 2638 extensis
1040 2586 1404 2650 spectatorum
1452 2573 1714 2629 insaniam
1758 2578 1962 2625 arcent.
2015 2567 2152 2634 Quid

565 2691 695 2730 vero
720 2675 938 2739 mirum,
971 2671 1015 2726 si
1044 2668 1373 2726 descendere
1397 2663 1682 2736 spectatori
1711 2679 1816 2717 non
1851 2662 1996 2726 licet,
2030 2675 2150 2715 cum

567 2777 622 2824 et
648 2769 914 2838 palaestra:
959 2762 1274 2833 magistrum
1298 2758 1521 2830 jubeant
1546 2757 1674 2811 foris
1701 2753 1978 2810 sedentem
2001 2751 2149 2820 juxta

567 2871 786 2912 arenam
814 2897 829 2920 ,
885 2869 914 2908 a
966 2853 1123 2923 longe
1173 2849 1502 2906 certantibus
1545 2846 1803 2902 doctrina:
1852 2844 2150 2900 subsidium

562 2949 828 3022 praebere,
855 2962 1021 3020 prope
1061 2960 1192 3001 vero
1221 2959 1326 2999 non
1355 2942 1534 2998 sinant
1560 2938 1854 2996 accedere?
1900 2937 1998 2992 llic
2027 2951 2156 2992 vero

562 3060 670 3100 non
701 3043 772 3098 ita
821 3041 913 3106 fit;
946 3037 1042 3096 sed
1071 3047 1127 3095 et
1167 3036 1373 3093 doctori
1403 3044 1456 3091 et
1494 3031 1782 3105 spcctatori
1813 3030 1938 3087 licet
1961 3030 2028 3085 ad
2059 3044 2155 3085 nos

562 3134 915 3201 descendere,
967 3140 1128 3204 atque
1157 3130 1349 3187 affectu
1393 3143 1557 3200 prope
1597 3126 1830 3191 adstare,
1879 3124 2156 3196 precibus-

564 3245 668 3302 quc
695 3229 837 3284 vires
858 3225 1076 3282 addere.
1115 3226 1226 3296 Age
1252 3238 1383 3294 ergo
1413 3235 1564 3277 more
1589 3220 1910 3276 athletarum
1943 3217 2154 3274 illorum

564 3318 938 3392 aggrediamur
990 3317 1302 3374 certamina.
1335 3314 1607 3386 Siquidem
1654 3312 1731 3367 illi
1762 3326 1881 3367 cum
1922 3325 1982 3366 se
2023 3310 2156 3365 invi-

564 3429 681 3471 cem
712 3412 918 3469 medios
946 3409 1351 3482 prehenderint,
1403 3423 1467 3464 ac
1519 3409 1571 3463 vi
1599 3421 1832 3462 nexuum
1862 3404 2060 3460 fuerint
2089 3402 2156 3459 ad

564 3507 1002 3562 circumstantem
1053 3518 1114 3558 se
1155 3505 1285 3558 foris
1315 3501 1523 3557 turbam
1571 3498 1786 3570 impulsi
1815 3507 2035 3568 propter
2061 3511 2157 3551 an-

569 3599 776 3670 gustias
806 3596 931 3666 loci,
985 3597 1208 3652 nexibus
1256 3595 1448 3650 solutis
1499 3594 1564 3649 ad
1617 3592 1928 3649 certaminis
1976 3591 2154 3647 locum

537 3705 752 3745 rursus
774 3698 1117 3745 revertuntur
1151 3687 1382 3743 :deindc
1414 3686 1696 3742 redeuntes
1725 3699 1831 3739 non
1861 3684 1994 3740 recti
2025 3697 2157 3738 con-

563 3782 878 3856 grediuntur
906 3795 1113 3849 rursus,
1133 3796 1319 3836 verum
1340 3779 1393 3834 in
1420 3777 1669 3835 eumdem
1697 3793 1755 3833 se
1777 3792 2008 3833 nexuum
2037 3792 2155 3832 mo-

564 3873 690 3928 dum
717 3881 1022 3944 statumque
1051 3873 1357 3940 restituunt,
1389 3872 1440 3926 in
1466 3888 1571 3942 quo
1615 3879 1772 3926 antea
1808 3879 1932 3925 sunt
1975 3869 2153 3924 divisi.

565 3963 791 4032 Quando
821 3962 982 4034 igitur
1009 3978 1106 4018 nos
1133 3977 1346 4034 quoque
1386 3977 1689 4018 sermonem
1720 3961 1998 4017 absolvere
2053 3960 2156 4015 loci

565 4055 810 4128 angustia
840 4055 1036 4126 coegit,
1065 4069 1162 4126 age
1199 4055 1267 4109 ad
1317 4055 1488 4124 ipsum
1516 4054 1692 4109 locum
1734 4052 2042 4108 certaminis
2069 4067 2157 4106 re-

565 4157 880 4214 vertentes,
942 4163 1112 4202 nexus
1168 4148 1235 4203 ab
1289 4148 1354 4201 iis
1403 4162 1522 4217 qum
1576 4145 1834 4202 hodierno
1863 4147 1950 4203 die
2005 4145 2158 4203 nobis

564 4249 692 4296 sunt
714 4242 849 4296 lecta
875 4239 1162 4295 solvamus.
1202 4238 1269 4293 Et
1291 4241 1417 4294 dixit
1445 4239 1582 4294 Deus
1611 4283 1626 4306 ,
1663 4241 1852 4312 inquit,
1883 4241 2160 4297 Faciamus

567 4333 820 4388 hominem
881 4331 950 4385 ad
1024 4331 1296 4402 imaginem
1360 4343 1408 4384 et
1473 4331 1857 4388 similitudinem
1934 4343 2161 4389 nostram

569 4423 724 4494 (Gen.
753 4424 806 4480 t.
834 4423 951 4494 25).

638 4515 744 4570 Cur
786 4514 927 4570 Deus
974 4515 1190 4582 dixerit,
1246 4514 1524 4569 Faciamus
1555 4515 1848 4584 hominem,
1892 4534 2014 4586 non,
2043 4517 2161 4574 Fiat

569 4606 751 4663 homo.
769 4637 839 4647 -—-
857 4605 933 4679 (a)
952 4606 1128 4663 Unum
1157 4606 1260 4661 hoc
1288 4606 1517 4676 primum
1544 4610 1768 4677 quaesitu
1796 4608 2034 4680 dignum,
2067 4627 2160 4668 cur

571 4695 806 4763 tandem,
834 4711 956 4752 cum
985 4698 1173 4752 caelum
1202 4695 1373 4762 ﬁeret,
1404 4711 1663 4768 nusquam
1689 4698 1885 4754 dictum
1917 4702 2018 4768 sit,
2053 4701 2162 4757 Fa-

566 4790 780 4855 ciamus,
810 4786 923 4854 sed,
958 4787 1078 4843 Fiat
1102 4788 1303 4854 cwlum,
1329 4787 1449 4843 Fiat
1475 4788 1586 4855 lux,
1613 4797 1773 4862 atque
1801 4790 1872 4846 ita
1899 4793 1953 4847 in
1982 4793 2161 4864 singu-

569 4881 636 4935 lis
663 4888 1028 4935 creaturarum
1071 4877 1391 4950 generibus:
1436 4877 1524 4935 hic
1565 4895 1692 4936 vero
1720 4881 1891 4938 solum
1922 4883 2159 4939 additum

565 4973 637 5028 sit
663 4971 813 5040 illud,
839 4971 1134 5039 Faciamus,
1158 4979 1213 5027 et
1233 4972 1515 5029 consilium
1537 4988 1602 5028 ac
1627 4972 1944 5032 deliberatio
1964 4986 2164 5034 etcum

567 5066 745 5123 altero
759 5069 1011 5139 quopiam
1031 5067 1248 5123 honoris
1271 5077 1520 5124 consorte
1537 5069 1948 5129 communicatio
1964 5071 1987 5125 ?
2003 5073 2162 5142 Quis-

571 5173 696 5214 nam
726 5159 882 5230 igitur
910 5160 1000 5216 ille
1043 5159 1255 5217 tandem
1287 5170 1369 5216 est
1392 5162 1486 5232 qui
1509 5161 1773 5218 creandas
1792 5205 1807 5230 ,
1837 5164 1926 5219 cui
1955 5174 2158 5220 tantum

571 5250 791 5308 honoris
817 5251 1131 5309 deferatur?
1155 5252 1326 5309 Homo
1354 5263 1437 5310 est
1459 5293 1476 5323 ,
1507 5269 1755 5325 magnum
1797 5255 1925 5310 illud
1963 5255 2162 5310 animal

561 5341 990 5411 ctadmirabile,
1019 5343 1269 5415 quodque
1292 5345 1442 5401 omni
1455 5354 1698 5401 creatura
1723 5346 2061 5415 praestantius
2080 5355 2165 5402 est

571 5433 713 5504 apud
743 5433 949 5504 Deum,
972 5445 1190 5508 propter
1227 5453 1388 5508 quem
1413 5438 1602 5493 celum
1647 5446 1702 5494 et
1730 5447 1872 5495 terra
1915 5449 1968 5497 et
2017 5455 2164 5495 mare

570 5539 636 5580 ac
672 5525 935 5597 reliquum
979 5541 1139 5584 omne
1187 5537 1448 5584 creatura:
1485 5543 1676 5600 corpus
1723 5538 1807 5586 est
1848 5531 2159 5588 conditum:

636 5656 715 5721 (a)
731 5657 814 5708 tis
835 5671 1034 5721 morsus
1056 5661 1232 5712 similia
1246 5663 1398 5714 habet
1412 5671 1546 5714 Itum.
1570 5667 1601 5714 8
1624 5667 1672 5715 in
1693 5668 1943 5728 Genesim,
1963 5668 2056 5718 col.
2080 5669 2159 5731 70,

574 5719 672 5764 imo
699 5732 786 5764 uer
819 5729 966 5764 totam
994 5736 1123 5764 neno.
1155 5725 1419 5764 llnmilinm_
1463 5732 1510 5764 In
1535 5730 1857 5764 ςρηιιρηοίιιιις
1888 5732 2032 5764 otium
2066 5745 2159 5764 smn

577 5725 672 5766 imo
699 5732 786 5778 per
819 5729 966 5769 totam
994 5736 1123 5796 pene
1155 5725 1420 5794 ttomiliam.
1463 5732 1512 5775 In
1534 5730 1858 5791 sequentibus
1888 5725 2034 5782 etiam
2066 5725 2164 5785 non

577 5790 724 5838 pauca
744 5779 1020 5843 hujusanodr
1038 5797 1280 5847 reperies.

1322 337 1377 395 S.
1417 332 1694 392 JOANNIS
1719 321 2193 387 CHRYSOSTOMI
2235 319 2552 378 ARCIIIEP.
2591 321 3123 380 CONSTANTINOP.

3735 327 3856 384 588

2249 437 2430 504 homo,
2459 438 2610 509 cujus
2630 439 2700 494 ita
2732 440 2871 496 Deus
2898 441 3122 498 salutem
3148 442 3434 513 adamavit,
3458 454 3517 502 ut
3547 463 3616 505 ne
3644 450 3846 521 Uuigc'o

2247 529 2360 586 nito
2398 530 2613 602 quidem
2641 546 2742 588 suo
2769 542 2986 603 propter
3013 549 3135 589 eum
3168 545 3446 604 parceret:
3493 553 3670 608 neque
3695 545 3846 596 enim

2246 620 2424 675 omnia
2461 631 2718 692 praestare
2755 623 3036 694 molirique
3084 623 3306 691 destitit,
3352 625 3528 683 donec
3571 628 3626 684 in
3673 630 3858 684 altum-

2247 721 2487 768 evectum
2518 713 2571 768 in
2604 727 2698 770 sua
2723 714 2943 772 dextera
2985 715 3284 772 collocavit.
3317 718 3604 774 Enimvero
3643 719 3854 777 clamat

2249 803 2302 860 id
2329 805 2524 861 Paulus
2548 806 2772 864 dicens:
2799 808 3218 866 Conrcsuscitavit
3241 820 3292 866 et
3315 812 3585 867 consedere
3607 816 3725 885 fecit
3749 832 3848 872 nos

2249 897 2304 950 in
2327 898 2604 953 ccclestibus
2629 900 2683 954 in
2721 900 2920 955 Christo
2944 901 3070 956 Iesu
3103 901 3320 975 (Ephes.
3346 904 3402 959 9..
3435 905 3513 974 6).
3545 905 3843 976 Propterea

2249 988 2534 1045 consilium
2566 997 2621 1045 ct
2648 989 2962 1046 deliberatio
2990 1001 3043 1048 et
3070 995 3516 1063 communicatio,
3557 1012 3666 1052 non
3697 999 3844 1068 quod

2250 1077 2482 1148 indigeat
2525 1080 2749 1135 consilio
2807 1082 2986 1150 Deus;
3036 1082 3176 1139 absit
3209 1103 3224 1139 :
3253 1085 3348 1141 sed
3393 1086 3508 1156 ipsa
3553 1089 3845 1146 verborum

2251 1171 2417 1241 figura
2455 1187 2564 1242 pra:
2601 1188 2661 1228 se
2707 1173 2813 1230 fert
2854 1174 3135 1244 honorem,
3175 1178 3267 1249 qui
3298 1181 3537 1236 nascenti
3581 1181 3841 1239 defertur.

2251 1261 2350 1329 Qui
2410 1263 2472 1318 tit
2516 1273 2692 1320 autem
2719 1304 2736 1331 ,
2790 1265 2931 1322 dicet
2993 1267 3222 1339 aliquis,
3283 1271 3330 1326 si
3381 1275 3718 1344 prtestantior
3759 1284 3852 1331 est.

2253 1362 2365 1410 toto
2403 1356 2622 1424 mundo,
2656 1367 2715 1413 ut
2751 1369 2875 1429 post
2914 1361 3172 1417 mundum
3200 1364 3569 1434 producatur?
3613 1368 3695 1424 0b
3739 1368 3846 1426 hoc

2251 1448 2424 1519 ipsum
2470 1450 2754 1520 nimirum,
2794 1454 2937 1523 quod
2966 1455 3166 1512 mundo
3208 1459 3549 1526 praestantior
3586 1461 3675 1516 sit.
3707 1462 3860 1520 Nam"

2252 1540 2699 1610 quemadmodum
2723 1544 3028 1614 ingressum
3058 1547 3109 1602 in
3138 1547 3327 1606 urbem
3349 1553 3635 1622 quamdam
3666 1554 3844 1626 lmpeo

2252 1638 2430 1687 ratore
2449 1672 2466 1700 ,
2513 1632 2711 1702 duces,
2739 1635 2976 1705 praefecti
2998 1679 3014 1706 ,
3045 1639 3333 1707 satellites,
3362 1655 3656 1715 omnesque
3699 1648 3862 1703 servi-

2253 1722 2594 1792 przccedunt,
2625 1733 2684 1780 ut
2712 1727 2907 1796 palatio
2942 1730 3222 1798 adornato,
3260 1742 3316 1788 et
3351 1735 3496 1790 omni
3537 1736 3644 1791 alio
3685 1739 3846 1793 mini-

2255 1815 2419 1870 sterio
2457 1827 2790 1888 praeparato,
2834 1836 3028 1892 magno
3063 1838 3185 1879 cum
3228 1824 3434 1882 honore
3460 1826 3860 1898 Imperatorem.

2255 1909 2522 1978 excipiant
2562 1926 2576 1963 :
2609 1911 2686 1966 sic
2713 1913 2962 1970 nimirum
2993 1923 3046 1971 ct
3076 1917 3194 1985 hic,
3237 1921 3388 1988 quasi
3424 1922 3843 1980 introduoendus

2255 2013 2350 2054 rex
2381 2007 2558 2068 esset,
2590 2002 2669 2057 sol
2711 2007 2985 2073 prmcessit
3010 2048 3024 2070 ,
3053 2008 3240 2063 caelum
3285 2015 3632 2079 prmcucurrit
3654 2057 3669 2079 ,
3700 2016 3843 2084 prius

2255 2089 2554 2160 ingressum
2575 2102 2659 2149 est
2678 2093 2877 2160 lumen,
2905 2107 3082 2154 creata
3109 2110 3232 2154 sunt
3254 2105 3432 2156 omnia
3457 2115 3510 2158 et
3538 2105 3797 2160 adornata
3826 2147 3842 2173 ,

2259 2190 2476 2254 tumque
2503 2185 2674 2241 multo
2699 2201 2819 2242 cum
2849 2189 3051 2247 honore
3077 2191 3240 2247 homo
3271 2194 3626 2251 introducitur
3649 2200 3747 2268 (a).

2338 2274 2541 2347 Vocem,
2568 2276 2848 2335 Faciamus
2871 2323 2887 2351 ,
2915 2282 3151 2350 discutit,
3193 2295 3246 2338 ut
3283 2289 3350 2339 ad
3381 2286 3708 2359 Unigenitum
3755 2291 3854 2346 Dei

2257 2367 2423 2437 ﬁlium
2460 2373 2834 2441 agnoscendum
2887 2375 3051 2430 hostes
3089 2378 3308 2434 veritatis
3341 2381 3580 2434 adducat.
3617 2382 3846 2437 Anthro-

2259 2466 2607 2534 pOmorpht'tas
2648 2468 2924 2540 redarguit.
2944 2499 3014 2510 —-
3053 2470 3326 2527 Faciamus
3353 2473 3607 2528 hominem
3627 2476 3697 2528 ad
3719 2477 3846 2530 inta-

2259 2552 2442 2623 ginem.
2489 2555 2684 2613 Audiat
2730 2558 2966 2616 Judacus.
3013 2561 3092 2616 Ad
3123 2577 3282 2632 quem
3311 2563 3438 2620 dicit
3467 2565 3628 2632 Deus,
3660 2565 3849 2621 Facia-

2260 2663 2372 2702 mus
2389 2649 2416 2701 ?
2431 2649 2594 2706 Mosis
2620 2661 2743 2707 sunt
2769 2652 2958 2719 literze,
2989 2653 3170 2724 Musis,
3199 2658 3286 2712 cui
3313 2671 3372 2713 se
3394 2658 3619 2714 credere
3641 2660 3843 2726 dicunt.

2259 2748 2313 2794 et
2353 2741 2704 2798 mentiuntur.
2751 2745 2820 2800 Ut
2861 2746 3003 2802 enim
3043 2750 3183 2803 scias
3222 2749 3340 2805 illos
3381 2751 3594 2807 mentiri
3640 2761 3695 2807 et
3742 2767 3856 2806 non.

2259 2835 2498 2901 credere,
2525 2835 2795 2894 Christum
2826 2841 2945 2898 illos
2973 2843 3379 2900 convi-ncentern
3406 2844 3553 2910 audi,
3574 2861 3639 2900 ac
3667 2845 3850 2900 dicen-

2262 2938 2368 2984 tem
2397 2947 2412 2984 :
2455 2929 2518 2986 Si
2541 2933 2807 2986 crederetis
2836 2931 3036 3006 Moysi,
3065 2937 3334 2991 crederetis
3357 2947 3402 2991 et
3433 2938 3557 2992 mihi
3582 2937 3760 3009 (lacn.
3793 2941 3846 2995 5.

2259 3021 2373 3090 46).
2404 3021 2522 3077 Jam
2551 3037 2680 3079 vero
2707 3025 2848 3096 apud
2875 3026 2995 3082 illos
3019 3029 3236 3098 quidem
3260 3040 3382 3085 sunt
3411 3030 3556 3099 libri,
3582 3033 3724 3102 apud
3753 3049 3852 3090 nos

2259 3124 2436 3172 autem
2488 3120 2747 3175 librorum
2796 3121 3282 3196 thesauruszapud
3326 3125 3661 3194 illoslitcmz,
3710 3130 3858 3200 apud

2260 3227 2360 3268 nos
2407 3223 2460 3269 et
2498 3213 2688 3281 litem,
2734 3222 2792 3270 et
2831 3217 3133 3271 sententias.
3171 3217 3253 3272 Ad
3293 3233 3450 3288 quem
3499 3221 3662 3290 igitur
3699 3221 3856 3289 dicit,

2261 3302 2538 3359 Faciamus
2563 3305 2857 3361 hominem?
2883 3307 2963 3362 Ad
2991 3307 3236 3378 angelum
3257 3351 3271 3375 ,
3304 3309 3508 3380 inquit,
3538 3311 3622 3367 vel
3650 3313 3722 3367 ad
3759 3329 3849 3368 ar-

2261 3395 2575 3466 changelum
2619 3398 2934 3468 simpliciter
2977 3399 3136 3455 verba
3185 3400 3332 3456 facit.
3367 3401 3438 3458 Ut
3475 3405 3620 3459 enim
3659 3406 3859 3460 verbe-

2261 3501 2421 3544 rones
2450 3487 2660 3554 famuli,
2693 3489 2820 3545 dum
2847 3491 2916 3546 ab
2946 3490 3090 3548 heris
3130 3503 3481 3562 accusantur,
3515 3508 3617 3550 nec
3651 3497 3856 3552 habent

2261 3583 2402 3652 quod
2429 3583 2507 3637 eis
2535 3592 2718 3652 aperte
2747 3584 3124 3655 respondeant,
3155 3585 3410 3657 quidquid
3436 3587 3488 3641 in
3515 3588 3743 3643 buccam
3761 3605 3853 3645 vero

2261 3675 2402 3729 nerit
2430 3673 2740 3744 proferunt:
2772 3676 2849 3730 sic
2872 3684 2926 3731 et
2966 3691 3060 3732 vos
3086 3677 3152 3731 ad
3191 3675 3437 3748 angelum
3466 3685 3523 3734 et
3560 3680 3860 3752 archange-

2262 3767 2370 3822 lum
2402 3765 2517 3822 hzec
2554 3781 2676 3823 esse
2711 3768 2850 3823 dicta
2893 3769 3068 3824 vultis.
3098 3768 3266 3836 Quem
3310 3770 3522 3825 tandem
3559 3773 3854 3842 angelum?

2261 3875 2420 3931 quem
2437 3860 2848 3933 archangelum?
2867 3861 3048 3932 Neque
3063 3865 3206 3918 enim
3223 3864 3529 3935 angelorum
3547 3873 3628 3920 est
3642 3879 3852 3934 creare,

2264 3967 2440 4022 neque
2465 3953 2911 4024 archangelorum
2953 3955 3068 4012 haec
3093 3959 3323 4026 operari.
3368 3960 3546 4024 Quare
3571 3971 3699 4015 vero
3726 3974 3860 4014 cum

2262 4045 2452 4099 escium
2481 4044 2701 4115 quidem
2727 4045 3000 4114 conderet,
3034 4061 3143 4103 non
3171 4048 3306 4104 dixit
3329 4051 3518 4120 angelo
3545 4059 3600 4106 et
3623 4048 3856 4107 archan-

2263 4137 2402 4207 geio,
2432 4136 2527 4192 sed
2557 4152 2657 4207 per
2679 4153 2740 4194 se
2767 4138 2913 4194 illum
2937 4140 3223 4211 produxit:
3253 4157 3374 4198 cum
3404 4157 3535 4199 vero
3556 4144 3690 4199 casio
3717 4155 3856 4200 toto»

2263 4243 2368 4298 que
2409 4229 2608 4284 mundo
2639 4233 2980 4299 praestantius
3019 4235 3217 4289 animal
3262 4235 3512 4305 produxit
3537 4236 3856 4306 hominem,

2267 4328 2377 4374 tum
2403 4335 2594 4377 servos
2622 4322 2723 4377 sibi
2750 4325 2925 4380 socios
2950 4326 3238 4382 creationis
3263 4328 3554 4384 adsciscit?

2334 4413 2392 4467 2.
2430 4415 2545 4470 Νοη
2589 4416 2662 4470 ita
2693 4426 2804 4485 est,
2839 4419 2995 4489 plane
3025 4436 3130 4475 non
3155 4422 3227 4476 ita
3256 4429 3375 4488 est;
3409 4423 3607 4494 quippe
3633 4428 3858 4496 angelo.

2265 4521 2384 4562 rum
2420 4517 2504 4564 est
2544 4510 2817 4578 assistere,
2859 4527 2965 4568 non
3015 4528 3234 4571 creare:
3283 4515 3731 4586 archangelorum
3775 4529 3866 4575 est

2265 4599 2589 4669 ministrare,
2619 4618 2726 4658 non
2748 4605 3060 4685 participem
3084 4621 3205 4664 esse
3233 4612 3513 4667 sententia:
3543 4620 3598 4667 et
3619 4614 3858 4669 consilii.

2265 4690 2405 4746 Audi
2431 4692 2559 4762 quid
2594 4693 2663 4750 de
2700 4697 2984 4752 virtutibus
3025 4698 3342 4769 Seraphim,
3384 4718 3502 4773 qua
3523 4703 3861 4775 archangelis

2265 4793 2390 4839 sunt
2417 4786 2690 4856 celsiores,
2722 4787 2863 4844 dicat
2894 4791 3054 4846 lsaias
3097 4809 3110 4846 :
3144 4791 3261 4847 Vidi
3291 4792 3568 4862 Dominam
3605 4798 3866 4852 sedentem

2265 4891 2420 4947 super
2442 4878 2627 4932 solium
2655 4880 2905 4936 excelsum
2931 4892 2978 4936 et
3005 4884 3271 4953 eleuatum,
3303 4896 3353 4941 et
3378 4887 3656 4957 Seraphin:
3677 4890 3862 4944 adsta-

2267 4970 2389 5025 bant
2413 4971 2465 5025 in
2485 4973 2699 5026 circuitu
2727 4975 2838 5043 ejus
2860 4991 2879 5028 :
2902 4989 2991 5030 sea:
3013 4976 3113 5030 ala!
3135 4979 3244 5044 uni,
3277 4989 3324 5034 et
3349 4995 3436 5035 sex
3463 4983 3567 5034 alar
3595 4981 3786 5047 alteri;
3812 4993 3864 5037 et

2267 5064 2462 5120 duabus
2486 5068 2685 5136 quidem
2703 5069 2798 5122 alis
2815 5070 3101 5140 aperiebant
3127 5071 3282 5141 facies
3304 5089 3426 5130 suas
3441 5074 3596 5146 (1εαί.
3622 5077 3674 5132 ϐ.
3706 5079 3756 5131 1.
3777 5079 3859 5148 ‘2),

2268 5166 2327 5213 ut
2351 5156 2555 5214 scilicet
2593 5159 2780 5215 oculos
2805 5175 2930 5215 suos
2957 5162 3264 5230 munirent,
3295 5169 3437 5237 quod
3463 5169 3798 5223 exsilientem
3831 5185 3866 5226 c

2267 5250 2403 5305 solio
2430 5249 2688 5322 fulgorem
2733 5252 3001 5308 sustinere
3028 5266 3132 5309 non
3161 5265 3400 5326 possent.
3429 5259 3568 5327 Quid
3611 5259 3732 5313 ais?
3759 5259 3863 5314 8e-

2268 5344 2477 5415 raphim
2503 5344 2737 5410 adstant,
2766 5354 2820 5400 ct
2842 5353 2984 5400 tanta
3015 5357 3139 5402 sunt
3169 5349 3520 5406 admiratione
3550 5366 3614 5405 ac
3641 5359 3865 5420 stupore

2269 5446 2535 5509 correpta,
2559 5437 2717 5508 idque
2738 5452 2860 5494 cum
2889 5438 2983 5494 Dei
3004 5440 3218 5497 videant
3245 5442 3625 5514 indulgentiam
3649 5463 3663 5513 ;
3685 5447 3863 5516 angeli

2270 5543 2398 5585 vero
2444 5537 2499 5586 et
2544 5530 2752 5586 consilii
2796 5543 2919 5588 sunt
2968 5533 3255 5604 participes
3280 5573 3296 5601 ,
3347 5536 3865 5608 consultationisque

2340 5794 2410 5857 (a)
2433 5791 2557 5851 Vide
2582 5791 2790 5843 similem
2813 5795 3106 5844 sententiam
3139 5802 3270 5845 Hom.
3297 5795 3327 5846 8
3351 5797 3400 5847 in
3422 5802 3540 5846 Gen.
