4164 6224
446 451 732 500 consortes
750 444 775 496 ἲ
801 441 858 497 ld
889 439 1031 495 nullo
1057 433 1217 492 modo
1249 442 1332 490 est
1373 432 1568 491 rationi
1595 440 2034 489 consentaneum.

451 536 558 592 Sed
585 535 706 605 quis
744 534 837 587 ille
861 540 942 587 est
970 529 1033 583 ad
1061 541 1219 599 quem
1259 525 1407 591 dicit,
1440 524 1712 578 Faciamus
1750 519 2048 576 hominem?

454 624 818 687 Admirabilis,
843 619 1194 683 consiliarius,
1209 626 1422 688 potens,
1442 617 1577 670 Dens
1601 614 1771 680 fortis,
1799 613 2047 683 princeps

456 717 620 788 pacis,
652 728 805 785 pater
830 712 988 767 futuri
1022 710 1203 765 saeculi
1236 707 1389 778 (Isai.
1419 706 1472 761 9.
1497 705 1576 776 6),
1611 706 1726 776 ipse
1755 714 1839 762 est
1865 702 2046 771 unige-

456 812 599 865 nitus
622 809 713 862 Dei
744 807 927 861 Filius.
961 804 1037 859 Ad
1061 820 1179 859 eum
1203 801 1365 874 igitur
1389 801 1552 864 dicit,
1584 798 1858 852 Faciamus
1883 794 2047 849 homi-

451 920 570 957 nem
589 900 658 954 ad
673 900 941 968 imaginem
964 908 1008 950 et
1030 893 1412 949 similitudinem
1438 901 1681 946 nostram.
1704 888 1885 960 Neque
1902 887 2046 943 enim

452 997 585 1052 dixit
615 1010 787 1050 meam
819 1003 873 1048 ct
902 1002 1043 1046 tuam
1065 1032 1078 1051 ,
1106 989 1191 1044 vel
1219 1003 1393 1043 meam
1422 995 1477 1041 et
1506 994 1735 1040 vestram
1757 1024 1772 1049 ,
1804 980 1901 1037 sed
1921 1023 1937 1048 ,
1966 980 2046 1034 Ad

452 1088 723 1159 imaginem
749 1095 973 1138 nostram
994 1124 1009 1148 ,
1036 1080 1278 1134 indicans
1304 1077 1590 1148 imaginem
1622 1089 1781 1129 unam
1810 1081 1866 1127 et
1884 1087 2045 1126 unam

443 1178 852 1235 similitudinem
880 1195 893 1229 :
921 1184 975 1228 at
1016 1174 1107 1228 Dei
1149 1181 1203 1227 et
1236 1171 1544 1241 angelorum
1588 1182 1693 1222 una
1732 1166 1909 1236 imago
1938 1179 2044 1218 non

451 1280 568 1336 est,
597 1284 772 1340 neque
799 1282 902 1321 una
932 1263 1246 1320 similitudo.
1279 1262 1379 1330 Qui
1413 1260 1556 1316 enim
1588 1268 1772 1330 posset
1808 1272 1910 1311 una
1944 1256 2047 1310 Do.

448 1362 582 1419 mini
609 1369 663 1416 et
690 1360 1010 1415 famulorum
1047 1370 1169 1412 esse
1208 1356 1381 1425 imago
1418 1366 1473 1407 et
1499 1350 1837 1407 similitudo?
1868 1349 2046 1418 Itaque

442 1453 597 1507 omni
630 1467 693 1507 ex
726 1460 887 1521 parte
922 1447 1258 1503 convincitur
1310 1445 1427 1499 falsi
1473 1458 1652 1498 sermo
1679 1450 1895 1496 vester:
1922 1454 2043 1493 nam

444 1546 758 1601 dominatus
783 1543 1066 1614 imaginem
1099 1541 1184 1595 hic
1212 1539 1494 1609 significat,
1524 1545 1580 1589 ut
1610 1536 1808 1590 indicat
1828 1532 2045 1603 etquod

452 1640 710 1709 sequitur.
761 1636 897 1691 Cum
930 1634 1074 1689 enim
1115 1632 1372 1696 dixisset,
1403 1629 1483 1683 Ad
1516 1628 1783 1698 imaginem
1822 1635 1869 1680 et
1901 1625 2044 1680 simi-

452 1730 755 1791 litudinem,
810 1725 1002 1794 adjecit
1048 1741 1061 1777 :
1124 1722 1190 1776 Et
1244 1721 1566 1775 dominentur
1619 1719 1836 1790 piscibus
1890 1717 2044 1769 maris

453 1820 604 1889 (Gen.
648 1825 699 1873 i.
732 1817 880 1888 26):
918 1815 1221 1870 dominatus
1260 1821 1437 1867 autem
1486 1811 1578 1865 Dei
1628 1820 1682 1864 et
1730 1808 2042 1878 angelorqu

453 1928 593 1967 unus
614 1926 732 1967 esse
772 1910 973 1980 nequit.
1006 1907 1286 1978 Quomodo
1326 1907 1470 1961 etrim
1513 1920 1631 1961 esse
1661 1912 1878 1974 posset,
1920 1917 2040 1957 cum

454 2020 590 2059 unus
645 2016 923 2057 servorum
979 2001 1048 2055 sit
1111 2008 1165 2054 et
1218 1998 1352 2053 alter
1403 1995 1661 2061 Domini,
1721 1994 2039 2049 famulorum

453 2111 590 2151 unus
627 2104 679 2151 et
720 2094 857 2148 alter
892 2090 1235 2163 imperantis?
1264 2088 1369 2144 Sed
1401 2098 1456 2143 et
1489 2087 1576 2142 alii
1616 2085 1830 2157 quidam
1856 2099 2042 2139 rursus

439 2188 505 2241 in
544 2200 641 2241 nos
677 2186 954 2255 insurgunt
981 2183 1221 2238 dicentes
1244 2222 1258 2247 ,
1289 2181 1456 2235 Deum
1480 2179 1640 2233 talem
1684 2176 1882 2231 habere
1907 2176 2041 2229 ima-

444 2279 627 2348 ginem
676 2274 886 2345 qualem
935 2282 991 2329 et
1038 2287 1174 2338 nos,
1218 2271 1357 2325 male
1399 2269 1754 2338 intelngentes
1785 2265 1924 2336 quod
1962 2266 2043 2319 di-

446 2377 595 2422 ctum
640 2375 743 2422 est.
784 2364 968 2436 Neque
1009 2364 1152 2419 enim
1185 2360 1495 2417 substantia:
1537 2358 1671 2413 dixit
1722 2358 2035 2427 imaginem,

444 2459 544 2513 sed
592 2457 897 2512 dominatus
954 2454 1278 2524 imaginem,
1328 2462 1391 2506 ut
1452 2466 1516 2507 ex
1576 2450 1639 2504 iis
1694 2464 1814 2520 qua:
1847 2448 2041 2505 deinde

449 2551 809 2622 adjiciuntur,
862 2548 1225 2603 ostendemus.
1281 2543 1352 2600 Ut
1406 2543 1548 2598 enim
1613 2542 1751 2596 scias
1808 2540 2038 2594 humana

452 2644 620 2698 forma
662 2640 942 2713 prmditum
970 2654 1078 2693 non
1117 2652 1237 2693 esse
1273 2634 1503 2701 Numen,
1544 2632 1668 2687 audi
1702 2631 1923 2687 Paulum
1960 2631 2041 2686 di-

446 2745 658 2791 centem
692 2752 705 2788 :
746 2730 835 2786 Vir
858 2728 1060 2802 quidem
1100 2744 1201 2782 non
1231 2726 1372 2781 debet
1409 2723 1565 2779 velari
1589 2763 1605 2790 ,
1631 2738 1744 2776 cum
1781 2722 1846 2776 sit
1870 2721 2039 2790 imago

447 2839 494 2882 et
512 2828 673 2899 gloria
694 2824 786 2879 Dei
806 2842 823 2877 :
849 2823 1029 2878 mulier
1049 2830 1215 2875 autem
1236 2819 1399 2891 gloria
1420 2818 1513 2872 viri
1533 2826 1604 2870 est
1628 2814 1701 2888 (l.
1720 2813 1838 2870 Cor.
1859 2815 1947 2869 il.
1961 2815 2034 2885 7):

451 2928 715 2989 propterea
762 2917 937 2979 debet,
988 2914 1189 2983 inquit,
1241 2910 1404 2964 velum
1450 2908 1632 2962 habere
1679 2923 1836 2975 supra
1886 2915 2039 2977 caput

454 3012 613 3084 (ibid.
654 3027 702 3064 υ.
735 3006 845 3081 10).
886 3006 1169 3061 Enimvero
1194 3003 1237 3057 si
1278 3001 1383 3056 hoc
1405 3001 1524 3054 loco
1549 2999 1830 3068 imaginem
1858 2996 1908 3051 id
1940 3012 2037 3067 ap-

452 3102 686 3172 pellavit,
718 3098 978 3169 mqualem
1008 3095 1202 3149 divina:
1229 3092 1375 3147 omni
1406 3106 1471 3146 ex
1501 3100 1652 3160 parte
1678 3089 1863 3143 forma:
1892 3087 2041 3143 simi-

450 3192 730 3248 litudinem
766 3188 1091 3259 signiﬁcans,
1135 3193 1194 3241 et
1233 3184 1434 3239 idcirco
1479 3182 1572 3237 Dei
1616 3181 1790 3252 imago
1818 3188 2040 3235 vocatur

448 3284 774 3354 homo,quia
800 3283 937 3337 Deus
958 3279 1057 3334 hoc
1074 3286 1229 3349 pacto
1250 3277 1503 3347 figuratus
1526 3282 1644 3329 est:
1675 3273 1829 3345 igitur
1849 3287 2039 3328 secun-

449 3377 575 3433 dum
603 3376 721 3431 illos
747 3389 852 3429 non
881 3371 1049 3427 virum
1079 3378 1285 3423 tantum
1304 3367 1370 3421 ad
1398 3366 1683 3436 imaginem
1711 3364 1907 3419 factum
1933 3363 2036 3419 dici

448 3469 750 3541 oportebat,
775 3440 869 3521 sed
892 3464 1052 3520 etiam
1081 3461 1381 3516 mulierem.
1400 3457 1638 3512 Mulieris
1665 3457 1808 3511 enim
1832 3455 2039 3526 virique

450 3564 616 3633 ligura
646 3568 700 3615 et
728 3558 894 3612 forma
920 3562 975 3610 et
1000 3551 1293 3607 similitudo
1319 3558 1401 3604 est
1427 3564 1551 3603 una.
1585 3547 1755 3613 Quam
1784 3547 1944 3618 igitur
1968 3546 2038 3601 ob

449 3670 666 3709 causam
692 3654 866 3719 imago
893 3649 986 3702 Dei
1012 3647 1093 3700 vir
1120 3645 1335 3709 dicitur,
1364 3641 1561 3695 mulier
1580 3655 1708 3695 vero
1735 3655 1839 3694 non
1866 3639 1991 3694 item
2014 3638 2038 3692 2

448 3747 582 3813 Quia
610 3743 862 3798 nimirum
886 3753 991 3792 non
1020 3737 1087 3791 de
1117 3734 1348 3805 imagine
1376 3731 1703 3787 mentionem
1730 3730 1890 3795 facit,
1919 3744 2038 3798 qua:

450 3839 505 3893 in
534 3837 702 3891 forma
742 3833 843 3888 sita
882 3830 972 3895 sit,
999 3827 1093 3883 sed
1122 3826 1191 3881 de
1226 3823 1455 3894 imagine
1493 3836 1613 3891 qua:
1654 3820 1709 3875 in
1739 3819 2034 3882 dominatu,

449 3943 605 4001 quam
632 3925 779 3980 solus
804 3922 968 3977 homo
994 3916 1176 3985 habet,
1209 3929 1316 3970 non
1341 3922 1519 3968 autem
1548 3910 1760 3967 mulier.
1789 3909 1921 3964 Nam
1953 3907 2038 3962 hic

449 4000 664 4092 quidem
693 4012 892 4071 nemini
914 4009 1155 4067 subditus
1182 4013 1293 4069 est,
1324 4005 1411 4059 illa
1442 4004 1566 4058 huic
1593 4000 1825 4067 subdita,
1855 4015 2039 4070 quem-

448 4111 735 4169 admodum
792 4106 962 4177 inquit
1003 4104 1192 4158 Deus:
1247 4099 1329 4153 Ad
1382 4097 1546 4151 virum
1587 4105 1728 4171 tuum
1783 4094 2038 4148 conversio

451 4216 571 4272 tua,
616 4214 662 4259 et
704 4204 812 4273 ipse
852 4199 925 4253 tui
966 4194 1307 4250 dominabitur
1336 4189 1508 4261 (Gen.
1560 4190 1612 4244 5.
1661 4184 1790 4258 16).
1836 4185 2038 4240 Idcirco

453 4299 545 4353 liei
580 4296 793 4367 quidem
837 4294 1011 4361 imago
1053 4298 1135 4345 est
1186 4290 1287 4350 vir,
1339 4285 1460 4355 quia
1509 4282 1875 4339 sublimiorem
1920 4279 2039 4335 nul-

451 4394 558 4447 lum
591 4388 789 4454 habet,
818 4381 1266 4457 quemadmodum
1298 4380 1406 4433 Deo
1430 4376 1711 4432 sublimior
1730 4381 1813 4429 est
1839 4373 2036 4439 nullus,

450 4485 546 4542 sed
596 4483 843 4537 omnibus
888 4479 1233 4533 dominatur:
1292 4471 1488 4527 mulier
1540 4483 1669 4524 vero
1716 4466 1882 4538 gloria
1933 4465 2038 4520 viri

450 4586 570 4639 est,
624 4573 745 4642 quia
800 4570 914 4623 viro
965 4567 1202 4635 subjecta
1258 4572 1357 4619 est.
1401 4562 1467 4616 Et
1512 4559 1636 4615 alibi
1691 4572 1880 4613 rursus
1917 4555 2035 4612 ait:

454 4666 575 4721 Non
629 4662 863 4717 debemus
909 4659 1156 4714 malimare
1200 4670 1355 4720 auro,
1402 4661 1489 4706 aut
1535 4660 1776 4720 argento,
1823 4657 1909 4702 aut
1956 4648 2036 4702 la-

452 4758 593 4829 pidi,
645 4754 722 4809 vel
763 4751 1038 4821 sculptura:
1072 4749 1227 4812 artis,
1275 4754 1365 4798 aut
1419 4743 1736 4813 cogitationis
1781 4740 2035 4806 hominis,

456 4848 779 4903 vicinitatem
822 4858 927 4898 esse
966 4840 1179 4895 similem
1226 4837 1359 4908 (Act.
1392 4832 1615 4905 “.16).
1660 4832 1811 4901 Quod
1858 4842 2037 4887 autem

453 4940 603 5004 dicit,
635 4940 771 4992 hanc
801 4931 1121 4991 sententiam
1148 4928 1307 4983 habet
1334 4948 1346 4981 :
1378 4941 1483 4979 non
1512 4924 1671 4979 modo
1699 4924 1893 4994 figuras
1921 4938 2039 4993 qua:

456 5038 744 5087 cernuntur
767 5029 975 5084 excedit
1002 5024 1232 5087 Numen,
1262 5018 1356 5074 sed
1384 5034 1557 5088 neque
1579 5032 1731 5072 mens
1757 5016 2040 5071 ellormare

457 5126 562 5181 tale
588 5120 835 5193 quiddam
861 5126 1033 5190 potest
1057 5160 1071 5185 ,
1102 5114 1275 5186 qualis
1300 5119 1383 5167 est
1409 5112 1568 5166 Deus.
1594 5110 1693 5177 Qui
1722 5109 1835 5164 ﬁcri
1867 5118 2037 5180 potest

455 5231 605 5287 ergo,
629 5223 685 5268 ut
716 5212 944 5268 hominis
971 5210 1192 5278 ﬁgurant
1224 5205 1418 5261 habeat
1451 5203 1612 5267 Deus,
1643 5216 1764 5256 cum
1796 5216 1861 5256 ne
1891 5217 2040 5256 men-

457 5322 562 5366 tem
591 5306 805 5380 quidem
834 5304 998 5359 ullam
1023 5318 1177 5373 posse
1216 5303 1358 5357 dicat
1392 5300 1589 5356 Paulus
1627 5296 1914 5353 essentiam
1948 5296 2038 5350 Dei

455 5400 596 5471 apud
639 5415 699 5456 se
746 5396 1066 5471 cogitatione
1114 5393 1441 5449 informare?
1484 5389 1760 5460 Siquidem
1817 5387 2039 5441 formam

457 5503 693 5549 nostram
719 5506 781 5546 ac
809 5492 1027 5560 ﬁguram
1053 5499 1240 5541 omnes
1264 5484 1400 5553 apud
1430 5498 1526 5538 nos
1548 5480 1869 5551 cogitatione
1891 5477 2043 5533 facile

456 5585 724 5659 possimus
753 5582 1060 5639 informare.
1108 5580 1315 5634 Rursus
1356 5576 1423 5633 de
1461 5576 1802 5645 elecmosyna
1842 5586 2043 5626 sermo-

456 5693 579 5734 nem
608 5675 803 5731 infcrrc
825 5682 1134 5737 statueram,
1166 5668 1260 5725 sed
1290 5669 1443 5724 nobis
1471 5677 1681 5733 tempus
1712 5663 1763 5718 id
1793 5678 1898 5718 non
1925 5678 2044 5732 pcr-

457 5768 655 5825 mittit:
707 5772 1022 5844 quapropter
1074 5761 1232 5816 finem
1279 5760 1365 5816 hic
1409 5756 1620 5816 dicendi
1664 5754 1942 5820 faciamus,
1997 5754 2041 5809 si

1682 314 1750 374 IN
1786 312 2081 373 GENESIM
2121 310 2348 369 SERMO
2384 311 2472 369 111.

3650 320 3755 378 590

2156 428 2303 498 prius
2331 426 2401 483 ad
2439 426 2568 482 illud
2612 441 2708 483 vos
2736 429 2997 485 cohortati
3043 428 3324 499 fuerimus,
3368 440 3424 487 ut
3462 431 3716 503 diligente
3747 451 3770 485 r

2155 519 2333 574 omnia
2359 534 2479 590 qum
2500 518 2641 575 dicta
2662 531 2786 576 sunt
2810 522 3083 576 memoria:
3109 521 3390 589 mandetis,
3420 523 3749 593 multamque

2157 622 2316 666 rectae
2341 614 2763 669 conversationis
2781 628 2963 668 curam
2988 614 3205 684 geratis,
3241 629 3310 668 ne
3337 614 3528 669 frustra
3559 624 3613 670 et
3633 616 3750 670 sine
3771 662 3783 683 ι

2156 704 2330 758 fructu
2370 704 2623 759 collectas
2665 720 2905 775 agamus.
2956 706 3210 773 Quamvis
3251 707 3393 760 enim
3439 694 3780 777 dogmatum:

2155 796 2526 851 rectitudinem
2555 811 2937 853 conservemus
2959 840 2974 865 ,
3006 799 3111 853 nisi
3141 813 3362 868 aperum
3390 800 3560 853 virtus
3596 768 3768 891 δορα-³

2152 887 2279 955 dat,
2325 889 2543 943 omnino
2588 905 2619 944 a
2662 890 2766 944 vita
2806 899 3002 945 aeterna
3056 892 3383 947 excidemus.
3436 891 3557 946 Non
3606 893 3749 947 enim

2155 980 2339 1044 omnis,
2368 980 2571 1050 inquit,
2597 981 2684 1050 qui
2704 981 2825 1034 dicit
2845 982 2988 1048 mihi,
3017 979 3250 1047 Domine,
3276 981 3516 1050 Domine,
3540 983 3746 1036 intrabit

2152 1070 2206 1123 in
2248 1086 2457 1142 regnum
2497 1072 2735 1125 actorum
2756 1086 2777 1127 :
2812 1071 2902 1126 sed
2944 1074 3033 1141 qui
3075 1073 3196 1143 facit
3240 1074 3548 1128 voluntatem
3574 1072 3748 1128 Patris

2152 1163 2283 1227 mei,
2310 1163 2398 1233 qui
2422 1172 2494 1217 est
2518 1163 2570 1216 in
2600 1164 2736 1218 aclis
2758 1163 2970 1235 (Matth.
2995 1164 3047 1220 7.
3072 1163 3190 1236 2i).
3216 1163 3559 1219 Voluntatcm
3588 1164 3748 1235 igitur

2154 1253 2248 1308 Dei
2279 1270 2398 1308 cum
2438 1254 2585 1309 omni
2614 1255 2792 1310 studio
2828 1255 3116 1318 faciamus,
3146 1263 3206 1309 ut
3232 1256 3284 1309 in
3312 1255 3474 1310 caelos
3503 1254 3704 1311 intrare
3729 1296 3748 1321 ,

2152 1359 2215 1399 ac
2240 1344 2375 1398 bona
2406 1360 2524 1415 quae
2552 1354 2845 1416 praeparata
2874 1354 2999 1400 sunt
3028 1345 3125 1412 iis,
3155 1347 3244 1416 qui
3289 1347 3455 1401 Deum
3483 1346 3746 1416 diligunt,

2152 1438 2372 1508 adipisci
2400 1438 2667 1508 possimus
2691 1457 2702 1492 :
2729 1453 2954 1509 quorum
2981 1440 3181 1493 utinam
3207 1454 3304 1494 nos
3327 1439 3608 1509 participes
3630 1438 3745 1493 fieri

2153 1546 2343 1586 omnes
2368 1532 2670 1601 contingat,
2698 1532 2865 1602 gratia
2895 1540 2949 1586 et
2979 1530 3306 1603 benignitate
3336 1532 3548 1586 Domini
3578 1531 3745 1587 nostri

2150 1623 2278 1679 Jesu
2315 1624 2549 1689 Christi,
2581 1640 2702 1679 cum
2726 1639 2835 1695 quo
2863 1625 3039 1690 Patri,
3079 1624 3345 1694 simulque
3391 1633 3577 1679 sancto
3620 1623 3745 1693 Spi-

2151 1715 2276 1769 ritui
2302 1715 2492 1784 gloria,
2522 1714 2803 1785 imperiunm
2823 1756 2839 1781 ,
2872 1714 3069 1784 honor,
3103 1730 3243 1770 nunc
3271 1724 3325 1770 et
3344 1730 3575 1786 semper,
3608 1723 3661 1769 ct
3691 1712 3745 1768 in

2150 1805 2348 1860 sarcula
2377 1805 2716 1861 stcculorum.
2747 1808 2937 1859 Amen.

2767 2047 2998 2104 SERMO
3030 2048 3116 2103 lll.

2152 2245 2287 2312 Quid
2314 2245 2376 2297 sit
2400 2243 2549 2309 illud,
2596 2243 2678 2299 Ad
2718 2244 3120 2300 similitudinem
3151 2243 3305 2313 (Gen.
3341 2246 3390 2299 Ι.
3421 2245 3534 2316 26),
3566 2253 3614 2299 et
3641 2259 3741 2315 qua

2219 2338 2283 2390 de
2311 2352 2465 2389 causa
2484 2376 2499 2399 ,
2542 2353 2657 2389 cum
2679 2336 2859 2390 dixerit
2893 2336 3029 2390 Deus
3064 2353 3155 2390 nos
3190 2336 3444 2390 dominari
3472 2337 3523 2390 in
3560 2335 3696 2405 feras
3722 2376 3738 2401 ,

2220 2443 2319 2480 non
2356 2427 2672 2481 dominemur
2691 2469 2705 2491 ,
2737 2436 2783 2483 et
2808 2428 2903 2482 hoc
2935 2444 3130 2501 magna;
3165 2446 3284 2500 erga
3310 2446 3400 2484 nos
3428 2444 3563 2483 cura:
3585 2445 3742 2501 argn-

2219 2527 2438 2572 mentum
2466 2534 2590 2573 esse.

2218 2737 2270 2790 1.
2310 2735 2610 2790 Accuratam
2630 2734 2911 2807 Scriptura:
2934 2736 3192 2791 lectionem
3219 2736 3569 2801 commendat;
3597 2735 3739 2792 Scri-

2145 2839 2348 2898 pturam
2378 2832 2572 2899 confert
2610 2844 2724 2881 cum
2753 2827 2979 2898 gemmis.
3016 2859 3086 2867 —
3113 2826 3570 2895 Quemadmodum
3602 2826 3738 2883 nihil

2145 2920 2430 2989 proficiunt
2449 2919 2538 2989 qui
2564 2920 2849 2986 seminant,
2872 2935 2993 2975 cum
3016 2935 3171 2975 secus
3194 2921 3333 2974 viam
3361 2920 3565 2975 semina
3591 2920 3735 2989 jacta

2147 3009 2339 3064 fuerint
2370 3028 2382 3063 :
2414 3011 2490 3064 sic
2521 3025 2691 3080 neque
2722 3010 2957 3080 proderit
2982 3011 3026 3066 is
3054 3010 3144 3083 qui
3168 3011 3315 3075 dicit,
3344 3011 3388 3066 si
3410 3010 3474 3065 ad
3502 3020 3736 3065 mentem

2144 3100 2443 3156 auditorum
2475 3101 2649 3156 oratio
2682 3116 2791 3157 non
2829 3102 3047 3167 feratur,
3080 3102 3173 3157 sed
3201 3118 3365 3156 sonus
3392 3102 3538 3156 vocis
3566 3102 3616 3155 in
3647 3117 3737 3156 aee

2144 3209 2259 3249 rem
2283 3202 2483 3249 temere
2510 3191 2732 3248 diffusus
2757 3193 3054 3249 auditorem
3084 3194 3226 3248 nulla
3259 3205 3503 3265 percepta
3536 3194 3735 3249 utilita-

2146 3297 2197 3341 te
2236 3285 2521 3356 relinquat.
2566 3285 2692 3339 Ilico
2736 3293 2912 3340 autem
2940 3300 2967 3339 a
2998 3301 3083 3341 me
3123 3304 3227 3340 non
3256 3287 3371 3342 sine
3398 3302 3554 3342 causa
3595 3286 3735 3342 dicta

2143 3387 2265 3434 sunt
2289 3378 2458 3444 vobis,
2487 3377 2581 3434 sed
2607 3394 2673 3434 ne
2695 3379 2959 3434 faciliores
2985 3388 3187 3434 tantum
3211 3382 3503 3437 sententias
3527 3392 3737 3451 appeta-

2146 3472 2233 3537 tis,
2256 3487 2441 3527 verum
2468 3468 2838 3543 profundiorcs
2854 3472 3011 3527 etiam
3039 3474 3438 3543 aggrediamini.
3459 3473 3569 3528 Nisi
3589 3476 3733 3530 enim

2140 3562 2249 3633 jam
2275 3562 2343 3617 ad
2369 3562 2763 3633 Scripturarum
2792 3563 3044 3619 interiora
3074 3564 3484 3631 descendamus,
3515 3565 3639 3619 dum
3665 3565 3733 3619 ad

2144 3655 2432 3709 natandum
2474 3655 2720 3725 expedita
2752 3656 2906 3711 nobis
2929 3665 3055 3711 sunt
3083 3657 3342 3722 membra,
3372 3655 3497 3709 dum
3528 3656 3736 3711 acutius

2144 3752 2370 3799 cernunt
2398 3745 2559 3810 oculi,
2593 3760 2769 3815 neque
2809 3746 3118 3801 deliciarum
3165 3746 3477 3801 humoribus
3519 3755 3735 3801 contur-

2144 3834 2355 3900 bantur,
2398 3833 2524 3888 dum
2555 3836 2883 3890 constantior
2913 3844 2994 3889 est
3030 3835 3273 3904 spiritus,
3320 3845 3374 3889 ut
3403 3851 3469 3890 ne
3502 3835 3734 3892 suffece-

2145 3941 2285 3994 mur,
2332 3925 2544 3996 quando
2580 3924 3005 3981 descendemus?
3032 3929 3111 3980 An
3154 3942 3272 3981 cum
3309 3926 3513 3982 delicia:
3551 3928 3735 3984 adfue-

2144 4020 2270 4085 rint,
2300 4019 2470 4089 epuia:
2492 4058 2507 4082 .
2538 4017 2789 4085 ebrietas,
2822 4029 2873 4073 et
2902 4019 3131 4090 ingluvie
3158 4019 3463 4075 redundans
3507 4021 3737 4075 mensa?

2145 4113 2302 4183 Atqui
2331 4120 2438 4168 tum
2464 4127 2528 4165 ne
2552 4111 2750 4165 moveri
2776 4112 2989 4181 quidem
3017 4111 3168 4167 facile
3185 4127 3467 4182 possumus
3490 4130 3502 4165 :
3531 4121 3734 4167 tantum

2146 4205 2456 4261 deliciarum
2489 4219 2625 4259 onus
2650 4204 2882 4258 animam
2908 4214 3112 4274 gravat.
3156 4203 3346 4260 Nonne
3373 4204 3563 4260 videtis
3589 4214 3645 4259 ut
3674 4204 3731 4269 ir,

2146 4295 2233 4362 qui
2260 4295 2526 4365 pretiosos
2555 4294 2793 4364 reperire
2834 4294 3038 4364 lapides
3071 4294 3321 4365 cupiunt,
3351 4310 3456 4349 non
3487 4296 3538 4350 in
3577 4295 3735 4349 litore

2145 4399 2359 4440 sursum
2390 4385 2639 4440 sedentes
2688 4384 2986 4455 fluctusque
3017 4394 3359 4440 numerantes
3409 4386 3537 4441 illud
3584 4386 3733 4443 inve-

2146 4475 2296 4530 niant
2314 4474 2453 4545 quod
2482 4483 2747 4545 quaerunt,
2771 4474 2865 4530 sed
2889 4476 2939 4529 in
2958 4474 3275 4546 profundum
3300 4478 3468 4546 ipsum
3490 4477 3737 4533 delaban-

2147 4575 2273 4630 tur;
2304 4566 2513 4619 tametsi
2538 4565 2734 4620 multus
2759 4575 2840 4621 est
2891 4566 2940 4619 in
2971 4567 3261 4636 qumrendo
3288 4566 3456 4633 labor,
3490 4568 3737 4623 multum-

2147 4670 2249 4725 que
2276 4655 2329 4709 in
2353 4653 2671 4710 inveniendo
2699 4655 3006 4721 discrimen,
3031 4665 3084 4711 et
3112 4666 3389 4727 postquam
3412 4658 3731 4724 invenerint,

2148 4747 2353 4802 lucrum
2386 4747 2632 4802 nullum?
2657 4747 2824 4815 Quam
2854 4750 2996 4802 enim
3045 4764 3288 4820 magnam
3322 4750 3372 4804 in
3416 4752 3580 4805 vitam
3632 4766 3733 4805 no-

2148 4849 2312 4896 stram
2360 4839 2613 4894 invehere
2655 4848 2830 4908 potest
2885 4842 3162 4897 utilitatem
3214 4842 3445 4912 lapidum
3499 4843 3736 4897 inventio

2147 4931 2537 5002 pretiosorum?
2571 4929 2779 4985 Utinam
2804 4946 2868 4984 ne
2898 4932 3089 4986 multas
3114 4933 3441 4987 calamitates
3482 4933 3729 5003 importa-

2145 5026 2265 5078 ret!
2294 5022 2435 5077 Nihil
2484 5021 2626 5076 enim
2652 5021 2794 5076 aliud
2820 5022 2982 5077 vitam
3030 5024 3307 5087 subvertit,
3337 5031 3392 5077 et
3431 5037 3642 5077 sursum
3673 5038 3735 5078 ac

2147 5115 2397 5171 deorsum
2427 5121 2612 5168 cuncta
2634 5114 2823 5168 miscet
2848 5124 3043 5184 prteter
3064 5114 3199 5168 hanc
3218 5113 3560 5183 pecuniarum
3591 5114 3734 5169 insa-

2148 5208 2309 5262 niam.
2342 5205 2718 5260 Verumtamen
2742 5205 2813 5259 illi
2835 5213 2889 5260 et
2914 5206 3142 5259 animam
3163 5216 3217 5260 et
3242 5220 3438 5276 corpus
3463 5220 3737 5277 exponunt

2148 5296 2439 5369 qu0tidiani
2462 5296 2632 5351 victus
2652 5311 2831 5363 causa,
2859 5310 3024 5366 seque
3050 5295 3297 5350 fluctibus
3316 5296 3567 5352 audacter
3586 5313 3737 5352 com-

2150 5393 2365 5448 mittunt
2395 5405 2408 5442 :
2443 5389 2529 5444 hic
2556 5403 2687 5445 vero
2709 5403 2881 5458 neque
2909 5388 3218 5453 discrimen,
3250 5405 3424 5461 neque
3454 5399 3631 5447 tantus
3656 5391 3737 5444 la-

2150 5484 2249 5539 bor
2278 5488 2380 5545 est,
2412 5494 2595 5536 verum
2623 5480 2865 5550 exiguus,
2894 5488 2949 5535 et
2977 5480 3022 5535 is
3052 5487 3268 5550 propter
3294 5495 3478 5537 eorum
3506 5497 3622 5552 qua:
3650 5481 3735 5536 in-

2151 5587 2305 5632 venta
2344 5584 2468 5630 sunt
2493 5573 2954 5629 conservationem
2976 5573 3281 5643 suscipitur.
3314 5572 3445 5629 Nam
3470 5590 3588 5646 qua:
3614 5589 3734 5629 cum

2152 5666 2400 5721 facilitate
2428 5672 2639 5735 reperta
2670 5672 2811 5727 sunt,
2853 5664 3049 5718 nullius
3074 5663 3230 5734 pretii
3259 5664 3440 5719 multis
3469 5664 3733 5743 videntur.

2155 5756 2270 5811 Non
2298 5766 2379 5812 est
2428 5756 2479 5809 in
2512 5754 2697 5827 pelago
2736 5753 3021 5826 Scripturre
3051 5752 3283 5827 procella
3312 5755 3601 5824 fluctuum,
3645 5754 3738 5810 sed
