4164 6224
468 306 567 368 53!
1211 296 1269 358 S.
1312 294 1591 357 JOANNIS
1626 286 2103 352 CHRYSOSTOMI

467 417 662 492 quovis
698 424 854 489 portu
899 413 1231 487 tranquillius
1269 422 1353 470 est
1400 413 1504 468 hoc
1540 410 1759 483 pelagus
1790 426 1802 463 :
1835 422 2058 465 necesse

472 526 579 568 non
604 519 687 566 est
714 509 768 566 in
806 511 1063 566 obscuros
1087 507 1237 564 sinus
1259 506 1437 579 abyssi
1467 521 1527 563 se
1553 505 1855 570 demittere,
1884 517 2060 573 neque

473 604 699 660 rationis
742 602 1039 671 expertium
1068 616 1324 672 aquarum
1348 600 1613 656 violentia:
1636 599 1863 656 salutem
1907 611 2059 653 suam

475 692 842 759 committere;
872 692 969 748 sed
1005 691 1172 749 multa
1198 691 1286 746 lux
1313 690 1402 748 hic
1441 690 1659 766 alTulget
1699 692 1869 745 multo
1898 686 2062 743 radiis

436 844 439 849 ι
473 783 734 841 solaribus
780 782 909 851 ipsis
952 781 1302 852 splendidior,
1354 782 1520 837 multa
1553 780 1863 845 serenitas;
1888 777 2064 836 omnis

473 871 704 942 procella
730 871 977 928 submota
1006 881 1109 940 est,
1144 882 1196 929 et
1219 886 1404 929 eorum
1432 887 1552 943 qua:
1581 872 1918 943 reperiuntur
1945 882 2066 928 tun-

475 971 585 1017 tum
615 973 697 1016 est
726 962 954 1029 lucrum,
985 972 1040 1018 ut
1063 980 1130 1020 ne
1156 965 1398 1021 oratione
1417 963 1630 1035 quidem
1654 964 1758 1020 ulla
1787 967 2066 1037 possitex-

474 1052 678 1121 plicari.
719 1052 798 1109 Ne
825 1054 985 1121 igitur
1007 1054 1386 1127 defatigemur,
1420 1056 1515 1112 sed
1546 1056 1942 1128 inquisitionem
1966 1072 2063 1129 ag-

472 1142 798 1213 grediamur.
830 1145 1067 1200 Audistis
1096 1147 1264 1202 Deum
1292 1146 1357 1202 ad
1385 1148 1667 1219 imaginem
1704 1162 1856 1205 suam
1887 1149 2065 1207 hami-

476 1249 596 1289 nem
622 1235 949 1302 condidisse,
972 1246 1025 1292 et
1053 1238 1178 1309 quid
1198 1239 1270 1295 sit
1292 1239 1444 1305 illud,
1467 1241 1548 1294 Ad
1569 1240 1842 1312 imaginem
1863 1252 1910 1298 et
1927 1243 2069 1298 sinti-

475 1326 759 1391 litndinem,
784 1324 1036 1396 diximus,
1064 1345 1258 1401 nempe
1281 1345 1388 1387 non
1410 1345 1532 1388 esse
1575 1334 1888 1391 substantia:
1915 1348 2068 1390 com-

479 1418 848 1485 parationem,
905 1422 998 1476 sed
1049 1420 1354 1479 dominatus
1410 1424 1811 1483 similitudinem
1869 1446 1882 1483 :
1935 1428 2069 1485 illud

478 1519 655 1565 autem
675 1551 691 1576 ,
724 1511 805 1566 Ad
832 1511 1247 1582 similitudinem,
1277 1516 1477 1573 indicat
1515 1519 1703 1574 mitem
1728 1534 1791 1576 ac
1815 1534 2069 1579 manaue-

483 1613 590 1655 tum
612 1616 735 1657 esse
755 1612 1022 1673 oportere,
1053 1606 1269 1677 Deoqne
1295 1624 1393 1679 pro
1413 1610 1618 1667 viribus
1635 1613 1842 1669 ratione
1862 1615 2069 1671 virtutis

480 1694 762 1750 assimilari
787 1737 802 1760 ,
835 1706 994 1766 prout
1039 1698 1114 1753 ait
1153 1697 1439 1756 Christus:
1473 1701 1647 1758 Estote
1692 1703 1881 1760 similes
1918 1704 2071 1760 Patri

481 1800 593 1839 meo
611 1828 626 1852 ,
666 1787 752 1857 qui
777 1789 830 1842 in
858 1789 993 1842 caelis
1021 1800 1093 1844 est
1125 1788 1350 1862 (Matth.
1383 1794 1436 1849 5.
1466 1794 1540 1848 45
1558 1794 1597 1865 ).
1625 1794 1695 1851 Ut
1722 1797 1867 1852 enim
1895 1797 1946 1851 in
1974 1799 2072 1853 hac

484 1879 587 1933 lata
609 1889 664 1934 et
688 1883 919 1950 spatiosa
946 1892 1088 1938 terra
1112 1885 1356 1953 quaedam
1384 1887 1630 1943 animalia
1653 1890 1819 1960 magis
1844 1900 1970 1945 sunt
1990 1906 2075 1946 ra-

486 1970 649 2025 tionis
677 1973 935 2041 echrtia,
966 1973 1212 2045 qumdam
1246 1974 1504 2032 ferociora
1528 1994 1541 2031 :
1571 1979 1648 2034 sic
1675 1980 1725 2035 in
1751 1980 1945 2035 anima:
1973 1997 2072 2036 no-

486 2071 611 2118 stra;
636 2063 913 2120 latitudine
938 2065 1180 2136 qumdam
1211 2077 1337 2124 sunt
1375 2084 1403 2123 a
1448 2072 1654 2128 ratione
1694 2074 1863 2143 magis
1887 2074 2074 2131 aliena:

486 2168 549 2210 ac
568 2155 816 2212 belluinae
832 2159 1199 2229 cogitationes,
1223 2162 1465 2232 qnmdam
1499 2162 1784 2221 ferociores
1803 2175 1857 2221 et
1887 2166 2075 2223 immo-

485 2246 683 2303 nlores.
710 2248 1028 2321 Sehigendae
1057 2252 1214 2324 igitur
1241 2268 1305 2310 ac
1346 2255 1627 2311 domanda:
1662 2264 1818 2323 sunt,
1861 2272 2075 2314 earum-

483 2354 589 2409 que
608 2338 915 2396 dominatus
942 2342 1133 2398 rationi
1158 2345 1594 2402 committendas.
1631 2347 1694 2402 Et
1721 2350 1808 2419 qui
1840 2347 1953 2405 fieri
1980 2366 2075 2421 po-

487 2439 623 2497 test,
680 2430 825 2488 dicet
870 2432 1061 2504 aliquis
1084 2477 1101 2500 ,
1131 2444 1191 2490 ut
1216 2435 1507 2492 belluinam
1533 2438 1909 2510 cogitationem
1954 2441 2073 2510 quis

486 2520 734 2593 subigat?
771 2522 908 2591 Quid
935 2525 1034 2590 ais,
1064 2525 1135 2579 mi
1163 2526 1356 2582 homo?
1385 2528 1595 2584 Leones
1630 2529 1947 2601 subigimus,
1976 2547 2075 2588 eo-

491 2630 715 2686 rumque
744 2617 950 2672 animas
975 2617 1182 2675 cicures
1208 2619 1503 2687 reddimus,
1527 2630 1581 2677 et
1601 2621 1813 2678 dubitas
1841 2639 1909 2679 an
1931 2626 2075 2696 cogi-

488 2704 744 2759 tationum
779 2704 1037 2762 feritatem
1059 2708 1127 2761 ad
1154 2709 1614 2765 mansuetudinem
1641 2715 1813 2782 pessis
1834 2713 2076 2771 traduce-

488 2795 590 2848 re?
618 2790 851 2851 Tametsi
883 2796 1024 2851 leoni
1056 2800 1308 2855 naturalis
1345 2810 1427 2855 est
1456 2799 1672 2868 feritas,
1706 2814 1899 2874 praeter
1924 2814 2077 2861 natu-

488 2900 601 2940 ram
638 2895 814 2942 autem
843 2888 1234 2956 mansuetudo;
1281 2890 1372 2946 tibi
1415 2907 1545 2948 vero
1585 2902 1770 2949 contra
1821 2898 2076 2955 naturalis

488 2989 568 3033 est
596 2976 891 3048 benignitas
911 3021 926 3045 ,
957 2978 1137 3035 feritas
1167 2996 1295 3037 vero
1336 2992 1532 3053 praeter
1568 2995 1827 3041 naturam.
1862 2987 2076 3060 Ergone

488 3067 577 3139 qui
608 3066 656 3123 id
678 3067 903 3139 expellis
928 3070 1067 3141 quod
1089 3083 1167 3125 est
1198 3073 1458 3139 naturale,
1488 3084 1542 3131 et
1564 3077 1755 3132 anima:
1782 3078 1969 3134 bellua:
1996 3080 2075 3136 in-

494 3160 629 3215 seris
659 3160 799 3231 quod
840 3170 1035 3231 prseter
1072 3172 1311 3218 naturam
1343 3174 1453 3231 est,
1499 3167 1554 3221 in
1583 3176 1671 3224 tua
1698 3169 1862 3240 ipsius
1898 3171 2075 3227 anima

495 3249 637 3320 quod
675 3260 757 3305 est
793 3250 1035 3307 naturale
1065 3268 1170 3308 non
1207 3253 1405 3324 poteris
1433 3258 1789 3314 conservare?
1815 3252 1940 3331 quis
1975 3261 2078 3317 hoc

488 3358 711 3398 summa:
748 3360 854 3399 non
886 3344 1083 3401 tribuat
1108 3346 1478 3419 negligentia}?
1515 3348 1649 3404 Nam
1681 3351 1733 3406 in
1758 3352 1931 3408 leonis
1954 3354 2075 3424 qui-

488 3433 613 3490 dem
641 3435 815 3491 anima
862 3444 1057 3509 praeter
1097 3436 1234 3494 hanc
1275 3439 1557 3498 difficultas
1606 3450 1689 3498 est
1715 3443 1885 3501 altera
1929 3459 1945 3499 :
1995 3455 2079 3502 est

490 3527 633 3584 enim
656 3544 848 3599 expers
874 3530 1338 3587 ratiocinationum
1363 3534 1538 3589 anima
1565 3534 1774 3591 bellum.
1806 3536 1873 3591 Et
1898 3547 2076 3597 tamen

489 3619 672 3676 leones
698 3636 842 3693 sarpe
870 3621 1078 3679 vidistis
1114 3624 1301 3680 ovibus
1340 3627 1729 3685 mansuetiores
1767 3644 1862 3700 per
1901 3630 2076 3687 forum

486 3710 630 3778 duci,
663 3722 718 3769 et
747 3714 897 3770 multi
920 3716 1008 3786 qui
1040 3717 1091 3771 in
1118 3715 1345 3774 ofﬁcinis
1373 3729 1654 3776 versantur
1680 3724 1957 3792 pecuniam
1976 3740 2075 3781 eo-

486 3820 604 3860 rum
634 3807 839 3862 custodi
881 3819 1163 3864 numerant
1201 3818 1469 3883 tamquam
1498 3813 1628 3868 artis
1672 3815 1973 3872 mercedem
2014 3831 2079 3874 ac

487 3896 691 3967 poriti:e
714 3941 730 3967 ,
774 3908 883 3970 qua
902 3899 1132 3957 belluam
1160 3903 1395 3960 cicurem
1434 3904 1665 3961 reddidit
1695 3922 1708 3960 :
1739 3915 1797 3962 at
1823 3906 1876 3963 in
1900 3908 2076 3964 anima

488 3998 572 4044 tua
619 3998 673 4044 et
712 3992 848 4046 ratio
897 4002 979 4048 est
1022 4003 1079 4050 et
1122 3994 1219 4049 Dei
1254 3995 1432 4061 timor,
1463 3996 1798 4070 multumque
1847 3999 2079 4072 undique

485 4079 743 4137 auxilium
786 4076 1107 4139 ostenditur.
1150 4083 1228 4142 Ne
1254 4086 1414 4158 igitur
1442 4096 1736 4158 praetextus
1762 4098 1817 4146 et
1851 4106 2076 4148 excusa-

489 4173 663 4227 tiones
691 4173 969 4230 obtendas.
996 4175 1154 4232 Potes
1178 4178 1344 4245 enim,
1374 4178 1420 4233 si
1446 4180 1601 4244 velis,
1625 4180 1738 4236 fieri
1766 4194 2078 4241 mansuetus

487 4271 542 4316 et
568 4261 729 4318 lenis.
758 4260 1039 4320 Faciamus
1063 4267 1313 4322 hominem
1329 4269 1398 4322 ad
1425 4268 1695 4341 imaginem
1719 4280 1764 4326 et
1783 4271 2076 4329 similitudi-

490 4373 601 4412 nent
628 4365 874 4425 nostram,
896 4368 943 4413 et
971 4359 1259 4417 dominetur
1282 4361 1471 4417 bestiis.

557 4449 612 4503 2.
645 4448 921 4506 Gentilimn
961 4453 1231 4521 objectioni
1266 4454 1554 4524 respondet.
1586 4454 1743 4513 Initio
1769 4460 1904 4531 feras
1928 4460 2078 4516 homo

491 4554 589 4592 non
613 4538 833 4593 timebat.
866 4572 937 4581 —
962 4541 1073 4597 Hoc
1103 4542 1219 4597 loco
1244 4541 1523 4614 insurgunt
1542 4547 1596 4600 in
1623 4561 1721 4602 nos
1746 4548 1993 4618 gentiles,
2023 4560 2080 4607 et

495 4626 547 4682 id
574 4627 709 4682 falso
732 4628 835 4685 dici
865 4630 1226 4698 contendunt;
1259 4648 1364 4688 non
1400 4634 1543 4688 enim
1575 4650 1675 4690 nos
1697 4637 1884 4694 bestiis
1907 4639 2079 4698 domi-

491 4734 717 4788 namur;
767 4720 895 4791 ipsae
943 4723 1098 4779 nobis
1140 4724 1317 4795 potius
1366 4724 1707 4783 dominantur
1748 4730 2078 4804 multumque

492 4820 692 4868 metum
726 4811 987 4883 injiciunt.
1022 4814 1163 4872 Sane
1198 4815 1412 4888 quidem
1440 4816 1545 4874 hoc
1584 4833 1772 4876 verum
1815 4836 1923 4879 non
1949 4834 2074 4879 est:

488 4900 688 4961 sufﬁcit
711 4903 853 4960 enim
881 4905 949 4961 ad
977 4905 1201 4963 bestiam
1229 4908 1544 4980 abigeudam
1574 4910 1619 4966 si
1645 4909 1808 4968 facies
1846 4910 2076 4971 humana

488 5008 795 5069 compareat
832 5017 847 5054 :
898 5008 1075 5056 tantus
1113 5000 1165 5056 in
1207 5017 1299 5057 eas
1348 5018 1380 5059 a
1422 5003 1576 5059 nobis
1616 5005 1777 5061 timor
1815 5006 2072 5065 dimanat.

488 5087 642 5156 Quod
683 5088 853 5146 sicubi
881 5089 946 5146 ad
985 5106 1045 5148 se
1075 5090 1413 5149 ulciscendas
1433 5094 1686 5166 impetum
1714 5096 1937 5168 faciant,
1962 5101 2076 5161 sive

487 5180 626 5237 l'ame
656 5190 899 5252 cogente,
931 5182 1045 5238 sive
1064 5184 1205 5255 quod
1225 5200 1322 5240 nos
1338 5186 1436 5255 ipsi
1458 5201 1551 5243 eas
1572 5187 1625 5243 in
1653 5190 1922 5261 angustias
1948 5194 2075 5251 red-

487 5267 715 5343 igamus,
753 5272 938 5344 eisque
966 5273 1073 5329 vim
1116 5274 1440 5342 inferamus,
1483 5276 1587 5334 hoc
1640 5295 1768 5336 vero
1809 5283 2075 5355 perfectus

485 5378 592 5417 non
620 5372 704 5418 est
727 5363 1052 5421 dominatus.
1079 5366 1261 5439 Neque
1283 5368 1426 5425 enim
1447 5370 1493 5426 si
1532 5372 1659 5443 quis
1680 5385 1927 5432 uestrum
1946 5379 2076 5440 visis

487 5451 785 5510 latronibus
811 5454 1064 5526 impetum
1092 5455 1409 5517 facientibus
1432 5474 1693 5533 armetur,
1730 5476 1787 5523 et
1811 5468 1880 5525 ad
1903 5486 1962 5528 se
1987 5473 2074 5528 ul-

484 5545 791 5603 ciscendum
817 5564 877 5605 se
905 5563 1217 5623 comparet,
1255 5553 1560 5615 dominatus
1582 5560 1843 5631 appellari
1864 5579 1959 5620 res
1981 5567 2071 5625 illa

487 5647 659 5703 potest
683 5680 698 5704 ,
729 5640 823 5696 sed
856 5643 1082 5714 propriae
1110 5645 1302 5701 salutis
1328 5648 1536 5706 tuendae
1560 5650 1904 5710 sollicitudo:
1931 5665 2068 5712 atta-

486 5745 606 5786 men
636 5747 744 5789 nou
772 5733 896 5793 inde
916 5751 1101 5808 quatere
1125 5738 1508 5815 defensionem,
1532 5745 1626 5803 sed
1651 5746 1883 5818 aliunde,
1906 5764 2063 5822 quam

2169 290 2509 351 ARClllEl'.‘
2530 295 3070 359 CONS'I‘ANTINOP.
3650 311 3778 372 ωε

2171 407 2322 464 vobis
2349 410 2478 467 utile
2505 410 2667 469 fuerit
2691 412 2947 473 audiisse.
2978 416 3252 477 Tlmemus
3278 420 3476 480 bestias
3504 437 3571 483 se
3596 429 3774 487 refor-

2168 500 2449 569 midamus,
2478 511 2639 574 atque
2660 505 2934 564 dominatu
2956 509 3250 567 excidimus
3273 530 3288 567 :
3314 526 3422 571 non
3450 527 3623 590 nego;
3657 521 3774 578 imo

2168 604 2363 664 sponte
2386 595 2646 654 confiteor
2672 615 2688 653 :
2716 614 2823 655 non
2866 609 3045 660 tamen
3081 604 3135 660 id
3172 606 3487 665 mendacem
3518 625 3642 668 esse
3673 612 3770 670 Dei

2168 684 2341 756 legem
2367 689 2621 744 ostendit.
2647 690 2763 747 Non
2788 693 2929 750 enim
2959 696 3031 750 ita
3060 711 3120 752 se
3143 710 3230 752 res
3262 697 3532 758 habebant
3557 717 3589 757 a
3614 704 3773 775 prin-

2170 778 2345 849 cipio,
2389 779 2486 835 sed
2531 783 2836 840 metuebant
2872 793 2928 841 et
2963 789 3305 857 tremebant,
3350 807 3519 864 seque
3559 794 3773 855 homini

2174 877 2445 941 tamquam
2488 871 2707 929 domino
2747 875 3130 934 submittebant
3161 897 3174 935 :
3203 882 3456 952 quoniam
3485 896 3666 949 autem
3697 888 3766 945 n.

2172 960 2328 1017 ducis
2373 972 2429 1019 et
2470 964 2673 1023 honore
2711 968 3042 1037 excidimus,
3085 971 3284 1029 idcirco
3328 975 3448 1031 illas
3492 978 3768 1038 timemus.

2175 1052 2328 1110 Unde
2352 1071 2479 1111 vero
2503 1056 2556 1111 id
2582 1060 2832 1114 constat?
2857 1060 3084 1116 Adduxit
3109 1063 3294 1119 bestias
3323 1067 3393 1120 ad
3413 1067 3578 1125 Adam
3597 1070 3770 1141 Dens,

2175 1154 2232 1199 ut
2258 1145 2447 1202 videret
2476 1147 2598 1218 quid
2621 1160 2818 1204 vocaret
2844 1165 2933 1206 eas
2957 1151 3112 1222 (Gen.
3135 1154 3189 1208 2.
3220 1155 3311 1227 l9)
3336 1174 3351 1211 :
3374 1173 3549 1230 neque
3578 1163 3776 1220 resiltit

2176 1235 2346 1290 Adam
2373 1238 2524 1307 quasi
2557 1239 2749 1296 timore
2774 1250 3053 1313 correptus
3076 1285 3091 1309 ,
3123 1246 3218 1301 sed
3245 1254 3515 1320 tamquam
3537 1253 3777 1313 subditis

2174 1325 2278 1380 sibi
2311 1327 2481 1382 servis
2508 1329 2722 1384 nomina
2759 1335 2965 1387 cunt-tis
2990 1335 3264 1406 imposuit.
3298 1339 3410 1396 Hoc
3437 1356 3567 1401 vero
3588 1344 3774 1410 domi.

2176 1424 2332 1470 natus
2373 1428 2456 1472 est
2501 1418 2770 1475 indicium.
2818 1422 3176 1491 Quantobre
3215 1430 3399 1487 volens
3432 1435 3591 1490 etiam
3624 1436 3775 1494 Dens

2177 1522 2273 1578 per
2303 1507 2403 1563 hoc
2430 1510 2505 1563 illi
2532 1525 2643 1565 sua:
2673 1517 2949 1582 potestatis
2976 1519 3259 1576 ostendere
3289 1521 3601 1592 dignitatem
3620 1563 3640 1594 ,
3665 1542 3773 1584 no-

2179 1600 2382 1654 minum
2429 1601 2820 1674 impositionem
2865 1607 2966 1678 ipsi
3012 1612 3289 1682 permisit,
3321 1623 3482 1687 atque
3519 1618 3775 1691 imposita

2178 1689 2282 1747 illis
2320 1695 2533 1749 nomina
2580 1696 2632 1750 in
2679 1697 2759 1753 eis
2801 1714 2872 1754 ex
2916 1700 3008 1755 illo
3054 1711 3297 1774 tempore
3337 1689 3771 1776 permanserunt.

2182 1781 2346 1839 Omne
2370 1786 2511 1841 enim
2532 1788 2667 1858 quod
2687 1790 2877 1844 vocavit
2898 1790 3086 1860 Adam,
3109 1795 3204 1848 hoc
3225 1812 3409 1853 nomen
3428 1799 3553 1870 illis,
3577 1803 3771 1875 inquis.

2179 1873 2360 1946 itaque
2391 1892 2550 1932 unum
2579 1878 2681 1934 hoc
2709 1880 2959 1938 indicium
2987 1892 3070 1939 est
3109 1885 3179 1941 ab
3217 1886 3368 1944 initio
3394 1888 3534 1948 feras
3562 1873 3770 1951 homini

2130 1989 2134 1994 -
2182 1965 2447 2024 terribiles
2473 1983 2577 2023 non
2603 1968 2766 2026 fuisse
2794 1988 2808 2025 :
2833 1973 3059 2029 alterum
3085 1991 3214 2032 vero
3237 1979 3397 2034 etiam
3417 1982 3578 2051 priori
3599 1987 3775 2041 mani-

2179 2057 2368 2116 festius
2394 2069 2479 2116 est
2499 2103 2515 2128 ,
2548 2066 2816 2133 serpentis
2856 2067 3177 2138 colloquium
3213 2085 3334 2127 enm
3362 2075 3605 2135 muliere.
3634 2076 3775 2134 Nam

2179 2152 2222 2205 si
2249 2153 2513 2209 terribiles
2527 2154 2833 2214 hominibus
2847 2157 3071 2217 fuissent
3090 2160 3292 2231 ὺοειίω,
3314 2165 3502 2222 mulier
3519 2182 3778 2241 serpente

2178 2256 2467 2317 conspecto
2483 2263 2587 2304 non
2603 2252 2907 2319 mansisset,
2926 2269 3111 2310 verum
3124 2256 3443 2329 aufugisset;
3462 2276 3635 2332 neque
3648 2278 3781 2321 con-

2178 2340 2353 2395 silium
2383 2339 2745 2411 admisisset‘,
2782 2360 2956 2417 neque
2983 2356 3125 2404 tanta
3154 2365 3275 2405 cum
3299 2352 3586 2411 securitate
3615 2356 3780 2413 collo-

2135 2507 2138 2510 ,
2177 2438 2343 2500 quina
2359 2446 2481 2488 cum
2505 2433 2595 2489 illo
2620 2432 2825 2501 fuisset,
2847 2435 2944 2493 sed
2968 2437 3249 2496 confestim
3268 2443 3337 2497 ad
3354 2452 3628 2513 aspectum
3654 2446 3780 2517 ejus

2178 2522 2541 2592 obstupefacta
2566 2523 2885 2596 profugisset
2910 2544 2926 2579 :
2945 2528 3061 2599 jam
3083 2544 3212 2586 vero
3230 2539 3284 2587 et
3302 2532 3644 2605 colloquitur,
3669 2548 3777 2594 nec

2180 2613 2527 2682 reformidat,
2556 2617 2698 2687 quod
2726 2619 2962 2675 nondum
2990 2621 3080 2677 ille
3105 2623 3262 2680 timor
3285 2634 3448 2681 esset.
3482 2626 3774 2698 Postquam

2179 2713 2358 2760 autem
2402 2715 2677 2777 peccatum
2720 2709 2937 2764 illll'M'il
2959 2750 2977 2776 ,
3003 2711 3231 2782 dignitas
3270 2717 3429 2770 etiam
3459 2727 3538 2773 est
3568 2718 3774 2775 ablata.

2180 2796 2247 2851 Et
2275 2795 2413 2855 sicut
2442 2796 2580 2854 inter
2607 2797 2839 2857 famulos
2863 2804 2954 2873 qui
2981 2803 3322 2863 honestiores
3343 2818 3467 2863 sunt
3494 2818 3550 2866 et
3572 2812 3777 2867 clario-

2179 2902 2293 2956 res,
2311 2891 2587 2946 conservis
2603 2892 2715 2948 suis
2737 2896 2928 2951 terrori
2954 2905 3101 2963 sunt,
3126 2898 3219 2968 qui
3237 2910 3414 2955 autem
3438 2901 3778 2961 oﬂ‘enderunt

2180 2978 2395 3048 herum,
2413 2995 2707 3040 conservos
2730 2984 2953 3043 timent:
2976 2988 3055 3043 sic
3074 2998 3127 3044 et
3152 2989 3352 3046 homini
3374 2992 3612 3064 contigit.
3638 2994 3774 3051 Nam

2179 3070 2307 3127 dum
2349 3072 2537 3130 fiducia
2576 3076 2715 3147 apud
2760 3077 2924 3134 Deum
2955 3080 3101 3135 salva
3131 3082 3369 3150 mansit,
3401 3087 3651 3145 terribilis
3679 3088 3778 3145 fuit

2179 3163 2366 3222 bestiis
2394 3183 2407 3219 :
2437 3177 2716 3239 postquam
2742 3180 2921 3226 autem
2946 3171 3188 3241 offendit,
3212 3177 3373 3232 etiam
3402 3179 3621 3234 ultimos
3645 3195 3779 3236 com

2180 3268 2463 3312 servorum
2501 3257 2755 3330 deinceps
2793 3262 2983 3318 timuit.
3026 3264 3181 3333 Quod
3211 3267 3255 3322 si
3293 3267 3399 3324 hoc
3433 3269 3504 3325 ita
3532 3287 3637 3325 non
3663 3273 3733 3327 sit
3755 3310 3773 3340 ,

2181 3346 2403 3404 ostende
2444 3359 2501 3405 tu
2544 3350 2673 3406 mihi
2714 3351 2879 3409 fuisse
2924 3356 3191 3414 terribiles
3232 3357 3536 3417 hominibus
3575 3363 3778 3421 bestias

2180 3450 2306 3497 ante
2334 3451 2607 3511 peceatum
2638 3447 2816 3516 :atqni
2849 3462 2957 3502 non.
2981 3450 3199 3518 poteris.

2253 3530 2296 3586 Τ
2300 3533 2429 3587 inror
2463 3534 2735 3590 bestiarum
2775 3538 2914 3593 utilis
2957 3538 3170 3596 homini.
3218 3568 3288 3583 -—
3314 3543 3467 3612 Quod
3502 3547 3548 3601 si
3589 3557 3775 3617 postea

2180 3621 2347 3679 subiit
2373 3623 2530 3681 timor
2553 3664 2568 3691 ,
2602 3625 2703 3683 hoc
2728 3629 2887 3684 etiam
2922 3631 3297 3691 sollicitudinis
3328 3635 3535 3693 Domini
3559 3649 3646 3695 est
3680 3657 3775 3696 ar-

2181 3726 2510 3786 gumentum.
2541 3719 2672 3775 Nam
2697 3722 2741 3776 si
2773 3732 2893 3793 post
2921 3722 3123 3780 homini
3150 3727 3327 3783 traditi
3346 3743 3378 3782 a
3400 3728 3510 3786 Deo
3532 3734 3777 3790 mandati

2184 3811 2657 3882 transgressionem
2689 3813 2893 3886 integer
2917 3815 2970 3870 in
3001 3832 3123 3872 cum
3150 3833 3186 3873 a
3211 3819 3321 3876 Deo
3345 3822 3571 3880 collatus
3601 3824 3777 3884 honor

2182 3904 2471 3960 mansisset
2497 3903 2772 3974 immotus,
2795 3906 2936 3963 haud
2965 3907 3121 3965 facile
3138 3925 3169 3966 a
3193 3911 3344 3982 lapsu
3373 3917 3773 3975 resurrexissct.

2181 3996 2407 4066 Quando
2439 4000 2585 4055 enim
2611 4011 2668 4057 et
2705 4001 3079 4062 inohetlientes
3101 4015 3160 4063 et
3188 4007 3503 4068 obedientes
3528 4014 3640 4083 pari
3669 4013 3774 4070 hoc

2182 4103 2317 4145 nere
2352 4090 2596 4147 fruuntur
2617 4133 2633 4159 ,
2662 4093 2728 4149 ad
2775 4094 3169 4166 improbitatem
3208 4102 3521 4161 erudiuntur
3559 4106 3733 4178 magis
3754 4147 3772 4173 .

2182 4196 2357 4253 neque
2383 4181 2543 4240 facile
2568 4200 2597 4239 a
2629 4186 2758 4242 sitio
2781 4187 3067 4248 desistunt.
3099 4191 3159 4249 Si
3187 4195 3332 4251 enim
3369 4195 3482 4267 jam
3505 4212 3628 4255 cum
3657 4208 3770 4257 ter.

2181 4288 2334 4332 rores
2374 4285 2428 4332 et
2470 4290 2643 4348 prensa
2685 4295 2749 4337 ac
2791 4283 3052 4354 supplicia
3098 4286 3415 4358 imminent,
3454 4292 3776 4364 resipiscere

2183 4380 2299 4422 non
2318 4367 2624 4439 dignantur,
2652 4373 2840 4441 quales
2869 4374 3099 4433 fuissent
3121 4379 3168 4433 si
3193 4379 3326 4436 nihil
3350 4396 3513 4455 grave
3538 4398 3636 4454 pro
3659 4386 3774 4442 suis

2181 4457 2390 4519 delictis
2417 4464 2560 4532 passi
2584 4466 2804 4520 essent?
2832 4467 3014 4539 Itaque
3041 4470 3198 4528 nobis
3223 4472 3530 4531 dominatus
3554 4476 3628 4533 ob
3654 4478 3773 4534 sin-

2179 4551 2421 4621 gularem
2462 4555 2631 4609 nostri
2677 4570 2860 4613 curam
2907 4568 2962 4614 et
3005 4561 3417 4621 sollicitudinem
3460 4581 3492 4622 a
3534 4568 3645 4624 Deo
3687 4580 3775 4625 est
3846 4566 3851 4570 ’

2180 4642 2409 4700 ablatus.
2439 4643 2518 4701 Tu
2542 4661 2676 4702 vero
2694 4647 2782 4705 hic
2801 4665 3015 4722 quoque
3037 4652 3359 4712 ineﬂ‘abilem
3385 4658 3505 4729 ejus
3529 4658 3772 4732 benigni-

2184 4744 2349 4793 tatem
2382 4740 2683 4796 considera.
2725 4741 3000 4814 Siquidem
3041 4747 3212 4803 Adam
3252 4759 3429 4806 totum.
3462 4749 3771 4813 mandatum

2181 4828 2419 4895 violavit,
2445 4840 2508 4886 ac
2533 4831 2705 4903 legent
2735 4842 3101 4907 transgressus
3130 4849 3213 4894 est
3238 4858 3253 4893 :
3285 4840 3425 4897 Deus
3453 4853 3631 4899 autem
3662 4860 3772 4902 non

2183 4929 2351 4978 totum
2395 4923 2652 4981 honorem
2692 4928 2946 4998 sustulit,
2980 4942 3150 5003 neque
3192 4942 3301 4990 tota
3343 4950 3473 4991 eum-
3508 4947 3773 5008 potestate

2181 5015 2405 5087 dejeeit,
2429 5019 2525 5075 sed
2552 5035 2617 5076 ea
2640 5020 2918 5080 dumtaxat
2937 5024 3007 5080 ab
3030 5025 3149 5096 ejus
3177 5028 3411 5100 imperio
3425 5033 3632 5090 exeruit
3649 5036 3768 5091 ani-

2181 5110 2338 5166 malia
2363 5151 2378 5176 ,
2405 5126 2524 5182 qua:
2550 5125 2657 5169 nan
2687 5117 2918 5172 multum
2939 5116 3007 5172 ad
3034 5116 3192 5188 hujus
3218 5131 3340 5178 rita:
3367 5124 3671 5182 subsidi-lt
3690 5127 3771 5184 illi

2178 5203 2485 5261 conducunt
2508 5224 2522 5260 :
2550 5222 2670 5278 qua
2697 5221 2839 5264 vero.
2853 5211 3159 5266 necessaria
3178 5224 3305 5270 sunt
3326 5222 3391 5272 et
3407 5218 3556 5274 utilia
3571 5256 3591 5288 ,
3616 5236 3770 5292 qua»

2179 5310 2284 5366 que
2312 5298 2535 5355 mutum
2561 5299 2856 5356 inserviunt
2881 5302 3001 5357 vita:
3029 5310 3225 5373 nostra;
3242 5345 3260 5373 ,
3288 5318 3352 5363 ea
3376 5309 3593 5366 subita
3612 5311 3772 5369 nobis

2179 5403 2300 5446 esse
2323 5392 2587 5462 permisit.
2609 5392 2778 5450 Deum
2800 5392 2958 5449 nobis
2981 5394 3194 5466 reliquit
3212 5409 3479 5469 armenta,
3501 5411 3770 5459 utvome.

2178 5497 2293 5541 rem
2322 5485 2628 5554 trahemus,
2655 5495 2719 5543 ut
2738 5495 2939 5543 terram
2962 5487 3264 5560 sulm,
3292 5502 3355 5547 ut
3373 5494 3583 5552 semina
3608 5505 3768 5553 terra

2459 5712 2618 5774 Neque
2641 5705 2892 5759 consilium
2912 5703 3041 5759 illud
3055 5706 3243 5758 durum
3255 5713 3306 5761 ei
3319 5711 3645 5773 perniciosum
3668 5713 3766 5764 od-
