4134 6214
370 342 477 399 593

369 451 731 509 mandemus:
757 452 973 524 reliquit
997 460 1053 508 et
1073 450 1427 521 subiugalium
1458 451 1621 505 multa
1649 465 1866 521 genera.
1899 456 1958 504 ut

364 544 434 599 ad
457 545 695 601 sarcinas
712 543 1089 602 convellendas
1104 543 1341 598 laborem
1362 542 1633 597 nobiseum
1656 549 1958 597 exantlent:

368 637 581 708 reliquit
608 638 785 693 ovium
815 652 1021 709 greges,
1053 645 1109 691 ut
1134 634 1424 690 habeamus
1445 676 1460 700 ,
1489 650 1609 705 quae
1636 634 1704 689 ad
1734 648 1832 689 nos
1862 648 1957 689 ve-

368 729 605 786 stiendos
625 728 889 785 sufﬁciant
911 744 927 784 :
951 729 1166 799 reliquit
1186 738 1239 784 et
1255 728 1355 782 alia
1372 743 1563 799 genera
1584 727 1955 791 animantium,

367 832 435 873 ex
466 820 659 890 quibus
678 820 843 875 multa
872 820 924 875 in
949 828 1161 874 nostros
1182 834 1309 873 usus
1329 818 1607 874 commoda
1628 816 1953 872 derivantur.

368 907 500 963 Nam
536 909 660 979 quia
688 910 813 964 dum
846 909 1116 964 hominem
1155 908 1365 978 puniret
1402 908 1612 963 dixerat
1639 925 1653 960 :
1681 905 1747 961 In
1774 908 1961 962 sudore

368 1000 534 1053 vultus
565 1002 639 1055 tui
671 1002 880 1056 vesceris
911 1017 1041 1069 pane
1068 1010 1153 1054 tuo
1183 1000 1336 1072 (Cen.
1366 1001 1419 1055 5.
1453 999 1541 1069 19)
1573 1018 1586 1053 :
1619 1010 1675 1053 ut
1700 1015 1767 1054 ne
1796 998 1960 1053 sudor

365 1104 433 1145 ac
473 1090 626 1146 labor
663 1092 763 1147 iste
806 1092 1156 1147 intolerabilis
1192 1103 1329 1147 esset
1360 1132 1374 1155 ,
1407 1090 1618 1146 sudoris
1657 1088 1958 1144 molestiam

370 1181 677 1255 laborisque
709 1185 1022 1256 gravitatem
1049 1184 1413 1254 iumentorum
1446 1182 1783 1238 multitudine
1811 1183 1957 1238 leva-

367 1277 481 1343 vit,
513 1292 633 1347 qua:
660 1292 762 1333 una
796 1278 1072 1333 nobiscum
1103 1277 1347 1332 laborant
1380 1286 1434 1332 et
1462 1276 1734 1331 molestias
1760 1274 1954 1329 ferunt.

369 1367 439 1423 Et
462 1368 909 1439 quemadmodum
939 1369 1201 1442 benignus
1225 1384 1290 1425 ac
1316 1368 1565 1440 providus
1593 1368 1754 1424 herus
1780 1367 1962 1439 ﬂagel-

370 1460 477 1516 lato
505 1476 663 1517 servo
685 1477 869 1518 curam
892 1462 1123 1534 aliquam
1149 1478 1437 1529 congruam
1460 1461 1681 1532 ﬂagellis
1699 1461 1915 1517 adhibet
1943 1479 1957 1516 :

368 1550 447 1606 sic
489 1552 741 1608 nimirum
787 1553 875 1609 ubi
917 1568 1127 1623 pcenam
1168 1568 1262 1607 reo
1300 1553 1552 1621 imposuit
1598 1553 1773 1618 Deus,
1813 1552 1958 1607 omni

369 1641 577 1697 ratione
605 1658 818 1712 penam
857 1643 1010 1697 istam
1054 1642 1312 1697 leviorem
1343 1642 1570 1697 reddere
1599 1642 1800 1709 voluit,
1826 1642 1954 1697 dum

368 1731 435 1785 ad
463 1731 714 1787 sudorem
743 1748 841 1788 nos
866 1733 1210 1804 laboremque
1247 1743 1557 1803 perpetuum
1583 1733 1865 1790 damnatos
1902 1734 1954 1789 in

371 1822 553 1879 labore
577 1825 780 1879 curavit
806 1823 1025 1881 ferendo
1048 1841 1076 1879 a
1101 1826 1280 1880 multis
1302 1827 1588 1896 generibus
1610 1828 1957 1883 animantium

370 1912 630 1982 adjuvari.
677 1914 782 1969 Pro
819 1915 902 1970 his
938 1930 1067 1970 sane
1106 1917 1355 1971 omnibus
1382 1917 1430 1971 ei
1469 1918 1667 1987 gratias
1696 1932 1955 1987 agamus:

372 2018 493 2057 nam
521 2003 661 2073 quod
690 2005 943 2061 honorem
969 2007 1122 2061 nobis
1140 2008 1384 2074 contulit,
1411 2022 1476 2063 ac
1496 2023 1681 2063 rursus
1703 2008 1960 2064 honorem

370 2094 586 2163 eripuit.
615 2103 670 2151 et
696 2111 800 2151 non
825 2112 1039 2153 omnem
1068 2098 1261 2167 eripuit
1288 2099 1481 2169 ipsum,
1511 2110 1567 2154 et
1588 2100 1730 2170 quod
1760 2100 1961 2156 bestia-

373 2200 491 2238 rum
520 2186 762 2241 timorem
792 2188 1030 2253 immisit,
1057 2197 1114 2244 et
1137 2190 1337 2256 omnia,
1365 2190 1410 2244 si
1438 2189 1557 2259 quis
1582 2191 1848 2246 examinet
1873 2206 1959 2255 ea,

372 2275 592 2330 multam
614 2278 948 2347 sapientiam,
970 2280 1187 2333 multam
1210 2280 1618 2350 providentiam,
1634 2282 1962 2351 multamque

372 2365 708 2421 clementiam
750 2384 859 2439 pne
896 2384 956 2424 se
986 2369 1165 2425 ferunt
1211 2388 1224 2423 :
1269 2386 1371 2437 qua
1404 2370 1558 2425 nobis
1586 2370 1835 2426 omnibus
1861 2371 1964 2427 frui

376 2466 636 2525 perpetuo
669 2460 944 2528 contingat
986 2460 1037 2514 in
1084 2460 1172 2515 Dei
1208 2461 1430 2530 gloriam
1455 2502 1473 2525 ,
1503 2462 1593 2531 qui
1633 2462 1749 2517 lucc
1780 2463 1961 2518 omnia

380 2546 600 2613 perfecit
630 2563 645 2601 :
675 2547 773 2618 ipsi
803 2550 972 2620 gloria
1006 2551 1057 2604 in
1086 2550 1278 2604 saecula
1308 2552 1645 2606 saeculorum.
1682 2553 1873 2606 Amen.

946 2702 1176 2759 sunuo
1204 2702 1267 2757 tv
1298 2702 1396 2777 (a).

379 2831 529 2898 Quod
579 2835 834 2889 servitutis
861 2836 1036 2889 modos
1082 2846 1181 2890 tres
1225 2837 1485 2891 induxerit
1516 2848 1773 2908 peccatum
1797 2854 1817 2893 :
1845 2841 1967 2893 etin

449 2926 755 2995 negligentes
783 2927 1041 2981 auditores
1060 2968 1074 2989 ,
1107 2944 1289 2994 eosque
1334 2930 1421 2998 qui
1457 2941 1688 2998 parentes
1735 2947 1837 2985 non
1865 2932 1963 2985 Ito-

448 3028 650 3070 norant.

451 3151 502 3203 1.
534 3147 740 3205 Honore
760 3152 907 3221 allicit
928 3152 1153 3208 subditos
1173 3171 1290 3209 suos
1321 3155 1478 3222 Deus,
1500 3158 1845 3227 quomodo.—
1862 3162 1969 3214 Au-

376 3238 586 3294 divistis
625 3240 740 3296 heri
766 3282 782 3306 ,
824 3258 931 3313 quo
976 3254 1131 3313 pacto
1162 3246 1301 3301 Deus
1352 3246 1621 3303 hominem
1676 3249 1967 3306 bestiarum

376 3345 557 3402 regem
587 3347 650 3387 ac
679 3334 971 3405 principem
993 3337 1353 3405 constituerit,
1372 3355 1478 3409 quo
1496 3350 1650 3410 pacto
1679 3344 1804 3397 item
1835 3358 1970 3399 con-

378 3423 554 3480 festim
581 3441 611 3480 e
651 3442 817 3499 regno
861 3428 1008 3484 illum
1051 3430 1302 3501 eiecerit;
1334 3433 1416 3489 vel
1447 3436 1624 3502 potius
1649 3450 1755 3490 non
1786 3436 1926 3491 Deus
1949 3478 1964 3501 ,

375 3515 470 3571 sed
493 3516 605 3587 ipse
631 3532 728 3589 per
756 3518 1169 3577 inobedientiam
1196 3523 1400 3579 honore
1430 3526 1663 3595 seipsum
1686 3526 1965 3583 abdicarit.

376 3606 506 3663 Nam
546 3609 686 3678 quod
728 3612 802 3664 illi
834 3628 1053 3681 regnum
1082 3613 1366 3682 obtigerit,
1398 3616 1595 3671 divina:
1640 3618 1808 3673 solius
1860 3619 1959 3674 luit

378 3698 741 3770 benignitatis.
784 3702 964 3773 Neque
988 3705 1130 3758 enim
1164 3704 1300 3759 hanc
1332 3707 1406 3760 illi
1437 3708 1739 3763 mercedem
1785 3710 1971 3765 tribuit

378 3799 525 3844 recte
570 3789 861 3855 factorum,
895 3792 988 3847 sed
1030 3796 1414 3865 etpriusquam
1465 3807 1637 3864 esset,
1672 3798 1770 3853 hoc
1818 3800 1965 3854 illum

382 3879 589 3936 honore
604 3881 898 3938 deetiravit.
936 3891 1006 3939 At
1036 3901 1103 3940 ne
1126 3886 1334 3943 diceres
1366 3888 1633 3942 hominem
1659 3901 1839 3957 postea
1871 3908 1970 3946 na-

381 3980 491 4024 tum
514 4012 528 4035 ,
560 3970 753 4026 deinde
784 3974 968 4029 multis
996 3976 1154 4029 editis
1206 3978 1480 4044 prteclaris
1531 3978 1855 4034 facinoribus
1895 3982 1966 4035 ita

381 4060 546 4115 Deum
575 4061 674 4115 sibi
718 4064 1034 4119 conciliasse
1057 4105 1073 4130 ,
1104 4074 1162 4120 ut
1184 4067 1251 4120 ab
1277 4083 1342 4121 eo
1369 4069 1647 4136 imperium
1680 4071 1729 4122 in
1765 4070 1967 4126 belluas

378 4151 665 4218 obtineret,
698 4169 820 4208 cunt
867 4154 1191 4212 formaturus
1219 4173 1341 4212 eum
1369 4169 1542 4223 esset,
1584 4160 1652 4215 de
1680 4161 1845 4230 ipsius
1873 4163 1971 4217 im-

380 4245 532 4313 perio
559 4246 717 4301 verba
771 4246 893 4301 facit
928 4249 999 4302 ita
1032 4248 1216 4303 dicens
1247 4266 1260 4303 :
1290 4248 1565 4307 Faciamus
1604 4254 1855 4307 hominem
1901 4254 1970 4308 ad

378 4335 650 4407 imaginem
690 4347 737 4391 et
767 4338 1142 4393 similitudinem
1174 4350 1394 4394 nostram
1417 4382 1433 4407 ,
1458 4351 1506 4394 et
1542 4343 1831 4397 dominetur
1885 4346 1966 4399 be-

378 4432 489 4486 stiis
514 4441 661 4485 terra:
688 4431 839 4501 (Cen.
868 4434 916 4487 1.
948 4433 1064 4503 26).
1101 4436 1238 4491 Ante
1263 4435 1426 4489 vitam
1456 4436 1644 4500 honor,
1674 4446 1797 4491 ante
1817 4453 1970 4494 crea-

380 4522 581 4577 tionem
626 4536 821 4576 corona
841 4563 857 4588 ,
884 4532 938 4578 et
964 4533 1247 4595 antequam
1277 4528 1367 4580 liat
1386 4567 1401 4589 ,
1428 4525 1495 4579 ad
1526 4527 1728 4597 regium
1772 4527 1966 4583 solium

379 4612 643 4669 evehitur.
680 4612 887 4669 Etenim
916 4614 1161 4672 homines
1201 4617 1443 4674 subditos
1487 4632 1615 4673 suos
1643 4621 1695 4674 in
1726 4630 1966 4676 extrema

379 4712 658 4760 senectute
711 4714 832 4773 post
874 4707 1072 4763 multos
1123 4708 1333 4765 labores
1372 4721 1425 4763 et
1452 4709 1655 4765 inﬁnita
1687 4714 1920 4781 pericula
1949 4756 1964 4778 ,

380 4811 500 4851 cum
531 4797 584 4851 in
630 4812 761 4867 pace
789 4806 899 4851 tum
927 4798 979 4853 itt
1013 4799 1196 4865 bellis,
1226 4810 1334 4855 tum
1361 4801 1577 4857 demunt
1620 4803 1821 4861 honore
1851 4807 1969 4860 τιΠί-

381 4890 526 4945 cinnt
555 4906 573 4944 :
599 4889 741 4945 Deus
769 4902 947 4944 autem
980 4907 1084 4945 non
1113 4892 1205 4957 ita,
1232 4892 1324 4946 sed
1353 4894 1535 4947 statim
1572 4903 1727 4966 atque
1756 4906 1839 4951 est
1862 4939 1876 4959 ,
1901 4897 1967 4953 ad

384 4978 527 5033 hunc
555 4995 677 5036 cum
725 4981 985 5037 honorem
1013 4980 1223 5046 evexit,
1255 4993 1310 5037 et
1347 4983 1448 5037 hoc
1479 5000 1582 5039 non
1626 4996 1771 5041 recte
1799 4988 1962 5043 facto-

383 5082 500 5123 rum
532 5084 654 5126 esse
680 5073 983 5127 mercedem
1013 5071 1279 5138 ostendit,
1309 5072 1402 5127 sed
1436 5075 1659 5143 gratiam
1692 5077 1924 5133 divinam
1948 5120 1965 5145 ,

383 5166 439 5213 rt
463 5172 569 5214 non
612 5158 869 5216 debitum.
914 5162 1065 5229 Quod
1098 5163 1254 5233 igitur
1275 5162 1627 5234 principatum
1671 5169 1965 5237 acceperit,

384 5248 436 5303 id
457 5264 527 5304 ex
566 5249 679 5304 sola
726 5249 816 5305 Dei
846 5251 1170 5321 benignitate
1219 5253 1290 5308 illi
1335 5253 1589 5309 obvenit:
1622 5257 1761 5324 quod
1790 5268 1967 5313 autem

383 5341 643 5397 exciderit
667 5342 991 5412 principatu,
1014 5359 1080 5399 ex
1120 5345 1285 5415 ipsius
1313 5346 1538 5416 ignavia.
1568 5345 1707 5416 Ergo
1734 5356 1790 5401 ut
1819 5364 1970 5419 reges

380 5436 463 5490 t‘is
488 5435 576 5506 qui
604 5437 715 5491 suis
741 5452 847 5491 non
879 5447 1067 5507 parent
1110 5439 1374 5494 mandatis
1412 5440 1672 5510 abrogant
1702 5442 1968 5511 principa-

385 5532 500 5580 tum
530 5542 547 5581 :
575 5524 647 5581 ita
667 5541 728 5583 se
756 5526 921 5599 gessit
947 5543 1071 5599 erga
1122 5528 1390 5585 hominem
1421 5531 1559 5585 Deus
1583 5573 1597 5595 ,
1630 5546 1749 5586 cum
1774 5531 1821 5587 ei
1846 5542 1972 5589 tunc

380 5618 741 5689 principatum
778 5620 1072 5690 abrogavit.
1117 5620 1284 5675 llodie
1314 5632 1490 5677 autem
1519 5638 1696 5691 opera:
1746 5624 1973 5692 pretium

453 5749 528 5815 (α)
562 5747 769 5803 collatus
789 5767 897 5802 cum
922 5755 1086 5803 codice
1111 5758 1259 5816 negio
1288 5755 1405 5805 [976
1428 5763 1604 5805 etcum
1627 5756 1770 5805 asta.

1649 338 1712 393 IN
1750 336 2048 393 GENESIM
2086 335 2317 392 SERMO
2342 336 2429 394 IV.

3550 340 3650 397 5N

2073 449 2230 503 tuerit
2254 449 2455 515 dicere,
2483 460 2740 518 quantum
2761 450 2922 507 etiam
2950 450 3114 508 alium
3135 452 3393 510 honorem
3425 455 3498 509 illi
3525 470 3654 525 pee-

2069 543 2173 597 eati
2203 552 2389 596 natura
2420 542 2714 613 eripuerit,
2749 552 2801 599 et
2828 552 2960 615 quot
2986 546 3258 601 servitutis
3283 546 3472 604 modos
3498 547 3656 604 indu-

2068 636 2224 702 xerit,
2258 636 2385 690 dum
2429 646 2487 690 ut
2518 646 2775 708 tyrannus
2803 638 3067 709 quispiam
3116 638 3344 695 diversis
3370 640 3597 698 vinculis
3624 681 3645 710 ,

2067 728 2246 781 multis
2281 727 2565 797 generibus
2594 728 2986 798 principatuum
3025 738 3269 784 naturam
3302 740 3538 786 nostram
3558 731 3657 787 de-

2065 818 2253 872 vinxit.
2286 817 2497 873 Primus
2528 818 2688 888 igitur
2709 818 3039 890 principatus
3062 828 3145 875 est
3169 820 3397 875 servitus
3419 860 3435 885 ,
3468 834 3573 891 qua
3599 829 3658 876 et

2066 910 2382 966 mulieribus
2437 912 2703 980 imperant
2742 910 2843 965 viri
2875 928 2888 964 :
2919 911 3182 981 siquidem
3214 920 3335 982 post
3379 922 3655 981 peccatum

2068 1001 2167 1056 hac
2213 1016 2351 1070 Opus
2391 1001 2508 1055 fttit.
2554 1000 2687 1057 Nam
2733 1009 2859 1057 ante
2892 1001 3309 1058 inobedientiam
3336 1018 3430 1071 par
3454 1001 3657 1062 honore

2066 1091 2164 1147 luit
2206 1092 2359 1157 viro,
2403 1108 2635 1163 cumque
2677 1092 2823 1148 illam
2884 1092 3136 1148 formavit
3184 1092 3357 1157 Deus,
3385 1093 3580 1164 quibus
3602 1092 3658 1148 in

2065 1183 2384 1238 formatione
2427 1182 2525 1237 viri
2554 1182 2731 1237 verbis
2776 1199 2905 1239 usus
2939 1193 3090 1248 erat,
3120 1184 3203 1237 his
3222 1193 3277 1238 et
3307 1183 3359 1237 in
3384 1183 3659 1238 creatione

2064 1274 2305 1329 mulieris
2344 1282 2426 1329 est
2465 1288 2612 1328 usus.
2654 1273 2726 1329 Ut
2754 1274 2914 1344 igitur
2951 1274 3020 1329 de
3050 1275 3142 1329 illo
3177 1274 3313 1329 dixit
3337 1315 3351 1339 ,
3383 1273 3657 1328 Faciamus

2065 1365 2314 1419 hominem
2364 1366 2432 1419 ad
2469 1365 2738 1437 imagith
2772 1375 2820 1420 et
2860 1366 3239 1420 similitudinem
3268 1376 3493 1420 nostram
3515 1408 3528 1428 ,
3564 1380 3659 1420 ne-

2063 1470 2167 1525 que
2191 1455 2364 1523 dixit,
2396 1455 2514 1510 Fiat
2536 1455 2697 1511 homo
2729 1472 2743 1509 :
2772 1455 2851 1511 sic
2877 1465 2931 1511 et
2956 1455 3025 1511 de
3066 1454 3167 1511 ista
3196 1471 3303 1510 non
3333 1456 3507 1520 dixit,
3540 1456 3658 1510 Fiat

2066 1547 2290 1613 mulier,
2342 1549 2438 1604 sed
2485 1548 2572 1604 hic
2616 1563 2827 1619 quoque
2875 1567 2889 1603 :
2942 1547 3217 1603 Faciamus
3288 1548 3336 1603 ei
3374 1548 3660 1617 adjutoreut

2065 1638 2217 1708 (Gen.
2249 1639 2311 1693 2.
2342 1639 2432 1710 18)
2458 1680 2473 1706 ,
2505 1656 2678 1712 neque
2720 1640 3034 1712 simpéiciter
3050 1640 3386 1711 adiutorem,
3413 1639 3539 1704 sed.
3565 1639 3661 1696 Se-

2066 1729 2289 1783 cundum
2317 1731 2484 1799 ipsum
2507 1773 2524 1797 ,
2551 1746 2658 1801 quo
2700 1746 2887 1787 rursus
2926 1731 3148 1788 honoris
3182 1732 3542 1803 aequalitatem
3570 1745 3661 1786 os-

2068 1820 2255 1875 tendit.
2285 1820 2417 1874 Nam
2445 1821 2698 1891 quoniam
2742 1821 2914 1877 bruta:
2962 1823 3263 1877 animantes
3293 1822 3359 1875 ad
3406 1836 3656 1877 necessa-

2066 1910 2178 1967 rios
2207 1912 2329 1966 vita:
2373 1926 2505 1967 usus
2529 1912 2755 1968 multum
2805 1912 2964 1969 nobis
3010 1912 3293 1969 conferunt
3330 1914 3659 1983 adiumenti,

2067 2016 2134 2056 ne
2191 2004 2329 2059 forte
2372 2003 2653 2060 mulierem
2701 2019 2914 2076 quoque
2954 2004 3096 2061 inter
3136 2004 3400 2074 mancipia
3442 2014 3661 2073 putares

2066 2109 2189 2150 esse
2216 2095 2600 2152 numerandam
2626 2136 2641 2161 ,
2674 2095 2798 2152 vide
2822 2095 3093 2166 quomodo
3116 2096 3185 2151 ab
3212 2094 3319 2151 illis
3342 2110 3460 2151 eam
3485 2096 3660 2149 mani-

2066 2185 2204 2242 l’este
2230 2186 2542 2258 distinguat.
2574 2186 2806 2243 Adduxit
2826 2188 3033 2255 bestias,
3059 2188 3248 2259 inquit,
3274 2204 3443 2243 coram
3470 2186 3655 2252 Adam,

2067 2286 2114 2332 et
2142 2294 2244 2331 non
2267 2287 2341 2333 est
2387 2280 2619 2334 inventus
2646 2280 2855 2350 adjutor
2891 2280 3072 2334 similis
3115 2280 3161 2334 ei
3193 2278 3471 2334 secundum
3492 2282 3661 2347 ipsum

2070 2367 2221 2440 (Gen.
2243 2368 2300 2424 2.
2334 2368 2421 2425 l9.
2447 2368 2565 2440 20).
2592 2370 2728 2437 Quid
2752 2370 2947 2442 igitur?
2967 2386 3075 2424 non
3099 2377 3181 2424 est
3209 2368 3422 2439 adiutor
3445 2382 3618 2438 equus
3640 2396 3657 2434 δ

2067 2462 2156 2531 qui
2184 2477 2401 2531 operam
2428 2478 2579 2518 suam
2611 2464 2682 2517 illi
2712 2473 2925 2533 praestat
2958 2463 3011 2517 in
3038 2462 3234 2519 bellis?
3262 2477 3369 2517 non
3395 2468 3480 2517 est
3506 2458 3660 2531 adiu-

2070 2563 2155 2606 tor
2204 2553 2302 2607 bos
2326 2594 2341 2620 ,
2382 2554 2471 2624 qui
2495 2569 2767 2609 vomerem
2801 2554 2991 2619 trahit,
3021 2563 3077 2608 et
3116 2554 3242 2608 dum
3270 2554 3472 2607 semina
3503 2562 3663 2607 terra:

2071 2643 2413 2707 mandantur,
2463 2644 2744 2698 nobiscum
2796 2643 3039 2698 laborat?
3063 2658 3169 2697 non
3215 2652 3340 2696 sunt
3386 2642 3661 2712 adiutores

2070 2738 2253 2790 asinus
2299 2743 2350 2789 et
2380 2736 2555 2790 mulus
2574 2776 2591 2802 ,
2618 2734 2707 2805 qui
2727 2735 2794 2789 ad
2830 2749 2995 2791 onera
3029 2733 3421 2788 transvehenda
3448 2747 3546 2787 nos
3566 2731 3662 2786 ad-

2064 2828 2293 2898 juvant?
2318 2828 2424 2883 Sed
2464 2844 2531 2884 ne
2561 2828 2665 2883 hoc
2699 2826 2849 2883 dicas
2878 2868 2894 2891 ,
2922 2834 3205 2898 propterea
3245 2826 3361 2880 lucc
3409 2834 3658 2881 accurate

2070 2919 2361 2989 distinguit.
2395 2919 2509 2974 Non
2530 2921 2672 2975 enim
2700 2919 3013 2988 simpliciter
3039 2918 3193 2983 dixit,
3224 2916 3338 2972 Non
3365 2924 3450 2971 est
3475 2916 3664 2971 inven-

2073 3019 2157 3064 tus
2198 3010 2273 3064 illi
2297 3009 2531 3080 adiutor,
2559 3009 2686 3077 sed,
2720 3008 2841 3065 Non
2867 3018 2941 3064 est
2977 3009 3207 3063 inventus
3247 3006 3453 3078 adiutor
3482 3006 3667 3061 similis

2072 3102 2137 3154 ei.
2166 3100 2239 3156 Ita
2267 3100 2352 3156 hic
2377 3116 2591 3172 quoque
2618 3116 2722 3155 non
2746 3100 2899 3167 dixit,
2924 3098 3257 3169 simpliciter,
3290 3096 3568 3153 Faciamus
3588 3096 3665 3151 illi

2071 3192 2403 3261 adiutorem,
2436 3191 2529 3245 sed
2554 3233 2569 3256 ,
2603 3189 2880 3245 Faciamus
2926 3190 3006 3244 illi
3048 3189 3337 3261 adiutorem
3384 3187 3667 3243 secundum

2070 3282 2237 3351 ipsum
2260 3322 2277 3345 ,
2298 3281 2451 3337 dixit.
2475 3281 2601 3337 Haec
2624 3291 2802 3337 autem
2825 3289 2951 3336 ante
2982 3290 3260 3350 peccatum
3284 3279 3620 3349 contigerunt
3646 3294 3662 3332 :

2075 3381 2194 3441 post
2218 3382 2491 3443 peccatum
2521 3383 2698 3427 autem
2733 3390 2748 3426 :
2780 3372 2860 3426 Ad
2887 3372 3051 3427 virum
3089 3380 3234 3425 tuum
3265 3370 3523 3425 conversio
3540 3379 3664 3434 tua,

2071 3468 2115 3511 et
2143 3457 2253 3526 ipse
2279 3457 2353 3510 tui
2379 3457 2725 3512 dominabitur
2750 3455 2902 3527 (Gen.
2922 3457 2975 3512 5.
3003 3453 3114 3527 16).
3145 3454 3430 3525 Δίιιιιειιοιη
3461 3453 3667 3509 honore

2074 3558 2127 3603 te
2178 3548 2390 3611 ereavi,
2429 3548 2637 3619 inquit;
2672 3563 2778 3602 non
2802 3556 2948 3603 recte
2995 3562 3092 3601 usa
3128 3561 3188 3602 es
3234 3543 3666 3615 principatu:ad

2072 3637 2456 3707 subiectionem
2496 3638 2784 3694 descende.
2834 3637 2949 3693 Non
2982 3637 3145 3692 tulisti
3173 3636 3471 3692 libertatem
3501 3652 3514 3689 :
3546 3650 3665 3689 ser-

2073 3730 2295 3784 vitutem
2338 3729 2579 3784 admitte.
2614 3730 2895 3785 Nescivisti
2926 3731 3193 3799 imperare
3215 3768 3231 3795 ,
3261 3725 3405 3798 quod
3444 3738 3500 3783 et
3552 3726 3665 3796 ipsa

2074 3837 2252 3877 rerum
2278 3821 2608 3893 experientia
2649 3821 2934 3877 declarasti
2965 3839 2978 3875 :
3012 3829 3129 3875 esto
3157 3835 3264 3875 una
3303 3835 3370 3876 ex
3401 3819 3627 3874 subditis
3646 3859 3663 3881 ,

2072 3924 2127 3969 et
2151 3914 2423 3969 dominum
2459 3914 2629 3967 virum
2675 3928 2924 3983 agnosce.
2954 3911 3035 3966 Ad
3059 3911 3224 3966 virum
3250 3919 3389 3965 tuum
3410 3910 3667 3964 conversio

2074 4016 2179 4070 tua,
2203 4016 2251 4061 et
2276 4007 2383 4077 ipse
2401 4006 2472 4059 tui
2492 4006 2849 4059 dominabitur.
2878 4006 2947 4059 At
2971 4004 3090 4058 vide
3118 4003 3221 4057 hoc
3252 4002 3373 4058 loco
3398 4001 3492 4058 Dei
3518 4001 3667 4055 beni-

2073 4097 2345 4166 gnitatem.
2395 4094 2473 4150 Ne
2521 4095 2665 4151 enim
2710 4095 2969 4161 audiens,
3014 4093 3137 4165 Ipse
3182 4094 3255 4147 tui
3298 4092 3663 4155 dominabitur,

2074 4205 2290 4260 gravem
2340 4196 2586 4245 censeret
2629 4203 2751 4244 esse
2790 4188 3153 4252 dominatum,
3189 4186 3335 4256 prius
3374 4186 3545 4255 posuit
3573 4202 3668 4238 nn-

2074 4298 2197 4337 men
2227 4297 2370 4336 curae
2395 4281 2581 4337 dicens
2604 4321 2619 4344 ,
2657 4280 2737 4334 Ad
2765 4281 2926 4335 vii-mu
2957 4290 3098 4333 tuum
3125 4278 3383 4333 conversio
3408 4287 3496 4331 tua
3521 4320 3532 4335 .
3565 4276 3667 4331 hoc

2074 4383 2177 4438 est,
2207 4372 2484 4443 Rt-iugium
2512 4381 2681 4439 tuum,
2711 4381 2915 4443 portus,
2938 4380 2993 4424 et
3010 4370 3270 4425 securitas
3291 4368 3383 4422 tibi
3411 4368 3515 4423 erit
3537 4368 3662 4423 ille:

2074 4476 2131 4520 ut
2157 4467 2208 4520 in
2235 4466 2503 4531 omnibus,
2536 4482 2655 4535 qua:
2688 4466 2953 4535 ingruent,
2983 4464 3141 4519 ntalis
3157 4461 3225 4518 ad
3256 4462 3427 4532 ipsum
3458 4469 3512 4516 te
3530 4475 3666 4517 con-

2073 4566 2251 4611 vertas
2271 4564 2344 4611 σει
2370 4554 2647 4627 confugias
2666 4596 2682 4621 ,
2714 4554 2807 4609 tibi
2848 4553 3087 4609 concedo
3130 4551 3313 4623 Neque
3342 4550 3445 4605 hoc
3466 4551 3664 4616 solum,

2073 4644 2168 4701 sed
2212 4654 2268 4700 et
2300 4645 2630 4700 naturalibus
2658 4659 2752 4700 eos
2805 4643 3214 4700 necessitatibus
3257 4642 3562 4715 colligavit,
3611 4654 3666 4696 et

2073 4746 2342 4807 tamquam
2382 4736 2663 4793 infractum
2705 4735 2971 4807 quoddam
3013 4735 3317 4796 vinculum.
3363 4735 3665 4801 cupiditatis

2074 4830 2178 4885 illis
2200 4837 2443 4885 catenam
2472 4829 2668 4899 iniecit.
2702 4827 2863 4883 Vides
2888 4838 2946 4881 ut
2978 4827 3363 4897 subiectionem
3406 4825 3667 4879 invexerit

2072 4922 2287 4993 quidem
2305 4930 2600 4993 peccatum,
2615 4920 2786 4976 solers
2800 4932 2977 4976 autem
2990 4930 3042 4975 et
3055 4922 3266 4988 sapiens
3285 4918 3425 4973 Deus
3442 4916 3522 4970 his
3532 4930 3667 4987 quo-

2073 5032 2179 5085 qne
2198 5014 2265 5069 ad
2292 5022 2529 5068 nostram
2557 5012 2841 5067 utilitatem
2868 5012 2932 5067 sit
2960 5012 3124 5066 usus?
3149 5008 3288 5064 Audi
3317 5006 3442 5078 quid
3468 5006 3537 5061 de
3560 5006 3663 5061 hac

2073 5107 2405 5178 subiectione
2434 5105 2576 5159 dicat
2604 5104 2795 5160 Paulus
2819 5145 2835 5168 ,
2864 5111 2918 5157 ut
2949 5117 3161 5157 rursum
3194 5100 3400 5155 Veteris
3426 5114 3491 5155 ac
3529 5097 3665 5154 Novi

2074 5198 2400 5254 Testamenti
2434 5194 2775 5251 concordiam
2806 5192 3089 5261 intelligas.
3127 5190 3332 5254 Mulier,
3368 5190 3577 5259 inquit,
3609 5190 3663 5243 in

2074 5290 2274 5345 silentio
2292 5289 2455 5341 discat
2477 5303 2592 5339 cum
2613 5286 2751 5339 omni
2775 5282 3079 5351 subjectione
3102 5284 3180 5351 (l.
3216 5279 3346 5334 Tins.
3363 5278 3417 5333 2.
3440 5278 3525 5333 11.
3547 5276 3656 5342 12).

2152 5382 2382 5436 Μαιὸενὶσ
2418 5382 2665 5451 cilicium,-
2695 5377 2875 5433 mulier
2891 5377 3118 5449 subjecta
3141 5377 3281 5439 viro,
3310 5392 3487 5444 quare.
3514 5375 3658 5429 Alte-

2076 5490 2189 5528 rum
2213 5474 2465 5527 servitutis
2489 5487 2645 5541 genus
2672 5487 2734 5524 es:
2763 5478 2985 5541 peccato.
3002 5498 3076 5509 —
3102 5467 3263 5524 Vides
3278 5476 3332 5523 et
3355 5466 3527 5537 ipsum
3550 5464 3663 5523 viro

2076 5565 2356 5621 mulierem
2382 5563 2674 5631 subiecisse
2689 5562 2714 5616 ‘l
2732 5559 2837 5618 Sed
2855 5569 3126 5629 exspecta,
3144 5570 3199 5616 et
3221 5573 3436 5614 causam
3454 5556 3661 5612 audies.

2078 5654 2206 5721 Cur,
2232 5653 2360 5710 Cum
2388 5654 2527 5709 omni
2552 5652 2894 5723 subiectione?
2924 5648 3133 5707 Mulieri
3158 5651 3323 5716 enim,
3349 5650 3536 5718 inquit,
3566 5648 3661 5699 do-

2080 5762 2189 5801 cere
2215 5763 2314 5801 non
2354 5747 2605 5818 permitto.
2638 5744 2775 5816 Quid
2806 5745 2919 5800 ita?
2945 5741 3121 5800 Semel
3143 5743 3285 5799 enim
3316 5742 3451 5796 male
3476 5740 3658 5794 docuit
