4164 6224
434 365 541 422 595

433 481 626 537 Adam.
686 476 862 546 Nequa
900 470 1150 528 dominari
1192 467 1246 522 in
1286 480 1470 519 verum.
1510 462 1619 519 Cur
1668 459 1720 514 id
1767 455 2015 513 tandem?

435 569 614 625 Semel
642 567 840 638 quippe
869 562 1007 618 male
1029 558 1300 618 dominata
1324 564 1426 611 est.
1452 552 1560 610 Sed
1587 566 1694 606 esse
1720 550 1774 604 in
1793 547 2014 638 silentio.

439 661 538 722 Dic
717 669 953 711 causam.
985 651 1152 704 Adam
1190 647 1336 712 enim
1357 685 1372 711 ,
1397 645 1594 714 inquit,
1616 657 1719 696 non
1749 649 1822 694 est
1863 637 2016 697 sedu-

437 760 549 806 ctus
577 764 597 803 :
619 746 798 802 mulier
834 753 1005 798 autem
1047 740 1254 794 seducta
1290 732 1784 806 in'pmearicatione
1809 729 1907 801 fuit
1939 728 2016 798 (l.

441 837 579 895 Tini.
616 835 672 892 2.
705 836 816 904 id).
853 832 1056 888 Idcirco
1101 829 1242 884 illam
1287 841 1319 880 a
1345 824 1606 886 doctrinm
1644 820 1781 876 solio
1805 817 2016 887 deiecit.

440 930 542 996 Qui
585 927 727 986 enim
767 925 962 982 decere
991 921 1198 983 nescit,
1226 917 1414 976 discat,
1439 913 1644 984 inquit:
1673 908 1815 980 quod
1850 908 1894 962 si
1922 922 2016 961 no.

442 1020 601 1076 lueris
625 1019 853 1081 discere,
881 1014 978 1071 sed
1003 1014 1199 1070 docere
1211 1008 1458 1069 voluerit.
1491 1017 1546 1060 et
1566 1004 1820 1074 seipsum,
1860 1008 1913 1055 et
1937 998 2022 1053 di-

442 1111 674 1180 scipulos
702 1110 918 1177 insuper
941 1121 1070 1161 alios
1092 1103 1306 1174 perdet:
1341 1101 1395 1155 id
1416 1097 1558 1169 quod
1579 1098 1737 1154 etiam
1764 1104 1889 1149 tunc
1909 1106 2026 1145 mu-

443 1202 560 1256 lieri
600 1198 813 1254 accidit.
873 1198 1064 1252 Verum
1115 1195 1255 1249 illam
1303 1191 1516 1260 quidem
1574 1189 1687 1240 viro
1732 1183 2024 1253 subiectam

445 1295 642 1358 tuisse,
682 1307 746 1347 ac
776 1300 992 1362 propter
1033 1298 1307 1358 peccatum
1350 1283 1516 1338 fuisse
1553 1279 1880 1347 subjectam,
1904 1274 2031 1327 hinc.

450 1382 793 1439 manifestum
815 1387 900 1436 est
928 1397 942 1433 :
977 1377 1102 1433 illud
1133 1385 1312 1430 autem
1338 1371 1525 1432 audire
1551 1369 1729 1430 velim,
1755 1366 1836 1419 Ad
1864 1365 2032 1418 vntum

449 1485 594 1528 tuum
616 1473 877 1528 conversio.
894 1480 1012 1535 tua,
1034 1478 1086 1524 et
1107 1470 1221 1538 ipse
1248 1467 1327 1520 tui
1348 1464 1706 1518 dominabitur.

521 1565 577 1618 2.
605 1563 753 1620 Scire
778 1562 934 1616 velim
955 1574 1062 1631 quo
1082 1568 1234 1630 pacto
1254 1557 1321 1611 de
1342 1557 1440 1610 bac
1459 1555 1618 1609 etiam
1637 1566 1762 1606 cura
1787 1550 2032 1620 loquatur

453 1654 663 1719 Paulus,
685 1664 740 1710 et
757 1652 1081 1707 domimtum
1103 1650 1250 1704 [nise
1267 1656 1322 1702 at
1345 1662 1468 1701 cum
1489 1642 1872 1703 benevolentia.
1893 1641 2035 1708 Quo-

453 1762 578 1800 nam
603 1745 759 1814 igitur
775 1744 830 1798 in
850 1744 973 1798 loco
994 1742 1048 1798 id
1073 1740 1232 1796 facit?
1257 1739 1337 1794 Ad
1362 1736 1669 1793 Corinthios
1688 1734 1765 1804 (a)
1794 1734 2036 1788 scribens

457 1837 553 1900 ait,
594 1833 734 1899 Viri,
757 1833 952 1904 diligite
982 1848 1165 1887 uxores
1190 1831 1208 1900 (
1238 1829 1423 1900 Epiros.
1457 1828 1510 1882 5.
1538 1826 1658 1895 25.)
1691 1844 1705 1879 :
1735 1840 1860 1879 ecce
1883 1822 2031 1888 illud,

455 1928 540 1982 Ad
568 1927 728 1984 uirum
754 1936 895 1982 tuum
918 1925 1173 1980 conuiuia
1205 1933 1314 1976 tua.
1347 1920 1541 1976 Uxores
1566 1930 1736 1972 autem
1759 1928 1814 1972 ut
1831 1919 2037 1972 timeant

638 2015 810 2087 (Ibid.
854 2031 900 2070 ιι.
939 2013 1224 2086 33):ecce
1245 2013 1394 2076 illud,
1435 2011 1556 2082 Ipse
1581 2011 1658 2064 ιιιί
1676 2009 2032 2064 duininobitnr.

462 2107 623 2164 Vides
639 2106 922 2163 utminime
941 2106 1120 2176 gravis
1137 2106 1207 2160 sit
1231 2104 1550 2167 domi-natus,
1573 2099 1784 2170 quando
1809 2097 2040 2154 fervidus

457 2208 682 2265 amator,
727 2198 962 2256 mulieris
1001 2196 1285 2253 servientis
1320 2195 1478 2250 fuerit
1517 2191 1795 2258 dominus,
1827 2189 2041 2262 quando

458 2301 632 2346 metus
662 2289 818 2346 fuerit
841 2303 966 2344 cum
998 2289 1218 2344 caritate
1247 2285 1601 2357 conjunctus?
1645 2283 1735 2339 Sic
1762 2284 1905 2338 enim
1934 2282 2042 2336 tol-

459 2381 585 2439 litur
608 2379 783 2436 omnis
811 2379 1053 2435 molestia
1103 2377 1396 2433 servitutis.
1427 2374 1604 2432 Unum
1631 2374 1808 2444 itaque
1839 2371 2040 2442 princi-

460 2478 647 2540 patum.
673 2469 878 2528 induxit
901 2468 1283 2526 inobedientia.
1324 2466 1443 2522 Noli
1465 2467 1607 2522 enim
1645 2465 1746 2521 boc
1773 2474 2037 2536 spectare,

461 2560 605 2630 quod
631 2559 777 2620 illam
811 2569 867 2613 ut
905 2558 1187 2628 oportebat
1212 2557 1523 2627 temperarit
1558 2557 1697 2610 Deus
1720 2596 1736 2620 ,
1765 2557 1858 2613 sed
1901 2554 2044 2624 quod

463 2652 632 2721 ipsam
657 2650 927 2706 servitutis
940 2658 1182 2706 naturam
1206 2647 1541 2702 constituerit
1569 2654 1875 2716 peccatum:
1899 2644 2045 2716 quod

466 2753 551 2800 est
571 2742 798 2798 alterum
817 2756 986 2810 genus
1003 2740 1274 2796 servitutis
1285 2739 1451 2793 multo
1472 2738 1887 2810 priorigrav-ius,
1904 2736 2046 2806 quod

468 2844 524 2891 et
537 2835 710 2904 ipsum
725 2833 983 2904 originem
1001 2843 1055 2889 et
1069 2832 1406 2895 occasionem
1422 2829 1574 2885 duxit
1591 2845 1620 2883 a
1644 2839 1882 2900 peccato.
1914 2829 2048 2888 Nam

465 2937 585 2998 post
605 2926 866 2984 diluvium
889 2925 1024 2992 Noe,
1048 2938 1338 2980 commune
1368 2922 1498 2979 illud
1522 2922 1754 2977 universi
1786 2931 2046 2976 terrarum

467 3019 616 3076 orbis
649 3017 977 3088 nanlrag-inm
1017 3027 1079 3073 et
1106 3017 1326 3070 exitium
1349 3056 1364 3080 ,
1390 3017 1626 3084 peccavit
1674 3014 1729 3068 in
1754 3013 2048 3090 genitorem

468 3124 633 3166 suum
645 3109 824 3166 Gbam.
839 3111 854 3140 ¹
872 3148 894 3175 ,
919 3123 1149 3178 cumque
1169 3105 1424 3164 nuihtum
1447 3115 1652 3174 patrem
1679 3104 1929 3171 vidisset,
1953 3119 2048 3159 ac-

470 3197 747 3255 cusatione
782 3197 930 3254 illum
969 3197 1196 3265 amplius
1219 3211 1320 3250 sua.
1340 3195 1479 3265 apud
1500 3193 1692 3250 fratres
1728 3209 1855 3250 suos
1883 3194 2052 3249 nudas

472 3291 569 3358 vit,
596 3299 757 3361 atque
782 3289 904 3345 inde
933 3287 1156 3348 fratrum
1183 3303 1371 3344 servus
1393 3297 1474 3345 est
1510 3287 1699 3342 factus.
1729 3285 2054 3357 Corruperat

473 3381 620 3438 enim
648 3390 858 3436 naturae.
876 3382 1208 3436 nobilitatem
1234 3381 1466 3450 pravitas
1501 3380 1824 3435 voluntatis:
1853 3393 1916 3436 ac
1939 3395 2050 3435 me-

475 3475 580 3530 rito
623 3473 859 3545 quidem.
913 3472 1186 3544 Scriptura
1230 3473 1387 3542 igitur
1426 3473 1732 3526 innumeras
1779 3485 1873 3539 pro
1907 3469 2054 3539 justo

476 3567 681 3637 profert
728 3565 1098 3621 excusationes
1121 3606 1138 3631 ,
1161 3565 1243 3620 vel
1293 3564 1466 3634 potius
1501 3577 1608 3618 uno
1635 3563 1801 3618 verbo
1840 3576 2052 3615 omnem

476 3658 551 3712 illi
590 3657 683 3711 dat
708 3657 937 3711 veniam.
963 3656 1128 3725 Carpit
1155 3657 1328 3720 enim,
1356 3655 1552 3724 inquit,
1585 3651 1700 3706 Noe
1744 3654 1894 3706 homo
1913 3654 2025 3723 agri
2036 3685 2052 3695 -

474 3750 587 3804 cola
615 3747 768 3818 (Gen.
797 3747 851 3802 9.
880 3747 996 3816 20).
1022 3747 1154 3806 Illud
1185 3761 1332 3811 vero,
1357 3745 1538 3814 Carpit,
1570 3743 1791 3798 multam
1816 3746 2056 3799 continet

473 3839 746 3895 ebrietatis
771 3839 1188 3894 excusationem.
1216 3835 1346 3891 Nam
1373 3850 1544 3906 neque
1566 3843 1820 3905 quantum
1844 3835 1948 3888 vini
1971 3834 2056 3889 bi-

478 3931 706 3987 bendum
747 3942 890 3986 esset
931 3939 1184 3994 noverat,
1219 3943 1317 3984 nec
1356 3927 1661 3997 quomodo;
1685 3937 1961 3981 [Iterumne
1987 3941 2056 3979 an

476 4039 611 4094 aqua
655 4023 878 4078 uitiatum
907 4040 920 4076 :
962 4038 1060 4078 nec
1096 4021 1308 4090 quando
1338 4019 1623 4074 bibendum
1648 4060 1663 4085 ,
1708 4019 1960 4076 statimne
1989 4035 2050 4070 ex

479 4112 832 4169 torcularibus
877 4112 1122 4166 haustum
1142 4151 1156 4175 ,
1190 4125 1260 4163 an
1285 4117 1406 4177 post
1449 4107 1662 4178 aliquod
1705 4117 1912 4176 tempus
1939 4107 2052 4161 ela-

480 4219 654 4271 psum.
685 4205 760 4258 Ac
781 4201 1050 4271 Scriptura
1075 4201 1291 4270 quidem
1332 4215 1426 4268 per
1452 4200 1566 4254 haec
1593 4197 1704 4254 Noe
1733 4198 1930 4253 factum
1959 4215 2054 4253 ex-

477 4307 660 4363 cusat;
687 4297 782 4367 qui
804 4311 930 4351 vero
953 4311 1018 4350 ex
1049 4296 1165 4364 ipso
1213 4301 1500 4364 prognatus
1541 4300 1696 4356 erat,
1727 4291 1818 4361 qui
1843 4289 1913 4346 ab
1941 4291 2060 4360 ipso

479 4397 722 4446 servants
752 4386 1036 4459 (siquidem
1054 4395 1271 4455 propter
1288 4382 1586 4440 eahibitum
1608 4383 1743 4452 patri
1773 4381 2054 4445 honorem,

480 4495 580 4535 una
608 4495 740 4535 cum
778 4478 986 4533 caeteris
1013 4483 1327 4545 tempestate
1349 4474 1589 4530 sublatus
1619 4488 1730 4528 non
1757 4473 2014 4542 perierat)
2039 4513 2054 4536 ,

481 4571 624 4625 nulla
656 4579 858 4624 nature
890 4568 1065 4624 habita
1092 4567 1297 4620 ratione
1320 4605 1334 4630 .
1364 4579 1473 4620 non
1492 4563 1682 4620 salutis
1705 4563 1944 4618 obtenta.
1965 4576 2056 4616 re-

481 4663 773 4729 cordatus,
827 4675 936 4715 nou
986 4667 1129 4714 metu
1179 4658 1246 4711 ad
1284 4656 1562 4712 meliorem
1614 4664 1848 4710 mente
1895 4652 2059 4709 redu-

479 4767 617 4820 ctus,
645 4768 776 4809 cum.
797 4752 969 4806 adhuc
997 4763 1280 4820 superesse
1300 4747 1551 4818 reliquias
1576 4755 1816 4802 cerneret
1850 4746 1946 4802 irae
1971 4743 2062 4800 di-

482 4849 616 4902 vinat
642 4886 659 4912 ,
689 4859 812 4899 cum
842 4842 1064 4911 vestigia
1085 4840 1401 4896 calamitatis
1423 4852 1700 4909 apparere,
1735 4851 1868 4892 cum.
1885 4835 2063 4891 adhuc

481 4951 668 4994 eorum
713 4950 832 5007 qua:
884 4932 1189 4987 acciderant
1234 4939 1434 4986 metum
1480 4931 1696 5001 vigere,
1739 4926 2066 4983 contumelia

482 5038 754 5102 parentem
800 5024 995 5080 all‘ccit.
1023 5023 1135 5079 lloc
1162 5023 1321 5078 etiam
1364 5022 1616 5077 admonet
1656 5018 1871 5089 sapiens
1912 5018 2066 5088 quis-

483 5121 623 5190 piant
665 5117 852 5173 dicens
880 5133 893 5169 :
930 5114 1012 5168 Ne
1034 5114 1264 5186 glorieris
1307 5114 1360 5166 in
1399 5109 1710 5164 contumelia
1753 5107 1916 5178 patris
1938 5107 2012 5164 tui
2043 5123 2062 5160 :

483 5227 585 5265 non
608 5211 739 5264 enim
767 5208 944 5262 esttibi
971 5207 1135 5276 gloria
1149 5205 1308 5274 patris
1328 5201 1630 5256 contumelia
1653 5198 1837 5270 (Eccli.
1857 5199 1908 5253 '5.
1945 5197 2060 5266 1%).

489 5303 680 5358 Ver-inn
710 5315 883 5368 neque
923 5298 1024 5351 hoc
1065 5305 1283 5350 noverat
1315 5294 1436 5357 ille;
1465 5291 1558 5346 sed
1605 5299 1878 5360 peccatum
1917 5289 2066 5342 omni

486 5397 636 5450 venia
663 5403 718 5448 ct
754 5391 1097 5447 excusatione
1136 5388 1412 5457 indignum
1438 5383 1673 5441 admisit.
1703 5379 1829 5434 lileo
1861 5379 2062 5448 peccati

488 5501 698 5556 penam
747 5485 1054 5542 servitutem
1102 5479 1354 5540 incuri-it,
1382 5475 1711 5543 fratrumque
1753 5484 1938 5526 servus
1983 5478 2068 5524 cst

549 5642 568 5674 ι
603 5647 669 5689 Ita
691 5635 1132 5701 negiibcne.F.dit.
1157 5629 1569 5701 mle,l‘hma"’!-
1679 5695 1702 5701 -
1765 5690 1774 5698 .
1816 5687 1897 5701 ....

550 5687 891 5760 (aliiateni'orite
909 5697 1042 5759 lapsu
1056 5687 1424 5760 _f:ht‘3'~“'05ll?“1",5
1440 5691 1643 5760 “um-"3
1673 5687 1925 5760 Cori-“mih
1949 5687 2065 5734 sm-

491 5750 695 5813 benti-ui
716 5760 918 5821 inducit;
944 5750 1032 5806 s'cd
1055 5750 1188 5806 lamis
1205 5765 1281 5804 est
1304 5758 1354 5802 in
1373 5755 1519 5817 Epist.
1534 5752 1594 5800 ad
1617 5750 1858 5814 Ephesius.

1157 356 1211 412 S.
1251 350 1527 409 JOANNIS
1561 340 2029 402 CIIRYSOSTOMI
2070 339 2383 395 ARCIIDEP.
2426 337 2937 394 CONSTANTINOP

3595 339 3703 393 59$

2123 455 2327 521 uictus,
2356 464 2412 510 et
2453 456 2854 524 praerogativam
2906 457 3124 509 honoris
3161 469 3189 507 a
3235 463 3418 510 natura
3466 456 3704 510 delatam

2121 549 2282 603 animi
2311 548 2569 618 pravitate
2609 547 2807 601 amisit.
2839 545 3012 602 Habes
3040 547 3264 600 alterum
3304 546 3578 600 servitutis
3603 561 3704 615 ge-

2123 654 2240 693 nus.
2273 638 2364 692 Vis
2392 639 2553 692 etiam
2585 638 2795 690 tertium
2824 636 3014 691 nosse?
3041 636 3258 690 Duobus
3281 635 3548 704 prioribus
3575 650 3702 706 gra-

2125 731 2240 785 vius
2260 739 2344 784 est
2368 729 2528 793 istud,
2561 730 2831 798 multoque
2854 728 3256 783 formidabilium.
3285 727 3416 782 Nam
3445 729 3702 797 quoniam

2125 822 2226 877 illis
2260 836 2365 876 non
2391 830 2474 875 est
2491 821 2805 875 emendatus
2826 821 2867 885 ⁸,
2894 821 3096 874 vincula
3125 821 3276 874 nobis
3299 819 3510 874 adauxit
3538 820 3709 874 Deus.

2124 911 2404 980 Quodnam
2425 913 2582 981 igitur
2604 911 2728 964 illud
2750 911 2866 965 est?
2887 911 3188 978 Principum
3217 923 3279 963 ac
3301 910 3708 978 magistratuum

2128 1001 2373 1055 nimirum
2396 1019 2410 1066 ;
2450 1017 2554 1055 non
2589 1003 2694 1056 tale
2722 1001 2876 1070 quale
2903 1001 3139 1053 mulieris
3157 1039 3173 1063 ,
3219 1014 3390 1064 nerine
3413 998 3518 1052 tale
3544 998 3711 1068 quale

2128 1106 2404 1162 servorum
2430 1133 2446 1156 ,
2486 1092 2583 1146 sed
2609 1091 2776 1145 multo
2814 1091 2981 1158 magis
3009 1089 3366 1146 formidabile.
3405 1087 3593 1144 Videre
3621 1096 3713 1142 est

2131 1183 2366 1252 undique
2411 1182 2614 1251 gladios
2659 1190 2877 1247 acutos,
2927 1181 3235 1244 carnifices,
3278 1178 3564 1249 supplicia,
3596 1187 3712 1233 tor-

2131 1282 2334 1339 menta,
2366 1287 2578 1342 pinnas,
2605 1273 2724 1327 vine
2763 1273 3016 1341 nec-isque
3043 1279 3377 1339 poteStaIem.
3413 1268 3480 1324 Ut
3526 1279 3710 1323 autem

2131 1365 2270 1420 scias
2300 1364 2441 1420 hunc
2467 1379 2678 1435 quicque
2725 1363 2940 1418 modum
2985 1361 3306 1431 principatus
3334 1377 3400 1416 ex
3425 1362 3713 1416 occasione

2134 1454 2333 1526 peccati
2355 1464 2536 1509 ortum
2555 1453 2834 1519 habuisse,
2857 1463 3042 1508 rursus
3067 1453 3286 1506 Paulum
3309 1453 3480 1522 ipsum
3510 1453 3578 1508 de
3607 1453 3714 1508 boe

2134 1544 2600 1616 philosophantem
2629 1544 2774 1598 audi.
2803 1542 2868 1598 Si
2895 1555 3061 1596 autem
3103 1544 3180 1597 sis
3221 1561 3320 1596 non
3351 1544 3524 1596 linere
3572 1555 3714 1612 pote-

2135 1649 2335 1704 statem,
2371 1638 2556 1692 bonum
2586 1641 2698 1708 fac,
2727 1637 2926 1707 inquit,
2955 1645 3004 1690 et
3030 1636 3232 1690 habebis
3273 1635 3474 1689 laudem
3511 1651 3572 1689 ea:
3595 1636 3710 1689 illa.

2137 1729 2202 1784 Si
2244 1739 2412 1783 autem
2454 1729 2643 1782 malum
2691 1729 2867 1798 fuerit
2887 1769 2902 1794 ,
2933 1727 3052 1782 time
3075 1743 3094 1781 :
3125 1743 3224 1780 non
3255 1727 3385 1780 enim
3413 1727 3522 1780 sine
3554 1743 3712 1780 causa

2137 1820 2365 1891 gladium
2391 1829 2556 1890 portat
2603 1821 2776 1891 (Rom.
2808 1821 2893 1873 l3.
2942 1820 2995 1874 ὃ.
3025 1820 3100 1890 4).
3135 1818 3294 1874 Vides
3325 1831 3542 1889 propter
3571 1833 3667 1874 eos
3695 1861 3711 1884 ,

2138 1915 2233 1983 qui
2257 1915 2456 1968 malum
2499 1923 2838 1984 perpetrant,
2877 1923 2928 1968 et
2960 1912 3250 1982 principem
3276 1921 3332 1967 et
3354 1912 3584 1982 gladium
3614 1912 3717 1966 im-

2141 2004 2384 2060 minere?
2405 2005 2544 2059 Audi
2571 2003 2898 2058 manifestius
2922 2002 3058 2057 istud
3086 2003 3255 2071 ipsum
3283 2017 3480 2057 rursus.
3521 2002 3721 2056 Vindex

2141 2101 2284 2151 enim
2308 2106 2378 2150 est
2395 2137 2409 2160 ,
2441 2097 2630 2165 inquit,
2657 2096 2702 2149 ei
2724 2097 2806 2166 qni
2833 2095 3024 2148 malnat
3054 2096 3158 2164 agit
3185 2094 3391 2164 (Ibid).
3422 2093 3604 2162 Neque
3630 2095 3717 2146 die

2144 2189 2258 2254 xit,
2290 2188 2405 2242 Non
2449 2189 2593 2242 enim
2640 2189 2755 2244 sine
2799 2202 2954 2242 causa
2998 2188 3245 2256 princeps
3283 2197 3361 2240 est
3399 2187 3528 2241 :sed
3554 2186 3720 2255 quid?

2145 2280 2269 2335 Non
2304 2281 2439 2335 enim
2473 2281 2582 2335 sine
2620 2297 2773 2333 causa
2798 2281 3028 2350 gladium
3056 2289 3240 2350 portat.
3270 2281 3542 2332 Armatum
3577 2279 3722 2348 judi-

2144 2387 2259 2428 cent
2293 2372 2382 2426 tibi
2414 2372 2652 2441 praefecit
2700 2371 2766 2427 Ut
2789 2373 2931 2426 enim
2961 2381 3110 2442 pater
3140 2372 3366 2426 liliontm
3391 2386 3596 2435 amans,
3629 2371 3720 2424 lilii

2146 2463 2477 2534 negligenter
2515 2461 2697 2519 nllicio
2732 2477 2833 2516 suo
2875 2461 3026 2533 fungi
3061 2463 3205 2516 videt
3234 2462 3354 2516 illos
3376 2503 3393 2528 ,
3422 2473 3475 2516 et
3506 2473 3724 2531 propter

2149 2565 2422 2624 paternam
2447 2555 2824 2625 indulgentiam
2852 2570 2911 2609 se
2938 2557 3006 2609 ab
3033 2556 3136 2610 illis
3165 2556 3452 2620 contemni,
3481 2556 3550 2610 ob
3570 2570 3721 2610 suam

2148 2647 2437 2703 bonitatem
2486 2647 2785 2717 pmdagogis
2825 2664 2888 2703 ac
2928 2646 3343 2717 praeceptoribus
3397 2647 3724 2703 terribilibus

2151 2739 2269 2793 illos
2317 2739 2638 2792 committit:
2668 2741 2745 2793 sic
2787 2749 2840 2793 et
2884 2754 2912 2791 a
2943 2751 3121 2793 nostra
3163 2747 3348 2792 natura
3381 2753 3440 2794 se
3481 2750 3723 2793 contem-

2153 2841 2299 2900 ptum
2341 2845 2568 2885 cernens
2613 2830 2792 2897 Deus,
2825 2832 2894 2885 ob
2922 2847 3070 2884 suam
3122 2833 3408 2886 bonitatem
3459 2843 3734 2901 tamquam

2153 2921 2418 2992 magistris
2446 2935 2508 2976 ac
2534 2923 2838 2992 ptedagogis
2876 2921 3190 2991 qnilundam
3231 2923 3551 2992 principibus
3582 2922 3725 2977 il!am

2157 3015 2412 3080 tradidit,
2446 3024 2503 3069 ut
2551 3014 2925 3084 negligentiam
2963 3012 3082 3082 ejus
3125 3014 3472 3083 corrigerent.
3518 3012 3626 3068 Sed
3679 3013 3726 3068 si

2154 3110 2310 3164 vultis
2335 3150 2349 3173 ,
2374 3125 2437 3164 ex
2467 3109 2630 3164 veteri
2657 3107 3001 3165 Testamento
3023 3107 3150 3162 illud
3179 3115 3483 3177 Spectemus
3499 3146 3516 3172 ,
3537 3106 3608 3161 ob
3633 3121 3730 3160 no-

2154 3213 2322 3255 suam
2368 3201 2614 3254 nimirum
2664 3201 2975 3270 pravitatem
3006 3199 3107 3254 hoc
3151 3213 3286 3270 Opus
3329 3198 3494 3254 fuisse
3526 3198 3727 3267 princi-

2159 3303 2301 3362 patu.
2333 3291 2562 3360 Propter
2592 3291 2802 3361 iniquos
2826 3292 3084 3361 quispiam
3115 3292 3368 3362 propheta
3407 3303 3734 3346 succensens

2159 3386 2242 3439 liis
2270 3385 2445 3440 verbis
2475 3385 2638 3438 utitur
2662 3401 2674 3436 :
2704 3383 2911 3437 Tacebis
2939 3384 3057 3436 dum
3085 3383 3269 3452 impius
3291 3383 3496 3436 devorat
3509 3384 3729 3456 justum,

2157 3488 2202 3532 ct
2231 3478 2384 3549 facies
2410 3478 2430 3507 ⁸
2453 3478 2677 3530 homines
2709 3477 2852 3547 quasi
2881 3477 3040 3546 pisces
3081 3476 3255 3538 maris,
3285 3483 3331 3527 et
3359 3475 3504 3544 quasi
3529 3475 3734 3544 reptilia

2160 3589 2264 3628 non
2281 3571 2512 3624 habentia
2534 3571 2709 3623 ducent
2737 3566 2958 3636 (Habac.
2983 3568 3034 3622 l.
3064 3567 3147 3622 l5.
3179 3565 3302 3636 ll)?
3331 3566 3467 3634 Ergo
3495 3565 3732 3620 idcodux

2159 3675 2242 3718 est
2268 3704 2281 3727 ,
2313 3677 2379 3717 ne
2424 3672 2689 3730 tamquam
2731 3660 2938 3728 reptilia
2968 3660 3170 3712 simus:
3197 3657 3318 3712 ideo
3345 3660 3592 3726 princeps
3614 3698 3630 3723 ,
3667 3672 3735 3712 ne

2163 3765 2428 3824 tamquam
2477 3753 2649 3821 pisces
2675 3751 2697 3783 ⁸
2725 3765 2821 3804 nos
2867 3749 3093 3804 invicem
3142 3747 3485 3803 devoremus.
3518 3746 3654 3804 Natu.
3679 3756 3740 3801 ut

2161 3855 2379 3915 propter
2421 3844 2640 3899 morbos
2679 3843 3064 3897 medicamenta
3095 3849 3218 3894 sunt
3240 3840 3394 3906 data,
3421 3840 3498 3895 sic
3519 3848 3740 3908 promer

2160 3936 2376 4001 delicta,
2406 3935 2683 4004 supplicia.
2713 3933 2973 4000 Quoniam
3012 3930 3154 3986 enim
3183 3932 3227 3984 is
3255 3931 3344 4007 qui
3370 3931 3565 3984 virtute
3597 3945 3737 3998 pra:-

2161 4028 2303 4082 ditus
2333 4026 2488 4091 vivit,
2515 4024 2776 4095 ejusmodi
2814 4023 3130 4095 praefectura
3187 4036 3294 4076 non
3339 4021 3568 4088 indi-get,
3611 4019 3738 4073 audi

2163 4121 2286 4191 quid
2329 4120 2472 4174 dicat
2492 4118 2687 4173 Paulus
2717 4136 2730 4172 :
2754 4117 2848 4172 Sin
2878 4126 3044 4170 autent
3074 4116 3146 4168 vis
3175 4130 3276 4169 non
3319 4114 3492 4167 timere
3516 4122 3740 4178 potesta-

2165 4224 2262 4268 tem
2289 4255 2302 4274 ,
2349 4211 2534 4265 bonum
2576 4209 2658 4279 {ac
2685 4249 2701 4272 ,
2733 4217 2780 4261 et
2827 4207 3029 4261 habebis
3066 4207 3264 4260 tandem
3311 4221 3373 4260 ex
3412 4205 3502 4258 illa
3557 4202 3737 4266 illam.

2167 4305 2250 4360 l3.
2275 4305 2350 4372 5).
2383 4301 2661 4371 Spectator
2690 4312 2810 4354 tuus
2831 4339 2844 4361 ,
2867 4298 3054 4368 inquit,
3087 4309 3168 4351 est
3194 4295 3377 4366 judex.
3406 4295 3464 4350 Si
3493 4304 3636 4352 rn-ctc
3670 4295 3746 4347 ri-

2166 4411 2256 4450 vos
2279 4437 2296 4461 ,
2327 4411 2430 4448 non
2473 4401 2739 4462 spectator
2762 4391 2932 4445 solum
2954 4429 2967 4452 ,
3001 4389 3094 4443 sed
3133 4388 3294 4442 etiam
3344 4385 3606 4440 laudator.
3635 4384 3744 4438 Sed

2165 4489 2288 4558 quid
2333 4502 2431 4556 ego
2473 4485 2540 4540 de
2588 4484 2883 4554 principum
2932 4481 3122 4551 loquor
3147 4479 3466 4535 necessitate
3489 4517 3505 4542 .
3533 4493 3654 4532 cum
3683 4489 3742 4533 ct

2166 4581 2285 4634 aliis
2328 4579 2492 4632 multo
2523 4574 2814 4644 majoribus
2841 4572 3182 4628 sublimiorcs
3225 4571 3333 4626 sint
3372 4570 3462 4642 qui
3509 4570 3749 4640 philoso-

2169 4675 2347 4744 phiam
2375 4670 2582 4725 colunt?
2606 4666 2876 4738 Siquidem
2900 4666 3195 4736 principum
3213 4664 3447 4732 ipsorum
3473 4663 3746 4734 principes

2168 4774 2294 4820 sunt
2337 4763 2499 4833 leges.
2535 4762 2778 4815 Attamen
2824 4772 2996 4828 neque
3048 4757 3250 4828 legibus
3294 4757 3494 4826 indiget
3537 4757 3618 4823 is,
3649 4759 3743 4825 qui

2169 4872 2289 4914 cum
2338 4853 2595 4909 modestia
2624 4861 2678 4906 et
2720 4850 2971 4921 aequitate
2999 4849 3135 4902 vivit
3166 4865 3178 4901 :
3205 4857 3367 4917 atque
3407 4849 3506 4902 hoc
3538 4855 3745 4902 testan-

2171 4960 2278 5006 tem
2319 4948 2440 5002 amli
2469 4945 2686 5000 Paulum
2722 4943 2804 4998 his
2831 4943 3044 5008 verbis,
3070 4940 3219 4994 .lnsto
3241 4941 3323 4994 lea:
3351 4956 3451 4994 non
3477 4948 3547 4994 est
3575 4941 3746 5009 posita

2174 5045 2248 5113 (l.
2277 5042 2407 5096 Tim.
2435 5043 2484 5094 l.
2519 5040 2595 5108 9).
2625 5038 2776 5105 Quod
2803 5039 2845 5092 si
2877 5038 2961 5092 lex
2981 5036 3147 5107 posita
3174 5050 3279 5090 non
3305 5043 3408 5096 est,
3437 5034 3604 5092 multo
3633 5048 3748 5087 ma-

2169 5135 2250 5204 gis
2278 5131 2521 5202 princeps
2548 5129 2597 5184 ei
2626 5128 2902 5198 praefectus
2921 5140 3026 5181 non
3057 5134 3158 5179 est.
3193 5126 3270 5180 En
3298 5124 3390 5178 tibi
3415 5123 3629 5178 tertium
3656 5138 3748 5192 ge-

2173 5241 2273 5281 nus
2316 5227 2640 5294 principatus
2664 5263 2680 5286 ,
2707 5223 2796 5290 qui
2835 5229 2889 5275 et
2919 5220 3032 5289 ipse
3073 5219 3286 5274 ductam
3323 5217 3483 5274 habet
3507 5216 3750 5272 occasio-

2171 5333 2290 5373 nem
2319 5332 2346 5370 a
2372 5324 2587 5386 peccato
2609 5323 2663 5368 et
2689 5310 3041 5382 improbitate.

2235 5501 2252 5529 ι
2289 5501 2403 5557 Reg.
2429 5503 2586 5550 unus,
2609 5501 2702 5538 non
2723 5481 2961 5537 emendati
2982 5496 3161 5534 sumus.
3187 5482 3303 5533 Filii.
3324 5517 3340 5541 ,
3364 5480 3445 5533 ille
3478 5495 3575 5533 non
3592 5495 3751 5532 enm.-

2172 5558 2420 5682 daiufufgo
2452 5627 2604 5671 unus,
2648 5625 2679 5682 o
2708 5607 2961 5682 prouidens
3000 5615 3139 5665 Deus,
3185 5613 3314 5656 taces
3353 5607 3474 5658 dm
3515 5607 3758 5666 institerat!

2176 5682 2318 5737 impio
2340 5676 2611 5730 decoratur.
2633 5681 2677 5723 et
2700 5676 2836 5741 facta.

2241 5747 2260 5776 ³
2294 5752 2432 5805 tit-3.,
2453 5751 2604 5803 paces
2627 5747 2790 5783 tttat'ts.
