4134 6214
540 317 640 372 -υἹ
1232 321 1287 373 S.
1327 321 1608 376 JOANNXS
1645 319 2128 378 CIIRYSOSTOMI
2179 319 2496 378 ARCHIEP.
2535 323 3074 381 CONSTANTINOP.

612 439 684 504 γ’.
709 435 830 499 Πῶς
861 434 954 491 οῦν
973 441 1001 492 6
1023 438 1230 503 Παῦλός
1262 457 1445 511 φησιν,
1469 442 1550 495 ὅτι
1582 443 1703 496 Οὐκ
1735 444 1905 496 ἐστιν
1932 441 2105 507 ἐξου-

540 527 664 586 σία,
687 526 738 577 εί
749 525 836 594 μὴ
855 526 972 579 ἀπὸ
990 525 1170 590 Θεοῦ;
1193 528 1313 580 Ὀτι
1338 529 1502 594 αὑτὸς
1523 531 1692 600 αὐτὴν
1714 531 1850 600 πρὸς
1874 531 1934 584 τὸ
1957 530 2106 584 λυσι-

539 607 689 676 τελές
718 614 845 682 ημῖν
870 613 1220 682 κατέστησεν.
1247 615 1524 686 Είσηγαγε
1551 617 1650 686 μὲν
1680 617 1787 690 7&9
1816 619 1986 689 αὑτῆς
2004 620 2104 688 την

539 701 723 770 χρείαν
747 701 780 770 ἠ
806 699 1070 772 ἀμαρτὶα⁹
1101 704 1130 757 6
1159 703 1216 758 δέ
1239 704 1372 768 Θεὸς
1408 706 1546 777 πρὸς
1571 705 1635 760 τὸ
1661 707 1940 776 συμφέρον
1968 709 2102 778 ἡμῖν

535 786 901 855 ἀπεχρήσατο.
920 787 1028 843 Καὶ
1046 790 1294 862 καθάπερ
1315 793 1348 863 ἡ
1370 793 1530 863 χρεία
1544 791 1651 846 τῶν
1671 793 1976 863 φαρμάκιον
1996 792 2104 848 ἀπὺ

531 871 640 927 τῶν
665 872 988 943 τραυμάτων
1015 873 1245 941 γίνεται,
1280 876 1314 944 η
1349 875 1405 927 δὲ
1431 875 1692 946 ἐπαγωγὴ
1727 875 1833 929 τῶν
1873 873 2096 945 φαρμά-

532 974 642 1011 κων
668 956 775 1010 ἀπὸ
805 957 907 1026 τῆς
937 958 1045 1012 τῶν
1066 959 1265 1032 ἰατρῶν
1298 960 1488 1030 σοφίας
1510 979 1526 994 ·
1557 961 1699 1015 οὑτω
1736 963 1830 1016 καὶ
1863 964 1895 1032 ἡ
1940 961 2096 1033 χρεία

531 1045 630 1117 τῆς
643 1045 888 1108 δουλείας
903 1044 1011 1099 ἀπὸ
1028 1047 1128 1116 τῆς
1157 1049 1431 1119 ἁμαρτίας
1453 1049 1644 1118 γέγονε
1663 1065 1677 1080 ⁸
1708 1049 1770 1102 τὸ
1790 1049 1846 1102 δέ
1873 1050 1954 1112 εἰς
1977 1049 2096 1102 δέον

532 1133 699 1203 αὑτὴν
721 1133 1003 1204 ῥυθμίσαι,
1025 1135 1132 1188 ἀπὸ
1156 1136 1255 1204 τῆς
1280 1136 1374 1188 τοῦ
1403 1136 1539 1190 Θεοῦ
1559 1137 1768 1205 σοφίας.
1811 1136 1968 1190 Ἀλλά
1989 1135 2096 1207 7&9

530 1221 871 1291 διανάστητε,
902 1223 995 1275 καὶ
1023 1222 1121 1294 τὴν
1152 1223 1424 1294 ρᾳθυμίαν
1453 1223 1736 1278 ἀπόθεσθε.
1758 1224 1914 1287 Τίνος
1933 1224 2096 1277 ἕνεκα

529 1308 687 1362 τοῦτο
705 1308 847 1378 λέγω
864 1329 880 1378 ;
916 1311 1050 1382 Περὶ
1069 1311 1302 1383 Γραφῶν
1322 1314 1450 1383 ὑμῖν
1466 1312 1817 1384 διηγούμεθα,
1846 1314 2003 1384 ὑμεῖς
2037 1311 2094 1364 δὲ

530 1397 654 1459 τοὺς
686 1397 995 1468 ὀφθαλμοὺς
1030 1401 1433 1471 ἀποστήσαντες
1461 1401 1635 1471 ἡμῶν,
1677 1401 1812 1471 πρὸς
1831 1400 1929 1463 τὰς
1960 1401 2093 1469 λαμ-

533 1484 707 1546 πάδας
733 1485 826 1536 καὶ
853 1484 944 1536 τὸν
986 1485 1084 1548 τὰς
1120 1484 1406 1556 λαμπάδας
1443 1487 1674 1540 ἆπτοντα
1705 1489 2092 1556 μετεστήσατε.

531 1569 646 1623 Καὶ
689 1569 861 1640 πόσης
889 1569 1045 1624 τοῦτο
1093 1572 1382 1644 ῥᾳθυμίας,
1419 1575 1567 1644 ἡμᾶς
1620 1574 1873 1642 ἀφέντας,
1924 1574 2096 1643 τούτῳ

533 1658 824 1728 προσέχειν
848 1675 863 1724 ;
897 1657 1011 1728 Πῦρ
1029 1659 1251 1712 ἀνάπτω
1267 1658 1422 1728 κάγὼ
1446 1672 1471 1700 α
1496 1660 1555 1712 τὸ
1575 1660 1682 1713 ἀπὸ
1713 1660 1822 1713 τῶν
1845 1660 2092 1731 Γραφῶν,

532 1745 626 1798 καὶ
648 1745 739 1797 ἐπὶ
757 1745 860 1816 τῆς
885 1744 1130 1816 γλώττης
1149 1746 1246 1818 τῆς
1262 1746 1535 1818 ἡμετέρας
1549 1747 1852 1817 λαμπάδιον
1881 1748 2093 1801 καίεται

531 1832 594 1884 τὸ
613 1834 712 1902 τῆς
739 1831 1106 1903 διδασκαλίας.
1135 1833 1304 1886 Τοῦτο
1339 1833 1521 1904 μεῖζον
1549 1834 1641 1887 καὶ
1665 1833 1868 1902 βέλτιον
1893 1834 1952 1888 τὸ
1982 1834 2095 1904 φῶς

533 1919 740 1971 ἐκείνου
777 1917 871 1971 τοῦ
919 1919 1128 1989 φωτός·
1161 1920 1222 1972 ού
1251 1919 1360 1991 7&9
1395 1919 1458 1991 δὴ
1498 1919 1787 1992 θρυαλλίδα
1816 1921 2095 1992 διάϐροχον

534 2005 715 2076 ἐλαίῳ,
735 2005 982 2075 καθάπερ
1006 1999 1180 2070 οὗτος,
1213 2007 1541 2078 ἐξάπτομεν,
1573 2008 1707 2062 ἀλλά
1727 2008 1905 2079 ψυχὰς
1933 2012 1989 2062 ἐν
2014 2010 2095 2061 εύο

535 2095 719 2166 σεϐείᾳ
746 2095 1046 2168 ἀρδομένας
1073 2099 1137 2168 τῇ
1167 2097 1266 2167 τῆς
1293 2098 1610 2172 ἀκροάσεως
1642 2100 1951 2169 ἀνάπτομεν
1979 2100 2094 2152 ἐπι-

531 2181 720 2253 θυμία.
742 2182 1017 2251 Διελέγετό
1037 2200 1165 2237 ποτε
1191 2185 1284 2238 καὶ
1310 2187 1338 2238 6
1369 2184 1576 2246 Παῦλος
1607 2186 1664 2237 ἐν
1697 2183 1928 2257 ὑπερῴῳ
1965 2185 2089 2238 τινί.

542 2269 703 2324 ’Δλλά
732 2271 920 2342 μηδεὶς
948 2271 1212 2342 νομιζέτω
1239 2290 1303 2343 με
1324 2270 1520 2342 Παύλῳ
1536 2272 1900 2343 παραϐάλλειν
1924 2274 2092 2344 ἐμαυ-

528 2357 651 2410 τόνο
683 2358 746 2410 ού
779 2357 888 2430 7&9
918 2356 1062 2412 οὕτω
1094 2360 1314 2430 μέμηνα
1335 2375 1354 2393 ο
1387 2359 1500 2412 ἀλλ’
1531 2361 1618 2412 ἴνα
1677 2360 1882 2432 μάθητε
1919 2362 2091 2433 πόσην

528 2444 656 2513 περὶ
680 2443 778 2515 τὴν
805 2445 1068 2515 ἀκρόασιν
1113 2445 1345 2515 σπουδὴν
1377 2445 1776 2499 ἐπιδείκνυσθαι
1814 2448 1943 2518 χρή.
2005 2452 2091 2501 Δι-

527 2531 746 2600 ελέγετο
770 2531 949 2585 τοίνυν
973 2534 1002 2586 6
1028 2533 1238 2596 Παῦλος
1257 2535 1315 2586 ἐν
1339 2533 1592 2604 ὑπερῴῳ,
1620 2534 1714 2586 καὶ
1735 2535 1940 2605 ἐσπέρα
1965 2552 2092 2588 κατι

528 2617 708 2680 έλαϐε,
742 2617 992 2689 καθάπερ
1022 2619 1116 2671 καὶ
1146 2617 1241 2672 νῦν
1267 2659 1282 2684 ,
1319 2620 1414 2672 καὶ
1450 2619 1730 2689 λαμπάδες
1753 2616 1893 2691 ἦσαν
1926 2623 1984 2675 ἐν
2015 2624 2092 2694 τῷ

529 2702 791 2774 ὑπερῴῳο
824 2699 942 2757 εἶτα
969 2706 999 2757 ό
1029 2703 1266 2775 Εὖτυχος
1297 2705 1405 2758 ἀπὸ
1435 2709 1535 2778 τῆς
1564 2707 1778 2778 θυρίδος
1801 2709 2089 2774 κατέπεσε,

528 2793 620 2846 καὶ
649 2792 710 2846 οὐ
730 2791 937 2846 διέλυσε
960 2793 1019 2847 τὸ
1041 2792 1238 2863 πτῶμα
1263 2793 1355 2847 τὸν
1383 2793 1656 2864 σύλλογον,
1685 2797 1807 2851 ούδέ
1827 2798 2091 2870 ἀνέστησε

526 2879 588 2933 τὸ
618 2879 840 2949 θέατρον
870 2881 900 2934 6
927 2880 1183 2944 θάνατος·
1214 2881 1327 2936 ἀλλ’
1354 2880 1526 2946 οὕτως
1555 2879 1695 2954 ἦσαν
1734 2886 2090 2958 προσηλωμέ-

527 2982 609 3018 νοι
633 2967 698 3037 τῇ
737 2965 845 3019 τῶν
872 2965 1030 3019 θείων
1071 2968 1332 3039 ἀκροάσει
1367 2967 1592 3037 λογίων,
1627 2971 1704 3034 ὠς
1744 2972 1877 3043 μηδὲ
1903 2974 2091 3044 αίσθη-

528 3054 683 3125 θῆναι
719 3054 812 3109 τοῦ
852 3055 1142 3127 πτώματος
1165 3074 1180 3087 ·
1215 3057 1373 3127 ὑμεῖς
1421 3058 1479 3111 δέ
1509 3059 1660 3113 οὐδὲν
1688 3061 1836 3127 ξένον
1872 3063 2087 3129 ἰδόντες,

527 3141 648 3197 οὑδέ
672 3141 999 3213 παράδοξον,
1028 3142 1142 3196 ἀλλ’
1174 3143 1458 3216 ἄνθρωπον
1478 3147 1546 3201 τά
1577 3147 1780 3221 συνήθη
1811 3150 2087 3216 ποιοῦντα,

525 3229 626 3292 τας
651 3227 801 3297 δψεις
829 3230 950 3282 ἐκεῖ
980 3229 1332 3302 μετεθήκατε.
1369 3233 1480 3287 Καὶ
1509 3234 1667 3297 ποίας
1701 3235 1768 3290 ἂν
1811 3237 1898 3307 εἰη
1934 3237 2090 3291 τοῦτο

528 3311 856 3386 συγγνώμης
881 3313 1061 3380 ἀξιονς
1094 3317 1300 3389 Μηδεὶς
1329 3319 1538 3386 τοίνυν,
1572 3322 1864 3393 ἀγαπητοὶ,
1901 3341 2088 3396 φορτι-

527 3401 632 3472 κήν
655 3418 775 3456 τινα
797 3403 897 3474 τὴν
911 3403 1225 3474 ἐπιτίμησιν
1251 3405 1515 3476 νομιζέτω
1531 3422 1546 3437 ·
1573 3409 1633 3462 ού
1650 3408 1759 3480 7&9
1783 3413 2085 3480 μισοῦντες,

525 3489 662 3542 ἀλλά
709 3488 994 3559 κηδόμενοι
1048 3489 1401 3561 ἐγκαλοῦμεν.
1454 3492 1511 3547 Ἀ
1521 3494 1930 3564 ξιοπιστότερα
1980 3500 2088 3570 7&9

524 3577 826 3646 τραύματα
841 3577 1054 3644 φίλων,
1082 3577 1120 3645 ἣ
1141 3577 1388 3631 ἑκούσια
1405 3579 1708 3648 φιλήματα
1733 3583 1978 3653 ἐχθρῶν.

593 3665 922 3736 Διανάστητε
942 3665 1140 3727 τοίνυν,
1172 3665 1494 3741 παρακαλῶ,
1537 3669 1630 3722 καὶ
1666 3667 1823 3724 τοῦτο
1860 3672 2088 3741 ἀφέντες

521 3753 583 3806 τὸ
610 3751 740 3823 πῦρ,
769 3751 846 3822 τῷ
872 3753 1010 3822 φωτὶ
1039 3737 1332 3823 προσέχετε
1357 3752 1468 3807 τῶν
1499 3753 1658 3808 θείων
1675 3737 1924 3828 Γραφῶν.
1941 3737 2088 3813 Ἔτε.

523 3857 616 3910 ρον
642 3840 751 3910 7&9
772 3839 898 3909 ὑμῖν
917 3840 1088 3909 ἀρχῆς
1116 3837 1374 3909 βούλομαι
1399 3838 1600 3909 τρόπον
1629 3843 1822 3910 εἰπεῖν,
1855 3847 1954 3900 οὐκ
1980 3848 2088 3902 ἀπὸ

521 3927 795 3999 ἀμιρτίας
817 3925 1162 3996 λαμϐάνοντα
1192 3925 1339 3999 [665]
1361 3926 1456 3996 τὴν
1479 3928 1752 3997 ὑπόθεσιν,
1779 3932 1916 3986 ἀλλά
1938 3937 2088 4007 παρά

519 4018 619 4085 τῆς
646 4014 861 4084 φύσεως
891 4013 1081 4084 αὐτῆς.
1114 4013 1210 4076 Τίς
1233 4010 1327 4068 οῦν
1350 4010 1502 4080 οὗτός
1531 4017 1714 4084 ἐστιν;
1765 4019 1821 4074 Ὀ
1853 4022 1962 4075 τῶν
1995 4041 2085 4077 τε-

520 4105 725 4156 κόντων
749 4102 829 4164 εἰς
853 4100 1070 4169 ἔκγονα.
1101 4101 1313 4154 Ὠδίνων
1337 4103 1445 4174 γάρ
1467 4104 1613 4157 ἐστιν
1653 4107 1854 4180 ἀμοιϐὴ
1887 4113 1918 4180 ἡ
1976 4129 2087 4165 τοι-

521 4189 657 4260 αύτη
688 4189 842 4260 τιμή.
874 4188 970 4241 Διά
1003 4188 1160 4242 τοῦτο
1193 4189 1287 4242 καί
1320 4207 1404 4253 τις
1440 4193 1600 4260 σοφὸς
1632 4193 1810 4263 λέγει·
1861 4197 1957 4264 Ὠς
1991 4199 2085 4252 δε-

520 4281 775 4344 σπόταις
821 4277 1158 4331 δούλευσω⁹
1176 4277 1298 4343 τοῖς
1334 4280 1670 4348 γεννήσασι
1691 4300 1783 4339 σε.
1830 4283 1962 4340 Εἶτα
1989 4291 2084 4342 καὶ

521 4367 618 4436 τὴν
650 4367 827 4421 αἰτίαν
859 4364 1052 4432 ἐπάγει
1072 4365 1244 4434 λέγων
1264 4382 1278 4398 ⁸
1305 4368 1364 4421 Τί
1385 4368 1493 4437 γὰρ
1519 4371 1722 4437 αὐτοῖς
1745 4374 2084 4430 ἀνταποδώ-

521 4469 653 4516 σεις
673 4491 689 4515 ,
717 4452 907 4516 καθὼς
935 4453 1107 4505 αὐτοί
1131 4469 1228 4506 σοι
1250 4468 1269 4516 ;
1301 4454 1491 4507 Καίτοι
1517 4457 1568 4508 τί
1598 4459 1726 4511 ποτέ
1749 4462 1915 4524 ἐστιν,
1954 4463 1982 4515 δ
2008 4465 2083 4535 μὴ

519 4540 741 4594 δύναται
789 4543 915 4602 παῖς
958 4540 1247 4594 ἀποδοῦναι
1302 4542 1505 4612 πατρίς
1539 4544 1704 4598 οὐδὲν
1754 4544 1848 4600 οῦν
1894 4550 2082 4624 άλλοῆ

519 4628 677 4682 τοῦτο
703 4627 874 4696 λέγει’
898 4627 1094 4691 Καθὼς
1123 4627 1276 4681 αύτοί
1318 4646 1377 4682 σε
1410 4630 1726 4703 ἐγέννησαν,
1772 4637 1836 4688 σὺ
1889 4639 2084 4706 αὐτοὺς

519 4715 776 4786 γεννῆσαι
805 4713 866 4766 οὑ
892 4713 1114 4785 δυνήσῃ.
1171 4717 1320 4769 Ἐπεὶ
1353 4712 1447 4770 οὖν
1482 4718 1623 4772 κατά
1650 4719 1810 4774 τοῦτο
1836 4724 2082 4794 ἠλαττώ-

521 4802 680 4874 μεθα,
719 4799 978 4871 ἑτέρωθεν
1015 4801 1494 4875 πλεονεκτήσωμεν
1514 4809 1634 4871 ταῖς
1665 4809 1746 4872 εἰς
1775 4812 1972 4877 αὐτοὺς
1998 4833 2080 4869 τι·-

520 4893 669 4963 μαῖς,
708 4891 781 4962 μὴ
805 4889 895 4943 διὰ
918 4889 1008 4944 τὸν
1038 4891 1137 4963 τῆς
1168 4891 1380 4962 φύσεως
1409 4895 1571 4964 νόμον
1601 4896 1778 4966 μόνον»
1807 4900 1942 4955 ἀλλὰ
1975 4906 2080 4976 πρδ

515 4979 616 5048 τῆς
641 4977 854 5047 φύσεως
881 4977 970 5032 διά
1002 4979 1093 5031 τὸν
1115 4978 1206 5032 τοῦ
1231 4979 1365 5033 Θεοῦ
1399 4981 1580 5050 φόϐον.
1604 4986 1715 5038 Καὶ
1741 4987 1850 5060 7&9
1875 4991 2078 5062 σφόδρα

515 5069 544 5119 6
569 5065 700 5128 Θεὸς
735 5065 976 5135 βούλεται
1020 5066 1146 5130 τοὺς
1173 5067 1430 5132 τεκόντας
1473 5073 1735 5140 τιμᾶσθαι
1786 5077 1936 5146 παρά
1971 5080 2079 5135 τῶν

514 5153 842 5223 τεχθέντωνο
874 5155 968 5209 καὶ
1000 5155 1124 5219 τοὺς
1163 5157 1262 5226 μὲν
1309 5157 1466 5212 τοῦτο
1499 5162 1788 5226 ποιοῦντας
1823 5165 2079 5234 μεγάλοις

515 5239 736 5308 ἀγαθοῖς
765 5241 858 5294 καὶ
883 5240 1110 5312 δωρεαῖς
1135 5243 1441 5314 ἀμείϐεται.
1470 5247 1596 5312 τοὺς
1631 5248 1686 5302 δὲ
1715 5252 2079 5322 παραϐαίνον-

512 5342 610 5390 τας
636 5326 730 5381 τὸν
754 5328 918 5399 νόμον
969 5330 1226 5400 μεγάλοις
1261 5333 1355 5387 καὶ
1385 5333 1578 5399 δεινοῖς
1621 5337 1835 5403 κολάζει
1865 5347 2076 5407 κακοῖς.

525 5414 588 5469 '0
632 5415 998 5485 κακολογῶν,
1037 5420 1189 5489 φησὶ,
1236 5421 1460 5490 πατέρα
1493 5423 1528 5492 ἢ
1549 5427 1775 5495 μητέρα
1794 5467 1809 5491 ,
1847 5428 2078 5498 θανάτῳ

577 5683 599 5710 ⁸
631 5682 751 5736 Rea.
787 5685 879 5750 πῦρ
899 5689 1032 5736 ἅπτω
1069 5689 1218 5738 κάτω.

3693 327 3816 386 598

2203 440 2552 494 τελευτάτω.
2581 441 2706 505 Τοῖς
2727 442 2783 495 δὲ
2821 442 3056 513 τιμῶσιν
3083 443 3279 506 αὐτοὺς
3305 443 3450 497 οὕτω
3478 443 3601 508 πώς
3625 461 3804 514 φησιο

2207 531 2348 599 Τίμα
2380 531 2485 584 τὸν
2507 531 2730 599 πατέρα
2763 547 2879 585 σου
2909 533 3007 586 καὶ
3032 532 3147 598 τὴν
3170 529 3394 601 μητέρα
3413 548 3556 595 σου,
3583 535 3698 588 Ira
3726 531 3806 591 εὗ

2200 635 2300 673 σοι
2329 621 2598 689 γένηταιθ
2629 622 2726 675 καί
2759 622 2873 690 ἔσῃ
2899 624 3337 691 μακροχρόνιος
3373 624 3472 678 έπί
3501 625 3618 692 τῆς
3646 625 3798 696 τῆς.

2203 711 2379 783 Ὅπερ
2399 713 2653 783 μέγιστον
2669 714 2868 783 ἀγαθὸν
2885 711 3023 768 εἶναι
3043 716 3339 786 νομίζεται,
3351 719 3529 788 γῆρας
3546 717 3804 789 λιπαρὸν

2203 804 2298 857 καὶ
2328 806 2501 876 μῆκος
2527 805 2690 877 ζωῆς,
2721 806 2878 860 τοῦτο
2901 807 3098 877 έθηκεν
3123 808 3356 862 ἔπαθλον
3399 812 3512 874 τοῖς
3541 810 3800 880 τιμῶσιν

2203 895 2426 960 αὐτούς·
2460 899 2553 950 καὶ
2570 898 2706 969 ὅπερ
2737 898 2963 969 ἔσχατον
2991 895 3130 953 εἶναι
3163 901 3310 953 δοκεῖ
3329 901 3518 966 κακὸν,
3544 900 3800 966 θάνατος

2203 983 2399 1057 ἄωρος,
2419 986 2577 1040 τοῦτο
2598 987 2793 1056 έθηκεν
2813 987 3087 1058 ἐπιτίμιον
3105 990 3218 1050 τοῖς
3239 986 3556 1057 ὑϐρίζουσιν
3583 989 3670 1050 είς
3694 990 3798 1040 αὖ.

2201 1079 2358 1142 τούς’
2390 1080 2515 1142 τοὺς
2545 1079 2643 1149 μὲν
2672 1079 3052 1150 ἐπισπώμενος
3081 1081 3162 1142 εξς
3176 1078 3390 1133 εὔνοιαν
3411 1081 3594 1150 τῇτῆς
3609 1081 3796 1150 τιμῆς

2203 1169 2531 1240 ἐπαγγελίᾳ,
2565 1170 2690 1233 τοὺς
2716 1169 2774 1223 δὲ
2804 1170 2896 1223 καὶ
2921 1169 3152 1233 ἄκοντας
3177 1169 3408 1237 ἀπάγων
3430 1170 3527 1239 τῆς
3563 1169 3799 1240 ὕϐρεως

2201 1261 2281 1331 τῷ
2300 1261 2398 1331 τῆς
2424 1259 2691 1332 τιμωρίας
2719 1261 2887 1332 φόϐῳ.
2915 1261 3049 1315 Οὑδέ
3067 1261 3177 1332 7&9
3202 1262 3388 1324 ἁπλῶς
3407 1261 3796 1333 ἀποθνήσκειν

2203 1349 2412 1403 κελεύει
2438 1350 2529 1403 τὸν
2567 1351 2920 1422 πατραλοίαν,
2957 1352 3076 1405 οὑδὲ
3104 1353 3329 1422 δημίους
3362 1351 3521 1404 αὑτὸν
3549 1351 3662 1405 ἀπὸ
3685 1353 3792 1406 τοῦ

2201 1441 2546 1510 δικαστηρίου
2581 1440 2843 1504 λαϐόντας
2883 1440 3098 1507 ἐξάγειν
3133 1442 3223 1495 διά
3249 1441 3352 1511 τῆς
3384 1442 3612 1512 ἀγορᾶς,
3651 1441 3792 1494 οὐδὲ

2202 1533 2300 1601 τῆς
2333 1530 2539 1592 πόλεως
2575 1530 2678 1594 ἔξω
2709 1530 2808 1602 τὴν
2837 1531 3081 1601 κεφαλὴν
3110 1532 3439 1600 ἀποτέμνειν
3457 1545 3472 1561 ο
3502 1531 3619 1584 ἀλλ’
3648 1531 3790 1599 ἄγει

2204 1621 2302 1689 μὲν
2333 1620 2494 1674 αὐτὸν
2531 1621 2610 1682 εἰς
2639 1621 2810 1692 μέσην
2842 1619 2940 1690 τὴν
2978 1620 3132 1673 πόλιν
3173 1620 3337 1683 αὐτὸς
3372 1620 3402 1672 6
3434 1620 3637 1690 πατὴρ,
3678 1622 3788 1673 καὶ

2201 1711 2368 1781 χωρὶς
2415 1709 2739 1776 ἀποδείξεως
2780 1710 2962 1780 πάσης
3009 1709 3358 1762 πιστεύεται·
3389 1709 3482 1762 καί⁵
3515 1710 3661 1778 μάλα
3698 1712 3788 1764 δι-

2199 1803 2382 1865 καίως.
2415 1803 2471 1854 'U
2491 1802 2600 1874 7&9
2615 1802 2710 1856 καὶ
2728 1803 2986 1873 χρήματα
3003 1800 3096 1854 καὶ
3113 1800 3339 1871 σώματα
3355 1803 3451 1854 καὶ
3465 1804 3574 1855 πᾶν
3594 1802 3785 1855 ὁτιοῦν

2199 1894 2450 1963 ἐλόμενος
2471 1893 2611 1964 ὑπὲρ
2626 1891 2721 1946 τοῦ
2744 1891 2934 1954 παιδὸς
2953 1891 3380 1962 καταδαπανῆσα
3389 1913 3426 1956 ι,
3443 1892 3542 1946 οὑκ
3557 1893 3627 1947 ἄν
3641 1909 3782 1946 ποτε

2199 1987 2504 2056 κατήγορος
2527 1984 2691 2038 αὑτοῦ
2714 1985 2957 2053 γέγονεν,
2977 1985 3025 2036 εί
3059 1984 3132 2054 μὴ
3154 1984 3326 2054 πολλὴ
3339 1986 3442 2055 τῆς
3466 1988 3677 2058 ὕϐρεως
3708 1987 3782 2061 ἦν

2199 2080 2232 2150 η
2261 2081 2362 2132 ὑπε
2373 2079 2554 2150 ρϐολή.
2585 2081 2741 2147 Ἀγει
2763 2079 2943 2132 τοίνυν
2969 2076 3131 2132 αὑτὸν
3153 2077 3236 2140 εἰς
3263 2078 3326 2131 τὸ
3357 2079 3520 2148 μέσον
3545 2081 3649 2150 τῆς
3671 2083 3781 2135 πό.

2196 2171 2353 2234 λεως,
2402 2167 2519 2224 εἶτα
2555 2171 2712 2224 καλεῖ
2748 2171 2840 2223 τὸν
2882 2170 3054 2240 δῆμον
3097 2171 3312 2226 ἅπαντα
3331 2211 3345 2234 ,
3375 2173 3468 2225 καὶ
3493 2172 3642 2241 λέγει
3671 2175 3780 2245 τὴν

2197 2262 2528 2333 κατηγορίαν
2559 2280 2572 2294 ·
2603 2263 2653 2315 οἰ
2685 2261 2742 2315 δὲ
2767 2261 3056 2326 ἀκούοντες
3085 2261 3286 2327 πάντες
3304 2303 3320 2326 ,
3357 2262 3589 2328 ἕκαστος
3625 2265 3781 2318 λίθον

2195 2351 2374 2405 λαϐὼν
2393 2395 2408 2419 ,
2448 2351 2590 2406 οὕτω
2638 2352 2890 2422 βάλλουσι
2931 2353 3023 2406 τὸν
3061 2354 3419 2425 πατραλοίαν.
3459 2357 3536 2409 Οὐ
3569 2357 3680 2426 7&9
3705 2358 3776 2428 δὴ

2195 2441 2392 2505 θεατάς
2442 2442 2601 2512 μόνον
2636 2442 2738 2512 τῆς
2778 2442 3070 2515 τιμωρίας,
3113 2442 3251 2497 ἀλλά
3297 2446 3390 2498 καὶ
3433 2446 3778 2517 αὐτουργοὺς

2193 2531 2333 2586 εἶναι
2358 2531 2601 2603 βούλεται
2621 2535 2650 2586 6
2671 2533 2985 2604 νομοθέτης,
3009 2535 3096 2587 ἴνα
3120 2537 3200 2598 εἰς
3225 2536 3325 2606 τὴν
3345 2535 3522 2602 δεξιὰν
3540 2538 3780 2603 ἕκαστος

2197 2619 2320 2675 ίδὼν
2355 2622 2454 2694 τὴν
2495 2623 2722 2688 ἐαυτοῦ,
2751 2623 2818 2677 δι’
2865 2618 2933 2694 ἧς
2968 2624 3058 2677 τὸν
3098 2623 3246 2678 λίθον
3292 2627 3379 2678 καὶ
3406 2627 3569 2688 αὐτὸς
3599 2628 3774 2683 ἔϐαλε

2194 2713 2333 2767 κατά
2358 2713 2456 2782 τῆς
2476 2712 2572 2766 τοῦ
2594 2713 2922 2785 πατραλοίου
2953 2715 3195 2785 κεφαλῆς
3219 2755 3232 2778 ,
3258 2715 3429 2768 ἱκανὸν
3457 2717 3770 2789 ὑπόμνημα

2193 2803 2637 2874 πρὸς-διόρθωσιν
2661 2803 2779 2874 ἐχῃ.
2803 2804 2878 2856 Ού
2905 2804 3065 2874 μόνον
3083 2805 3140 2858 δέ
3157 2805 3314 2860 τοῦτο
3333 2847 3346 2867 ,
3366 2807 3496 2860 ἀλλά
3521 2810 3613 2861 καὶ
3640 2809 3767 2862 ἐτε-

2195 2911 2288 2966 ρον
2316 2896 2451 2966 ἡμῖν
2482 2897 2510 2949 ὁ
2529 2894 2828 2966 νομοθέτης
2851 2896 3148 2950 αἰνίττεται
3173 2938 3188 2962 ,
3227 2899 3310 2952 ὅτι
3349 2901 3378 2952 ό
3416 2900 3539 2962 τοὺς
3567 2899 3776 2967 γονέας

2194 2985 2430 3058 ὑϐρίζων
2460 2987 2561 3040 οὑκ
2593 2986 2836 3050 ἐκείνους
2866 2986 3092 3059 ἠδίκηκε
3131 2989 3312 3058 μόνον,
3343 2989 3478 3043 ἀλλά
3505 2989 3601 3043 καὶ⁸
3631 2992 3776 3044 πάν-

2191 3093 2288 3140 τας
2320 3077 2660 3149 ἀνθρώπους.
2691 3077 2791 3133 Διά
2819 3077 2976 3133 τοῦτο
3009 3079 3218 3142 πάντας
3244 3081 3339 3134 ἐπὶ
3364 3079 3463 3152 τὴν
3487 3083 3776 3136 κοινωνίαν

2190 3170 2290 3232 τῆς
2325 3168 2593 3240 τιμωρίας
2613 3169 2798 3233 καλεῖ,
2830 3169 3083 3240 καθάπερ
3111 3170 3474 3242 ὑϐρισμένους
3503 3172 3773 3237 ἅπαντας,

2192 3259 2288 3312 καὶ
2309 3259 2480 3330 δῆμον
2506 3258 2640 3330 όμοῦ
2672 3260 2768 3313 καὶ
2795 3260 2954 3314 πόλιν
2982 3261 3328 3333 περιίστησιν
3355 3264 3606 3331 ἃπασαν,
3648 3282 3769 3319 παιο

2192 3351 2362 3406 δεύων
2386 3351 2623 3416 καὶτοὺς
2645 3352 2797 3406 οὐδὲν
2823 3351 3044 3422 ἔχοντας
3071 3353 3251 3407 κοινδν
3273 3354 3410 3425 πρὸς
3431 3357 3560 3421 τοὺς
3581 3357 3774 3427 ἠδικη-

2197 3440 2386 3511 μένους
2406 3440 2498 3494 ἐπὶ
2525 3440 2771 3508 γονεῦσιν
2802 3442 3175 3514 ὑϐριζομένοις
3197 3444 3549 3512 ἀγανακτεῖν,
3576 3446 3654 3510 ὡς
3676 3447 3773 3518 τῆς

2193 3537 2376 3606 κοινῆς
2403 3535 2617 3606 φύσεως
2649 3535 3032 3608 ὑϐριζομένης,
3059 3539 3152 3592 καὶ
3178 3540 3269 3592 τὸν
3290 3540 3534 3594 τοιοῦτον
3559 3543 3773 3614 ἄνθρως

2193 3647 2312 3693 πον,
2362 3627 2549 3699 ῶσπερ
2588 3628 2776 3698 λοιμόν
2810 3646 2930 3682 τινα
2963 3631 3056 3683 καὶ
3088 3633 3276 3702 κοινὴν
3319 3633 3476 3686 νόσον
3498 3676 3513 3699 ,
3549 3634 3624 3705 μὴ
3673 3637 3771 3704 τῆς

2193 3717 2400 3780 πόλεως
2438 3717 2596 3788 μόνον
2613 3756 2629 3782 ,
2668 3717 2806 3771 ἀλλά
2839 3720 2935 3773 καὶ
2965 3718 3060 3773 τοῦ
3099 3722 3276 3788 φωτὸς
3307 3722 3636 3777 ἀπελαύνειν
3672 3727 3771 3779 αύ-

2191 3807 2303 3862 τοῦ.
2349 3808 2612 3879 Πολέμιος
2659 3807 2769 3879 γὰρ
2815 3811 2843 3862 ό
2885 3809 3123 3874 τοιοῦτος
3164 3811 3259 3864 καὶ
3297 3813 3478 3878 κοινὸς
3514 3816 3772 3870 ἁπάντων

2192 3901 2339 3954 ἐστὶν
2368 3902 2589 3973 ἐχθρὸς,
2618 3902 2712 3956 καὶ
2745 3901 2894 3975 [664]
2933 3903 3029 3958 τοῦ
3061 3903 3232 3969 Θεοῦ,
3263 3907 3359 3960 καὶ
3383 3907 3485 3976 τῆς
3514 3908 3734 3977 φύσεως
3755 3952 3771 3975 ,

2193 3993 2287 4046 καὶ
2314 3991 2423 4046 τῶν
2450 3993 2648 4062 νόμων,
2676 3992 2770 4045 καὶ
2793 3993 2890 4064 τῆς
2915 3994 3098 4063 κοινῆς
3129 3994 3382 4050 ἀπάντων
3414 3997 3573 4067 ἡμῶν
3601 3998 3769 4069 ζωῆς.

2192 4083 2290 4136 Διά
2309 4083 2466 4137 τοῦτο
2485 4084 2690 4147 πάντας
2713 4083 3148 4152 συνεφάπτεσθαι
3178 4085 3386 4140 κελεύει
3403 4087 3502 4156 τῆς
3531 4090 3769 4156 σφαγῆς.

2191 4174 2378 4246 ῶσπερ
2399 4173 2519 4227 τινὰ
2542 4173 2822 4246 καθαρμὸν
2843 4174 2938 4244 τῆς
2957 4174 3164 4237 πόλεως
3178 4175 3564 4247 ἐργαζόμενος.
3591 4180 3770 4233 Πολλά

2194 4269 2322 4338 ὑμῖν
2359 4265 2542 4336 ἀγαθὰ
2567 4266 2797 4334 γένοιτο,
2833 4267 2914 4320 ὅτι
2947 4267 3086 4337 μετά
3113 4268 3385 4340 τοσαύτης
3413 4270 3612 4340 ἡδονῆς
3643 4272 3768 4336 τοὺς

2191 4357 2320 4428 περὶ
2358 4355 2452 4410 τοῦ
2496 4354 2826 4427 πατραλοίου
2854 4355 3042 4423 λόγους
3072 4356 3344 4422 ἐδέξασθε,
3379 4359 3483 4412 καὶ
3508 4359 3629 4413 ἀντὶ
3659 4361 3769 4412 τῶν

2191 4448 2353 4501 λίθων
2398 4450 2518 4511 ταῖς
2564 4447 2712 4517 βοαῖς
2757 4446 2920 4501 αὑτὸν
2960 4448 3216 4501 ἐϐάλλετε
3255 4464 3270 4479 ·
3310 4451 3613 4523 τεκμήριον
3657 4453 3768 4525 7&9

2190 4539 2349 4592 τοῦτό
2379 4541 2494 4593 ἐστι
2523 4539 2618 4592 τοῦ
2655 4538 2854 4610 πολλὴν
2881 4555 2946 4591 πε
2957 4539 3010 4608 ρὶ
3047 4541 3137 4592 τὸν
3165 4539 3358 4594 ἐαυτοῦ
3389 4543 3605 4613 πατέρα
3637 4544 3765 4597 ἕκα-

2193 4649 2316 4685 στον
2358 4630 2512 4701 ὑμῶν
2552 4629 2651 4701 τὴν
2697 4629 2910 4683 εὔνοιαν
2952 4630 3330 4701 ἐπιδεδεῖχθαι.
3368 4634 3483 4686 Καὶ
3507 4635 3616 4704 7&9
3642 4636 3763 4688 τότε

2189 4725 2314 4787 τοὺς
2359 4723 2555 4792 νόμους
2605 4722 2838 4793 μάλιστα
2886 4721 3187 4791 θαυμάζειν
3236 4722 3511 4794 εἰώθαμεν
3534 4727 3661 4789 τοὺς
3699 4728 3763 4780 τά

2190 4813 2564 4882 ἁμαρτήματα
2590 4811 2933 4876 κολάζοντας,
2959 4812 3087 4864 ὃταν
3117 4811 3192 4883 μὴ
3221 4813 3524 4879 συνειδότες
3553 4817 3763 4879 tamet;

2187 4903 2257 4958 τὰ
2300 4905 2670 4975 ἁμαρτήματα
2725 4899 2893 4974 ὦμεν.
2935 4903 3106 4974 ’Υπὲρ
3153 4904 3217 4974 δὴ
3258 4905 3465 4958 τούτων
3510 4908 3762 4962 ἁπάντων

2188 4995 2666 5066 εὐχαριστήσωμεν
2708 4993 2785 5064 τῷ
2831 4992 3196 5064 φιλανθρώπῳ
3229 4993 3349 5064 Θεῷ
3376 4995 3454 5065 τῷ
3480 4997 3760 5067 κηδομένῳ

2186 5086 2286 5156 τῆς
2315 5085 2462 5155 ζωῆς
2490 5085 2586 5156 τῆς
2615 5085 2906 5155 ἡμετέρας,
2942 5085 3036 5136 καὶ
3066 5083 3380 5155 προνοοῦντι
3409 5086 3637 5153 γονέων,
3668 5092 3759 5141 καὶ

2188 5177 2392 5230 παίδων
2436 5175 2790 5246 φροντίζοντι,
2841 5176 2936 5228 καὶ
2976 5173 3155 5228 πάντα
3181 5174 3320 5245 ὑπὲρ
3360 5174 3461 5243 τῆς
3486 5176 3760 5248 ἡμετέρας

2184 5265 2550 5337 οἰκονομοῦντι
2578 5263 2868 5334 σωτηρίας.
2896 5263 3052 5335 Αὑτῷ
3077 5263 3187 5336 7&9
3208 5264 3405 5333 πρέπει
3427 5264 3576 5330 δόξα,
3602 5267 3758 5336 τιμὴ,

2185 5357 2279 5411 καὶ
2319 5354 2682 5427 προσκύνησις
2733 5353 2830 5404 σὺν
2882 5352 2961 5422 τῷ
3014 5353 3239 5424 ἀνάρχῳ
3293 5354 3490 5423 Πατρὶ,
3543 5357 3640 5408 καὶ
3681 5355 3759 5426 τῷ

2185 5447 2325 5517 ἀγίῳ
2352 5445 2645 5514 Πνεύματι,
2675 5441 2769 5496 νῦν
2798 5443 2890 5497 καὶ
2918 5444 3024 5510 ἀεὶ,
3054 5443 3146 5498 καὶ
3176 5445 3256 5507 εἰς
3275 5443 3402 5506 τοὺς
3425 5443 3630 5508 αἰῶνας
3652 5445 3757 5498 τῶν

2187 5539 2409 5594 αιώνων.
2451 5538 2508 5590 ’Δ
2516 5536 2638 5606 μην.
