  <div class='ocr_page' id='page_1' title='image "/cluster/home/n/w/nwhite01/storage/ocr_20150623/54/hvd.32044073501926/226.png"; bbox 0 0 4134 6214; ppageno 0'>
   <div class='ocr_carea' id='block_1_1' title="bbox 424 303 528 355">
    <p class='ocr_par' dir='ltr' id='par_1_1' title="bbox 424 303 528 355">
     <span class='ocr_line' id='line_1_1' title="bbox 424 303 528 355; baseline -0.01 0"><span class='ocrx_word' id='word_1_1' title='bbox 424 303 528 355; x_wconf 69' lang='lat'><strong>597</strong></span> 
     </span>
    </p>
   </div>
   <div class='ocr_carea' id='block_1_2' title="bbox 494 413 2010 487">
    <p class='ocr_par' dir='ltr' id='par_1_2' title="bbox 494 413 2010 487">
     <span class='ocr_line' id='line_1_2' title="bbox 494 413 2010 487; baseline -0.007 -17"><span class='ocrx_word' id='word_1_2' title='bbox 494 415 531 470; x_wconf 70' lang='lat'><strong><em>3</em></strong></span> <span class='ocrx_word' id='word_1_3' title='bbox 577 415 819 485; x_wconf 82' lang='lat' dir='ltr'><strong>Quonam</strong></span> <span class='ocrx_word' id='word_1_4' title='bbox 863 417 1021 487; x_wconf 86' lang='lat' dir='ltr'><strong>igitur</strong></span> <span class='ocrx_word' id='word_1_5' title='bbox 1051 424 1205 485; x_wconf 75' lang='lat' dir='ltr'><strong>pacto</strong></span> <span class='ocrx_word' id='word_1_6' title='bbox 1233 414 1305 468; x_wconf 89' lang='lat' dir='ltr'><strong>ait</strong></span> <span class='ocrx_word' id='word_1_7' title='bbox 1342 413 1533 468; x_wconf 81' lang='lat' dir='ltr'><strong>Paulus</strong></span> <span class='ocrx_word' id='word_1_8' title='bbox 1561 422 1872 481; x_wconf 84' lang='lat' dir='ltr'><strong>potestatem</strong></span> <span class='ocrx_word' id='word_1_9' title='bbox 1906 425 2010 461; x_wconf 84' lang='lat' dir='ltr'><strong>non</strong></span> 
     </span>
    </p>
   </div>
   <div class='ocr_carea' id='block_1_3' title="bbox 426 501 2012 576">
    <p class='ocr_par' dir='ltr' id='par_1_3' title="bbox 426 501 2012 576">
     <span class='ocr_line' id='line_1_3' title="bbox 426 501 2012 576; baseline -0.004 -15"><span class='ocrx_word' id='word_1_10' title='bbox 426 521 547 561; x_wconf 76' lang='lat' dir='ltr'><strong>esse</strong></span> <span class='ocrx_word' id='word_1_11' title='bbox 573 506 672 560; x_wconf 91' lang='lat' dir='ltr'><strong>nisi</strong></span> <span class='ocrx_word' id='word_1_12' title='bbox 702 521 731 559; x_wconf 92' lang='lat' dir='ltr'><strong>a</strong></span> <span class='ocrx_word' id='word_1_13' title='bbox 773 504 883 561; x_wconf 88' lang='lat' dir='ltr'><strong>Deo</strong></span> <span class='ocrx_word' id='word_1_14' title='bbox 911 505 1086 576; x_wconf 85' lang='lat' dir='ltr'><strong>(Rom.</strong></span> <span class='ocrx_word' id='word_1_15' title='bbox 1117 506 1203 560; x_wconf 75' lang='grc'><strong>15.</strong></span> <span class='ocrx_word' id='word_1_16' title='bbox 1234 504 1334 574; x_wconf 74' lang='lat'><strong>2)?</strong></span> <span class='ocrx_word' id='word_1_17' title='bbox 1361 503 1511 571; x_wconf 82' lang='lat' dir='ltr'><strong>Quod</strong></span> <span class='ocrx_word' id='word_1_18' title='bbox 1543 503 1789 557; x_wconf 85' lang='lat' dir='ltr'><strong>nimirum</strong></span> <span class='ocrx_word' id='word_1_19' title='bbox 1814 501 1878 554; x_wconf 90' lang='lat' dir='ltr'><strong>ad</strong></span> <span class='ocrx_word' id='word_1_20' title='bbox 1908 501 2012 554; x_wconf 82' lang='lat' dir='ltr'><strong>titi-</strong></span> 
     </span>
    </p>
   </div>
   <div class='ocr_carea' id='block_1_4' title="bbox 430 589 2012 652">
    <p class='ocr_par' dir='ltr' id='par_1_4' title="bbox 430 589 2012 652">
     <span class='ocr_line' id='line_1_4' title="bbox 430 589 2012 652; baseline -0.004 -2"><span class='ocrx_word' id='word_1_21' title='bbox 430 597 627 651; x_wconf 89' lang='lat' dir='ltr'><strong>Iitatem</strong></span> <span class='ocrx_word' id='word_1_22' title='bbox 671 607 906 652; x_wconf 82' lang='lat' dir='ltr'><strong>nostram</strong></span> <span class='ocrx_word' id='word_1_23' title='bbox 949 596 1102 652; x_wconf 91' lang='lat' dir='ltr'><strong>nobis</strong></span> <span class='ocrx_word' id='word_1_24' title='bbox 1140 596 1285 651; x_wconf 83' lang='lat' dir='ltr'><strong>illam</strong></span> <span class='ocrx_word' id='word_1_25' title='bbox 1329 595 1467 650; x_wconf 87' lang='lat' dir='ltr'><strong>Deus</strong></span> <span class='ocrx_word' id='word_1_26' title='bbox 1499 589 1848 649; x_wconf 77' lang='lat' dir='ltr'><strong>constituerit.</strong></span> <span class='ocrx_word' id='word_1_27' title='bbox 1880 592 2012 647; x_wconf 90' lang='lat' dir='ltr'><strong>Nam</strong></span> 
     </span>
    </p>
   </div>
   <div class='ocr_carea' id='block_1_5' title="bbox 428 683 2015 756">
    <p class='ocr_par' dir='ltr' id='par_1_5' title="bbox 428 683 2015 756">
     <span class='ocr_line' id='line_1_5' title="bbox 428 683 2015 756; baseline -0.001 -17"><span class='ocrx_word' id='word_1_28' title='bbox 428 695 704 755; x_wconf 84' lang='lat' dir='ltr'><strong>peccatum</strong></span> <span class='ocrx_word' id='word_1_29' title='bbox 746 685 961 756; x_wconf 80' lang='lat' dir='ltr'><strong>quidem</strong></span> <span class='ocrx_word' id='word_1_30' title='bbox 1004 686 1375 741; x_wconf 84' lang='lat' dir='ltr'><strong>necessitatem</strong></span> <span class='ocrx_word' id='word_1_31' title='bbox 1419 687 1537 754; x_wconf 83' lang='lat' dir='ltr'><strong>ejus</strong></span> <span class='ocrx_word' id='word_1_32' title='bbox 1584 683 1781 739; x_wconf 78' lang='lat' dir='ltr'><strong>invexit</strong></span> <span class='ocrx_word' id='word_1_33' title='bbox 1818 701 1831 735; x_wconf 86' lang='lat'><strong>:</strong></span> <span class='ocrx_word' id='word_1_34' title='bbox 1876 683 2015 738; x_wconf 86' lang='lat' dir='ltr'><strong>Deus</strong></span> 
     </span>
    </p>
   </div>
   <div class='ocr_carea' id='block_1_6' title="bbox 422 774 2015 845">
    <p class='ocr_par' dir='ltr' id='par_1_6' title="bbox 422 774 2015 845">
     <span class='ocr_line' id='line_1_6' title="bbox 422 774 2015 845; baseline -0.002 -15"><span class='ocrx_word' id='word_1_35' title='bbox 422 791 602 831; x_wconf 83' lang='lat' dir='ltr'><strong>autem</strong></span> <span class='ocrx_word' id='word_1_36' title='bbox 625 777 693 832; x_wconf 87' lang='lat' dir='ltr'><strong>ad</strong></span> <span class='ocrx_word' id='word_1_37' title='bbox 720 786 956 832; x_wconf 87' lang='lat' dir='ltr'><strong>nostram</strong></span> <span class='ocrx_word' id='word_1_38' title='bbox 987 776 1268 832; x_wconf 74' lang='lat' dir='ltr'><strong>utilitatem</strong></span> <span class='ocrx_word' id='word_1_39' title='bbox 1296 786 1379 831; x_wconf 92' lang='lat' dir='ltr'><strong>est</strong></span> <span class='ocrx_word' id='word_1_40' title='bbox 1405 791 1549 830; x_wconf 92' lang='lat' dir='ltr'><strong>usus.</strong></span> <span class='ocrx_word' id='word_1_41' title='bbox 1583 776 1645 829; x_wconf 83' lang='lat' dir='ltr'><strong>Et</strong></span> <span class='ocrx_word' id='word_1_42' title='bbox 1674 774 2015 845; x_wconf 89' lang='lat' dir='ltr'><strong>quemadmo-</strong></span> 
     </span>
    </p>
   </div>
   <div class='ocr_carea' id='block_1_7' title="bbox 426 866 2010 936">
    <p class='ocr_par' dir='ltr' id='par_1_7' title="bbox 426 866 2010 936">
     <span class='ocr_line' id='line_1_7' title="bbox 426 866 2010 936; baseline 0 -17"><span class='ocrx_word' id='word_1_43' title='bbox 426 867 553 921; x_wconf 91' lang='lat' dir='ltr'><strong>dum</strong></span> <span class='ocrx_word' id='word_1_44' title='bbox 582 882 646 921; x_wconf 76' lang='lat' dir='ltr'><strong>es</strong></span> <span class='ocrx_word' id='word_1_45' title='bbox 674 867 983 923; x_wconf 80' lang='lat' dir='ltr'><strong>vulneribus</strong></span> <span class='ocrx_word' id='word_1_46' title='bbox 1012 870 1070 922; x_wconf 86' lang='lat' dir='ltr'><strong>tit</strong></span> <span class='ocrx_word' id='word_1_47' title='bbox 1102 875 1161 923; x_wconf 93' lang='lat' dir='ltr'><strong>ut</strong></span> <span class='ocrx_word' id='word_1_48' title='bbox 1202 866 1603 923; x_wconf 83' lang='lat' dir='ltr'><strong>medicamentis</strong></span> <span class='ocrx_word' id='word_1_49' title='bbox 1648 867 2010 936; x_wconf 73' lang='lat' dir='ltr'><strong>indigeamus;</strong></span> 
     </span>
    </p>
   </div>
   <div class='ocr_carea' id='block_1_8' title="bbox 428 956 2014 1027">
    <p class='ocr_par' dir='ltr' id='par_1_8' title="bbox 428 956 2014 1027">
     <span class='ocr_line' id='line_1_8' title="bbox 428 956 2014 1027; baseline -0.001 -16"><span class='ocrx_word' id='word_1_50' title='bbox 428 971 493 1011; x_wconf 74' lang='lat' dir='ltr'><strong>es</strong></span> <span class='ocrx_word' id='word_1_51' title='bbox 520 956 844 1012; x_wconf 74' lang='lat' dir='ltr'><strong>medicorum</strong></span> <span class='ocrx_word' id='word_1_52' title='bbox 870 968 1048 1013; x_wconf 89' lang='lat' dir='ltr'><strong>autem</strong></span> <span class='ocrx_word' id='word_1_53' title='bbox 1075 956 1353 1027; x_wconf 84' lang='lat' dir='ltr'><strong>sapientia,</strong></span> <span class='ocrx_word' id='word_1_54' title='bbox 1384 967 1440 1011; x_wconf 94' lang='lat' dir='ltr'><strong>ut</strong></span> <span class='ocrx_word' id='word_1_55' title='bbox 1464 956 1814 1012; x_wconf 86' lang='lat' dir='ltr'><strong>adhibeantur</strong></span> <span class='ocrx_word' id='word_1_56' title='bbox 1841 956 2014 1011; x_wconf 90' lang='lat' dir='ltr'><strong>medi-</strong></span> 
     </span>
    </p>
   </div>
   <div class='ocr_carea' id='block_1_9' title="bbox 426 1047 2015 1103">
    <p class='ocr_par' dir='ltr' id='par_1_9' title="bbox 426 1047 2015 1103">
     <span class='ocr_line' id='line_1_9' title="bbox 426 1047 2015 1103; baseline 0 -3"><span class='ocrx_word' id='word_1_57' title='bbox 426 1057 673 1102; x_wconf 84' lang='lat' dir='ltr'><strong>camenta</strong></span> <span class='ocrx_word' id='word_1_58' title='bbox 706 1066 719 1101; x_wconf 94' lang='lat'><strong>:</strong></span> <span class='ocrx_word' id='word_1_59' title='bbox 748 1048 825 1103; x_wconf 89' lang='lat' dir='ltr'><strong>sic</strong></span> <span class='ocrx_word' id='word_1_60' title='bbox 856 1057 911 1103; x_wconf 94' lang='lat' dir='ltr'><strong>et</strong></span> <span class='ocrx_word' id='word_1_61' title='bbox 948 1048 1240 1103; x_wconf 82' lang='lat' dir='ltr'><strong>necessitas</strong></span> <span class='ocrx_word' id='word_1_62' title='bbox 1275 1048 1545 1102; x_wconf 71' lang='lat' dir='ltr'><strong>servitutis</strong></span> <span class='ocrx_word' id='word_1_63' title='bbox 1570 1058 1746 1101; x_wconf 91' lang='lat' dir='ltr'><strong>ortum</strong></span> <span class='ocrx_word' id='word_1_64' title='bbox 1776 1047 1955 1101; x_wconf 84' lang='lat' dir='ltr'><strong>habuit</strong></span> <span class='ocrx_word' id='word_1_65' title='bbox 1984 1062 2015 1100; x_wconf 89' lang='lat' dir='ltr'><strong>a</strong></span> 
     </span>
    </p>
   </div>
   <div class='ocr_carea' id='block_1_10' title="bbox 430 1140 2015 1211">
    <p class='ocr_par' dir='ltr' id='par_1_10' title="bbox 430 1140 2015 1211">
     <span class='ocr_line' id='line_1_10' title="bbox 430 1140 2015 1211; baseline 0.003 -20"><span class='ocrx_word' id='word_1_66' title='bbox 430 1148 648 1207; x_wconf 85' lang='lat' dir='ltr'><strong>peccato</strong></span> <span class='ocrx_word' id='word_1_67' title='bbox 679 1157 693 1194; x_wconf 88' lang='lat'><strong>:</strong></span> <span class='ocrx_word' id='word_1_68' title='bbox 726 1151 783 1195; x_wconf 92' lang='lat' dir='ltr'><strong>nt</strong></span> <span class='ocrx_word' id='word_1_69' title='bbox 806 1150 983 1195; x_wconf 90' lang='lat' dir='ltr'><strong>autem</strong></span> <span class='ocrx_word' id='word_1_70' title='bbox 1010 1140 1075 1195; x_wconf 89' lang='lat' dir='ltr'><strong>ad</strong></span> <span class='ocrx_word' id='word_1_71' title='bbox 1102 1140 1154 1195; x_wconf 91' lang='lat' dir='ltr'><strong>id</strong></span> <span class='ocrx_word' id='word_1_72' title='bbox 1179 1140 1319 1210; x_wconf 89' lang='lat' dir='ltr'><strong>quod</strong></span> <span class='ocrx_word' id='word_1_73' title='bbox 1349 1156 1482 1211; x_wconf 90' lang='lat' dir='ltr'><strong>opus</strong></span> <span class='ocrx_word' id='word_1_74' title='bbox 1507 1149 1622 1195; x_wconf 86' lang='lat' dir='ltr'><strong>erat</strong></span> <span class='ocrx_word' id='word_1_75' title='bbox 1647 1140 1731 1194; x_wconf 86' lang='lat' dir='ltr'><strong>illa</strong></span> <span class='ocrx_word' id='word_1_76' title='bbox 1760 1140 2015 1209; x_wconf 88' lang='lat' dir='ltr'><strong>dirigere-</strong></span> 
     </span>
    </p>
   </div>
   <div class='ocr_carea' id='block_1_11' title="bbox 428 1229 2012 1303">
    <p class='ocr_par' dir='ltr' id='par_1_11' title="bbox 428 1229 2012 1303">
     <span class='ocr_line' id='line_1_11' title="bbox 428 1229 2012 1303; baseline 0.001 -21"><span class='ocrx_word' id='word_1_77' title='bbox 428 1236 535 1295; x_wconf 91' lang='lat' dir='ltr'><strong>tur,</strong></span> <span class='ocrx_word' id='word_1_78' title='bbox 562 1229 615 1285; x_wconf 93' lang='lat' dir='ltr'><strong>id</strong></span> <span class='ocrx_word' id='word_1_79' title='bbox 640 1246 770 1287; x_wconf 89' lang='lat' dir='ltr'><strong>sane</strong></span> <span class='ocrx_word' id='word_1_80' title='bbox 796 1232 991 1287; x_wconf 71' lang='lat' dir='ltr'><strong>divinae</strong></span> <span class='ocrx_word' id='word_1_81' title='bbox 1016 1244 1291 1303; x_wconf 91' lang='lat' dir='ltr'><strong>acceptum</strong></span> <span class='ocrx_word' id='word_1_82' title='bbox 1320 1231 1592 1286; x_wconf 86' lang='lat' dir='ltr'><strong>ferendum</strong></span> <span class='ocrx_word' id='word_1_83' title='bbox 1614 1241 1695 1287; x_wconf 91' lang='lat' dir='ltr'><strong>est</strong></span> <span class='ocrx_word' id='word_1_84' title='bbox 1720 1231 2012 1301; x_wconf 70' lang='lat' dir='ltr'><strong>sapientie.</strong></span> 
     </span>
    </p>
   </div>
   <div class='ocr_carea' id='block_1_12' title="bbox 434 1321 2009 1392">
    <p class='ocr_par' dir='ltr' id='par_1_12' title="bbox 434 1321 2009 1392">
     <span class='ocr_line' id='line_1_12' title="bbox 434 1321 2009 1392; baseline 0.001 -17"><span class='ocrx_word' id='word_1_85' title='bbox 434 1321 630 1377; x_wconf 80' lang='lat' dir='ltr'><strong>Verum</strong></span> <span class='ocrx_word' id='word_1_86' title='bbox 668 1323 852 1380; x_wconf 82' lang='lat' dir='ltr'><strong>adeste</strong></span> <span class='ocrx_word' id='word_1_87' title='bbox 881 1326 1073 1379; x_wconf 89' lang='lat' dir='ltr'><strong>animis</strong></span> <span class='ocrx_word' id='word_1_88' title='bbox 1092 1367 1107 1392; x_wconf 91' lang='lat'><strong>,</strong></span> <span class='ocrx_word' id='word_1_89' title='bbox 1139 1334 1196 1381; x_wconf 91' lang='lat' dir='ltr'><strong>et</strong></span> <span class='ocrx_word' id='word_1_90' title='bbox 1221 1326 1480 1382; x_wconf 84' lang='lat' dir='ltr'><strong>desidiam</strong></span> <span class='ocrx_word' id='word_1_91' title='bbox 1510 1341 1723 1380; x_wconf 91' lang='lat' dir='ltr'><strong>omnem</strong></span> <span class='ocrx_word' id='word_1_92' title='bbox 1761 1325 2009 1380; x_wconf 81' lang='lat' dir='ltr'><strong>excutite.</strong></span> 
     </span>
    </p>
   </div>
   <div class='ocr_carea' id='block_1_13' title="bbox 428 1412 2017 1487">
    <p class='ocr_par' dir='ltr' id='par_1_13' title="bbox 428 1412 2017 1487">
     <span class='ocr_line' id='line_1_13' title="bbox 428 1412 2017 1487; baseline 0.004 -21"><span class='ocrx_word' id='word_1_93' title='bbox 428 1412 533 1467; x_wconf 79' lang='lat' dir='ltr'><strong>Cur</strong></span> <span class='ocrx_word' id='word_1_94' title='bbox 562 1415 773 1469; x_wconf 90' lang='lat' dir='ltr'><strong>tandem</strong></span> <span class='ocrx_word' id='word_1_95' title='bbox 802 1416 853 1470; x_wconf 91' lang='lat' dir='ltr'><strong>id</strong></span> <span class='ocrx_word' id='word_1_96' title='bbox 880 1416 1033 1471; x_wconf 85' lang='lat' dir='ltr'><strong>dico?</strong></span> <span class='ocrx_word' id='word_1_97' title='bbox 1059 1417 1358 1487; x_wconf 88' lang='lat' dir='ltr'><strong>Scripturas</strong></span> <span class='ocrx_word' id='word_1_98' title='bbox 1384 1418 1534 1473; x_wconf 82' lang='lat' dir='ltr'><strong>vobis</strong></span> <span class='ocrx_word' id='word_1_99' title='bbox 1562 1433 1893 1483; x_wconf 82' lang='lat' dir='ltr'><strong>enarramus,</strong></span> <span class='ocrx_word' id='word_1_100' title='bbox 1921 1433 2017 1473; x_wconf 87' lang='lat' dir='ltr'><strong>vos</strong></span> 
     </span>
    </p>
   </div>
   <div class='ocr_carea' id='block_1_14' title="bbox 428 1508 2015 1581">
    <p class='ocr_par' dir='ltr' id='par_1_14' title="bbox 428 1508 2015 1581">
     <span class='ocr_line' id='line_1_14' title="bbox 428 1508 2015 1581; baseline 0.006 -24"><span class='ocrx_word' id='word_1_101' title='bbox 428 1517 556 1559; x_wconf 89' lang='lat' dir='ltr'><strong>vero</strong></span> <span class='ocrx_word' id='word_1_102' title='bbox 579 1508 782 1563; x_wconf 79' lang='lat' dir='ltr'><strong>aversis</strong></span> <span class='ocrx_word' id='word_1_103' title='bbox 804 1525 832 1561; x_wconf 91' lang='lat' dir='ltr'><strong>a</strong></span> <span class='ocrx_word' id='word_1_104' title='bbox 864 1511 1016 1564; x_wconf 86' lang='lat' dir='ltr'><strong>nobis</strong></span> <span class='ocrx_word' id='word_1_105' title='bbox 1035 1511 1226 1575; x_wconf 90' lang='lat' dir='ltr'><strong>oculis,</strong></span> <span class='ocrx_word' id='word_1_106' title='bbox 1252 1511 1318 1565; x_wconf 90' lang='lat' dir='ltr'><strong>ad</strong></span> <span class='ocrx_word' id='word_1_107' title='bbox 1348 1512 1591 1566; x_wconf 86' lang='lat' dir='ltr'><strong>lucernas</strong></span> <span class='ocrx_word' id='word_1_108' title='bbox 1615 1520 1669 1565; x_wconf 95' lang='lat' dir='ltr'><strong>et</strong></span> <span class='ocrx_word' id='word_1_109' title='bbox 1693 1512 1757 1565; x_wconf 86' lang='lat' dir='ltr'><strong>ad</strong></span> <span class='ocrx_word' id='word_1_110' title='bbox 1784 1527 1905 1566; x_wconf 88' lang='lat' dir='ltr'><strong>enm</strong></span> <span class='ocrx_word' id='word_1_111' title='bbox 1926 1512 2015 1581; x_wconf 89' lang='lat' dir='ltr'><strong>qui</strong></span> 
     </span>
    </p>
   </div>
   <div class='ocr_carea' id='block_1_15' title="bbox 429 1598 2015 1673">
    <p class='ocr_par' dir='ltr' id='par_1_15' title="bbox 429 1598 2015 1673">
     <span class='ocr_line' id='line_1_15' title="bbox 429 1598 2015 1673; baseline 0.003 -21"><span class='ocrx_word' id='word_1_112' title='bbox 429 1598 671 1655; x_wconf 87' lang='lat' dir='ltr'><strong>lucernas</strong></span> <span class='ocrx_word' id='word_1_113' title='bbox 689 1601 1014 1656; x_wconf 84' lang='lat' dir='ltr'><strong>accendebat</strong></span> <span class='ocrx_word' id='word_1_114' title='bbox 1036 1602 1136 1671; x_wconf 81' lang='grc' dir='ltr'><strong>(α),</strong></span> <span class='ocrx_word' id='word_1_115' title='bbox 1159 1618 1253 1657; x_wconf 91' lang='lat' dir='ltr'><strong>eos</strong></span> <span class='ocrx_word' id='word_1_116' title='bbox 1275 1604 1633 1659; x_wconf 88' lang='lat' dir='ltr'><strong>convertistis.</strong></span> <span class='ocrx_word' id='word_1_117' title='bbox 1655 1603 1874 1671; x_wconf 70' lang='lat' dir='ltr'><strong>Quanlaa</strong></span> <span class='ocrx_word' id='word_1_118' title='bbox 1897 1619 2015 1673; x_wconf 89' lang='lat' dir='ltr'><strong>por-</strong></span> 
     </span>
    </p>
   </div>
   <div class='ocr_carea' id='block_1_16' title="bbox 428 1689 2016 1760">
    <p class='ocr_par' dir='ltr' id='par_1_16' title="bbox 428 1689 2016 1760">
     <span class='ocr_line' id='line_1_16' title="bbox 428 1689 2016 1760; baseline 0.001 -15"><span class='ocrx_word' id='word_1_119' title='bbox 428 1703 493 1745; x_wconf 83' lang='lat' dir='ltr'><strong>ro</strong></span> <span class='ocrx_word' id='word_1_120' title='bbox 519 1696 603 1745; x_wconf 84' lang='lat' dir='ltr'><strong>est</strong></span> <span class='ocrx_word' id='word_1_121' title='bbox 639 1689 742 1745; x_wconf 90' lang='lat' dir='ltr'><strong>hoc</strong></span> <span class='ocrx_word' id='word_1_122' title='bbox 766 1692 1026 1747; x_wconf 71' lang='lat' dir='ltr'><strong>socordia:</strong></span> <span class='ocrx_word' id='word_1_123' title='bbox 1045 1733 1061 1757; x_wconf 94' lang='lat'><strong>,</strong></span> <span class='ocrx_word' id='word_1_124' title='bbox 1092 1692 1245 1747; x_wconf 86' lang='lat' dir='ltr'><strong>nobis</strong></span> <span class='ocrx_word' id='word_1_125' title='bbox 1286 1693 1486 1749; x_wconf 87' lang='lat' dir='ltr'><strong>relictis</strong></span> <span class='ocrx_word' id='word_1_126' title='bbox 1508 1736 1524 1760; x_wconf 92' lang='lat'><strong>,</strong></span> <span class='ocrx_word' id='word_1_127' title='bbox 1556 1695 1678 1750; x_wconf 84' lang='lat' dir='ltr'><strong>huic</strong></span> <span class='ocrx_word' id='word_1_128' title='bbox 1704 1694 2016 1749; x_wconf 82' lang='lat' dir='ltr'><strong>attendere?</strong></span> 
     </span>
    </p>
   </div>
   <div class='ocr_carea' id='block_1_17' title="bbox 429 1777 2013 1854">
    <p class='ocr_par' dir='ltr' id='par_1_17' title="bbox 429 1777 2013 1854">
     <span class='ocr_line' id='line_1_17' title="bbox 429 1777 2013 1854; baseline 0.002 -22"><span class='ocrx_word' id='word_1_129' title='bbox 429 1777 609 1847; x_wconf 89' lang='lat' dir='ltr'><strong>Ignem</strong></span> <span class='ocrx_word' id='word_1_130' title='bbox 638 1795 738 1850; x_wconf 94' lang='lat' dir='ltr'><strong>ego</strong></span> <span class='ocrx_word' id='word_1_131' title='bbox 765 1795 976 1851; x_wconf 89' lang='lat' dir='ltr'><strong>quoque</strong></span> <span class='ocrx_word' id='word_1_132' title='bbox 997 1783 1234 1839; x_wconf 87' lang='lat' dir='ltr'><strong>aceendo</strong></span> <span class='ocrx_word' id='word_1_133' title='bbox 1255 1784 1268 1815; x_wconf 84' lang='lat'>&#39;</span> <span class='ocrx_word' id='word_1_134' title='bbox 1290 1824 1306 1850; x_wconf 91' lang='lat'><strong>,</strong></span> <span class='ocrx_word' id='word_1_135' title='bbox 1336 1785 1424 1852; x_wconf 89' lang='lat' dir='ltr'><strong>qui</strong></span> <span class='ocrx_word' id='word_1_136' title='bbox 1454 1784 1583 1839; x_wconf 86' lang='lat' dir='ltr'><strong>latet</strong></span> <span class='ocrx_word' id='word_1_137' title='bbox 1612 1785 1664 1837; x_wconf 90' lang='lat' dir='ltr'><strong>in</strong></span> <span class='ocrx_word' id='word_1_138' title='bbox 1688 1783 1976 1854; x_wconf 62' lang='lat' dir='ltr'><strong>Scripturis</strong></span> <span class='ocrx_word' id='word_1_139' title='bbox 1995 1825 2013 1847; x_wconf 87' lang='lat'><strong>,</strong></span> 
     </span>
    </p>
   </div>
   <div class='ocr_carea' id='block_1_18' title="bbox 428 1869 2016 1942">
    <p class='ocr_par' dir='ltr' id='par_1_18' title="bbox 428 1869 2016 1942">
     <span class='ocr_line' id='line_1_18' title="bbox 428 1869 2016 1942; baseline 0.003 -18"><span class='ocrx_word' id='word_1_140' title='bbox 428 1878 485 1924; x_wconf 94' lang='lat' dir='ltr'><strong>et</strong></span> <span class='ocrx_word' id='word_1_141' title='bbox 510 1869 564 1924; x_wconf 93' lang='lat' dir='ltr'><strong>in</strong></span> <span class='ocrx_word' id='word_1_142' title='bbox 595 1878 773 1925; x_wconf 86' lang='lat' dir='ltr'><strong>nostra</strong></span> <span class='ocrx_word' id='word_1_143' title='bbox 802 1870 973 1942; x_wconf 89' lang='lat' dir='ltr'><strong>lingua</strong></span> <span class='ocrx_word' id='word_1_144' title='bbox 1002 1872 1342 1928; x_wconf 84' lang='lat' dir='ltr'><strong>succenditur</strong></span> <span class='ocrx_word' id='word_1_145' title='bbox 1361 1875 1576 1929; x_wconf 90' lang='lat' dir='ltr'><strong>lucerna</strong></span> <span class='ocrx_word' id='word_1_146' title='bbox 1602 1874 1878 1929; x_wconf 66' lang='lat' dir='ltr'><strong>doctrinm.</strong></span> <span class='ocrx_word' id='word_1_147' title='bbox 1904 1875 2016 1930; x_wconf 85' lang='lat' dir='ltr'><strong>Hoc</strong></span> 
     </span>
    </p>
   </div>
   <div class='ocr_carea' id='block_1_19' title="bbox 430 1958 2016 2028">
    <p class='ocr_par' dir='ltr' id='par_1_19' title="bbox 430 1958 2016 2028">
     <span class='ocr_line' id='line_1_19' title="bbox 430 1958 2016 2028; baseline 0.004 -15"><span class='ocrx_word' id='word_1_148' title='bbox 430 1958 525 2013; x_wconf 90' lang='lat' dir='ltr'><strong>illo</strong></span> <span class='ocrx_word' id='word_1_149' title='bbox 555 1958 724 2028; x_wconf 83' lang='lat' dir='ltr'><strong>majus</strong></span> <span class='ocrx_word' id='word_1_150' title='bbox 756 1970 840 2015; x_wconf 89' lang='lat' dir='ltr'><strong>est</strong></span> <span class='ocrx_word' id='word_1_151' title='bbox 882 1961 1059 2016; x_wconf 89' lang='lat' dir='ltr'><strong>lumen</strong></span> <span class='ocrx_word' id='word_1_152' title='bbox 1087 1978 1153 2017; x_wconf 93' lang='lat' dir='ltr'><strong>ac</strong></span> <span class='ocrx_word' id='word_1_153' title='bbox 1188 1963 1381 2018; x_wconf 91' lang='lat' dir='ltr'><strong>melius</strong></span> <span class='ocrx_word' id='word_1_154' title='bbox 1407 1980 1423 2019; x_wconf 84' lang='lat'><strong>:</strong></span> <span class='ocrx_word' id='word_1_155' title='bbox 1456 1980 1560 2017; x_wconf 92' lang='lat' dir='ltr'><strong>non</strong></span> <span class='ocrx_word' id='word_1_156' title='bbox 1585 1964 1728 2018; x_wconf 90' lang='lat' dir='ltr'><strong>enim</strong></span> <span class='ocrx_word' id='word_1_157' title='bbox 1756 1965 1877 2019; x_wconf 90' lang='lat' dir='ltr'><strong>oleo</strong></span> <span class='ocrx_word' id='word_1_158' title='bbox 1901 1981 2016 2019; x_wconf 89' lang='lat' dir='ltr'><strong>ma-</strong></span> 
     </span>
    </p>
   </div>
   <div class='ocr_carea' id='block_1_20' title="bbox 429 2047 2019 2126">
    <p class='ocr_par' dir='ltr' id='par_1_20' title="bbox 429 2047 2019 2126">
     <span class='ocr_line' id='line_1_20' title="bbox 429 2047 2019 2126; baseline 0.006 -24"><span class='ocrx_word' id='word_1_159' title='bbox 429 2047 563 2103; x_wconf 84' lang='lat' dir='ltr'><strong>dens</strong></span> <span class='ocrx_word' id='word_1_160' title='bbox 598 2049 921 2120; x_wconf 87' lang='lat' dir='ltr'><strong>ellychnium</strong></span> <span class='ocrx_word' id='word_1_161' title='bbox 947 2092 962 2118; x_wconf 92' lang='lat'><strong>,</strong></span> <span class='ocrx_word' id='word_1_162' title='bbox 1000 2062 1057 2105; x_wconf 89' lang='lat' dir='ltr'><strong>ut</strong></span> <span class='ocrx_word' id='word_1_163' title='bbox 1083 2052 1184 2108; x_wconf 87' lang='lat' dir='ltr'><strong>iste</strong></span> <span class='ocrx_word' id='word_1_164' title='bbox 1203 2095 1217 2115; x_wconf 89' lang='lat'><strong>.</strong></span> <span class='ocrx_word' id='word_1_165' title='bbox 1245 2052 1586 2109; x_wconf 74' lang='lat' dir='ltr'><strong>accendimus</strong></span> <span class='ocrx_word' id='word_1_166' title='bbox 1608 2095 1624 2120; x_wconf 96' lang='lat'><strong>,</strong></span> <span class='ocrx_word' id='word_1_167' title='bbox 1653 2055 1746 2110; x_wconf 89' lang='lat' dir='ltr'><strong>sed</strong></span> <span class='ocrx_word' id='word_1_168' title='bbox 1776 2056 2019 2126; x_wconf 87' lang='lat' dir='ltr'><strong>irrigatas</strong></span> 
     </span>
    </p>
   </div>
   <div class='ocr_carea' id='block_1_21' title="bbox 431 2140 2020 2215">
    <p class='ocr_par' dir='ltr' id='par_1_21' title="bbox 431 2140 2020 2215">
     <span class='ocr_line' id='line_1_21' title="bbox 431 2140 2020 2215; baseline 0.005 -24"><span class='ocrx_word' id='word_1_169' title='bbox 431 2140 628 2211; x_wconf 87' lang='lat' dir='ltr'><strong>pietate</strong></span> <span class='ocrx_word' id='word_1_170' title='bbox 652 2142 859 2198; x_wconf 89' lang='lat' dir='ltr'><strong>animas</strong></span> <span class='ocrx_word' id='word_1_171' title='bbox 883 2144 1131 2199; x_wconf 90' lang='lat' dir='ltr'><strong>audiendi</strong></span> <span class='ocrx_word' id='word_1_172' title='bbox 1152 2145 1442 2215; x_wconf 83' lang='lat' dir='ltr'><strong>cupiditate</strong></span> <span class='ocrx_word' id='word_1_173' title='bbox 1472 2147 1881 2202; x_wconf 83' lang='lat' dir='ltr'><strong>inﬂannnanms.</strong></span> <span class='ocrx_word' id='word_1_174' title='bbox 1912 2148 2020 2203; x_wconf 82' lang='lat' dir='ltr'><strong>Dis-</strong></span> 
     </span>
    </p>
   </div>
   <div class='ocr_carea' id='block_1_22' title="bbox 430 2235 2017 2310">
    <p class='ocr_par' dir='ltr' id='par_1_22' title="bbox 430 2235 2017 2310">
     <span class='ocr_line' id='line_1_22' title="bbox 430 2235 2017 2310; baseline 0.003 -21"><span class='ocrx_word' id='word_1_175' title='bbox 430 2235 646 2290; x_wconf 87' lang='lat' dir='ltr'><strong>serebat</strong></span> <span class='ocrx_word' id='word_1_176' title='bbox 672 2237 830 2290; x_wconf 90' lang='lat' dir='ltr'><strong>etiam</strong></span> <span class='ocrx_word' id='word_1_177' title='bbox 872 2237 1066 2291; x_wconf 76' lang='lat' dir='ltr'><strong>l’atilus</strong></span> <span class='ocrx_word' id='word_1_178' title='bbox 1093 2238 1378 2307; x_wconf 80' lang='lat' dir='ltr'><strong>aliquando</strong></span> <span class='ocrx_word' id='word_1_179' title='bbox 1407 2239 1458 2293; x_wconf 91' lang='lat' dir='ltr'><strong>iu</strong></span> <span class='ocrx_word' id='word_1_180' title='bbox 1493 2242 1765 2295; x_wconf 71' lang='lat' dir='ltr'><strong>cmnaculo</strong></span> <span class='ocrx_word' id='word_1_181' title='bbox 1789 2242 2017 2310; x_wconf 86' lang='lat' dir='ltr'><strong>quodam</strong></span> 
     </span>
    </p>
   </div>
   <div class='ocr_carea' id='block_1_23' title="bbox 430 2326 2019 2403">
    <p class='ocr_par' dir='ltr' id='par_1_23' title="bbox 430 2326 2019 2403">
     <span class='ocr_line' id='line_1_23' title="bbox 430 2326 2019 2403; baseline 0.007 -26"><span class='ocrx_word' id='word_1_182' title='bbox 430 2326 566 2395; x_wconf 69' lang='lat' dir='ltr'><strong>(Act.</strong></span> <span class='ocrx_word' id='word_1_183' title='bbox 592 2326 682 2381; x_wconf 72' lang='lat'><strong>20.</strong></span> <span class='ocrx_word' id='word_1_184' title='bbox 719 2328 851 2395; x_wconf 87' lang='lat'><strong>7-9).</strong></span> <span class='ocrx_word' id='word_1_185' title='bbox 880 2329 1049 2383; x_wconf 89' lang='lat' dir='ltr'><strong>Nemo</strong></span> <span class='ocrx_word' id='word_1_186' title='bbox 1075 2340 1250 2384; x_wconf 84' lang='lat' dir='ltr'><strong>tamen</strong></span> <span class='ocrx_word' id='word_1_187' title='bbox 1291 2331 1578 2387; x_wconf 87' lang='lat' dir='ltr'><strong>arbitretur</strong></span> <span class='ocrx_word' id='word_1_188' title='bbox 1601 2334 1861 2403; x_wconf 80' lang='lat' dir='ltr'><strong>mcipsum</strong></span> <span class='ocrx_word' id='word_1_189' title='bbox 1884 2335 2019 2388; x_wconf 92' lang='lat' dir='ltr'><strong>velle</strong></span> 
     </span>
    </p>
   </div>
   <div class='ocr_carea' id='block_1_24' title="bbox 430 2418 2018 2489">
    <p class='ocr_par' dir='ltr' id='par_1_24' title="bbox 430 2418 2018 2489">
     <span class='ocr_line' id='line_1_24' title="bbox 430 2418 2018 2489; baseline 0.006 -18"><span class='ocrx_word' id='word_1_190' title='bbox 430 2432 519 2473; x_wconf 90' lang='lat' dir='ltr'><strong>me</strong></span> <span class='ocrx_word' id='word_1_191' title='bbox 542 2434 663 2474; x_wconf 91' lang='lat' dir='ltr'><strong>cum</strong></span> <span class='ocrx_word' id='word_1_192' title='bbox 691 2418 856 2474; x_wconf 82' lang='lat' dir='ltr'><strong>Paulo</strong></span> <span class='ocrx_word' id='word_1_193' title='bbox 883 2435 1195 2489; x_wconf 87' lang='lat' dir='ltr'><strong>comparare</strong></span> <span class='ocrx_word' id='word_1_194' title='bbox 1217 2462 1231 2484; x_wconf 87' lang='lat'><strong>.</strong></span> <span class='ocrx_word' id='word_1_195' title='bbox 1258 2438 1364 2477; x_wconf 92' lang='lat' dir='ltr'><strong>non</strong></span> <span class='ocrx_word' id='word_1_196' title='bbox 1393 2424 1535 2478; x_wconf 92' lang='lat' dir='ltr'><strong>enim</strong></span> <span class='ocrx_word' id='word_1_197' title='bbox 1563 2424 1696 2480; x_wconf 90' lang='lat' dir='ltr'><strong>adeo</strong></span> <span class='ocrx_word' id='word_1_198' title='bbox 1725 2440 1842 2480; x_wconf 90' lang='lat' dir='ltr'><strong>sum</strong></span> <span class='ocrx_word' id='word_1_199' title='bbox 1874 2426 2018 2480; x_wconf 86' lang='lat' dir='ltr'><strong>insa-</strong></span> 
     </span>
    </p>
   </div>
   <div class='ocr_carea' id='block_1_25' title="bbox 432 2509 2021 2586">
    <p class='ocr_par' dir='ltr' id='par_1_25' title="bbox 432 2509 2021 2586">
     <span class='ocr_line' id='line_1_25' title="bbox 432 2509 2021 2586; baseline 0.007 -26"><span class='ocrx_word' id='word_1_200' title='bbox 432 2524 566 2575; x_wconf 91' lang='lat' dir='ltr'><strong>nus,</strong></span> <span class='ocrx_word' id='word_1_201' title='bbox 597 2509 689 2565; x_wconf 88' lang='lat' dir='ltr'><strong>sed</strong></span> <span class='ocrx_word' id='word_1_202' title='bbox 721 2520 779 2565; x_wconf 93' lang='lat' dir='ltr'><strong>ut</strong></span> <span class='ocrx_word' id='word_1_203' title='bbox 822 2511 1127 2582; x_wconf 70' lang='lat' dir='ltr'><strong>intelligatis</strong></span> <span class='ocrx_word' id='word_1_204' title='bbox 1163 2522 1417 2582; x_wconf 91' lang='lat' dir='ltr'><strong>quantum</strong></span> <span class='ocrx_word' id='word_1_205' title='bbox 1456 2515 1613 2570; x_wconf 89' lang='lat' dir='ltr'><strong>studii</strong></span> <span class='ocrx_word' id='word_1_206' title='bbox 1648 2531 1741 2571; x_wconf 80' lang='lat' dir='ltr'><strong>vos</strong></span> <span class='ocrx_word' id='word_1_207' title='bbox 1776 2526 2021 2586; x_wconf 72' lang='lat' dir='ltr'><strong>oporteat</strong></span> 
     </span>
    </p>
   </div>
   <div class='ocr_carea' id='block_1_26' title="bbox 429 2600 2017 2677">
    <p class='ocr_par' dir='ltr' id='par_1_26' title="bbox 429 2600 2017 2677">
     <span class='ocr_line' id='line_1_26' title="bbox 429 2600 2017 2677; baseline 0.006 -25"><span class='ocrx_word' id='word_1_208' title='bbox 429 2601 495 2653; x_wconf 87' lang='lat' dir='ltr'><strong>ad</strong></span> <span class='ocrx_word' id='word_1_209' title='bbox 538 2600 861 2657; x_wconf 89' lang='lat' dir='ltr'><strong>audiendum</strong></span> <span class='ocrx_word' id='word_1_210' title='bbox 902 2603 1177 2659; x_wconf 87' lang='lat' dir='ltr'><strong>adhibere.</strong></span> <span class='ocrx_word' id='word_1_211' title='bbox 1219 2606 1521 2660; x_wconf 83' lang='lat' dir='ltr'><strong>Disserebat</strong></span> <span class='ocrx_word' id='word_1_212' title='bbox 1562 2622 1692 2677; x_wconf 90' lang='lat' dir='ltr'><strong>ergo</strong></span> <span class='ocrx_word' id='word_1_213' title='bbox 1734 2607 1927 2661; x_wconf 86' lang='lat' dir='ltr'><strong>Paulus</strong></span> <span class='ocrx_word' id='word_1_214' title='bbox 1965 2608 2017 2662; x_wconf 90' lang='lat' dir='ltr'><strong>in</strong></span> 
     </span>
    </p>
   </div>
   <div class='ocr_carea' id='block_1_27' title="bbox 428 2694 2021 2770">
    <p class='ocr_par' dir='ltr' id='par_1_27' title="bbox 428 2694 2021 2770">
     <span class='ocr_line' id='line_1_27' title="bbox 428 2694 2021 2770; baseline 0.007 -25"><span class='ocrx_word' id='word_1_215' title='bbox 428 2694 724 2758; x_wconf 74' lang='lat' dir='ltr'><strong>cmaaeulo,</strong></span> <span class='ocrx_word' id='word_1_216' title='bbox 752 2703 810 2750; x_wconf 92' lang='lat' dir='ltr'><strong>et</strong></span> <span class='ocrx_word' id='word_1_217' title='bbox 828 2712 1064 2764; x_wconf 86' lang='lat' dir='ltr'><strong>vespera,</strong></span> <span class='ocrx_word' id='word_1_218' title='bbox 1092 2709 1146 2750; x_wconf 93' lang='lat' dir='ltr'><strong>ut</strong></span> <span class='ocrx_word' id='word_1_219' title='bbox 1175 2713 1313 2752; x_wconf 91' lang='lat' dir='ltr'><strong>nunc</strong></span> <span class='ocrx_word' id='word_1_220' title='bbox 1334 2698 1516 2761; x_wconf 91' lang='lat' dir='ltr'><strong>etiam,</strong></span> <span class='ocrx_word' id='word_1_221' title='bbox 1539 2698 1741 2761; x_wconf 85' lang='lat' dir='ltr'><strong>incidit.</strong></span> <span class='ocrx_word' id='word_1_222' title='bbox 1762 2710 2021 2770; x_wconf 91' lang='lat' dir='ltr'><strong>erantque</strong></span> 
     </span>
    </p>
   </div>
   <div class='ocr_carea' id='block_1_28' title="bbox 432 2781 2020 2863">
    <p class='ocr_par' dir='ltr' id='par_1_28' title="bbox 432 2781 2020 2863">
     <span class='ocr_line' id='line_1_28' title="bbox 432 2781 2020 2863; baseline 0.009 -29"><span class='ocrx_word' id='word_1_223' title='bbox 432 2781 662 2840; x_wconf 83' lang='lat' dir='ltr'><strong>lncerme</strong></span> <span class='ocrx_word' id='word_1_224' title='bbox 691 2787 742 2841; x_wconf 94' lang='lat' dir='ltr'><strong>in</strong></span> <span class='ocrx_word' id='word_1_225' title='bbox 769 2790 1047 2843; x_wconf 70' lang='lat' dir='ltr'><strong>cmnaeulo</strong></span> <span class='ocrx_word' id='word_1_226' title='bbox 1077 2807 1089 2841; x_wconf 89' lang='lat'>:</span> <span class='ocrx_word' id='word_1_227' title='bbox 1117 2789 1313 2845; x_wconf 88' lang='lat' dir='ltr'><strong>deinde</strong></span> <span class='ocrx_word' id='word_1_228' title='bbox 1339 2789 1528 2846; x_wconf 87' lang='lat' dir='ltr'><strong>cecidit</strong></span> <span class='ocrx_word' id='word_1_229' title='bbox 1558 2790 1828 2863; x_wconf 85' lang='lat' dir='ltr'><strong>Eutychus</strong></span> <span class='ocrx_word' id='word_1_230' title='bbox 1855 2791 1922 2847; x_wconf 91' lang='lat' dir='ltr'><strong>de</strong></span> <span class='ocrx_word' id='word_1_231' title='bbox 1954 2792 2020 2847; x_wconf 56' lang='lat' dir='ltr'><strong>fec</strong></span> 
     </span>
    </p>
   </div>
   <div class='ocr_carea' id='block_1_29' title="bbox 432 2881 2022 2954">
    <p class='ocr_par' dir='ltr' id='par_1_29' title="bbox 432 2881 2022 2954">
     <span class='ocr_line' id='line_1_29' title="bbox 432 2881 2022 2954; baseline 0.006 -25"><span class='ocrx_word' id='word_1_232' title='bbox 432 2886 609 2930; x_wconf 85' lang='lat' dir='ltr'><strong>uestra</strong></span> <span class='ocrx_word' id='word_1_233' title='bbox 636 2917 651 2934; x_wconf 91' lang='lat'><strong>.</strong></span> <span class='ocrx_word' id='word_1_234' title='bbox 682 2893 856 2948; x_wconf 80' lang='lat' dir='ltr'><strong>neque</strong></span> <span class='ocrx_word' id='word_1_235' title='bbox 879 2890 1197 2934; x_wconf 88' lang='lat' dir='ltr'><strong>conventum</strong></span> <span class='ocrx_word' id='word_1_236' title='bbox 1227 2896 1383 2935; x_wconf 89' lang='lat' dir='ltr'><strong>casus</strong></span> <span class='ocrx_word' id='word_1_237' title='bbox 1420 2881 1509 2936; x_wconf 92' lang='lat' dir='ltr'><strong>ille</strong></span> <span class='ocrx_word' id='word_1_238' title='bbox 1536 2882 1778 2937; x_wconf 87' lang='lat' dir='ltr'><strong>dissolvit</strong></span> <span class='ocrx_word' id='word_1_239' title='bbox 1801 2925 1816 2948; x_wconf 91' lang='lat'><strong>,</strong></span> <span class='ocrx_word' id='word_1_240' title='bbox 1848 2899 2022 2954; x_wconf 89' lang='lat' dir='ltr'><strong>neque</strong></span> 
     </span>
    </p>
   </div>
   <div class='ocr_carea' id='block_1_30' title="bbox 431 2967 2022 3046">
    <p class='ocr_par' dir='ltr' id='par_1_30' title="bbox 431 2967 2022 3046">
     <span class='ocr_line' id='line_1_30' title="bbox 431 2967 2022 3046; baseline 0.007 -26"><span class='ocrx_word' id='word_1_241' title='bbox 431 2982 581 3022; x_wconf 90' lang='lat' dir='ltr'><strong>mors</strong></span> <span class='ocrx_word' id='word_1_242' title='bbox 623 2967 888 3024; x_wconf 84' lang='lat' dir='ltr'><strong>theatrum</strong></span> <span class='ocrx_word' id='word_1_243' title='bbox 933 2973 1145 3026; x_wconf 80' lang='lat' dir='ltr'><strong>susnilit</strong></span> <span class='ocrx_word' id='word_1_244' title='bbox 1178 2990 1191 3027; x_wconf 92' lang='lat'><strong>:</strong></span> <span class='ocrx_word' id='word_1_245' title='bbox 1223 2987 1405 3027; x_wconf 88' lang='lat' dir='ltr'><strong>verum</strong></span> <span class='ocrx_word' id='word_1_246' title='bbox 1450 2974 1519 3027; x_wconf 88' lang='lat' dir='ltr'><strong>ita</strong></span> <span class='ocrx_word' id='word_1_247' title='bbox 1564 2974 1758 3029; x_wconf 90' lang='lat' dir='ltr'><strong>divinis</strong></span> <span class='ocrx_word' id='word_1_248' title='bbox 1797 2975 2022 3046; x_wconf 72' lang='lat' dir='ltr'><strong>eloquiis</strong></span> 
     </span>
    </p>
   </div>
   <div class='ocr_carea' id='block_1_31' title="bbox 430 3058 2019 3134">
    <p class='ocr_par' dir='ltr' id='par_1_31' title="bbox 430 3058 2019 3134">
     <span class='ocr_line' id='line_1_31' title="bbox 430 3058 2019 3134; baseline 0.008 -24"><span class='ocrx_word' id='word_1_249' title='bbox 430 3058 707 3116; x_wconf 82' lang='lat' dir='ltr'><strong>audiendis</strong></span> <span class='ocrx_word' id='word_1_250' title='bbox 740 3061 883 3117; x_wconf 78' lang='lat' dir='ltr'><strong>afﬁxi</strong></span> <span class='ocrx_word' id='word_1_251' title='bbox 910 3072 1097 3127; x_wconf 87' lang='lat' dir='ltr'><strong>erant,</strong></span> <span class='ocrx_word' id='word_1_252' title='bbox 1129 3072 1186 3118; x_wconf 93' lang='lat' dir='ltr'><strong>ut</strong></span> <span class='ocrx_word' id='word_1_253' title='bbox 1223 3081 1400 3134; x_wconf 89' lang='lat' dir='ltr'><strong>neque</strong></span> <span class='ocrx_word' id='word_1_254' title='bbox 1426 3081 1583 3122; x_wconf 88' lang='lat' dir='ltr'><strong>casus</strong></span> <span class='ocrx_word' id='word_1_255' title='bbox 1623 3067 1762 3121; x_wconf 91' lang='lat' dir='ltr'><strong>illius</strong></span> <span class='ocrx_word' id='word_1_256' title='bbox 1804 3083 2019 3123; x_wconf 89' lang='lat' dir='ltr'><strong>sensum</strong></span> 
     </span>
    </p>
   </div>
   <div class='ocr_carea' id='block_1_32' title="bbox 432 3149 2021 3228">
    <p class='ocr_par' dir='ltr' id='par_1_32' title="bbox 432 3149 2021 3228">
     <span class='ocr_line' id='line_1_32' title="bbox 432 3149 2021 3228; baseline 0.007 -26"><span class='ocrx_word' id='word_1_257' title='bbox 432 3149 599 3204; x_wconf 89' lang='lat' dir='ltr'><strong>ullum</strong></span> <span class='ocrx_word' id='word_1_258' title='bbox 629 3152 871 3221; x_wconf 86' lang='lat' dir='ltr'><strong>ceperint</strong></span> <span class='ocrx_word' id='word_1_259' title='bbox 897 3168 912 3207; x_wconf 91' lang='lat'><strong>:</strong></span> <span class='ocrx_word' id='word_1_260' title='bbox 942 3168 1037 3208; x_wconf 88' lang='lat' dir='ltr'><strong>vos</strong></span> <span class='ocrx_word' id='word_1_261' title='bbox 1071 3170 1199 3209; x_wconf 87' lang='lat' dir='ltr'><strong>vero</strong></span> <span class='ocrx_word' id='word_1_262' title='bbox 1230 3156 1371 3210; x_wconf 81' lang='lat' dir='ltr'><strong>nulla</strong></span> <span class='ocrx_word' id='word_1_263' title='bbox 1415 3157 1621 3211; x_wconf 88' lang='lat' dir='ltr'><strong>insolita</strong></span> <span class='ocrx_word' id='word_1_264' title='bbox 1654 3173 1710 3213; x_wconf 85' lang='lat' dir='ltr'><strong>re</strong></span> <span class='ocrx_word' id='word_1_265' title='bbox 1736 3170 2021 3228; x_wconf 72' lang='lat' dir='ltr'><strong>eon~pecta</strong></span> 
     </span>
    </p>
   </div>
   <div class='ocr_carea' id='block_1_33' title="bbox 432 3242 2020 3318">
    <p class='ocr_par' dir='ltr' id='par_1_33' title="bbox 432 3242 2020 3318">
     <span class='ocr_line' id='line_1_33' title="bbox 432 3242 2020 3318; baseline 0.006 -22"><span class='ocrx_word' id='word_1_266' title='bbox 432 3242 513 3297; x_wconf 90' lang='lat' dir='ltr'><strong>vel</strong></span> <span class='ocrx_word' id='word_1_267' title='bbox 536 3244 691 3307; x_wconf 86' lang='lat' dir='ltr'><strong>mira,</strong></span> <span class='ocrx_word' id='word_1_268' title='bbox 714 3244 808 3300; x_wconf 85' lang='lat' dir='ltr'><strong>sed</strong></span> <span class='ocrx_word' id='word_1_269' title='bbox 835 3244 1052 3301; x_wconf 86' lang='lat' dir='ltr'><strong>homine</strong></span> <span class='ocrx_word' id='word_1_270' title='bbox 1078 3256 1300 3310; x_wconf 89' lang='lat' dir='ltr'><strong>tantum,</strong></span> <span class='ocrx_word' id='word_1_271' title='bbox 1322 3249 1411 3318; x_wconf 89' lang='lat' dir='ltr'><strong>qui</strong></span> <span class='ocrx_word' id='word_1_272' title='bbox 1434 3248 1646 3303; x_wconf 87' lang='lat' dir='ltr'><strong>soli:um</strong></span> <span class='ocrx_word' id='word_1_273' title='bbox 1671 3251 2020 3306; x_wconf 86' lang='lat' dir='ltr'><strong>ministerium</strong></span> 
     </span>
    </p>
   </div>
   <div class='ocr_carea' id='block_1_34' title="bbox 430 3332 2022 3408">
    <p class='ocr_par' dir='ltr' id='par_1_34' title="bbox 430 3332 2022 3408">
     <span class='ocr_line' id='line_1_34' title="bbox 430 3332 2022 3408; baseline 0.006 -20"><span class='ocrx_word' id='word_1_274' title='bbox 430 3332 630 3399; x_wconf 87' lang='lat' dir='ltr'><strong>obibat,</strong></span> <span class='ocrx_word' id='word_1_275' title='bbox 660 3334 786 3389; x_wconf 89' lang='lat' dir='ltr'><strong>illuc</strong></span> <span class='ocrx_word' id='word_1_276' title='bbox 810 3336 995 3391; x_wconf 88' lang='lat' dir='ltr'><strong>oculos</strong></span> <span class='ocrx_word' id='word_1_277' title='bbox 1017 3338 1378 3392; x_wconf 79' lang='lat' dir='ltr'><strong>etmverliSIis.</strong></span> <span class='ocrx_word' id='word_1_278' title='bbox 1407 3338 1473 3393; x_wconf 77' lang='lat' dir='ltr'><strong>Et</strong></span> <span class='ocrx_word' id='word_1_279' title='bbox 1497 3354 1601 3408; x_wconf 88' lang='lat' dir='ltr'><strong>qua</strong></span> <span class='ocrx_word' id='word_1_280' title='bbox 1628 3340 1840 3395; x_wconf 90' lang='lat' dir='ltr'><strong>tandem</strong></span> <span class='ocrx_word' id='word_1_281' title='bbox 1870 3343 2022 3398; x_wconf 88' lang='lat' dir='ltr'><strong>venia</strong></span> 
     </span>
    </p>
   </div>
   <div class='ocr_carea' id='block_1_35' title="bbox 430 3424 2022 3502">
    <p class='ocr_par' dir='ltr' id='par_1_35' title="bbox 430 3424 2022 3502">
     <span class='ocr_line' id='line_1_35' title="bbox 430 3424 2022 3502; baseline 0.006 -24"><span class='ocrx_word' id='word_1_282' title='bbox 430 3424 647 3496; x_wconf 82' lang='lat' dir='ltr'><strong>dignum</strong></span> <span class='ocrx_word' id='word_1_283' title='bbox 680 3427 782 3483; x_wconf 87' lang='lat' dir='ltr'><strong>hoc</strong></span> <span class='ocrx_word' id='word_1_284' title='bbox 821 3426 1018 3483; x_wconf 81' lang='lat' dir='ltr'><strong>fuerit?</strong></span> <span class='ocrx_word' id='word_1_285' title='bbox 1043 3427 1211 3484; x_wconf 84' lang='lat' dir='ltr'><strong>Nemo</strong></span> <span class='ocrx_word' id='word_1_286' title='bbox 1241 3430 1416 3499; x_wconf 88' lang='lat' dir='ltr'><strong>igitur,</strong></span> <span class='ocrx_word' id='word_1_287' title='bbox 1445 3430 1807 3497; x_wconf 87' lang='lat' dir='ltr'><strong>dilectissimi,</strong></span> <span class='ocrx_word' id='word_1_288' title='bbox 1840 3448 2022 3502; x_wconf 82' lang='lat' dir='ltr'><strong>repre—</strong></span> 
     </span>
    </p>
   </div>
   <div class='ocr_carea' id='block_1_36' title="bbox 432 3516 2022 3594">
    <p class='ocr_par' dir='ltr' id='par_1_36' title="bbox 432 3516 2022 3594">
     <span class='ocr_line' id='line_1_36' title="bbox 432 3516 2022 3594; baseline 0.007 -24"><span class='ocrx_word' id='word_1_289' title='bbox 432 3516 742 3574; x_wconf 88' lang='lat' dir='ltr'><strong>hensionem</strong></span> <span class='ocrx_word' id='word_1_290' title='bbox 787 3519 1064 3574; x_wconf 84' lang='lat' dir='ltr'><strong>molestam</strong></span> <span class='ocrx_word' id='word_1_291' title='bbox 1108 3529 1162 3573; x_wconf 78' lang='lat' dir='ltr'><strong>et</strong></span> <span class='ocrx_word' id='word_1_292' title='bbox 1202 3536 1419 3591; x_wconf 78' lang='lat' dir='ltr'><strong>gravem</strong></span> <span class='ocrx_word' id='word_1_293' title='bbox 1460 3523 1750 3578; x_wconf 89' lang='lat' dir='ltr'><strong>arbitretur</strong></span> <span class='ocrx_word' id='word_1_294' title='bbox 1790 3541 1804 3575; x_wconf 88' lang='lat'>:</span> <span class='ocrx_word' id='word_1_295' title='bbox 1851 3540 2022 3594; x_wconf 88' lang='lat' dir='ltr'><strong>neque</strong></span> 
     </span>
    </p>
   </div>
   <div class='ocr_carea' id='block_1_37' title="bbox 433 3607 2022 3682">
    <p class='ocr_par' dir='ltr' id='par_1_37' title="bbox 433 3607 2022 3682">
     <span class='ocr_line' id='line_1_37' title="bbox 433 3607 2022 3682; baseline 0.003 -19"><span class='ocrx_word' id='word_1_296' title='bbox 433 3610 575 3663; x_wconf 89' lang='lat' dir='ltr'><strong>enim</strong></span> <span class='ocrx_word' id='word_1_297' title='bbox 602 3607 727 3661; x_wconf 91' lang='lat' dir='ltr'><strong>odio</strong></span> <span class='ocrx_word' id='word_1_298' title='bbox 753 3609 986 3677; x_wconf 86' lang='lat' dir='ltr'><strong>impulsi,</strong></span> <span class='ocrx_word' id='word_1_299' title='bbox 1011 3608 1105 3664; x_wconf 89' lang='lat' dir='ltr'><strong>sed</strong></span> <span class='ocrx_word' id='word_1_300' title='bbox 1131 3610 1488 3665; x_wconf 89' lang='lat' dir='ltr'><strong>sollicitudine</strong></span> <span class='ocrx_word' id='word_1_301' title='bbox 1508 3612 1705 3667; x_wconf 90' lang='lat' dir='ltr'><strong>inducti</strong></span> <span class='ocrx_word' id='word_1_302' title='bbox 1732 3614 2022 3682; x_wconf 62' lang='lat' dir='ltr'><strong>reprehen-</strong></span> 
     </span>
    </p>
   </div>
   <div class='ocr_carea' id='block_1_38' title="bbox 431 3702 2022 3779">
    <p class='ocr_par' dir='ltr' id='par_1_38' title="bbox 431 3702 2022 3779">
     <span class='ocr_line' id='line_1_38' title="bbox 431 3702 2022 3779; baseline 0.004 -21"><span class='ocrx_word' id='word_1_303' title='bbox 431 3704 626 3758; x_wconf 87' lang='lat' dir='ltr'><strong>dimus.</strong></span> <span class='ocrx_word' id='word_1_304' title='bbox 660 3702 924 3758; x_wconf 80' lang='lat' dir='ltr'><strong>Fideliora</strong></span> <span class='ocrx_word' id='word_1_305' title='bbox 946 3706 1143 3775; x_wconf 84' lang='lat' dir='ltr'><strong>quippe</strong></span> <span class='ocrx_word' id='word_1_306' title='bbox 1166 3718 1285 3761; x_wconf 78' lang='lat' dir='ltr'><strong>sunt</strong></span> <span class='ocrx_word' id='word_1_307' title='bbox 1309 3710 1584 3762; x_wconf 85' lang='lat' dir='ltr'><strong>amicorum</strong></span> <span class='ocrx_word' id='word_1_308' title='bbox 1615 3714 1843 3778; x_wconf 80' lang='lat' dir='ltr'><strong>outuera,</strong></span> <span class='ocrx_word' id='word_1_309' title='bbox 1871 3730 2022 3779; x_wconf 81' lang='lat' dir='ltr'><strong>quant</strong></span> 
     </span>
    </p>
   </div>
   <div class='ocr_carea' id='block_1_39' title="bbox 432 3796 1684 3868">
    <p class='ocr_par' dir='ltr' id='par_1_39' title="bbox 432 3796 1684 3868">
     <span class='ocr_line' id='line_1_39' title="bbox 432 3796 1684 3868; baseline 0.003 -19"><span class='ocrx_word' id='word_1_310' title='bbox 432 3804 712 3864; x_wconf 78' lang='lat' dir='ltr'><strong>spontaneo</strong></span> <span class='ocrx_word' id='word_1_311' title='bbox 736 3796 909 3849; x_wconf 81' lang='lat' dir='ltr'><strong>oscula</strong></span> <span class='ocrx_word' id='word_1_312' title='bbox 936 3796 1251 3851; x_wconf 73' lang='lat' dir='ltr'><strong>inimicorum</strong></span> <span class='ocrx_word' id='word_1_313' title='bbox 1278 3799 1458 3861; x_wconf 69' lang='lat' dir='ltr'><strong>(Prov.</strong></span> <span class='ocrx_word' id='word_1_314' title='bbox 1487 3800 1575 3855; x_wconf 75' lang='grc'><strong>27.</strong></span> <span class='ocrx_word' id='word_1_315' title='bbox 1609 3801 1684 3868; x_wconf 83' lang='grc'><strong>6).</strong></span> 
     </span>
    </p>
   </div>
   <div class='ocr_carea' id='block_1_40' title="bbox 505 3884 2021 3958">
    <p class='ocr_par' dir='ltr' id='par_1_40' title="bbox 505 3884 2021 3958">
     <span class='ocr_line' id='line_1_40' title="bbox 505 3884 2021 3958; baseline 0.005 -19"><span class='ocrx_word' id='word_1_316' title='bbox 505 3884 585 3940; x_wconf 74' lang='lat' dir='ltr'><strong>De</strong></span> <span class='ocrx_word' id='word_1_317' title='bbox 613 3885 787 3955; x_wconf 56' lang='lat' dir='ltr'><strong>oﬁciis</strong></span> <span class='ocrx_word' id='word_1_318' title='bbox 822 3886 1046 3955; x_wconf 70' lang='lat' dir='ltr'><strong>filiorum</strong></span> <span class='ocrx_word' id='word_1_319' title='bbox 1072 3904 1193 3958; x_wconf 78' lang='lat' dir='ltr'><strong>ergo</strong></span> <span class='ocrx_word' id='word_1_320' title='bbox 1220 3900 1491 3958; x_wconf 83' lang='lat' dir='ltr'><strong>parentes;</strong></span> <span class='ocrx_word' id='word_1_321' title='bbox 1520 3896 1584 3946; x_wconf 83' lang='lat' dir='ltr'><strong>de</strong></span> <span class='ocrx_word' id='word_1_322' title='bbox 1608 3896 2021 3947; x_wconf 82' lang='lat' dir='ltr'><strong>retmmerationi-</strong></span> 
     </span>
    </p>
   </div>
   <div class='ocr_carea' id='block_1_41' title="bbox 432 3978 2020 4053">
    <p class='ocr_par' dir='ltr' id='par_1_41' title="bbox 432 3978 2020 4053">
     <span class='ocr_line' id='line_1_41' title="bbox 432 3978 2020 4053; baseline 0.006 -22"><span class='ocrx_word' id='word_1_323' title='bbox 432 3978 523 4032; x_wconf 77' lang='lat' dir='ltr'><strong>bus</strong></span> <span class='ocrx_word' id='word_1_324' title='bbox 549 3978 862 4033; x_wconf 78' lang='lat' dir='ltr'><strong>manentibus</strong></span> <span class='ocrx_word' id='word_1_325' title='bbox 889 3990 1153 4047; x_wconf 82' lang='lat' dir='ltr'><strong>parentum</strong></span> <span class='ocrx_word' id='word_1_326' title='bbox 1181 3982 1421 4037; x_wconf 77' lang='lat' dir='ltr'><strong>cultores.</strong></span> <span class='ocrx_word' id='word_1_327' title='bbox 1454 3982 1528 4036; x_wconf 83' lang='lat' dir='ltr'><strong>De</strong></span> <span class='ocrx_word' id='word_1_328' title='bbox 1553 3986 1711 4053; x_wconf 65' lang='lat' dir='ltr'><strong>penis</strong></span> <span class='ocrx_word' id='word_1_329' title='bbox 1740 3988 2020 4051; x_wconf 81' lang='lat' dir='ltr'><strong>parricida-</strong></span> 
     </span>
    </p>
   </div>
   <div class='ocr_carea' id='block_1_42' title="bbox 432 4068 2018 4147">
    <p class='ocr_par' dir='ltr' id='par_1_42' title="bbox 432 4068 2018 4147">
     <span class='ocr_line' id='line_1_42' title="bbox 432 4068 2018 4147; baseline 0.007 -26"><span class='ocrx_word' id='word_1_330' title='bbox 432 4084 546 4121; x_wconf 79' lang='lat' dir='ltr'><strong>rum</strong></span> <span class='ocrx_word' id='word_1_331' title='bbox 568 4084 588 4122; x_wconf 90' lang='lat'><strong><em>:</em></strong></span> <span class='ocrx_word' id='word_1_332' title='bbox 612 4084 703 4121; x_wconf 80' lang='lat' dir='ltr'><strong>cur</strong></span> <span class='ocrx_word' id='word_1_333' title='bbox 727 4068 951 4137; x_wconf 66' lang='grc' dir='ltr'><em>ιορωωὲ</em></span> <span class='ocrx_word' id='word_1_334' title='bbox 978 4086 1061 4125; x_wconf 84' lang='lat' dir='ltr'><strong>eos</strong></span> <span class='ocrx_word' id='word_1_335' title='bbox 1090 4071 1245 4125; x_wconf 76' lang='lat' dir='ltr'><strong>voluit</strong></span> <span class='ocrx_word' id='word_1_336' title='bbox 1277 4072 1429 4127; x_wconf 74' lang='lat' dir='ltr'><strong>Deus.</strong></span> <span class='ocrx_word' id='word_1_337' title='bbox 1454 4104 1525 4115; x_wconf 91' lang='grc'><strong>--</strong></span> <span class='ocrx_word' id='word_1_338' title='bbox 1544 4076 1814 4132; x_wconf 83' lang='lat' dir='ltr'><strong>Attendite</strong></span> <span class='ocrx_word' id='word_1_339' title='bbox 1843 4079 2018 4147; x_wconf 88' lang='lat' dir='ltr'><strong>igitur,</strong></span> 
     </span>
    </p>
   </div>
   <div class='ocr_carea' id='block_1_43' title="bbox 431 4158 2019 4237">
    <p class='ocr_par' dir='ltr' id='par_1_43' title="bbox 431 4158 2019 4237">
     <span class='ocr_line' id='line_1_43' title="bbox 431 4158 2019 4237; baseline 0.01 -29"><span class='ocrx_word' id='word_1_340' title='bbox 431 4173 634 4227; x_wconf 76' lang='lat' dir='ltr'><strong>qnzeso,</strong></span> <span class='ocrx_word' id='word_1_341' title='bbox 660 4168 714 4213; x_wconf 89' lang='lat' dir='ltr'><strong>et</strong></span> <span class='ocrx_word' id='word_1_342' title='bbox 741 4158 842 4214; x_wconf 91' lang='lat' dir='ltr'><strong>hoe</strong></span> <span class='ocrx_word' id='word_1_343' title='bbox 871 4160 992 4231; x_wconf 87' lang='lat' dir='ltr'><strong>igne</strong></span> <span class='ocrx_word' id='word_1_344' title='bbox 1022 4162 1208 4217; x_wconf 91' lang='lat' dir='ltr'><strong>relicto</strong></span> <span class='ocrx_word' id='word_1_345' title='bbox 1233 4163 1299 4218; x_wconf 90' lang='lat' dir='ltr'><strong>ad</strong></span> <span class='ocrx_word' id='word_1_346' title='bbox 1329 4180 1599 4219; x_wconf 87' lang='lat' dir='ltr'><strong>sacrarum</strong></span> <span class='ocrx_word' id='word_1_347' title='bbox 1628 4167 2019 4237; x_wconf 83' lang='lat' dir='ltr'><strong>Scripturarum</strong></span> 
     </span>
    </p>
   </div>
   <div class='ocr_carea' id='block_1_44' title="bbox 433 4248 2021 4327">
    <p class='ocr_par' dir='ltr' id='par_1_44' title="bbox 433 4248 2021 4327">
     <span class='ocr_line' id='line_1_44' title="bbox 433 4248 2021 4327; baseline 0.009 -26"><span class='ocrx_word' id='word_1_348' title='bbox 433 4248 612 4304; x_wconf 89' lang='lat' dir='ltr'><strong>lumen</strong></span> <span class='ocrx_word' id='word_1_349' title='bbox 636 4250 871 4305; x_wconf 85' lang='lat' dir='ltr'><strong>animum</strong></span> <span class='ocrx_word' id='word_1_350' title='bbox 897 4250 1165 4306; x_wconf 65' lang='lat' dir='ltr'><strong>adbibi-te.</strong></span> <span class='ocrx_word' id='word_1_351' title='bbox 1194 4254 1371 4309; x_wconf 81' lang='lat' dir='ltr'><strong>Alium</strong></span> <span class='ocrx_word' id='word_1_352' title='bbox 1393 4257 1534 4310; x_wconf 88' lang='lat' dir='ltr'><strong>enim</strong></span> <span class='ocrx_word' id='word_1_353' title='bbox 1558 4257 1884 4327; x_wconf 68' lang='lat' dir='ltr'><strong>principatus</strong></span> <span class='ocrx_word' id='word_1_354' title='bbox 1909 4276 2021 4315; x_wconf 35' lang='lat' dir='ltr'><strong>mo.</strong></span> 
     </span>
    </p>
   </div>
   <div class='ocr_carea' id='block_1_45' title="bbox 431 4340 2020 4417">
    <p class='ocr_par' dir='ltr' id='par_1_45' title="bbox 431 4340 2020 4417">
     <span class='ocr_line' id='line_1_45' title="bbox 431 4340 2020 4417; baseline 0.008 -22"><span class='ocrx_word' id='word_1_355' title='bbox 431 4340 558 4395; x_wconf 91' lang='lat' dir='ltr'><strong>dum</strong></span> <span class='ocrx_word' id='word_1_356' title='bbox 598 4342 757 4396; x_wconf 85' lang='lat' dir='ltr'><strong>statui</strong></span> <span class='ocrx_word' id='word_1_357' title='bbox 791 4342 1005 4409; x_wconf 89' lang='lat' dir='ltr'><strong>dicere,</strong></span> <span class='ocrx_word' id='word_1_358' title='bbox 1035 4347 1123 4414; x_wconf 90' lang='lat' dir='ltr'><strong>qui</strong></span> <span class='ocrx_word' id='word_1_359' title='bbox 1161 4362 1265 4400; x_wconf 90' lang='lat' dir='ltr'><strong>non</strong></span> <span class='ocrx_word' id='word_1_360' title='bbox 1295 4363 1323 4400; x_wconf 88' lang='lat' dir='ltr'><strong>a</strong></span> <span class='ocrx_word' id='word_1_361' title='bbox 1358 4360 1608 4417; x_wconf 89' lang='lat' dir='ltr'><strong>peccato,</strong></span> <span class='ocrx_word' id='word_1_362' title='bbox 1641 4350 1734 4405; x_wconf 84' lang='lat' dir='ltr'><strong>sed</strong></span> <span class='ocrx_word' id='word_1_363' title='bbox 1768 4367 1798 4405; x_wconf 92' lang='lat' dir='ltr'><strong>a</strong></span> <span class='ocrx_word' id='word_1_364' title='bbox 1834 4362 2020 4407; x_wconf 89' lang='lat' dir='ltr'><strong>natura</strong></span> 
     </span>
    </p>
   </div>
   <div class='ocr_carea' id='block_1_46' title="bbox 433 4430 2019 4510">
    <p class='ocr_par' dir='ltr' id='par_1_46' title="bbox 433 4430 2019 4510">
     <span class='ocr_line' id='line_1_46' title="bbox 433 4430 2019 4510; baseline 0.01 -27"><span class='ocrx_word' id='word_1_365' title='bbox 433 4430 545 4499; x_wconf 80' lang='lat' dir='ltr'><strong>ipsa</strong></span> <span class='ocrx_word' id='word_1_366' title='bbox 586 4433 747 4487; x_wconf 72' lang='lat' dir='ltr'><strong>traxit</strong></span> <span class='ocrx_word' id='word_1_367' title='bbox 783 4434 1062 4502; x_wconf 79' lang='lat' dir='ltr'><strong>originem.</strong></span> <span class='ocrx_word' id='word_1_368' title='bbox 1094 4438 1224 4503; x_wconf 80' lang='lat' dir='ltr'><strong>Quis</strong></span> <span class='ocrx_word' id='word_1_369' title='bbox 1266 4439 1354 4494; x_wconf 91' lang='lat' dir='ltr'><strong>ille</strong></span> <span class='ocrx_word' id='word_1_370' title='bbox 1397 4455 1555 4510; x_wconf 90' lang='lat' dir='ltr'><strong>porro</strong></span> <span class='ocrx_word' id='word_1_371' title='bbox 1587 4444 1707 4498; x_wconf 84' lang='lat' dir='ltr'><strong>est?</strong></span> <span class='ocrx_word' id='word_1_372' title='bbox 1737 4442 2019 4499; x_wconf 84' lang='lat' dir='ltr'><strong>Parentum</strong></span> 
     </span>
    </p>
   </div>
   <div class='ocr_carea' id='block_1_47' title="bbox 436 4520 2017 4600">
    <p class='ocr_par' dir='ltr' id='par_1_47' title="bbox 436 4520 2017 4600">
     <span class='ocr_line' id='line_1_47' title="bbox 436 4520 2017 4600; baseline 0.011 -27"><span class='ocrx_word' id='word_1_373' title='bbox 436 4520 488 4574; x_wconf 93' lang='lat' dir='ltr'><strong>in</strong></span> <span class='ocrx_word' id='word_1_374' title='bbox 527 4520 744 4576; x_wconf 89' lang='lat' dir='ltr'><strong>liberos.</strong></span> <span class='ocrx_word' id='word_1_375' title='bbox 784 4522 880 4577; x_wconf 82' lang='lat' dir='ltr'><strong>Est</strong></span> <span class='ocrx_word' id='word_1_376' title='bbox 916 4526 1059 4580; x_wconf 91' lang='lat' dir='ltr'><strong>enim</strong></span> <span class='ocrx_word' id='word_1_377' title='bbox 1099 4532 1460 4585; x_wconf 90' lang='lat' dir='ltr'><strong>remuneratio</strong></span> <span class='ocrx_word' id='word_1_378' title='bbox 1492 4543 1672 4600; x_wconf 88' lang='lat' dir='ltr'><strong>partus</strong></span> <span class='ocrx_word' id='word_1_379' title='bbox 1702 4533 1873 4588; x_wconf 89' lang='lat' dir='ltr'><strong>honor</strong></span> <span class='ocrx_word' id='word_1_380' title='bbox 1899 4535 2017 4591; x_wconf 89' lang='lat' dir='ltr'><strong>iste.</strong></span> 
     </span>
    </p>
   </div>
   <div class='ocr_carea' id='block_1_48' title="bbox 436 4612 2021 4691">
    <p class='ocr_par' dir='ltr' id='par_1_48' title="bbox 436 4612 2021 4691">
     <span class='ocr_line' id='line_1_48' title="bbox 436 4612 2021 4691; baseline 0.011 -25"><span class='ocrx_word' id='word_1_381' title='bbox 436 4612 719 4682; x_wconf 72' lang='lat' dir='ltr'><strong>Propterea</strong></span> <span class='ocrx_word' id='word_1_382' title='bbox 747 4616 958 4683; x_wconf 82' lang='lat' dir='ltr'><strong>sapiens</strong></span> <span class='ocrx_word' id='word_1_383' title='bbox 982 4620 1244 4687; x_wconf 78' lang='lat' dir='ltr'><strong>quiSpiaIn</strong></span> <span class='ocrx_word' id='word_1_384' title='bbox 1266 4622 1397 4677; x_wconf 84' lang='lat' dir='ltr'><strong>dicit</strong></span> <span class='ocrx_word' id='word_1_385' title='bbox 1430 4642 1442 4677; x_wconf 90' lang='lat'><strong>:</strong></span> <span class='ocrx_word' id='word_1_386' title='bbox 1475 4625 1632 4691; x_wconf 73' lang='lat' dir='ltr'><strong>Quasi</strong></span> <span class='ocrx_word' id='word_1_387' title='bbox 1657 4627 1873 4683; x_wconf 76' lang='lat' dir='ltr'><strong>dontim&#39;s</strong></span> <span class='ocrx_word' id='word_1_388' title='bbox 1895 4631 2021 4683; x_wconf 71' lang='lat' dir='ltr'><strong>servi</strong></span> 
     </span>
    </p>
   </div>
   <div class='ocr_carea' id='block_1_49' title="bbox 432 4704 2018 4781">
    <p class='ocr_par' dir='ltr' id='par_1_49' title="bbox 432 4704 2018 4781">
     <span class='ocr_line' id='line_1_49' title="bbox 432 4704 2018 4781; baseline 0.01 -25"><span class='ocrx_word' id='word_1_389' title='bbox 432 4704 494 4758; x_wconf 83' lang='lat' dir='ltr'><strong>iis</strong></span> <span class='ocrx_word' id='word_1_390' title='bbox 513 4744 528 4765; x_wconf 88' lang='lat'><strong>,</strong></span> <span class='ocrx_word' id='word_1_391' title='bbox 558 4705 643 4775; x_wconf 83' lang='lat' dir='ltr'><strong>qui</strong></span> <span class='ocrx_word' id='word_1_392' title='bbox 674 4714 723 4758; x_wconf 76' lang='lat' dir='ltr'><strong>te</strong></span> <span class='ocrx_word' id='word_1_393' title='bbox 745 4720 1021 4775; x_wconf 79' lang='lat' dir='ltr'><strong>genuerunt</strong></span> <span class='ocrx_word' id='word_1_394' title='bbox 1050 4709 1235 4780; x_wconf 75' lang='lat' dir='ltr'><strong>(Ereti.</strong></span> <span class='ocrx_word' id='word_1_395' title='bbox 1264 4714 1316 4766; x_wconf 82' lang='lat'><strong>5.</strong></span> <span class='ocrx_word' id='word_1_396' title='bbox 1346 4714 1420 4781; x_wconf 85' lang='lat'><strong>8).</strong></span> <span class='ocrx_word' id='word_1_397' title='bbox 1459 4714 1655 4771; x_wconf 69' lang='lat' dir='ltr'><strong>Deinde</strong></span> <span class='ocrx_word' id='word_1_398' title='bbox 1682 4734 1894 4773; x_wconf 79' lang='lat' dir='ltr'><strong>causam</strong></span> <span class='ocrx_word' id='word_1_399' title='bbox 1924 4721 2018 4772; x_wconf 71' lang='lat' dir='ltr'><strong>ad.</strong></span> 
     </span>
    </p>
   </div>
   <div class='ocr_carea' id='block_1_50' title="bbox 431 4794 2022 4874">
    <p class='ocr_par' dir='ltr' id='par_1_50' title="bbox 431 4794 2022 4874">
     <span class='ocr_line' id='line_1_50' title="bbox 431 4794 2022 4874; baseline 0.011 -27"><span class='ocrx_word' id='word_1_400' title='bbox 431 4794 541 4863; x_wconf 82' lang='lat' dir='ltr'><strong>jicil</strong></span> <span class='ocrx_word' id='word_1_401' title='bbox 570 4796 755 4851; x_wconf 80' lang='lat' dir='ltr'><strong>dlecns</strong></span> <span class='ocrx_word' id='word_1_402' title='bbox 784 4812 799 4849; x_wconf 81' lang='lat'><strong>;</strong></span> <span class='ocrx_word' id='word_1_403' title='bbox 827 4797 961 4862; x_wconf 79' lang='lat' dir='ltr'><strong>Quid</strong></span> <span class='ocrx_word' id='word_1_404' title='bbox 985 4800 1116 4851; x_wconf 85' lang='lat' dir='ltr'><strong>enim</strong></span> <span class='ocrx_word' id='word_1_405' title='bbox 1140 4801 1382 4857; x_wconf 82' lang='lat' dir='ltr'><strong>retribues</strong></span> <span class='ocrx_word' id='word_1_406' title='bbox 1410 4805 1530 4868; x_wconf 83' lang='lat' dir='ltr'><strong>illis,</strong></span> <span class='ocrx_word' id='word_1_407' title='bbox 1558 4811 1807 4874; x_wconf 76' lang='lat' dir='ltr'><strong>quomodo</strong></span> <span class='ocrx_word' id='word_1_408' title='bbox 1836 4811 1913 4863; x_wconf 86' lang='lat' dir='ltr'><strong>illi</strong></span> <span class='ocrx_word' id='word_1_409' title='bbox 1933 4812 2022 4865; x_wconf 86' lang='lat' dir='ltr'><strong>tibi</strong></span> 
     </span>
    </p>
   </div>
   <div class='ocr_carea' id='block_1_51' title="bbox 433 4885 2022 4971">
    <p class='ocr_par' dir='ltr' id='par_1_51' title="bbox 433 4885 2022 4971">
     <span class='ocr_line' id='line_1_51' title="bbox 433 4885 2022 4971; baseline 0.013 -33"><span class='ocrx_word' id='word_1_410' title='bbox 433 4886 450 4952; x_wconf 74' lang='grc' dir='ltr'>ζ</span> <span class='ocrx_word' id='word_1_411' title='bbox 474 4885 607 4939; x_wconf 79' lang='lat' dir='ltr'><strong>Ibid.</strong></span> <span class='ocrx_word' id='word_1_412' title='bbox 636 4888 690 4941; x_wconf 85' lang='lat'><strong>1.</strong></span> <span class='ocrx_word' id='word_1_413' title='bbox 719 4886 870 4959; x_wconf 75' lang='lat'><strong>30)?</strong></span> <span class='ocrx_word' id='word_1_414' title='bbox 918 4888 1149 4946; x_wconf 87' lang='lat' dir='ltr'><strong>Tametsi</strong></span> <span class='ocrx_word' id='word_1_415' title='bbox 1179 4894 1303 4959; x_wconf 87' lang='lat' dir='ltr'><strong>quid</strong></span> <span class='ocrx_word' id='word_1_416' title='bbox 1332 4895 1544 4950; x_wconf 89' lang='lat' dir='ltr'><strong>tandem</strong></span> <span class='ocrx_word' id='word_1_417' title='bbox 1570 4910 1651 4952; x_wconf 84' lang='lat' dir='ltr'><strong>est</strong></span> <span class='ocrx_word' id='word_1_418' title='bbox 1672 4941 1685 4961; x_wconf 92' lang='lat'><strong>,</strong></span> <span class='ocrx_word' id='word_1_419' title='bbox 1714 4902 1853 4971; x_wconf 87' lang='lat' dir='ltr'><strong>quod</strong></span> <span class='ocrx_word' id='word_1_420' title='bbox 1884 4904 2022 4959; x_wconf 82' lang='lat' dir='ltr'><strong>illius</strong></span> 
     </span>
    </p>
   </div>
   <div class='ocr_carea' id='block_1_52' title="bbox 436 4977 2022 5063">
    <p class='ocr_par' dir='ltr' id='par_1_52' title="bbox 436 4977 2022 5063">
     <span class='ocr_line' id='line_1_52' title="bbox 436 4977 2022 5063; baseline 0.016 -38"><span class='ocrx_word' id='word_1_421' title='bbox 436 4977 571 5043; x_wconf 67' lang='grc' dir='ltr'><strong>[ιιιιί</strong></span> <span class='ocrx_word' id='word_1_422' title='bbox 607 4980 907 5036; x_wconf 86' lang='lat' dir='ltr'><strong>retribuere</strong></span> <span class='ocrx_word' id='word_1_423' title='bbox 949 4998 1053 5034; x_wconf 88' lang='lat' dir='ltr'><strong>non</strong></span> <span class='ocrx_word' id='word_1_424' title='bbox 1092 4985 1297 5049; x_wconf 84' lang='lat' dir='ltr'><strong>possit?</strong></span> <span class='ocrx_word' id='word_1_425' title='bbox 1327 4985 1466 5041; x_wconf 82' lang='lat' dir='ltr'><strong>Nihil</strong></span> <span class='ocrx_word' id='word_1_426' title='bbox 1493 5003 1625 5059; x_wconf 81' lang='lat' dir='ltr'><strong>ergo</strong></span> <span class='ocrx_word' id='word_1_427' title='bbox 1655 4991 1796 5046; x_wconf 80' lang='lat' dir='ltr'><strong>aliud</strong></span> <span class='ocrx_word' id='word_1_428' title='bbox 1830 5004 2022 5063; x_wconf 65' lang='lat' dir='ltr'><strong>praster</strong></span> 
     </span>
    </p>
   </div>
   <div class='ocr_carea' id='block_1_53' title="bbox 435 5065 2020 5153">
    <p class='ocr_par' dir='ltr' id='par_1_53' title="bbox 435 5065 2020 5153">
     <span class='ocr_line' id='line_1_53' title="bbox 435 5065 2020 5153; baseline 0.013 -32"><span class='ocrx_word' id='word_1_429' title='bbox 435 5065 537 5121; x_wconf 81' lang='lat' dir='ltr'><strong>hoc</strong></span> <span class='ocrx_word' id='word_1_430' title='bbox 564 5067 690 5123; x_wconf 86' lang='lat' dir='ltr'><strong>dicit</strong></span> <span class='ocrx_word' id='word_1_431' title='bbox 723 5088 736 5122; x_wconf 88' lang='lat'><strong>:</strong></span> <span class='ocrx_word' id='word_1_432' title='bbox 768 5071 835 5127; x_wconf 78' lang='lat' dir='ltr'><strong>lit</strong></span> <span class='ocrx_word' id='word_1_433' title='bbox 860 5084 910 5127; x_wconf 88' lang='lat' dir='ltr'><strong>te</strong></span> <span class='ocrx_word' id='word_1_434' title='bbox 935 5074 1032 5143; x_wconf 85' lang='lat' dir='ltr'><strong>ipsi</strong></span> <span class='ocrx_word' id='word_1_435' title='bbox 1063 5090 1377 5144; x_wconf 80' lang='lat' dir='ltr'><strong>genuerunt,</strong></span> <span class='ocrx_word' id='word_1_436' title='bbox 1408 5088 1462 5134; x_wconf 93' lang='lat' dir='ltr'><strong>tu</strong></span> <span class='ocrx_word' id='word_1_437' title='bbox 1490 5082 1605 5137; x_wconf 89' lang='lat' dir='ltr'><strong>illos</strong></span> <span class='ocrx_word' id='word_1_438' title='bbox 1628 5085 1844 5153; x_wconf 86' lang='lat' dir='ltr'><strong>gignere</strong></span> <span class='ocrx_word' id='word_1_439' title='bbox 1866 5089 2020 5142; x_wconf 85' lang='lat' dir='ltr'><strong>mini-</strong></span> 
     </span>
    </p>
   </div>
   <div class='ocr_carea' id='block_1_54' title="bbox 437 5161 2020 5235">
    <p class='ocr_par' dir='ltr' id='par_1_54' title="bbox 437 5161 2020 5235">
     <span class='ocr_line' id='line_1_54' title="bbox 437 5161 2020 5235; baseline 0.015 -24"><span class='ocrx_word' id='word_1_440' title='bbox 437 5172 524 5214; x_wconf 85' lang='lat' dir='ltr'><strong>me</strong></span> <span class='ocrx_word' id='word_1_441' title='bbox 567 5161 781 5229; x_wconf 86' lang='lat' dir='ltr'><strong>poteris.</strong></span> <span class='ocrx_word' id='word_1_442' title='bbox 815 5164 1035 5227; x_wconf 72' lang='lat' dir='ltr'><strong>Quando</strong></span> <span class='ocrx_word' id='word_1_443' title='bbox 1072 5166 1231 5235; x_wconf 85' lang='lat' dir='ltr'><strong>igitur</strong></span> <span class='ocrx_word' id='word_1_444' title='bbox 1267 5168 1321 5224; x_wconf 90' lang='lat' dir='ltr'><strong>in</strong></span> <span class='ocrx_word' id='word_1_445' title='bbox 1365 5170 1464 5226; x_wconf 88' lang='lat' dir='ltr'><strong>hac</strong></span> <span class='ocrx_word' id='word_1_446' title='bbox 1507 5189 1566 5228; x_wconf 90' lang='lat' dir='ltr'><strong>re</strong></span> <span class='ocrx_word' id='word_1_447' title='bbox 1604 5174 1705 5229; x_wconf 88' lang='lat' dir='ltr'><strong>illis</strong></span> <span class='ocrx_word' id='word_1_448' title='bbox 1742 5178 2020 5234; x_wconf 77' lang='lat' dir='ltr'><strong>inferiores</strong></span> 
     </span>
    </p>
   </div>
   <div class='ocr_carea' id='block_1_55' title="bbox 438 5250 2020 5340">
    <p class='ocr_par' dir='ltr' id='par_1_55' title="bbox 438 5250 2020 5340">
     <span class='ocr_line' id='line_1_55' title="bbox 438 5250 2020 5340; baseline 0.015 -37"><span class='ocrx_word' id='word_1_449' title='bbox 438 5264 642 5313; x_wconf 78' lang='lat' dir='ltr'><strong>sumus,</strong></span> <span class='ocrx_word' id='word_1_450' title='bbox 672 5250 884 5306; x_wconf 87' lang='lat' dir='ltr'><strong>aliunde</strong></span> <span class='ocrx_word' id='word_1_451' title='bbox 914 5254 1051 5320; x_wconf 79' lang='lat' dir='ltr'><strong>illos,</strong></span> <span class='ocrx_word' id='word_1_452' title='bbox 1082 5257 1272 5313; x_wconf 87' lang='lat' dir='ltr'><strong>delatis</strong></span> <span class='ocrx_word' id='word_1_453' title='bbox 1302 5261 1430 5330; x_wconf 85' lang='lat' dir='ltr'><strong>ipsis</strong></span> <span class='ocrx_word' id='word_1_454' title='bbox 1459 5262 1769 5329; x_wconf 86' lang='lat' dir='ltr'><strong>honoribus.</strong></span> <span class='ocrx_word' id='word_1_455' title='bbox 1801 5286 2020 5340; x_wconf 84' lang='lat' dir='ltr'><strong>supere-</strong></span> 
     </span>
    </p>
   </div>
   <div class='ocr_carea' id='block_1_56' title="bbox 434 5343 2017 5416">
    <p class='ocr_par' dir='ltr' id='par_1_56' title="bbox 434 5343 2017 5416">
     <span class='ocr_line' id='line_1_56' title="bbox 434 5343 2017 5416; baseline 0.016 -25"><span class='ocrx_word' id='word_1_456' title='bbox 434 5355 574 5402; x_wconf 78' lang='lat' dir='ltr'><strong>mus.</strong></span> <span class='ocrx_word' id='word_1_457' title='bbox 605 5356 708 5394; x_wconf 91' lang='lat' dir='ltr'><strong>non</strong></span> <span class='ocrx_word' id='word_1_458' title='bbox 736 5346 805 5395; x_wconf 85' lang='lat' dir='ltr'><strong>ob</strong></span> <span class='ocrx_word' id='word_1_459' title='bbox 832 5343 1001 5411; x_wconf 84' lang='lat' dir='ltr'><strong>legem</strong></span> <span class='ocrx_word' id='word_1_460' title='bbox 1029 5356 1233 5405; x_wconf 68' lang='lat' dir='ltr'><strong>natura</strong></span> <span class='ocrx_word' id='word_1_461' title='bbox 1262 5361 1485 5416; x_wconf 88' lang='lat' dir='ltr'><strong>tantum,</strong></span> <span class='ocrx_word' id='word_1_462' title='bbox 1511 5356 1604 5410; x_wconf 84' lang='lat' dir='ltr'><strong>sed</strong></span> <span class='ocrx_word' id='word_1_463' title='bbox 1630 5368 1752 5413; x_wconf 91' lang='lat' dir='ltr'><strong>ante</strong></span> <span class='ocrx_word' id='word_1_464' title='bbox 1778 5370 2017 5416; x_wconf 84' lang='lat' dir='ltr'><strong>naturam</strong></span> 
     </span>
    </p>
   </div>
   <div class='ocr_carea' id='block_1_57' title="bbox 432 5429 2018 5513">
    <p class='ocr_par' dir='ltr' id='par_1_57' title="bbox 432 5429 2018 5513">
     <span class='ocr_line' id='line_1_57' title="bbox 432 5429 2018 5513; baseline 0.015 -29"><span class='ocrx_word' id='word_1_465' title='bbox 432 5430 506 5484; x_wconf 89' lang='lat' dir='ltr'><strong>ob</strong></span> <span class='ocrx_word' id='word_1_466' title='bbox 534 5429 626 5486; x_wconf 87' lang='lat' dir='ltr'><strong>Dei</strong></span> <span class='ocrx_word' id='word_1_467' title='bbox 664 5432 928 5488; x_wconf 91' lang='lat' dir='ltr'><strong>timorem.</strong></span> <span class='ocrx_word' id='word_1_468' title='bbox 960 5434 1179 5491; x_wconf 75' lang='lat' dir='ltr'><strong>Multum</strong></span> <span class='ocrx_word' id='word_1_469' title='bbox 1207 5442 1347 5497; x_wconf 89' lang='lat' dir='ltr'><strong>enim</strong></span> <span class='ocrx_word' id='word_1_470' title='bbox 1381 5456 1626 5513; x_wconf 80' lang='lat' dir='ltr'><strong>parentes</strong></span> <span class='ocrx_word' id='word_1_471' title='bbox 1649 5465 1678 5499; x_wconf 88' lang='lat' dir='ltr'><strong>a</strong></span> <span class='ocrx_word' id='word_1_472' title='bbox 1712 5449 1895 5506; x_wconf 87' lang='lat' dir='ltr'><strong>liberis</strong></span> <span class='ocrx_word' id='word_1_473' title='bbox 1920 5452 2018 5507; x_wconf 85' lang='lat' dir='ltr'><strong>ho-</strong></span> 
     </span>
    </p>
   </div>
   <div class='ocr_carea' id='block_1_58' title="bbox 435 5522 2019 5608">
    <p class='ocr_par' dir='ltr' id='par_1_58' title="bbox 435 5522 2019 5608">
     <span class='ocr_line' id='line_1_58' title="bbox 435 5522 2019 5608; baseline 0.015 -34"><span class='ocrx_word' id='word_1_474' title='bbox 435 5522 612 5576; x_wconf 84' lang='lat' dir='ltr'><strong>norari</strong></span> <span class='ocrx_word' id='word_1_475' title='bbox 640 5522 748 5577; x_wconf 89' lang='lat' dir='ltr'><strong>vult</strong></span> <span class='ocrx_word' id='word_1_476' title='bbox 782 5522 922 5580; x_wconf 86' lang='lat' dir='ltr'><strong>Deus</strong></span> <span class='ocrx_word' id='word_1_477' title='bbox 951 5542 962 5579; x_wconf 94' lang='lat'>:</span> <span class='ocrx_word' id='word_1_478' title='bbox 993 5536 1048 5581; x_wconf 87' lang='lat' dir='ltr'><strong>et</strong></span> <span class='ocrx_word' id='word_1_479' title='bbox 1071 5530 1160 5597; x_wconf 85' lang='lat' dir='ltr'><strong>qui</strong></span> <span class='ocrx_word' id='word_1_480' title='bbox 1191 5530 1289 5586; x_wconf 89' lang='lat' dir='ltr'><strong>hoc</strong></span> <span class='ocrx_word' id='word_1_481' title='bbox 1329 5532 1584 5601; x_wconf 90' lang='lat' dir='ltr'><strong>fecerint,</strong></span> <span class='ocrx_word' id='word_1_482' title='bbox 1621 5539 1825 5608; x_wconf 85' lang='lat' dir='ltr'><strong>magnis</strong></span> <span class='ocrx_word' id='word_1_483' title='bbox 1866 5540 2019 5598; x_wconf 89' lang='lat' dir='ltr'><strong>bouis</strong></span> 
     </span>
    </p>
   </div>
   <div class='ocr_carea' id='block_1_59' title="bbox 501 5633 1481 5697">
    <p class='ocr_par' dir='ltr' id='par_1_59' title="bbox 501 5633 1481 5697">
     <span class='ocr_line' id='line_1_59' title="bbox 501 5633 1481 5697; baseline 0.013 -20"><span class='ocrx_word' id='word_1_484' title='bbox 501 5633 519 5697; x_wconf 56' lang='grc' dir='ltr'><strong>ξ</strong></span> <span class='ocrx_word' id='word_1_485' title='bbox 554 5640 690 5697; x_wconf 62' lang='grc' dir='ltr'><strong>και,</strong></span> <span class='ocrx_word' id='word_1_486' title='bbox 712 5633 867 5697; x_wconf 77' lang='lat' dir='ltr'><strong>ignem</strong></span> <span class='ocrx_word' id='word_1_487' title='bbox 885 5649 1029 5697; x_wconf 80' lang='lat' dir='ltr'><strong>super</strong></span> <span class='ocrx_word' id='word_1_488' title='bbox 1052 5645 1233 5688; x_wconf 83' lang='lat' dir='ltr'><strong>terram</strong></span> <span class='ocrx_word' id='word_1_489' title='bbox 1254 5644 1481 5692; x_wconf 73' lang='lat' dir='ltr'><strong>accerdo.</strong></span> 
     </span>
    </p>
   </div>
   <div class='ocr_carea' id='block_1_60' title="bbox 499 5693 1947 5763">
    <p class='ocr_par' dir='ltr' id='par_1_60' title="bbox 499 5693 1947 5763">
     <span class='ocr_line' id='line_1_60' title="bbox 499 5693 1947 5763; baseline 0.015 -23"><span class='ocrx_word' id='word_1_490' title='bbox 499 5693 573 5755; x_wconf 75' lang='grc' dir='ltr'><strong>(υ)</strong></span> <span class='ocrx_word' id='word_1_491' title='bbox 600 5693 861 5757; x_wconf 61' lang='grc' dir='ltr'><strong>ιλιηιῖδίινε</strong></span> <span class='ocrx_word' id='word_1_492' title='bbox 882 5693 985 5748; x_wconf 75' lang='lat' dir='ltr'><strong>sive</strong></span> <span class='ocrx_word' id='word_1_493' title='bbox 1010 5698 1221 5752; x_wconf 69' lang='lat' dir='ltr'><strong>lucerna:</strong></span> <span class='ocrx_word' id='word_1_494' title='bbox 1244 5704 1290 5754; x_wconf 89' lang='lat' dir='ltr'><strong>in</strong></span> <span class='ocrx_word' id='word_1_495' title='bbox 1315 5703 1517 5756; x_wconf 70' lang='lat' dir='ltr'><strong>ecclesia</strong></span> <span class='ocrx_word' id='word_1_496' title='bbox 1543 5710 1947 5763; x_wconf 81' lang='lat' dir='ltr'><strong>accendebantur.</strong></span> 
     </span>
    </p>
   </div>
   <div class='ocr_carea' id='block_1_61' title="bbox 1730 295 2531 356">
    <p class='ocr_par' dir='ltr' id='par_1_61' title="bbox 1730 295 2531 356">
     <span class='ocr_line' id='line_1_61' title="bbox 1730 295 2531 356; baseline 0.002 -3"><span class='ocrx_word' id='word_1_497' title='bbox 1730 299 1795 353; x_wconf 82' lang='lat' dir='ltr'><strong>IN</strong></span> <span class='ocrx_word' id='word_1_498' title='bbox 1834 295 2137 352; x_wconf 73' lang='lat' dir='ltr'><strong>CENESIM</strong></span> <span class='ocrx_word' id='word_1_499' title='bbox 2174 296 2407 353; x_wconf 66' lang='lat' dir='ltr'><strong>SEiillO</strong></span> <span class='ocrx_word' id='word_1_500' title='bbox 2446 298 2531 356; x_wconf 80' lang='grc' dir='ltr'><strong>ιν.</strong></span> 
     </span>
    </p>
   </div>
   <div class='ocr_carea' id='block_1_62' title="bbox 3602 304 3706 360">
    <p class='ocr_par' dir='ltr' id='par_1_62' title="bbox 3602 304 3706 360">
     <span class='ocr_line' id='line_1_62' title="bbox 3602 304 3706 360; baseline 0.058 -5"><span class='ocrx_word' id='word_1_501' title='bbox 3602 304 3706 360; x_wconf 71' lang='grc' dir='ltr'><strong>5θό</strong></span> 
     </span>
    </p>
   </div>
   <div class='ocr_carea' id='block_1_63' title="bbox 2122 409 3704 481">
    <p class='ocr_par' dir='ltr' id='par_1_63' title="bbox 2122 409 3704 481">
     <span class='ocr_line' id='line_1_63' title="bbox 2122 409 3704 481; baseline 0.004 -20"><span class='ocrx_word' id='word_1_502' title='bbox 2122 422 2491 463; x_wconf 83' lang='lat' dir='ltr'><strong>remuneratur</strong></span> <span class='ocrx_word' id='word_1_503' title='bbox 2516 428 2578 463; x_wconf 87' lang='lat' dir='ltr'><strong>ac</strong></span> <span class='ocrx_word' id='word_1_504' title='bbox 2604 409 2777 470; x_wconf 65' lang='lat' dir='ltr'><strong>donis.</strong></span> <span class='ocrx_word' id='word_1_505' title='bbox 2804 424 2899 465; x_wconf 84' lang='lat' dir='ltr'><strong>eos</strong></span> <span class='ocrx_word' id='word_1_506' title='bbox 2928 425 3054 464; x_wconf 90' lang='lat' dir='ltr'><strong>vero</strong></span> <span class='ocrx_word' id='word_1_507' title='bbox 3079 411 3164 479; x_wconf 91' lang='lat' dir='ltr'><strong>qui</strong></span> <span class='ocrx_word' id='word_1_508' title='bbox 3193 410 3359 481; x_wconf 82' lang='lat' dir='ltr'><strong>legem</strong></span> <span class='ocrx_word' id='word_1_509' title='bbox 3392 416 3704 481; x_wconf 76' lang='lat' dir='ltr'><strong>transgressi</strong></span> 
     </span>
    </p>
   </div>
   <div class='ocr_carea' id='block_1_64' title="bbox 2119 500 3706 572">
    <p class='ocr_par' dir='ltr' id='par_1_64' title="bbox 2119 500 3706 572">
     <span class='ocr_line' id='line_1_64' title="bbox 2119 500 3706 572; baseline 0.004 -18"><span class='ocrx_word' id='word_1_510' title='bbox 2119 500 2334 568; x_wconf 81' lang='lat' dir='ltr'><strong>fuerint,</strong></span> <span class='ocrx_word' id='word_1_511' title='bbox 2362 502 2565 572; x_wconf 89' lang='lat' dir='ltr'><strong>magnis</strong></span> <span class='ocrx_word' id='word_1_512' title='bbox 2591 512 2645 557; x_wconf 90' lang='lat' dir='ltr'><strong>et</strong></span> <span class='ocrx_word' id='word_1_513' title='bbox 2665 503 2915 570; x_wconf 81' lang='lat' dir='ltr'><strong>gravibus</strong></span> <span class='ocrx_word' id='word_1_514' title='bbox 2939 503 3092 556; x_wconf 90' lang='lat' dir='ltr'><strong>malis</strong></span> <span class='ocrx_word' id='word_1_515' title='bbox 3120 505 3285 571; x_wconf 87' lang='lat' dir='ltr'><strong>punit.</strong></span> <span class='ocrx_word' id='word_1_516' title='bbox 3314 504 3413 571; x_wconf 84' lang='lat' dir='ltr'><strong>Qui</strong></span> <span class='ocrx_word' id='word_1_517' title='bbox 3434 505 3706 560; x_wconf 62' lang='lat' dir='ltr'><strong>malatia-</strong></span> 
     </span>
    </p>
   </div>
   <div class='ocr_carea' id='block_1_65' title="bbox 2117 592 3714 663">
    <p class='ocr_par' dir='ltr' id='par_1_65' title="bbox 2117 592 3714 663">
     <span class='ocr_line' id='line_1_65' title="bbox 2117 592 3714 663; baseline 0.003 -19"><span class='ocrx_word' id='word_1_518' title='bbox 2117 593 2202 655; x_wconf 84' lang='lat' dir='ltr'><strong>rit,</strong></span> <span class='ocrx_word' id='word_1_519' title='bbox 2237 592 2423 662; x_wconf 89' lang='lat' dir='ltr'><strong>inquit,</strong></span> <span class='ocrx_word' id='word_1_520' title='bbox 2457 593 2591 660; x_wconf 87' lang='lat' dir='ltr'><strong>patri</strong></span> <span class='ocrx_word' id='word_1_521' title='bbox 2619 595 2692 647; x_wconf 79' lang='lat' dir='ltr'><strong>vel</strong></span> <span class='ocrx_word' id='word_1_522' title='bbox 2724 593 2889 659; x_wconf 84' lang='lat' dir='ltr'><strong>matri,</strong></span> <span class='ocrx_word' id='word_1_523' title='bbox 2920 602 3078 647; x_wconf 80' lang='lat' dir='ltr'><strong>morte</strong></span> <span class='ocrx_word' id='word_1_524' title='bbox 3105 594 3348 647; x_wconf 81' lang='lat' dir='ltr'><strong>moriatur</strong></span> <span class='ocrx_word' id='word_1_525' title='bbox 3368 594 3386 663; x_wconf 94' lang='lat'><strong>(</strong></span> <span class='ocrx_word' id='word_1_526' title='bbox 3408 594 3573 648; x_wconf 70' lang='lat' dir='ltr'><strong>Exod.</strong></span> <span class='ocrx_word' id='word_1_527' title='bbox 3604 595 3714 649; x_wconf 65' lang='grc' dir='ltr'><strong>ει.</strong></span> 
     </span>
    </p>
   </div>
   <div class='ocr_carea' id='block_1_66' title="bbox 2121 683 3710 753">
    <p class='ocr_par' dir='ltr' id='par_1_66' title="bbox 2121 683 3710 753">
     <span class='ocr_line' id='line_1_66' title="bbox 2121 683 3710 753; baseline 0.003 -17"><span class='ocrx_word' id='word_1_528' title='bbox 2121 684 2232 749; x_wconf 79' lang='lat' dir='ltr'><strong>l7).</strong></span> <span class='ocrx_word' id='word_1_529' title='bbox 2266 684 2353 737; x_wconf 80' lang='lat' dir='ltr'><strong>Eis</strong></span> <span class='ocrx_word' id='word_1_530' title='bbox 2379 700 2525 750; x_wconf 92' lang='lat' dir='ltr'><strong>vero,</strong></span> <span class='ocrx_word' id='word_1_531' title='bbox 2552 685 2639 753; x_wconf 90' lang='lat' dir='ltr'><strong>qui</strong></span> <span class='ocrx_word' id='word_1_532' title='bbox 2669 684 2934 739; x_wconf 84' lang='lat' dir='ltr'><strong>bonOrant</strong></span> <span class='ocrx_word' id='word_1_533' title='bbox 2960 684 3097 748; x_wconf 79' lang='lat' dir='ltr'><strong>illos,</strong></span> <span class='ocrx_word' id='word_1_534' title='bbox 3128 685 3205 740; x_wconf 89' lang='lat' dir='ltr'><strong>sic</strong></span> <span class='ocrx_word' id='word_1_535' title='bbox 3232 685 3343 738; x_wconf 90' lang='lat' dir='ltr'><strong>ait:</strong></span> <span class='ocrx_word' id='word_1_536' title='bbox 3374 683 3584 739; x_wconf 78' lang='lat' dir='ltr'><strong>Honora</strong></span> <span class='ocrx_word' id='word_1_537' title='bbox 3615 703 3710 753; x_wconf 78' lang='lat' dir='ltr'><strong>pa-</strong></span> 
     </span>
    </p>
   </div>
   <div class='ocr_carea' id='block_1_67' title="bbox 2119 777 3711 841">
    <p class='ocr_par' dir='ltr' id='par_1_67' title="bbox 2119 777 3711 841">
     <span class='ocr_line' id='line_1_67' title="bbox 2119 777 3711 841; baseline 0.002 -13"><span class='ocrx_word' id='word_1_538' title='bbox 2119 785 2243 829; x_wconf 76' lang='lat' dir='ltr'><strong>trem</strong></span> <span class='ocrx_word' id='word_1_539' title='bbox 2270 786 2406 829; x_wconf 88' lang='lat' dir='ltr'><strong>tuum</strong></span> <span class='ocrx_word' id='word_1_540' title='bbox 2434 788 2479 830; x_wconf 80' lang='lat' dir='ltr'><strong>et</strong></span> <span class='ocrx_word' id='word_1_541' title='bbox 2509 787 2717 830; x_wconf 84' lang='lat' dir='ltr'><strong>matrem</strong></span> <span class='ocrx_word' id='word_1_542' title='bbox 2746 787 2903 841; x_wconf 84' lang='lat' dir='ltr'><strong>tuam,</strong></span> <span class='ocrx_word' id='word_1_543' title='bbox 2932 785 2984 829; x_wconf 89' lang='lat' dir='ltr'><strong>ut</strong></span> <span class='ocrx_word' id='word_1_544' title='bbox 3012 778 3132 830; x_wconf 83' lang='lat' dir='ltr'><strong>bene</strong></span> <span class='ocrx_word' id='word_1_545' title='bbox 3158 777 3220 830; x_wconf 90' lang='lat' dir='ltr'><strong>sit</strong></span> <span class='ocrx_word' id='word_1_546' title='bbox 3246 777 3334 829; x_wconf 88' lang='lat' dir='ltr'><strong>tibi</strong></span> <span class='ocrx_word' id='word_1_547' title='bbox 3360 792 3380 829; x_wconf 93' lang='lat'><strong><em>:</em></strong></span> <span class='ocrx_word' id='word_1_548' title='bbox 3406 785 3451 829; x_wconf 86' lang='lat' dir='ltr'><strong>ct</strong></span> <span class='ocrx_word' id='word_1_549' title='bbox 3476 778 3574 831; x_wconf 83' lang='lat' dir='ltr'><strong>eris</strong></span> <span class='ocrx_word' id='word_1_550' title='bbox 3597 778 3711 831; x_wconf 80' lang='lat' dir='ltr'><strong>lou-</strong></span> 
     </span>
    </p>
   </div>
   <div class='ocr_carea' id='block_1_68' title="bbox 2119 870 3709 941">
    <p class='ocr_par' dir='ltr' id='par_1_68' title="bbox 2119 870 3709 941">
     <span class='ocr_line' id='line_1_68' title="bbox 2119 870 3709 941; baseline 0.002 -17"><span class='ocrx_word' id='word_1_551' title='bbox 2119 886 2285 941; x_wconf 71' lang='lat' dir='ltr'><strong>ngus</strong></span> <span class='ocrx_word' id='word_1_552' title='bbox 2310 887 2463 939; x_wconf 81' lang='lat' dir='ltr'><strong>super</strong></span> <span class='ocrx_word' id='word_1_553' title='bbox 2492 880 2678 923; x_wconf 86' lang='lat' dir='ltr'><strong>terram</strong></span> <span class='ocrx_word' id='word_1_554' title='bbox 2710 870 2917 940; x_wconf 77' lang='lat' dir='ltr'><strong>(Exod.</strong></span> <span class='ocrx_word' id='word_1_555' title='bbox 2947 870 3039 926; x_wconf 74' lang='lat'><strong>20.</strong></span> <span class='ocrx_word' id='word_1_556' title='bbox 3074 872 3139 926; x_wconf 71' lang='lat'><strong>12</strong></span> <span class='ocrx_word' id='word_1_557' title='bbox 3160 872 3196 941; x_wconf 92' lang='lat'><strong>).</strong></span> <span class='ocrx_word' id='word_1_558' title='bbox 3232 871 3384 940; x_wconf 84' lang='lat' dir='ltr'><strong>Quod</strong></span> <span class='ocrx_word' id='word_1_559' title='bbox 3420 873 3709 927; x_wconf 76' lang='lat' dir='ltr'><strong>maximum</strong></span> 
     </span>
    </p>
   </div>
   <div class='ocr_carea' id='block_1_69' title="bbox 2119 964 3711 1030">
    <p class='ocr_par' dir='ltr' id='par_1_69' title="bbox 2119 964 3711 1030">
     <span class='ocr_line' id='line_1_69' title="bbox 2119 964 3711 1030; baseline 0.001 -11"><span class='ocrx_word' id='word_1_560' title='bbox 2119 977 2238 1019; x_wconf 84' lang='lat' dir='ltr'><strong>esse</strong></span> <span class='ocrx_word' id='word_1_561' title='bbox 2268 964 2461 1018; x_wconf 89' lang='lat' dir='ltr'><strong>bonum</strong></span> <span class='ocrx_word' id='word_1_562' title='bbox 2489 973 2759 1029; x_wconf 89' lang='lat' dir='ltr'><strong>censetur,</strong></span> <span class='ocrx_word' id='word_1_563' title='bbox 2791 966 2995 1020; x_wconf 85' lang='lat' dir='ltr'><strong>beatam</strong></span> <span class='ocrx_word' id='word_1_564' title='bbox 3032 964 3237 1019; x_wconf 84' lang='lat' dir='ltr'><strong>scilicet</strong></span> <span class='ocrx_word' id='word_1_565' title='bbox 3274 974 3625 1030; x_wconf 67' lang='lat' dir='ltr'><strong>senectutem,</strong></span> <span class='ocrx_word' id='word_1_566' title='bbox 3655 975 3711 1020; x_wconf 90' lang='lat' dir='ltr'><strong>et</strong></span> 
     </span>
    </p>
   </div>
   <div class='ocr_carea' id='block_1_70' title="bbox 2118 1054 3709 1125">
    <p class='ocr_par' dir='ltr' id='par_1_70' title="bbox 2118 1054 3709 1125">
     <span class='ocr_line' id='line_1_70' title="bbox 2118 1054 3709 1125; baseline 0.001 -18"><span class='ocrx_word' id='word_1_567' title='bbox 2118 1054 2243 1110; x_wconf 82' lang='lat' dir='ltr'><strong>vita:</strong></span> <span class='ocrx_word' id='word_1_568' title='bbox 2286 1055 2681 1125; x_wconf 79' lang='lat' dir='ltr'><strong>prolixitatem,</strong></span> <span class='ocrx_word' id='word_1_569' title='bbox 2730 1054 2832 1109; x_wconf 90' lang='lat' dir='ltr'><strong>hoc</strong></span> <span class='ocrx_word' id='word_1_570' title='bbox 2875 1055 3151 1125; x_wconf 84' lang='lat' dir='ltr'><strong>preposuit</strong></span> <span class='ocrx_word' id='word_1_571' title='bbox 3195 1054 3470 1124; x_wconf 65' lang='lat' dir='ltr'><strong>praemium</strong></span> <span class='ocrx_word' id='word_1_572' title='bbox 3520 1054 3583 1109; x_wconf 82' lang='lat' dir='ltr'><strong>iis</strong></span> <span class='ocrx_word' id='word_1_573' title='bbox 3620 1055 3709 1124; x_wconf 92' lang='lat' dir='ltr'><strong>qui</strong></span> 
     </span>
    </p>
   </div>
   <div class='ocr_carea' id='block_1_71' title="bbox 2121 1145 3711 1215">
    <p class='ocr_par' dir='ltr' id='par_1_71' title="bbox 2121 1145 3711 1215">
     <span class='ocr_line' id='line_1_71' title="bbox 2121 1145 3711 1215; baseline -0.001 -15"><span class='ocrx_word' id='word_1_574' title='bbox 2121 1145 2267 1214; x_wconf 89' lang='lat' dir='ltr'><strong>ipsos</strong></span> <span class='ocrx_word' id='word_1_575' title='bbox 2305 1146 2611 1199; x_wconf 85' lang='lat' dir='ltr'><strong>honorarint</strong></span> <span class='ocrx_word' id='word_1_576' title='bbox 2642 1163 2655 1199; x_wconf 92' lang='lat'><strong>:</strong></span> <span class='ocrx_word' id='word_1_577' title='bbox 2684 1154 2739 1200; x_wconf 92' lang='lat' dir='ltr'><strong>et</strong></span> <span class='ocrx_word' id='word_1_578' title='bbox 2763 1145 2904 1215; x_wconf 90' lang='lat' dir='ltr'><strong>quod</strong></span> <span class='ocrx_word' id='word_1_579' title='bbox 2943 1160 3209 1200; x_wconf 88' lang='lat' dir='ltr'><strong>sunnnum</strong></span> <span class='ocrx_word' id='word_1_580' title='bbox 3247 1159 3369 1200; x_wconf 87' lang='lat' dir='ltr'><strong>esse</strong></span> <span class='ocrx_word' id='word_1_581' title='bbox 3399 1145 3595 1199; x_wconf 85' lang='lat' dir='ltr'><strong>malum</strong></span> <span class='ocrx_word' id='word_1_582' title='bbox 3629 1145 3711 1199; x_wconf 63' lang='grc' dir='ltr'><strong>νίμ-</strong></span> 
     </span>
    </p>
   </div>
   <div class='ocr_carea' id='block_1_72' title="bbox 2120 1234 3711 1305">
    <p class='ocr_par' dir='ltr' id='par_1_72' title="bbox 2120 1234 3711 1305">
     <span class='ocr_line' id='line_1_72' title="bbox 2120 1234 3711 1305; baseline -0.001 -14"><span class='ocrx_word' id='word_1_583' title='bbox 2120 1235 2293 1299; x_wconf 86' lang='lat' dir='ltr'><strong>detur,</strong></span> <span class='ocrx_word' id='word_1_584' title='bbox 2324 1244 2547 1290; x_wconf 85' lang='lat' dir='ltr'><strong>mortem</strong></span> <span class='ocrx_word' id='word_1_585' title='bbox 2575 1235 2910 1289; x_wconf 90' lang='lat' dir='ltr'><strong>immaturam</strong></span> <span class='ocrx_word' id='word_1_586' title='bbox 2931 1276 2946 1301; x_wconf 92' lang='lat'><strong>,</strong></span> <span class='ocrx_word' id='word_1_587' title='bbox 2977 1236 3078 1287; x_wconf 82' lang='lat' dir='ltr'><strong>hoc</strong></span> <span class='ocrx_word' id='word_1_588' title='bbox 3108 1234 3158 1288; x_wconf 93' lang='lat' dir='ltr'><strong>in</strong></span> <span class='ocrx_word' id='word_1_589' title='bbox 3192 1250 3401 1305; x_wconf 69' lang='lat' dir='ltr'><strong>pinnam</strong></span> <span class='ocrx_word' id='word_1_590' title='bbox 3434 1237 3711 1304; x_wconf 86' lang='lat' dir='ltr'><strong>preposuit</strong></span> 
     </span>
    </p>
   </div>
   <div class='ocr_carea' id='block_1_73' title="bbox 2123 1324 3711 1396">
    <p class='ocr_par' dir='ltr' id='par_1_73' title="bbox 2123 1324 3711 1396">
     <span class='ocr_line' id='line_1_73' title="bbox 2123 1324 3711 1396; baseline 0 -15"><span class='ocrx_word' id='word_1_591' title='bbox 2123 1327 2188 1381; x_wconf 89' lang='lat' dir='ltr'><strong>iis</strong></span> <span class='ocrx_word' id='word_1_592' title='bbox 2212 1367 2226 1391; x_wconf 87' lang='lat'><strong>,</strong></span> <span class='ocrx_word' id='word_1_593' title='bbox 2258 1326 2348 1396; x_wconf 89' lang='lat' dir='ltr'><strong>qui</strong></span> <span class='ocrx_word' id='word_1_594' title='bbox 2373 1326 2743 1380; x_wconf 84' lang='lat' dir='ltr'><strong>contumeliosi</strong></span> <span class='ocrx_word' id='word_1_595' title='bbox 2774 1326 2827 1381; x_wconf 89' lang='lat' dir='ltr'><strong>in</strong></span> <span class='ocrx_word' id='word_1_596' title='bbox 2853 1341 2946 1381; x_wconf 91' lang='lat' dir='ltr'><strong>eos</strong></span> <span class='ocrx_word' id='word_1_597' title='bbox 2974 1326 3164 1378; x_wconf 73' lang='lat' dir='ltr'><strong>fuerint</strong></span> <span class='ocrx_word' id='word_1_598' title='bbox 3197 1343 3208 1378; x_wconf 89' lang='lat'><strong>:</strong></span> <span class='ocrx_word' id='word_1_599' title='bbox 3237 1335 3394 1394; x_wconf 88' lang='lat' dir='ltr'><strong>atque</strong></span> <span class='ocrx_word' id='word_1_600' title='bbox 3420 1325 3489 1378; x_wconf 93' lang='lat' dir='ltr'><strong>ita</strong></span> <span class='ocrx_word' id='word_1_601' title='bbox 3519 1324 3711 1381; x_wconf 77' lang='lat' dir='ltr'><strong>horum</strong></span> 
     </span>
    </p>
   </div>
   <div class='ocr_carea' id='block_1_74' title="bbox 2120 1410 3711 1486">
    <p class='ocr_par' dir='ltr' id='par_1_74' title="bbox 2120 1410 3711 1486">
     <span class='ocr_line' id='line_1_74' title="bbox 2120 1410 3711 1486; baseline -0.001 -16"><span class='ocrx_word' id='word_1_602' title='bbox 2120 1417 2334 1486; x_wconf 88' lang='lat' dir='ltr'><strong>quidem</strong></span> <span class='ocrx_word' id='word_1_603' title='bbox 2364 1416 2787 1471; x_wconf 82' lang='lat' dir='ltr'><strong>benevolentiam</strong></span> <span class='ocrx_word' id='word_1_604' title='bbox 2810 1416 2913 1472; x_wconf 87' lang='lat' dir='ltr'><strong>sibi</strong></span> <span class='ocrx_word' id='word_1_605' title='bbox 2939 1416 3157 1470; x_wconf 86' lang='lat' dir='ltr'><strong>honoris</strong></span> <span class='ocrx_word' id='word_1_606' title='bbox 3186 1410 3562 1484; x_wconf 69' lang='lat' dir='ltr'><strong>pollicitatione</strong></span> <span class='ocrx_word' id='word_1_607' title='bbox 3582 1429 3711 1470; x_wconf 89' lang='lat' dir='ltr'><strong>con-</strong></span> 
     </span>
    </p>
   </div>
   <div class='ocr_carea' id='block_1_75' title="bbox 2119 1505 3709 1575">
    <p class='ocr_par' dir='ltr' id='par_1_75' title="bbox 2119 1505 3709 1575">
     <span class='ocr_line' id='line_1_75' title="bbox 2119 1505 3709 1575; baseline -0.004 -12"><span class='ocrx_word' id='word_1_608' title='bbox 2119 1508 2285 1574; x_wconf 87' lang='lat' dir='ltr'><strong>ciliat,</strong></span> <span class='ocrx_word' id='word_1_609' title='bbox 2320 1509 2441 1563; x_wconf 84' lang='lat' dir='ltr'><strong>illos</strong></span> <span class='ocrx_word' id='word_1_610' title='bbox 2468 1523 2593 1561; x_wconf 81' lang='lat' dir='ltr'><strong>vero</strong></span> <span class='ocrx_word' id='word_1_611' title='bbox 2619 1510 2780 1562; x_wconf 91' lang='lat' dir='ltr'><strong>etiam</strong></span> <span class='ocrx_word' id='word_1_612' title='bbox 2808 1507 3001 1562; x_wconf 87' lang='lat' dir='ltr'><strong>invitos</strong></span> <span class='ocrx_word' id='word_1_613' title='bbox 3032 1522 3201 1575; x_wconf 66' lang='lat' dir='ltr'><strong>paena:</strong></span> <span class='ocrx_word' id='word_1_614' title='bbox 3230 1505 3510 1560; x_wconf 90' lang='lat' dir='ltr'><strong>formidine</strong></span> <span class='ocrx_word' id='word_1_615' title='bbox 3535 1520 3563 1557; x_wconf 91' lang='lat' dir='ltr'><strong>a</strong></span> <span class='ocrx_word' id='word_1_616' title='bbox 3590 1519 3709 1558; x_wconf 89' lang='lat' dir='ltr'><strong>con-</strong></span> 
     </span>
    </p>
   </div>
   <div class='ocr_carea' id='block_1_76' title="bbox 2122 1595 3707 1665">
    <p class='ocr_par' dir='ltr' id='par_1_76' title="bbox 2122 1595 3707 1665">
     <span class='ocr_line' id='line_1_76' title="bbox 2122 1595 3707 1665; baseline -0.003 -12"><span class='ocrx_word' id='word_1_617' title='bbox 2122 1600 2338 1654; x_wconf 88' lang='lat' dir='ltr'><strong>tumelia</strong></span> <span class='ocrx_word' id='word_1_618' title='bbox 2381 1608 2611 1655; x_wconf 82' lang='lat' dir='ltr'><strong>revocat.</strong></span> <span class='ocrx_word' id='word_1_619' title='bbox 2658 1598 2773 1653; x_wconf 90' lang='lat' dir='ltr'><strong>Non</strong></span> <span class='ocrx_word' id='word_1_620' title='bbox 2821 1598 2992 1653; x_wconf 88' lang='lat' dir='ltr'><strong>solum</strong></span> <span class='ocrx_word' id='word_1_621' title='bbox 3031 1598 3171 1652; x_wconf 88' lang='lat' dir='ltr'><strong>enim</strong></span> <span class='ocrx_word' id='word_1_622' title='bbox 3214 1598 3347 1651; x_wconf 88' lang='lat' dir='ltr'><strong>mori</strong></span> <span class='ocrx_word' id='word_1_623' title='bbox 3393 1595 3707 1665; x_wconf 83' lang='lat' dir='ltr'><strong>parricidam</strong></span> 
     </span>
    </p>
   </div>
   <div class='ocr_carea' id='block_1_77' title="bbox 2116 1686 3711 1762">
    <p class='ocr_par' dir='ltr' id='par_1_77' title="bbox 2116 1686 3711 1762">
     <span class='ocr_line' id='line_1_77' title="bbox 2116 1686 3711 1762; baseline -0.004 -15"><span class='ocrx_word' id='word_1_624' title='bbox 2116 1692 2287 1761; x_wconf 88' lang='lat' dir='ltr'><strong>jubet,</strong></span> <span class='ocrx_word' id='word_1_625' title='bbox 2313 1706 2483 1762; x_wconf 89' lang='lat' dir='ltr'><strong>neque</strong></span> <span class='ocrx_word' id='word_1_626' title='bbox 2505 1691 2782 1760; x_wconf 84' lang='lat' dir='ltr'><strong>abreptum</strong></span> <span class='ocrx_word' id='word_1_627' title='bbox 2804 1706 2833 1744; x_wconf 91' lang='lat' dir='ltr'><strong>a</strong></span> <span class='ocrx_word' id='word_1_628' title='bbox 2852 1690 3051 1760; x_wconf 87' lang='lat' dir='ltr'><strong>judicio</strong></span> <span class='ocrx_word' id='word_1_629' title='bbox 3077 1705 3169 1758; x_wconf 83' lang='lat' dir='ltr'><strong>per</strong></span> <span class='ocrx_word' id='word_1_630' title='bbox 3192 1690 3361 1743; x_wconf 84' lang='lat' dir='ltr'><strong>lorum</strong></span> <span class='ocrx_word' id='word_1_631' title='bbox 3383 1703 3415 1743; x_wconf 91' lang='lat' dir='ltr'><strong>a</strong></span> <span class='ocrx_word' id='word_1_632' title='bbox 3437 1686 3711 1743; x_wconf 81' lang='lat' dir='ltr'><strong>lictoribus</strong></span> 
     </span>
    </p>
   </div>
   <div class='ocr_carea' id='block_1_78' title="bbox 2118 1777 3708 1852">
    <p class='ocr_par' dir='ltr' id='par_1_78' title="bbox 2118 1777 3708 1852">
     <span class='ocr_line' id='line_1_78' title="bbox 2118 1777 3708 1852; baseline -0.004 -15"><span class='ocrx_word' id='word_1_633' title='bbox 2118 1783 2272 1837; x_wconf 92' lang='lat' dir='ltr'><strong>educi</strong></span> <span class='ocrx_word' id='word_1_634' title='bbox 2294 1824 2308 1849; x_wconf 88' lang='lat'><strong>,</strong></span> <span class='ocrx_word' id='word_1_635' title='bbox 2338 1798 2509 1852; x_wconf 90' lang='lat' dir='ltr'><strong>neque</strong></span> <span class='ocrx_word' id='word_1_636' title='bbox 2538 1791 2688 1836; x_wconf 77' lang='lat' dir='ltr'><strong>extra</strong></span> <span class='ocrx_word' id='word_1_637' title='bbox 2724 1783 2991 1836; x_wconf 88' lang='lat' dir='ltr'><strong>civitatem</strong></span> <span class='ocrx_word' id='word_1_638' title='bbox 3022 1781 3193 1849; x_wconf 89' lang='lat' dir='ltr'><strong>capite</strong></span> <span class='ocrx_word' id='word_1_639' title='bbox 3226 1778 3457 1834; x_wconf 81' lang='lat' dir='ltr'><strong>truncari</strong></span> <span class='ocrx_word' id='word_1_640' title='bbox 3492 1796 3506 1832; x_wconf 86' lang='lat'><strong>:</strong></span> <span class='ocrx_word' id='word_1_641' title='bbox 3535 1777 3627 1833; x_wconf 88' lang='lat' dir='ltr'><strong>sed</strong></span> <span class='ocrx_word' id='word_1_642' title='bbox 3658 1778 3708 1830; x_wconf 94' lang='lat' dir='ltr'><strong>in</strong></span> 
     </span>
    </p>
   </div>
   <div class='ocr_carea' id='block_1_79' title="bbox 2123 1868 3710 1941">
    <p class='ocr_par' dir='ltr' id='par_1_79' title="bbox 2123 1868 3710 1941">
     <span class='ocr_line' id='line_1_79' title="bbox 2123 1868 3710 1941; baseline -0.004 -13"><span class='ocrx_word' id='word_1_643' title='bbox 2123 1873 2355 1929; x_wconf 89' lang='lat' dir='ltr'><strong>mediam</strong></span> <span class='ocrx_word' id='word_1_644' title='bbox 2382 1874 2650 1928; x_wconf 87' lang='lat' dir='ltr'><strong>civitatem</strong></span> <span class='ocrx_word' id='word_1_645' title='bbox 2674 1872 2889 1927; x_wconf 91' lang='lat' dir='ltr'><strong>deducit</strong></span> <span class='ocrx_word' id='word_1_646' title='bbox 2916 1872 3085 1941; x_wconf 90' lang='lat' dir='ltr'><strong>ipsum</strong></span> <span class='ocrx_word' id='word_1_647' title='bbox 3112 1880 3279 1939; x_wconf 91' lang='lat' dir='ltr'><strong>pater,</strong></span> <span class='ocrx_word' id='word_1_648' title='bbox 3306 1878 3362 1925; x_wconf 92' lang='lat' dir='ltr'><strong>et</strong></span> <span class='ocrx_word' id='word_1_649' title='bbox 3383 1870 3583 1938; x_wconf 87' lang='lat' dir='ltr'><strong>absque</strong></span> <span class='ocrx_word' id='word_1_650' title='bbox 3608 1868 3710 1921; x_wconf 88' lang='lat' dir='ltr'><strong>alia</strong></span> 
     </span>
    </p>
   </div>
   <div class='ocr_carea' id='block_1_80' title="bbox 2120 1960 3707 2037">
    <p class='ocr_par' dir='ltr' id='par_1_80' title="bbox 2120 1960 3707 2037">
     <span class='ocr_line' id='line_1_80' title="bbox 2120 1960 3707 2037; baseline -0.004 -16"><span class='ocrx_word' id='word_1_651' title='bbox 2120 1967 2304 2037; x_wconf 89' lang='lat' dir='ltr'><strong>quavis</strong></span> <span class='ocrx_word' id='word_1_652' title='bbox 2350 1966 2659 2035; x_wconf 88' lang='lat' dir='ltr'><strong>probatione</strong></span> <span class='ocrx_word' id='word_1_653' title='bbox 2690 1964 2822 2019; x_wconf 85' lang='lat' dir='ltr'><strong>ﬁdes</strong></span> <span class='ocrx_word' id='word_1_654' title='bbox 2852 1964 2926 2018; x_wconf 93' lang='lat' dir='ltr'><strong>illi</strong></span> <span class='ocrx_word' id='word_1_655' title='bbox 2964 1964 3189 2018; x_wconf 90' lang='lat' dir='ltr'><strong>habetur</strong></span> <span class='ocrx_word' id='word_1_656' title='bbox 3220 1981 3233 2016; x_wconf 88' lang='lat'>:</span> <span class='ocrx_word' id='word_1_657' title='bbox 3265 1978 3330 2019; x_wconf 86' lang='lat' dir='ltr'><strong>ac</strong></span> <span class='ocrx_word' id='word_1_658' title='bbox 3362 1962 3554 2017; x_wconf 89' lang='lat' dir='ltr'><strong>merito</strong></span> <span class='ocrx_word' id='word_1_659' title='bbox 3589 1960 3707 2031; x_wconf 80' lang='lat' dir='ltr'><strong>qni-</strong></span> 
     </span>
    </p>
   </div>
   <div class='ocr_carea' id='block_1_81' title="bbox 2120 2052 3713 2127">
    <p class='ocr_par' dir='ltr' id='par_1_81' title="bbox 2120 2052 3713 2127">
     <span class='ocr_line' id='line_1_81' title="bbox 2120 2052 3713 2127; baseline -0.004 -15"><span class='ocrx_word' id='word_1_660' title='bbox 2120 2059 2264 2113; x_wconf 90' lang='lat' dir='ltr'><strong>dem.</strong></span> <span class='ocrx_word' id='word_1_661' title='bbox 2293 2057 2425 2112; x_wconf 86' lang='lat' dir='ltr'><strong>Nam</strong></span> <span class='ocrx_word' id='word_1_662' title='bbox 2454 2057 2545 2127; x_wconf 92' lang='lat' dir='ltr'><strong>qui</strong></span> <span class='ocrx_word' id='word_1_663' title='bbox 2579 2057 2832 2126; x_wconf 88' lang='lat' dir='ltr'><strong>pecunias</strong></span> <span class='ocrx_word' id='word_1_664' title='bbox 2868 2064 2925 2111; x_wconf 88' lang='lat' dir='ltr'><strong>et</strong></span> <span class='ocrx_word' id='word_1_665' title='bbox 2959 2072 3181 2124; x_wconf 87' lang='lat' dir='ltr'><strong>corpora</strong></span> <span class='ocrx_word' id='word_1_666' title='bbox 3226 2065 3277 2109; x_wconf 92' lang='lat' dir='ltr'><strong>et</strong></span> <span class='ocrx_word' id='word_1_667' title='bbox 3315 2053 3458 2109; x_wconf 84' lang='lat' dir='ltr'><strong>aliud</strong></span> <span class='ocrx_word' id='word_1_668' title='bbox 3500 2052 3713 2123; x_wconf 87' lang='lat' dir='ltr'><strong>quidvis</strong></span> 
     </span>
    </p>
   </div>
   <div class='ocr_carea' id='block_1_82' title="bbox 2124 2138 3715 2218">
    <p class='ocr_par' dir='ltr' id='par_1_82' title="bbox 2124 2138 3715 2218">
     <span class='ocr_line' id='line_1_82' title="bbox 2124 2138 3715 2218; baseline -0.004 -15"><span class='ocrx_word' id='word_1_669' title='bbox 2124 2164 2220 2218; x_wconf 90' lang='lat' dir='ltr'><strong>pro</strong></span> <span class='ocrx_word' id='word_1_670' title='bbox 2260 2149 2370 2203; x_wconf 84' lang='lat' dir='ltr'><strong>lilio</strong></span> <span class='ocrx_word' id='word_1_671' title='bbox 2411 2148 2637 2203; x_wconf 88' lang='lat' dir='ltr'><strong>libenter</strong></span> <span class='ocrx_word' id='word_1_672' title='bbox 2676 2147 3039 2217; x_wconf 88' lang='lat' dir='ltr'><strong>impenderet,</strong></span> <span class='ocrx_word' id='word_1_673' title='bbox 3076 2163 3362 2217; x_wconf 89' lang='lat' dir='ltr'><strong>numquam</strong></span> <span class='ocrx_word' id='word_1_674' title='bbox 3388 2138 3522 2214; x_wconf 85' lang='lat' dir='ltr'><strong>ejus</strong></span> <span class='ocrx_word' id='word_1_675' title='bbox 3561 2145 3715 2199; x_wconf 79' lang='lat' dir='ltr'><strong>fieret</strong></span> 
     </span>
    </p>
   </div>
   <div class='ocr_carea' id='block_1_83' title="bbox 2120 2234 3717 2306">
    <p class='ocr_par' dir='ltr' id='par_1_83' title="bbox 2120 2234 3717 2306">
     <span class='ocr_line' id='line_1_83' title="bbox 2120 2234 3717 2306; baseline -0.003 -14"><span class='ocrx_word' id='word_1_676' title='bbox 2120 2247 2420 2301; x_wconf 89' lang='lat' dir='ltr'><strong>accusator,</strong></span> <span class='ocrx_word' id='word_1_677' title='bbox 2456 2237 2559 2292; x_wconf 89' lang='lat' dir='ltr'><strong>nisi</strong></span> <span class='ocrx_word' id='word_1_678' title='bbox 2592 2253 2799 2293; x_wconf 86' lang='lat' dir='ltr'><strong>summa</strong></span> <span class='ocrx_word' id='word_1_679' title='bbox 2837 2237 2906 2291; x_wconf 88' lang='lat' dir='ltr'><strong>ab</strong></span> <span class='ocrx_word' id='word_1_680' title='bbox 2945 2237 3036 2291; x_wconf 89' lang='lat' dir='ltr'><strong>illo</strong></span> <span class='ocrx_word' id='word_1_681' title='bbox 3075 2237 3265 2306; x_wconf 88' lang='lat' dir='ltr'><strong>injuria</strong></span> <span class='ocrx_word' id='word_1_682' title='bbox 3295 2245 3438 2292; x_wconf 87' lang='lat' dir='ltr'><strong>esset</strong></span> <span class='ocrx_word' id='word_1_683' title='bbox 3465 2234 3717 2290; x_wconf 55' lang='lat' dir='ltr'><strong>affectus.</strong></span> 
     </span>
    </p>
   </div>
   <div class='ocr_carea' id='block_1_84' title="bbox 2126 2325 3709 2400">
    <p class='ocr_par' dir='ltr' id='par_1_84' title="bbox 2126 2325 3709 2400">
     <span class='ocr_line' id='line_1_84' title="bbox 2126 2325 3709 2400; baseline -0.005 -17"><span class='ocrx_word' id='word_1_684' title='bbox 2126 2330 2344 2385; x_wconf 90' lang='lat' dir='ltr'><strong>Deducit</strong></span> <span class='ocrx_word' id='word_1_685' title='bbox 2386 2330 2545 2400; x_wconf 89' lang='lat' dir='ltr'><strong>igitur</strong></span> <span class='ocrx_word' id='word_1_686' title='bbox 2571 2330 2720 2384; x_wconf 89' lang='lat' dir='ltr'><strong>illum</strong></span> <span class='ocrx_word' id='word_1_687' title='bbox 2749 2330 2801 2384; x_wconf 94' lang='lat' dir='ltr'><strong>in</strong></span> <span class='ocrx_word' id='word_1_688' title='bbox 2838 2328 3071 2384; x_wconf 89' lang='lat' dir='ltr'><strong>medium</strong></span> <span class='ocrx_word' id='word_1_689' title='bbox 3101 2327 3326 2383; x_wconf 88' lang='lat' dir='ltr'><strong>civitatis</strong></span> <span class='ocrx_word' id='word_1_690' title='bbox 3347 2368 3362 2392; x_wconf 94' lang='lat'><strong>,</strong></span> <span class='ocrx_word' id='word_1_691' title='bbox 3393 2325 3584 2381; x_wconf 89' lang='lat' dir='ltr'><strong>deinde</strong></span> <span class='ocrx_word' id='word_1_692' title='bbox 3613 2340 3709 2394; x_wconf 81' lang='lat' dir='ltr'><strong>po-</strong></span> 
     </span>
    </p>
   </div>
   <div class='ocr_carea' id='block_1_85' title="bbox 2122 2420 3712 2493">
    <p class='ocr_par' dir='ltr' id='par_1_85' title="bbox 2122 2420 3712 2493">
     <span class='ocr_line' id='line_1_85' title="bbox 2122 2420 3712 2493; baseline -0.003 -16"><span class='ocrx_word' id='word_1_693' title='bbox 2122 2424 2246 2493; x_wconf 91' lang='lat' dir='ltr'><strong>pulo</strong></span> <span class='ocrx_word' id='word_1_694' title='bbox 2271 2423 2530 2480; x_wconf 89' lang='lat' dir='ltr'><strong>advocato</strong></span> <span class='ocrx_word' id='word_1_695' title='bbox 2559 2424 2949 2479; x_wconf 89' lang='lat' dir='ltr'><strong>accusationem</strong></span> <span class='ocrx_word' id='word_1_696' title='bbox 2978 2424 3281 2492; x_wconf 85' lang='lat' dir='ltr'><strong>pronunt&#39;at</strong></span> <span class='ocrx_word' id='word_1_697' title='bbox 3305 2439 3318 2476; x_wconf 90' lang='lat'><strong>:</strong></span> <span class='ocrx_word' id='word_1_698' title='bbox 3346 2420 3435 2490; x_wconf 91' lang='lat' dir='ltr'><strong>qui</strong></span> <span class='ocrx_word' id='word_1_699' title='bbox 3465 2434 3591 2474; x_wconf 89' lang='lat' dir='ltr'><strong>vero</strong></span> <span class='ocrx_word' id='word_1_700' title='bbox 3615 2435 3712 2472; x_wconf 82' lang='lat' dir='ltr'><strong>au-</strong></span> 
     </span>
    </p>
   </div>
   <div class='ocr_carea' id='block_1_86' title="bbox 2120 2512 3709 2585">
    <p class='ocr_par' dir='ltr' id='par_1_86' title="bbox 2120 2512 3709 2585">
     <span class='ocr_line' id='line_1_86' title="bbox 2120 2512 3709 2585; baseline -0.004 -15"><span class='ocrx_word' id='word_1_701' title='bbox 2120 2517 2293 2578; x_wconf 87' lang='lat' dir='ltr'><strong>diunt.</strong></span> <span class='ocrx_word' id='word_1_702' title='bbox 2320 2516 2511 2585; x_wconf 86' lang='lat' dir='ltr'><strong>singuli</strong></span> <span class='ocrx_word' id='word_1_703' title='bbox 2542 2525 2761 2585; x_wconf 80' lang='lat' dir='ltr'><strong>arrepto</strong></span> <span class='ocrx_word' id='word_1_704' title='bbox 2780 2516 2954 2584; x_wconf 87' lang='lat' dir='ltr'><strong>lapide</strong></span> <span class='ocrx_word' id='word_1_705' title='bbox 2990 2514 3307 2585; x_wconf 87' lang='lat' dir='ltr'><strong>parricidam</strong></span> <span class='ocrx_word' id='word_1_706' title='bbox 3334 2512 3483 2567; x_wconf 87' lang='lat' dir='ltr'><strong>illum</strong></span> <span class='ocrx_word' id='word_1_707' title='bbox 3514 2525 3709 2580; x_wconf 82' lang='lat' dir='ltr'><strong>percu—</strong></span> 
     </span>
    </p>
   </div>
   <div class='ocr_carea' id='block_1_87' title="bbox 2124 2600 3719 2675">
    <p class='ocr_par' dir='ltr' id='par_1_87' title="bbox 2124 2600 3719 2675">
     <span class='ocr_line' id='line_1_87' title="bbox 2124 2600 3719 2675; baseline -0.006 -14"><span class='ocrx_word' id='word_1_708' title='bbox 2124 2608 2280 2661; x_wconf 91' lang='lat' dir='ltr'><strong>tiunt.</strong></span> <span class='ocrx_word' id='word_1_709' title='bbox 2326 2606 2440 2661; x_wconf 90' lang='lat' dir='ltr'><strong>Non</strong></span> <span class='ocrx_word' id='word_1_710' title='bbox 2484 2607 2629 2660; x_wconf 88' lang='lat' dir='ltr'><strong>enim</strong></span> <span class='ocrx_word' id='word_1_711' title='bbox 2675 2614 3005 2675; x_wconf 85' lang='lat' dir='ltr'><strong>spectatores</strong></span> <span class='ocrx_word' id='word_1_712' title='bbox 3045 2614 3249 2658; x_wconf 81' lang='lat' dir='ltr'><strong>tantum</strong></span> <span class='ocrx_word' id='word_1_713' title='bbox 3296 2602 3573 2673; x_wconf 83' lang='lat' dir='ltr'><strong>supplicii,</strong></span> <span class='ocrx_word' id='word_1_714' title='bbox 3614 2600 3719 2654; x_wconf 71' lang='lat' dir='ltr'><strong>sed.</strong></span> 
     </span>
    </p>
   </div>
   <div class='ocr_carea' id='block_1_88' title="bbox 2122 2691 3711 2765">
    <p class='ocr_par' dir='ltr' id='par_1_88' title="bbox 2122 2691 3711 2765">
     <span class='ocr_line' id='line_1_88' title="bbox 2122 2691 3711 2765; baseline -0.005 -12"><span class='ocrx_word' id='word_1_715' title='bbox 2122 2698 2283 2754; x_wconf 82' lang='lat' dir='ltr'><strong>etiam</strong></span> <span class='ocrx_word' id='word_1_716' title='bbox 2312 2697 2586 2752; x_wconf 89' lang='lat' dir='ltr'><strong>ministros</strong></span> <span class='ocrx_word' id='word_1_717' title='bbox 2611 2712 2705 2753; x_wconf 90' lang='lat' dir='ltr'><strong>eos</strong></span> <span class='ocrx_word' id='word_1_718' title='bbox 2736 2711 2859 2752; x_wconf 89' lang='lat' dir='ltr'><strong>esse</strong></span> <span class='ocrx_word' id='word_1_719' title='bbox 2887 2696 2995 2750; x_wconf 84' lang='lat' dir='ltr'><strong>vult</strong></span> <span class='ocrx_word' id='word_1_720' title='bbox 3028 2696 3317 2765; x_wconf 70' lang='lat' dir='ltr'><strong>it&#39;gisiitltlf,</strong></span> <span class='ocrx_word' id='word_1_721' title='bbox 3349 2704 3405 2747; x_wconf 93' lang='lat' dir='ltr'><strong>ut</strong></span> <span class='ocrx_word' id='word_1_722' title='bbox 3432 2708 3554 2748; x_wconf 91' lang='lat' dir='ltr'><strong>cum</strong></span> <span class='ocrx_word' id='word_1_723' title='bbox 3582 2691 3711 2746; x_wconf 79' lang='lat' dir='ltr'><strong>dex-</strong></span> 
     </span>
    </p>
   </div>
   <div class='ocr_carea' id='block_1_89' title="bbox 2125 2784 3712 2859">
    <p class='ocr_par' dir='ltr' id='par_1_89' title="bbox 2125 2784 3712 2859">
     <span class='ocr_line' id='line_1_89' title="bbox 2125 2784 3712 2859; baseline -0.004 -14"><span class='ocrx_word' id='word_1_724' title='bbox 2125 2798 2293 2844; x_wconf 89' lang='lat' dir='ltr'><strong>teram</strong></span> <span class='ocrx_word' id='word_1_725' title='bbox 2320 2803 2473 2844; x_wconf 90' lang='lat' dir='ltr'><strong>suam</strong></span> <span class='ocrx_word' id='word_1_726' title='bbox 2491 2790 2715 2859; x_wconf 86' lang='lat' dir='ltr'><strong>quisque</strong></span> <span class='ocrx_word' id='word_1_727' title='bbox 2740 2789 3101 2858; x_wconf 78' lang='lat' dir='ltr'><strong>conspexerit,</strong></span> <span class='ocrx_word' id='word_1_728' title='bbox 3131 2803 3233 2856; x_wconf 84' lang='lat' dir='ltr'><strong>qua</strong></span> <span class='ocrx_word' id='word_1_729' title='bbox 3264 2786 3491 2856; x_wconf 90' lang='lat' dir='ltr'><strong>lapidem</strong></span> <span class='ocrx_word' id='word_1_730' title='bbox 3516 2795 3567 2840; x_wconf 92' lang='lat' dir='ltr'><strong>et</strong></span> <span class='ocrx_word' id='word_1_731' title='bbox 3596 2784 3712 2853; x_wconf 90' lang='lat' dir='ltr'><strong>ipse</strong></span> 
     </span>
    </p>
   </div>
   <div class='ocr_carea' id='block_1_90' title="bbox 2124 2874 3712 2951">
    <p class='ocr_par' dir='ltr' id='par_1_90' title="bbox 2124 2874 3712 2951">
     <span class='ocr_line' id='line_1_90' title="bbox 2124 2874 3712 2951; baseline -0.006 -15"><span class='ocrx_word' id='word_1_732' title='bbox 2124 2881 2181 2936; x_wconf 86' lang='lat' dir='ltr'><strong>in</strong></span> <span class='ocrx_word' id='word_1_733' title='bbox 2208 2880 2480 2951; x_wconf 69' lang='lat' dir='ltr'><strong>parricidae</strong></span> <span class='ocrx_word' id='word_1_734' title='bbox 2503 2889 2660 2951; x_wconf 89' lang='lat' dir='ltr'><strong>caput</strong></span> <span class='ocrx_word' id='word_1_735' title='bbox 2691 2880 2932 2950; x_wconf 82' lang='lat' dir='ltr'><strong>projecit,</strong></span> <span class='ocrx_word' id='word_1_736' title='bbox 2959 2878 3057 2933; x_wconf 83' lang='lat' dir='ltr'><strong>hac</strong></span> <span class='ocrx_word' id='word_1_737' title='bbox 3082 2876 3365 2932; x_wconf 78' lang='lat' dir='ltr'><strong>sufficienti</strong></span> <span class='ocrx_word' id='word_1_738' title='bbox 3393 2874 3712 2930; x_wconf 89' lang='lat' dir='ltr'><strong>admonitio-</strong></span> 
     </span>
    </p>
   </div>
   <div class='ocr_carea' id='block_1_91' title="bbox 2126 2964 3714 3039">
    <p class='ocr_par' dir='ltr' id='par_1_91' title="bbox 2126 2964 3714 3039">
     <span class='ocr_line' id='line_1_91' title="bbox 2126 2964 3714 3039; baseline -0.003 -15"><span class='ocrx_word' id='word_1_739' title='bbox 2126 2986 2193 3027; x_wconf 91' lang='lat' dir='ltr'><strong>ne</strong></span> <span class='ocrx_word' id='word_1_740' title='bbox 2230 2972 2517 3027; x_wconf 88' lang='lat' dir='ltr'><strong>instrnctus</strong></span> <span class='ocrx_word' id='word_1_741' title='bbox 2556 2971 2619 3025; x_wconf 92' lang='lat' dir='ltr'><strong>ad</strong></span> <span class='ocrx_word' id='word_1_742' title='bbox 2655 2972 2931 3025; x_wconf 89' lang='lat' dir='ltr'><strong>meliorem</strong></span> <span class='ocrx_word' id='word_1_743' title='bbox 2970 2971 3170 3039; x_wconf 90' lang='lat' dir='ltr'><strong>frugem</strong></span> <span class='ocrx_word' id='word_1_744' title='bbox 3200 2976 3500 3023; x_wconf 88' lang='lat' dir='ltr'><strong>revocetur.</strong></span> <span class='ocrx_word' id='word_1_745' title='bbox 3528 2964 3714 3035; x_wconf 85' lang='lat' dir='ltr'><strong>Neque</strong></span> 
     </span>
    </p>
   </div>
   <div class='ocr_carea' id='block_1_92' title="bbox 2126 3059 3713 3131">
    <p class='ocr_par' dir='ltr' id='par_1_92' title="bbox 2126 3059 3713 3131">
     <span class='ocr_line' id='line_1_92' title="bbox 2126 3059 3713 3131; baseline -0.006 -11"><span class='ocrx_word' id='word_1_746' title='bbox 2126 3081 2257 3121; x_wconf 89' lang='lat' dir='ltr'><strong>vero</strong></span> <span class='ocrx_word' id='word_1_747' title='bbox 2291 3065 2341 3119; x_wconf 93' lang='lat' dir='ltr'><strong>id</strong></span> <span class='ocrx_word' id='word_1_748' title='bbox 2385 3066 2559 3121; x_wconf 89' lang='lat' dir='ltr'><strong>solum</strong></span> <span class='ocrx_word' id='word_1_749' title='bbox 2582 3106 2596 3129; x_wconf 92' lang='lat'><strong>,</strong></span> <span class='ocrx_word' id='word_1_750' title='bbox 2629 3065 2723 3121; x_wconf 90' lang='lat' dir='ltr'><strong>sed</strong></span> <span class='ocrx_word' id='word_1_751' title='bbox 2764 3076 2817 3119; x_wconf 93' lang='lat' dir='ltr'><strong>et</strong></span> <span class='ocrx_word' id='word_1_752' title='bbox 2853 3065 2994 3119; x_wconf 88' lang='lat' dir='ltr'><strong>aliud</strong></span> <span class='ocrx_word' id='word_1_753' title='bbox 3038 3063 3191 3118; x_wconf 61' lang='lat' dir='ltr'><strong>nobis</strong></span> <span class='ocrx_word' id='word_1_754' title='bbox 3222 3062 3391 3117; x_wconf 88' lang='lat' dir='ltr'><strong>innuit</strong></span> <span class='ocrx_word' id='word_1_755' title='bbox 3420 3059 3713 3131; x_wconf 82' lang='lat' dir='ltr'><strong>legislator,</strong></span> 
     </span>
    </p>
   </div>
   <div class='ocr_carea' id='block_1_93' title="bbox 2124 3154 3720 3227">
    <p class='ocr_par' dir='ltr' id='par_1_93' title="bbox 2124 3154 3720 3227">
     <span class='ocr_line' id='line_1_93' title="bbox 2124 3154 3720 3227; baseline -0.004 -13"><span class='ocrx_word' id='word_1_756' title='bbox 2124 3176 2248 3215; x_wconf 89' lang='lat' dir='ltr'><strong>eum</strong></span> <span class='ocrx_word' id='word_1_757' title='bbox 2278 3160 2548 3222; x_wconf 79' lang='lat' dir='ltr'><strong>nimirum,</strong></span> <span class='ocrx_word' id='word_1_758' title='bbox 2577 3160 2666 3227; x_wconf 89' lang='lat' dir='ltr'><strong>qui</strong></span> <span class='ocrx_word' id='word_1_759' title='bbox 2696 3159 3015 3213; x_wconf 89' lang='lat' dir='ltr'><strong>contumelia</strong></span> <span class='ocrx_word' id='word_1_760' title='bbox 3047 3165 3293 3226; x_wconf 85' lang='lat' dir='ltr'><strong>paremes</strong></span> <span class='ocrx_word' id='word_1_761' title='bbox 3318 3154 3575 3219; x_wconf 83' lang='lat' dir='ltr'><strong>aﬂ&#39;ecerit,</strong></span> <span class='ocrx_word' id='word_1_762' title='bbox 3604 3167 3720 3207; x_wconf 80' lang='lat' dir='ltr'><strong>non</strong></span> 
     </span>
    </p>
   </div>
   <div class='ocr_carea' id='block_1_94' title="bbox 2126 3243 3714 3316">
    <p class='ocr_par' dir='ltr' id='par_1_94' title="bbox 2126 3243 3714 3316">
     <span class='ocr_line' id='line_1_94' title="bbox 2126 3243 3714 3316; baseline -0.004 -12"><span class='ocrx_word' id='word_1_763' title='bbox 2126 3250 2247 3305; x_wconf 86' lang='lat' dir='ltr'><strong>illos</strong></span> <span class='ocrx_word' id='word_1_764' title='bbox 2271 3258 2495 3316; x_wconf 86' lang='lat' dir='ltr'><strong>tantum,</strong></span> <span class='ocrx_word' id='word_1_765' title='bbox 2525 3250 2617 3304; x_wconf 90' lang='lat' dir='ltr'><strong>sed</strong></span> <span class='ocrx_word' id='word_1_766' title='bbox 2644 3250 2805 3305; x_wconf 82' lang='lat' dir='ltr'><strong>etiam</strong></span> <span class='ocrx_word' id='word_1_767' title='bbox 2842 3263 3030 3303; x_wconf 89' lang='lat' dir='ltr'><strong>omnes</strong></span> <span class='ocrx_word' id='word_1_768' title='bbox 3058 3247 3299 3301; x_wconf 87' lang='lat' dir='ltr'><strong>homines</strong></span> <span class='ocrx_word' id='word_1_769' title='bbox 3329 3244 3553 3301; x_wconf 72' lang='lat' dir='ltr'><strong>laesisse.</strong></span> <span class='ocrx_word' id='word_1_770' title='bbox 3583 3243 3714 3298; x_wconf 81' lang='lat' dir='ltr'><strong>Pro-</strong></span> 
     </span>
    </p>
   </div>
   <div class='ocr_carea' id='block_1_95' title="bbox 2126 3335 3723 3410">
    <p class='ocr_par' dir='ltr' id='par_1_95' title="bbox 2126 3335 3723 3410">
     <span class='ocr_line' id='line_1_95' title="bbox 2126 3335 3723 3410; baseline -0.004 -16"><span class='ocrx_word' id='word_1_771' title='bbox 2126 3349 2304 3410; x_wconf 90' lang='lat' dir='ltr'><strong>pterea</strong></span> <span class='ocrx_word' id='word_1_772' title='bbox 2342 3351 2562 3395; x_wconf 82' lang='lat' dir='ltr'><strong>cunctos</strong></span> <span class='ocrx_word' id='word_1_773' title='bbox 2600 3340 2667 3395; x_wconf 87' lang='lat' dir='ltr'><strong>ad</strong></span> <span class='ocrx_word' id='word_1_774' title='bbox 2707 3338 2949 3410; x_wconf 77' lang='lat' dir='ltr'><strong>supplicii</strong></span> <span class='ocrx_word' id='word_1_775' title='bbox 2987 3338 3317 3392; x_wconf 77' lang='lat' dir='ltr'><strong>consortium</strong></span> <span class='ocrx_word' id='word_1_776' title='bbox 3352 3344 3534 3399; x_wconf 87' lang='lat' dir='ltr'><strong>vocat,</strong></span> <span class='ocrx_word' id='word_1_777' title='bbox 3561 3335 3723 3405; x_wconf 77' lang='lat' dir='ltr'><strong>quasi</strong></span> 
     </span>
    </p>
   </div>
   <div class='ocr_carea' id='block_1_96' title="bbox 2126 3427 3721 3498">
    <p class='ocr_par' dir='ltr' id='par_1_96' title="bbox 2126 3427 3721 3498">
     <span class='ocr_line' id='line_1_96' title="bbox 2126 3427 3721 3498; baseline -0.005 -13"><span class='ocrx_word' id='word_1_778' title='bbox 2126 3430 2447 3485; x_wconf 86' lang='lat' dir='ltr'><strong>contumelia</strong></span> <span class='ocrx_word' id='word_1_779' title='bbox 2488 3430 2683 3485; x_wconf 91' lang='lat' dir='ltr'><strong>fuerint</strong></span> <span class='ocrx_word' id='word_1_780' title='bbox 2722 3430 2895 3484; x_wconf 56' lang='lat' dir='ltr'><strong>alii-eti</strong></span> <span class='ocrx_word' id='word_1_781' title='bbox 2926 3444 3112 3482; x_wconf 73' lang='lat' dir='ltr'><strong>omnes</strong></span> <span class='ocrx_word' id='word_1_782' title='bbox 3135 3469 3151 3493; x_wconf 92' lang='lat'><strong>,</strong></span> <span class='ocrx_word' id='word_1_783' title='bbox 3183 3444 3246 3482; x_wconf 93' lang='lat' dir='ltr'><strong>ac</strong></span> <span class='ocrx_word' id='word_1_784' title='bbox 3274 3429 3527 3498; x_wconf 89' lang='lat' dir='ltr'><strong>populum</strong></span> <span class='ocrx_word' id='word_1_785' title='bbox 3554 3427 3721 3481; x_wconf 86' lang='lat' dir='ltr'><strong>simul</strong></span> 
     </span>
    </p>
   </div>
   <div class='ocr_carea' id='block_1_97' title="bbox 2125 3517 3717 3587">
    <p class='ocr_par' dir='ltr' id='par_1_97' title="bbox 2125 3517 3717 3587">
     <span class='ocr_line' id='line_1_97' title="bbox 2125 3517 3717 3587; baseline -0.003 -13"><span class='ocrx_word' id='word_1_786' title='bbox 2125 3532 2179 3575; x_wconf 92' lang='lat' dir='ltr'><strong>et</strong></span> <span class='ocrx_word' id='word_1_787' title='bbox 2219 3530 2384 3576; x_wconf 90' lang='lat' dir='ltr'><strong>totam</strong></span> <span class='ocrx_word' id='word_1_788' title='bbox 2411 3531 2667 3577; x_wconf 84' lang='lat' dir='ltr'><strong>convocat</strong></span> <span class='ocrx_word' id='word_1_789' title='bbox 2706 3522 3014 3586; x_wconf 85' lang='lat' dir='ltr'><strong>civitatem,</strong></span> <span class='ocrx_word' id='word_1_790' title='bbox 3044 3529 3100 3573; x_wconf 91' lang='lat' dir='ltr'><strong>ut</strong></span> <span class='ocrx_word' id='word_1_791' title='bbox 3138 3520 3368 3582; x_wconf 88' lang='lat' dir='ltr'><strong>doceat,</strong></span> <span class='ocrx_word' id='word_1_792' title='bbox 3398 3532 3496 3573; x_wconf 87' lang='lat' dir='ltr'><strong>eos</strong></span> <span class='ocrx_word' id='word_1_793' title='bbox 3520 3517 3717 3587; x_wconf 90' lang='lat' dir='ltr'><strong>quibus</strong></span> 
     </span>
    </p>
   </div>
   <div class='ocr_carea' id='block_1_98' title="bbox 2126 3610 3721 3682">
    <p class='ocr_par' dir='ltr' id='par_1_98' title="bbox 2126 3610 3721 3682">
     <span class='ocr_line' id='line_1_98' title="bbox 2126 3610 3721 3682; baseline -0.003 -15"><span class='ocrx_word' id='word_1_794' title='bbox 2126 3612 2256 3667; x_wconf 89' lang='lat' dir='ltr'><strong>nihil</strong></span> <span class='ocrx_word' id='word_1_795' title='bbox 2283 3623 2367 3668; x_wconf 90' lang='lat' dir='ltr'><strong>est</strong></span> <span class='ocrx_word' id='word_1_796' title='bbox 2392 3628 2673 3668; x_wconf 85' lang='lat' dir='ltr'><strong>commune.</strong></span> <span class='ocrx_word' id='word_1_797' title='bbox 2698 3630 2818 3669; x_wconf 86' lang='lat' dir='ltr'><strong>cum</strong></span> <span class='ocrx_word' id='word_1_798' title='bbox 2860 3614 2961 3666; x_wconf 77' lang='lat' dir='ltr'><strong>illis</strong></span> <span class='ocrx_word' id='word_1_799' title='bbox 2989 3613 3077 3682; x_wconf 92' lang='lat' dir='ltr'><strong>qui</strong></span> <span class='ocrx_word' id='word_1_800' title='bbox 3113 3611 3287 3667; x_wconf 66' lang='lat' dir='ltr'><strong>allecti</strong></span> <span class='ocrx_word' id='word_1_801' title='bbox 3326 3619 3448 3666; x_wconf 91' lang='lat' dir='ltr'><strong>sunt</strong></span> <span class='ocrx_word' id='word_1_802' title='bbox 3486 3610 3674 3677; x_wconf 89' lang='lat' dir='ltr'><strong>injuria</strong></span> <span class='ocrx_word' id='word_1_803' title='bbox 3696 3651 3721 3672; x_wconf 53' lang='grc' dir='ltr'><strong>μ</strong></span> 
     </span>
    </p>
   </div>
   <div class='ocr_carea' id='block_1_99' title="bbox 2128 3701 3715 3773">
    <p class='ocr_par' dir='ltr' id='par_1_99' title="bbox 2128 3701 3715 3773">
     <span class='ocr_line' id='line_1_99' title="bbox 2128 3701 3715 3773; baseline -0.003 -14"><span class='ocrx_word' id='word_1_804' title='bbox 2128 3706 2179 3759; x_wconf 93' lang='lat' dir='ltr'><strong>in</strong></span> <span class='ocrx_word' id='word_1_805' title='bbox 2200 3719 2295 3758; x_wconf 92' lang='lat' dir='ltr'><strong>eos</strong></span> <span class='ocrx_word' id='word_1_806' title='bbox 2320 3704 2682 3773; x_wconf 88' lang='lat' dir='ltr'><strong>indignatione</strong></span> <span class='ocrx_word' id='word_1_807' title='bbox 2707 3705 3061 3769; x_wconf 88' lang='lat' dir='ltr'><strong>commoveri,</strong></span> <span class='ocrx_word' id='word_1_808' title='bbox 3087 3704 3177 3771; x_wconf 91' lang='lat' dir='ltr'><strong>qni</strong></span> <span class='ocrx_word' id='word_1_809' title='bbox 3203 3701 3571 3757; x_wconf 81' lang='lat' dir='ltr'><strong>contumeliosi</strong></span> <span class='ocrx_word' id='word_1_810' title='bbox 3603 3701 3715 3754; x_wconf 81' lang='lat' dir='ltr'><strong>fue-</strong></span> 
     </span>
    </p>
   </div>
   <div class='ocr_carea' id='block_1_100' title="bbox 2128 3797 3725 3865">
    <p class='ocr_par' dir='ltr' id='par_1_100' title="bbox 2128 3797 3725 3865">
     <span class='ocr_line' id='line_1_100' title="bbox 2128 3797 3725 3865; baseline -0.004 -13"><span class='ocrx_word' id='word_1_811' title='bbox 2128 3797 2229 3852; x_wconf 92' lang='lat' dir='ltr'><strong>rint</strong></span> <span class='ocrx_word' id='word_1_812' title='bbox 2272 3798 2325 3851; x_wconf 93' lang='lat' dir='ltr'><strong>in</strong></span> <span class='ocrx_word' id='word_1_813' title='bbox 2366 3806 2654 3865; x_wconf 87' lang='lat' dir='ltr'><strong>parentes,</strong></span> <span class='ocrx_word' id='word_1_814' title='bbox 2691 3805 2957 3864; x_wconf 86' lang='lat' dir='ltr'><strong>tamquam</strong></span> <span class='ocrx_word' id='word_1_815' title='bbox 2997 3797 3048 3849; x_wconf 93' lang='lat' dir='ltr'><strong>iu</strong></span> <span class='ocrx_word' id='word_1_816' title='bbox 3086 3810 3425 3850; x_wconf 86' lang='lat' dir='ltr'><strong>communem</strong></span> <span class='ocrx_word' id='word_1_817' title='bbox 3470 3803 3725 3849; x_wconf 81' lang='lat' dir='ltr'><strong>naturam</strong></span> 
     </span>
    </p>
   </div>
   <div class='ocr_carea' id='block_1_101' title="bbox 2124 3885 3714 3955">
    <p class='ocr_par' dir='ltr' id='par_1_101' title="bbox 2124 3885 3714 3955">
     <span class='ocr_line' id='line_1_101' title="bbox 2124 3885 3714 3955; baseline -0.001 -14"><span class='ocrx_word' id='word_1_818' title='bbox 2124 3885 2349 3941; x_wconf 84' lang='lat' dir='ltr'><strong>cadente</strong></span> <span class='ocrx_word' id='word_1_819' title='bbox 2379 3886 2570 3955; x_wconf 86' lang='lat' dir='ltr'><strong>injuria</strong></span> <span class='ocrx_word' id='word_1_820' title='bbox 2594 3927 2607 3946; x_wconf 89' lang='lat'><strong>.</strong></span> <span class='ocrx_word' id='word_1_821' title='bbox 2642 3897 2803 3952; x_wconf 86' lang='lat' dir='ltr'><strong>utque</strong></span> <span class='ocrx_word' id='word_1_822' title='bbox 2829 3887 2986 3939; x_wconf 85' lang='lat' dir='ltr'><strong>talem</strong></span> <span class='ocrx_word' id='word_1_823' title='bbox 3024 3885 3296 3939; x_wconf 92' lang='lat' dir='ltr'><strong>hominem</strong></span> <span class='ocrx_word' id='word_1_824' title='bbox 3320 3886 3471 3955; x_wconf 82' lang='lat' dir='ltr'><strong>quasi</strong></span> <span class='ocrx_word' id='word_1_825' title='bbox 3510 3894 3714 3953; x_wconf 79' lang='lat' dir='ltr'><strong>pestem</strong></span> 
     </span>
    </p>
   </div>
   <div class='ocr_carea' id='block_1_102' title="bbox 2126 3976 3714 4047">
    <p class='ocr_par' dir='ltr' id='par_1_102' title="bbox 2126 3976 3714 4047">
     <span class='ocr_line' id='line_1_102' title="bbox 2126 3976 3714 4047; baseline -0.003 -16"><span class='ocrx_word' id='word_1_826' title='bbox 2126 3977 2409 4047; x_wconf 89' lang='lat' dir='ltr'><strong>quamdam</strong></span> <span class='ocrx_word' id='word_1_827' title='bbox 2434 3992 2876 4045; x_wconf 70' lang='lat' dir='ltr'><strong>communemque</strong></span> <span class='ocrx_word' id='word_1_828' title='bbox 2916 3978 3162 4030; x_wconf 83' lang='lat' dir='ltr'><strong>morbum</strong></span> <span class='ocrx_word' id='word_1_829' title='bbox 3202 3991 3311 4029; x_wconf 90' lang='lat' dir='ltr'><strong>non</strong></span> <span class='ocrx_word' id='word_1_830' title='bbox 3347 3991 3411 4031; x_wconf 75' lang='lat' dir='ltr'><strong>ex</strong></span> <span class='ocrx_word' id='word_1_831' title='bbox 3455 3976 3585 4029; x_wconf 91' lang='lat' dir='ltr'><strong>urbe</strong></span> <span class='ocrx_word' id='word_1_832' title='bbox 3623 3989 3714 4028; x_wconf 52' lang='lat' dir='ltr'><strong>so.</strong></span> 
     </span>
    </p>
   </div>
   <div class='ocr_carea' id='block_1_103' title="bbox 2128 4068 3719 4139">
    <p class='ocr_par' dir='ltr' id='par_1_103' title="bbox 2128 4068 3719 4139">
     <span class='ocr_line' id='line_1_103' title="bbox 2128 4068 3719 4139; baseline -0.002 -16"><span class='ocrx_word' id='word_1_833' title='bbox 2128 4070 2255 4133; x_wconf 92' lang='lat' dir='ltr'><strong>lum,</strong></span> <span class='ocrx_word' id='word_1_834' title='bbox 2287 4069 2381 4124; x_wconf 89' lang='lat' dir='ltr'><strong>sed</strong></span> <span class='ocrx_word' id='word_1_835' title='bbox 2408 4084 2472 4124; x_wconf 73' lang='lat' dir='ltr'><strong>ex</strong></span> <span class='ocrx_word' id='word_1_836' title='bbox 2500 4070 2609 4137; x_wconf 90' lang='lat' dir='ltr'><strong>ipsa</strong></span> <span class='ocrx_word' id='word_1_837' title='bbox 2640 4085 2853 4139; x_wconf 88' lang='lat' dir='ltr'><strong>quoque</strong></span> <span class='ocrx_word' id='word_1_838' title='bbox 2880 4070 2985 4121; x_wconf 90' lang='lat' dir='ltr'><strong>vita</strong></span> <span class='ocrx_word' id='word_1_839' title='bbox 3010 4069 3242 4137; x_wconf 90' lang='lat' dir='ltr'><strong>cjiciant.</strong></span> <span class='ocrx_word' id='word_1_840' title='bbox 3270 4068 3449 4123; x_wconf 82' lang='lat' dir='ltr'><strong>Hostis</strong></span> <span class='ocrx_word' id='word_1_841' title='bbox 3467 4068 3613 4123; x_wconf 88' lang='lat' dir='ltr'><strong>enim</strong></span> <span class='ocrx_word' id='word_1_842' title='bbox 3633 4078 3719 4120; x_wconf 77' lang='lat' dir='ltr'><strong>est</strong></span> 
     </span>
    </p>
   </div>
   <div class='ocr_carea' id='block_1_104' title="bbox 2126 4160 3715 4230">
    <p class='ocr_par' dir='ltr' id='par_1_104' title="bbox 2126 4160 3715 4230">
     <span class='ocr_line' id='line_1_104' title="bbox 2126 4160 3715 4230; baseline 0.003 -17"><span class='ocrx_word' id='word_1_843' title='bbox 2126 4161 2208 4214; x_wconf 90' lang='lat' dir='ltr'><strong>vir</strong></span> <span class='ocrx_word' id='word_1_844' title='bbox 2236 4160 2529 4230; x_wconf 89' lang='lat' dir='ltr'><strong>ejusmodi,</strong></span> <span class='ocrx_word' id='word_1_845' title='bbox 2571 4172 2625 4215; x_wconf 91' lang='lat' dir='ltr'><strong>et</strong></span> <span class='ocrx_word' id='word_1_846' title='bbox 2662 4162 2899 4216; x_wconf 80' lang='grc' dir='ltr'>υιιιιιίιιω</span> <span class='ocrx_word' id='word_1_847' title='bbox 2937 4163 3235 4216; x_wconf 89' lang='lat' dir='ltr'><strong>communis</strong></span> <span class='ocrx_word' id='word_1_848' title='bbox 3274 4162 3553 4225; x_wconf 85' lang='lat' dir='ltr'><strong>inimicus,</strong></span> <span class='ocrx_word' id='word_1_849' title='bbox 3586 4162 3715 4225; x_wconf 86' lang='lat' dir='ltr'><strong>Dei.</strong></span> 
     </span>
    </p>
   </div>
   <div class='ocr_carea' id='block_1_105' title="bbox 2128 4253 3717 4323">
    <p class='ocr_par' dir='ltr' id='par_1_105' title="bbox 2128 4253 3717 4323">
     <span class='ocr_line' id='line_1_105' title="bbox 2128 4253 3717 4323; baseline 0.001 -17"><span class='ocrx_word' id='word_1_850' title='bbox 2128 4263 2350 4318; x_wconf 64' lang='lat' dir='ltr'><strong>naturae,</strong></span> <span class='ocrx_word' id='word_1_851' title='bbox 2374 4253 2567 4323; x_wconf 86' lang='lat' dir='ltr'><strong>legum.</strong></span> <span class='ocrx_word' id='word_1_852' title='bbox 2588 4262 2642 4307; x_wconf 91' lang='lat' dir='ltr'><strong>et</strong></span> <span class='ocrx_word' id='word_1_853' title='bbox 2656 4254 2893 4308; x_wconf 89' lang='lat' dir='ltr'><strong>omnium</strong></span> <span class='ocrx_word' id='word_1_854' title='bbox 2916 4265 3155 4310; x_wconf 80' lang='lat' dir='ltr'><strong>nostrum</strong></span> <span class='ocrx_word' id='word_1_855' title='bbox 3176 4255 3487 4310; x_wconf 90' lang='lat' dir='ltr'><strong>viventium.</strong></span> <span class='ocrx_word' id='word_1_856' title='bbox 3514 4253 3717 4309; x_wconf 87' lang='lat' dir='ltr'><strong>Idcirco</strong></span> 
     </span>
    </p>
   </div>
   <div class='ocr_carea' id='block_1_106' title="bbox 2125 4344 3717 4414">
    <p class='ocr_par' dir='ltr' id='par_1_106' title="bbox 2125 4344 3717 4414">
     <span class='ocr_line' id='line_1_106' title="bbox 2125 4344 3717 4414; baseline 0.001 -17"><span class='ocrx_word' id='word_1_857' title='bbox 2125 4344 2283 4398; x_wconf 88' lang='lat' dir='ltr'><strong>simul</strong></span> <span class='ocrx_word' id='word_1_858' title='bbox 2321 4359 2508 4398; x_wconf 89' lang='lat' dir='ltr'><strong>omnes</strong></span> <span class='ocrx_word' id='word_1_859' title='bbox 2545 4345 2758 4414; x_wconf 86' lang='lat' dir='ltr'><strong>aggredi</strong></span> <span class='ocrx_word' id='word_1_860' title='bbox 2800 4345 3000 4399; x_wconf 70' lang='lat' dir='ltr'><strong>caedem</strong></span> <span class='ocrx_word' id='word_1_861' title='bbox 3039 4344 3219 4413; x_wconf 89' lang='lat' dir='ltr'><strong>jubet,</strong></span> <span class='ocrx_word' id='word_1_862' title='bbox 3261 4352 3327 4399; x_wconf 79' lang='lat' dir='ltr'><strong>ut.</strong></span> <span class='ocrx_word' id='word_1_863' title='bbox 3353 4344 3717 4412; x_wconf 77' lang='lat' dir='ltr'><strong>expiationem</strong></span> 
     </span>
    </p>
   </div>
   <div class='ocr_carea' id='block_1_107' title="bbox 2125 4435 3715 4505">
    <p class='ocr_par' dir='ltr' id='par_1_107' title="bbox 2125 4435 3715 4505">
     <span class='ocr_line' id='line_1_107' title="bbox 2125 4435 3715 4505; baseline 0.001 -17"><span class='ocrx_word' id='word_1_864' title='bbox 2125 4435 2409 4503; x_wconf 81' lang='lat' dir='ltr'><strong>quamdam</strong></span> <span class='ocrx_word' id='word_1_865' title='bbox 2438 4436 2676 4505; x_wconf 80' lang='lat' dir='ltr'><strong>perﬁciat</strong></span> <span class='ocrx_word' id='word_1_866' title='bbox 2703 4436 2953 4491; x_wconf 85' lang='lat' dir='ltr'><strong>civitatis.</strong></span> <span class='ocrx_word' id='word_1_867' title='bbox 2980 4437 3138 4491; x_wconf 83' lang='lat' dir='ltr'><strong>Multa</strong></span> <span class='ocrx_word' id='word_1_868' title='bbox 3166 4436 3477 4491; x_wconf 75' lang='lat' dir='ltr'><strong>vobisbona</strong></span> <span class='ocrx_word' id='word_1_869' title='bbox 3505 4438 3715 4491; x_wconf 86' lang='lat' dir='ltr'><strong>contin-</strong></span> 
     </span>
    </p>
   </div>
   <div class='ocr_carea' id='block_1_108' title="bbox 2124 4528 3713 4599">
    <p class='ocr_par' dir='ltr' id='par_1_108' title="bbox 2124 4528 3713 4599">
     <span class='ocr_line' id='line_1_108' title="bbox 2124 4528 3713 4599; baseline 0.003 -18"><span class='ocrx_word' id='word_1_870' title='bbox 2124 4536 2271 4597; x_wconf 88' lang='lat' dir='ltr'><strong>gant,</strong></span> <span class='ocrx_word' id='word_1_871' title='bbox 2292 4528 2431 4598; x_wconf 89' lang='lat' dir='ltr'><strong>quod</strong></span> <span class='ocrx_word' id='word_1_872' title='bbox 2455 4537 2596 4583; x_wconf 85' lang='lat' dir='ltr'><strong>tanta</strong></span> <span class='ocrx_word' id='word_1_873' title='bbox 2610 4544 2731 4583; x_wconf 88' lang='lat' dir='ltr'><strong>cum</strong></span> <span class='ocrx_word' id='word_1_874' title='bbox 2756 4528 3026 4597; x_wconf 87' lang='lat' dir='ltr'><strong>voluptate</strong></span> <span class='ocrx_word' id='word_1_875' title='bbox 3044 4530 3111 4583; x_wconf 87' lang='lat' dir='ltr'><strong>de</strong></span> <span class='ocrx_word' id='word_1_876' title='bbox 3136 4528 3392 4599; x_wconf 88' lang='lat' dir='ltr'><strong>parricida</strong></span> <span class='ocrx_word' id='word_1_877' title='bbox 3410 4544 3713 4586; x_wconf 82' lang='lat' dir='ltr'><strong>sermonem</strong></span> 
     </span>
    </p>
   </div>
   <div class='ocr_carea' id='block_1_109' title="bbox 2125 4618 3713 4689">
    <p class='ocr_par' dir='ltr' id='par_1_109' title="bbox 2125 4618 3713 4689">
     <span class='ocr_line' id='line_1_109' title="bbox 2125 4618 3713 4689; baseline 0.003 -18"><span class='ocrx_word' id='word_1_878' title='bbox 2125 4618 2443 4687; x_wconf 75' lang='lat' dir='ltr'><strong>exceperitis</strong></span> <span class='ocrx_word' id='word_1_879' title='bbox 2466 4658 2482 4683; x_wconf 92' lang='lat'><strong>,</strong></span> <span class='ocrx_word' id='word_1_880' title='bbox 2510 4635 2573 4675; x_wconf 91' lang='lat' dir='ltr'><strong>ac</strong></span> <span class='ocrx_word' id='word_1_881' title='bbox 2597 4619 2827 4689; x_wconf 73' lang='lat' dir='ltr'><strong>lapidum</strong></span> <span class='ocrx_word' id='word_1_882' title='bbox 2861 4620 2979 4675; x_wconf 87' lang='lat' dir='ltr'><strong>loco</strong></span> <span class='ocrx_word' id='word_1_883' title='bbox 3007 4620 3224 4674; x_wconf 77' lang='lat' dir='ltr'><strong>vocibus</strong></span> <span class='ocrx_word' id='word_1_884' title='bbox 3254 4621 3398 4675; x_wconf 90' lang='lat' dir='ltr'><strong>illum</strong></span> <span class='ocrx_word' id='word_1_885' title='bbox 3434 4636 3713 4689; x_wconf 50' lang='lat' dir='ltr'><strong>percusso-</strong></span> 
     </span>
    </p>
   </div>
   <div class='ocr_carea' id='block_1_110' title="bbox 2127 4710 3721 4781">
    <p class='ocr_par' dir='ltr' id='par_1_110' title="bbox 2127 4710 3721 4781">
     <span class='ocr_line' id='line_1_110' title="bbox 2127 4710 3721 4781; baseline 0.002 -18"><span class='ocrx_word' id='word_1_886' title='bbox 2127 4710 2277 4764; x_wconf 87' lang='lat' dir='ltr'><strong>ritis:</strong></span> <span class='ocrx_word' id='word_1_887' title='bbox 2308 4710 2406 4764; x_wconf 89' lang='lat' dir='ltr'><strong>hoc</strong></span> <span class='ocrx_word' id='word_1_888' title='bbox 2442 4714 2584 4765; x_wconf 80' lang='lat' dir='ltr'><strong>etiim</strong></span> <span class='ocrx_word' id='word_1_889' title='bbox 2629 4712 2877 4765; x_wconf 86' lang='lat' dir='ltr'><strong>indicium</strong></span> <span class='ocrx_word' id='word_1_890' title='bbox 2920 4713 3148 4781; x_wconf 78' lang='lat' dir='ltr'><strong>ingentis</strong></span> <span class='ocrx_word' id='word_1_891' title='bbox 3177 4712 3721 4777; x_wconf 62' lang='lat' dir='ltr'><strong>estbenevolentim,</strong></span> 
     </span>
    </p>
   </div>
   <div class='ocr_carea' id='block_1_111' title="bbox 2125 4802 3714 4872">
    <p class='ocr_par' dir='ltr' id='par_1_111' title="bbox 2125 4802 3714 4872">
     <span class='ocr_line' id='line_1_111' title="bbox 2125 4802 3714 4872; baseline 0.003 -23"><span class='ocrx_word' id='word_1_892' title='bbox 2125 4815 2226 4867; x_wconf 91' lang='lat' dir='ltr'><strong>qua</strong></span> <span class='ocrx_word' id='word_1_893' title='bbox 2257 4812 2457 4869; x_wconf 89' lang='lat' dir='ltr'><strong>patrem</strong></span> <span class='ocrx_word' id='word_1_894' title='bbox 2486 4818 2639 4855; x_wconf 88' lang='lat' dir='ltr'><strong>suum</strong></span> <span class='ocrx_word' id='word_1_895' title='bbox 2669 4810 2902 4854; x_wconf 86' lang='lat' dir='ltr'><strong>vestrum</strong></span> <span class='ocrx_word' id='word_1_896' title='bbox 2936 4804 3297 4872; x_wconf 82' lang='lat' dir='ltr'><strong>unusquisque</strong></span> <span class='ocrx_word' id='word_1_897' title='bbox 3322 4802 3714 4871; x_wconf 75' lang='lat' dir='ltr'><strong>eomp‘eciitur.</strong></span> 
     </span>
    </p>
   </div>
   <div class='ocr_carea' id='block_1_112' title="bbox 2124 4890 3714 4965">
    <p class='ocr_par' dir='ltr' id='par_1_112' title="bbox 2124 4890 3714 4965">
     <span class='ocr_line' id='line_1_112' title="bbox 2124 4890 3714 4965; baseline -0.001 -19"><span class='ocrx_word' id='word_1_898' title='bbox 2124 4890 2276 4946; x_wconf 82' lang='lat' dir='ltr'><strong>Tunc</strong></span> <span class='ocrx_word' id='word_1_899' title='bbox 2311 4894 2451 4947; x_wconf 86' lang='lat' dir='ltr'><strong>enim</strong></span> <span class='ocrx_word' id='word_1_900' title='bbox 2491 4896 2756 4964; x_wconf 66' lang='lat' dir='ltr'><strong>pra&#39;cipne</strong></span> <span class='ocrx_word' id='word_1_901' title='bbox 2801 4895 2981 4965; x_wconf 74' lang='lat' dir='ltr'><strong>leges,</strong></span> <span class='ocrx_word' id='word_1_902' title='bbox 3018 4913 3135 4965; x_wconf 58' lang='lat' dir='ltr'><strong>qua-</strong></span> <span class='ocrx_word' id='word_1_903' title='bbox 3174 4896 3363 4950; x_wconf 84' lang='lat' dir='ltr'><strong>delicta</strong></span> <span class='ocrx_word' id='word_1_904' title='bbox 3405 4895 3714 4963; x_wconf 75' lang='lat' dir='ltr'><strong>vindicant,</strong></span> 
     </span>
    </p>
   </div>
   <div class='ocr_carea' id='block_1_113' title="bbox 2127 4981 3712 5055">
    <p class='ocr_par' dir='ltr' id='par_1_113' title="bbox 2127 4981 3712 5055">
     <span class='ocr_line' id='line_1_113' title="bbox 2127 4981 3712 5055; baseline 0.003 -20"><span class='ocrx_word' id='word_1_905' title='bbox 2127 4981 2342 5037; x_wconf 78' lang='lat' dir='ltr'><strong>laudare</strong></span> <span class='ocrx_word' id='word_1_906' title='bbox 2374 4986 2747 5038; x_wconf 87' lang='lat' dir='ltr'><strong>consuevinms</strong></span> <span class='ocrx_word' id='word_1_907' title='bbox 2766 5026 2782 5050; x_wconf 89' lang='lat'><strong>,</strong></span> <span class='ocrx_word' id='word_1_908' title='bbox 2811 5002 2931 5041; x_wconf 87' lang='lat' dir='ltr'><strong>cum</strong></span> <span class='ocrx_word' id='word_1_909' title='bbox 2961 4989 3272 5041; x_wconf 84' lang='lat' dir='ltr'><strong>delictorum</strong></span> <span class='ocrx_word' id='word_1_910' title='bbox 3302 4986 3399 5055; x_wconf 89' lang='lat' dir='ltr'><strong>ipsi</strong></span> <span class='ocrx_word' id='word_1_911' title='bbox 3428 4986 3587 5039; x_wconf 83' lang='lat' dir='ltr'><strong>nobis</strong></span> <span class='ocrx_word' id='word_1_912' title='bbox 3610 4986 3712 5042; x_wconf 75' lang='lat' dir='ltr'><strong>nii-</strong></span> 
     </span>
    </p>
   </div>
   <div class='ocr_carea' id='block_1_114' title="bbox 2127 5074 3713 5147">
    <p class='ocr_par' dir='ltr' id='par_1_114' title="bbox 2127 5074 3713 5147">
     <span class='ocr_line' id='line_1_114' title="bbox 2127 5074 3713 5147; baseline 0.003 -20"><span class='ocrx_word' id='word_1_913' title='bbox 2127 5076 2268 5127; x_wconf 85' lang='lat' dir='ltr'><strong>nimc</strong></span> <span class='ocrx_word' id='word_1_914' title='bbox 2306 5075 2503 5128; x_wconf 86' lang='lat' dir='ltr'><strong>conscii</strong></span> <span class='ocrx_word' id='word_1_915' title='bbox 2547 5074 2823 5133; x_wconf 83' lang='lat' dir='ltr'><strong>fuerimus.</strong></span> <span class='ocrx_word' id='word_1_916' title='bbox 2871 5078 2973 5131; x_wconf 78' lang='lat' dir='ltr'><strong>l’ro</strong></span> <span class='ocrx_word' id='word_1_917' title='bbox 3015 5078 3095 5131; x_wconf 60' lang='lat' dir='ltr'><strong>his</strong></span> <span class='ocrx_word' id='word_1_918' title='bbox 3134 5078 3290 5147; x_wconf 79' lang='lat' dir='ltr'><strong>igitur</strong></span> <span class='ocrx_word' id='word_1_919' title='bbox 3322 5077 3573 5132; x_wconf 71' lang='lat' dir='ltr'><strong>mtauibns</strong></span> <span class='ocrx_word' id='word_1_920' title='bbox 3608 5078 3713 5132; x_wconf 76' lang='lat' dir='ltr'><strong>ele-</strong></span> 
     </span>
    </p>
   </div>
   <div class='ocr_carea' id='block_1_115' title="bbox 2127 5166 3711 5239">
    <p class='ocr_par' dir='ltr' id='par_1_115' title="bbox 2127 5166 3711 5239">
     <span class='ocr_line' id='line_1_115' title="bbox 2127 5166 3711 5239; baseline 0.002 -20"><span class='ocrx_word' id='word_1_921' title='bbox 2127 5167 2287 5220; x_wconf 85' lang='lat' dir='ltr'><strong>ntenli</strong></span> <span class='ocrx_word' id='word_1_922' title='bbox 2330 5166 2438 5219; x_wconf 86' lang='lat' dir='ltr'><strong>Deo</strong></span> <span class='ocrx_word' id='word_1_923' title='bbox 2476 5170 2672 5237; x_wconf 81' lang='lat' dir='ltr'><strong>gratias</strong></span> <span class='ocrx_word' id='word_1_924' title='bbox 2713 5185 2969 5237; x_wconf 70' lang='lat' dir='ltr'><strong>agamus,</strong></span> <span class='ocrx_word' id='word_1_925' title='bbox 3008 5169 3097 5239; x_wconf 85' lang='lat' dir='ltr'><strong>qui</strong></span> <span class='ocrx_word' id='word_1_926' title='bbox 3139 5172 3256 5224; x_wconf 75' lang='lat' dir='ltr'><strong>vita:</strong></span> <span class='ocrx_word' id='word_1_927' title='bbox 3296 5179 3492 5225; x_wconf 72' lang='lat' dir='ltr'><strong>nostra:</strong></span> <span class='ocrx_word' id='word_1_928' title='bbox 3530 5186 3711 5223; x_wconf 85' lang='lat' dir='ltr'><strong>curam</strong></span> 
     </span>
    </p>
   </div>
   <div class='ocr_carea' id='block_1_116' title="bbox 2124 5258 3711 5329">
    <p class='ocr_par' dir='ltr' id='par_1_116' title="bbox 2124 5258 3711 5329">
     <span class='ocr_line' id='line_1_116' title="bbox 2124 5258 3711 5329; baseline 0.005 -18"><span class='ocrx_word' id='word_1_929' title='bbox 2124 5258 2281 5327; x_wconf 84' lang='lat' dir='ltr'><strong>gerit,</strong></span> <span class='ocrx_word' id='word_1_930' title='bbox 2309 5259 2396 5327; x_wconf 91' lang='lat' dir='ltr'><strong>qui</strong></span> <span class='ocrx_word' id='word_1_931' title='bbox 2428 5261 2731 5327; x_wconf 80' lang='lat' dir='ltr'><strong>parentibus</strong></span> <span class='ocrx_word' id='word_1_932' title='bbox 2759 5262 3018 5326; x_wconf 56' lang='lat' dir='ltr'><strong>providet,</strong></span> <span class='ocrx_word' id='word_1_933' title='bbox 3045 5264 3131 5329; x_wconf 84' lang='lat' dir='ltr'><strong>qui</strong></span> <span class='ocrx_word' id='word_1_934' title='bbox 3160 5262 3227 5317; x_wconf 79' lang='lat' dir='ltr'><strong>de</strong></span> <span class='ocrx_word' id='word_1_935' title='bbox 3254 5262 3431 5317; x_wconf 88' lang='lat' dir='ltr'><strong>liberis</strong></span> <span class='ocrx_word' id='word_1_936' title='bbox 3456 5274 3539 5319; x_wconf 88' lang='lat' dir='ltr'><strong>est</strong></span> <span class='ocrx_word' id='word_1_937' title='bbox 3562 5264 3711 5318; x_wconf 52' lang='lat' dir='ltr'><strong>solli.</strong></span> 
     </span>
    </p>
   </div>
   <div class='ocr_carea' id='block_1_117' title="bbox 2125 5348 3710 5422">
    <p class='ocr_par' dir='ltr' id='par_1_117' title="bbox 2125 5348 3710 5422">
     <span class='ocr_line' id='line_1_117' title="bbox 2125 5348 3710 5422; baseline 0.004 -21"><span class='ocrx_word' id='word_1_938' title='bbox 2125 5348 2280 5411; x_wconf 82' lang='lat' dir='ltr'><strong>citus,</strong></span> <span class='ocrx_word' id='word_1_939' title='bbox 2304 5358 2358 5401; x_wconf 84' lang='lat' dir='ltr'><strong>ct</strong></span> <span class='ocrx_word' id='word_1_940' title='bbox 2379 5364 2474 5417; x_wconf 87' lang='lat' dir='ltr'><strong>pro</strong></span> <span class='ocrx_word' id='word_1_941' title='bbox 2497 5359 2675 5403; x_wconf 90' lang='lat' dir='ltr'><strong>nostra</strong></span> <span class='ocrx_word' id='word_1_942' title='bbox 2698 5352 2869 5405; x_wconf 86' lang='lat' dir='ltr'><strong>salute</strong></span> <span class='ocrx_word' id='word_1_943' title='bbox 2887 5363 3072 5405; x_wconf 67' lang='lat' dir='ltr'><strong>cuncta</strong></span> <span class='ocrx_word' id='word_1_944' title='bbox 3096 5354 3347 5421; x_wconf 71' lang='lat' dir='ltr'><strong>disjmnit.</strong></span> <span class='ocrx_word' id='word_1_945' title='bbox 3376 5356 3548 5422; x_wconf 64' lang='lat' dir='ltr'><strong>Ip~um</strong></span> <span class='ocrx_word' id='word_1_946' title='bbox 3568 5356 3710 5409; x_wconf 86' lang='lat' dir='ltr'><strong>enim</strong></span> 
     </span>
    </p>
   </div>
   <div class='ocr_carea' id='block_1_118' title="bbox 2124 5437 3719 5514">
    <p class='ocr_par' dir='ltr' id='par_1_118' title="bbox 2124 5437 3719 5514">
     <span class='ocr_line' id='line_1_118' title="bbox 2124 5437 3719 5514; baseline 0.002 -23"><span class='ocrx_word' id='word_1_947' title='bbox 2124 5437 2278 5493; x_wconf 86' lang='lat' dir='ltr'><strong>decet</strong></span> <span class='ocrx_word' id='word_1_948' title='bbox 2302 5440 2486 5509; x_wconf 84' lang='lat' dir='ltr'><strong>gloria.</strong></span> <span class='ocrx_word' id='word_1_949' title='bbox 2518 5440 2708 5503; x_wconf 89' lang='lat' dir='ltr'><strong>honor,</strong></span> <span class='ocrx_word' id='word_1_950' title='bbox 2735 5450 2789 5496; x_wconf 93' lang='lat' dir='ltr'><strong>et</strong></span> <span class='ocrx_word' id='word_1_951' title='bbox 2819 5441 3083 5508; x_wconf 59' lang='lat' dir='ltr'><strong>adoratio,</strong></span> <span class='ocrx_word' id='word_1_952' title='bbox 3113 5460 3213 5498; x_wconf 79' lang='lat' dir='ltr'><strong>una</strong></span> <span class='ocrx_word' id='word_1_953' title='bbox 3240 5461 3361 5499; x_wconf 88' lang='lat' dir='ltr'><strong>cum</strong></span> <span class='ocrx_word' id='word_1_954' title='bbox 3390 5446 3543 5501; x_wconf 79' lang='lat' dir='ltr'><strong>Patre</strong></span> <span class='ocrx_word' id='word_1_955' title='bbox 3569 5447 3719 5514; x_wconf 87' lang='lat' dir='ltr'><strong>prin-</strong></span> 
     </span>
    </p>
   </div>
   <div class='ocr_carea' id='block_1_119' title="bbox 2124 5531 3717 5609">
    <p class='ocr_par' dir='ltr' id='par_1_119' title="bbox 2124 5531 3717 5609">
     <span class='ocr_line' id='line_1_119' title="bbox 2124 5531 3717 5609; baseline 0.005 -23"><span class='ocrx_word' id='word_1_956' title='bbox 2124 5531 2246 5600; x_wconf 88' lang='lat' dir='ltr'><strong>cipii</strong></span> <span class='ocrx_word' id='word_1_957' title='bbox 2272 5544 2509 5603; x_wconf 80' lang='lat' dir='ltr'><strong>experte,</strong></span> <span class='ocrx_word' id='word_1_958' title='bbox 2532 5549 2595 5588; x_wconf 92' lang='lat' dir='ltr'><strong>ac</strong></span> <span class='ocrx_word' id='word_1_959' title='bbox 2619 5543 2805 5590; x_wconf 71' lang='lat' dir='ltr'><strong>sancto</strong></span> <span class='ocrx_word' id='word_1_960' title='bbox 2824 5536 3045 5607; x_wconf 85' lang='lat' dir='ltr'><strong>Spiritu.</strong></span> <span class='ocrx_word' id='word_1_961' title='bbox 3073 5554 3211 5596; x_wconf 90' lang='lat' dir='ltr'><strong>nunc</strong></span> <span class='ocrx_word' id='word_1_962' title='bbox 3239 5549 3286 5597; x_wconf 80' lang='lat' dir='ltr'><strong>cl</strong></span> <span class='ocrx_word' id='word_1_963' title='bbox 3316 5554 3546 5609; x_wconf 69' lang='lat' dir='ltr'><strong>semper,</strong></span> <span class='ocrx_word' id='word_1_964' title='bbox 3576 5548 3631 5594; x_wconf 87' lang='lat' dir='ltr'><strong>et</strong></span> <span class='ocrx_word' id='word_1_965' title='bbox 3659 5541 3717 5594; x_wconf 77' lang='lat' dir='ltr'><strong>iu</strong></span> 
     </span>
    </p>
   </div>
   <div class='ocr_carea' id='block_1_120' title="bbox 2125 5626 2907 5685">
    <p class='ocr_par' dir='ltr' id='par_1_120' title="bbox 2125 5626 2907 5685">
     <span class='ocr_line' id='line_1_120' title="bbox 2125 5626 2907 5685; baseline 0.004 -5"><span class='ocrx_word' id='word_1_966' title='bbox 2125 5626 2318 5681; x_wconf 64' lang='lat' dir='ltr'><strong>saecula</strong></span> <span class='ocrx_word' id='word_1_967' title='bbox 2346 5628 2681 5685; x_wconf 71' lang='lat' dir='ltr'><strong>surculorum.</strong></span> <span class='ocrx_word' id='word_1_968' title='bbox 2719 5630 2907 5685; x_wconf 80' lang='lat' dir='ltr'><strong>Amen.</strong></span> 
     </span>
    </p>
   </div>
  </div>
