4164 6224
423 342 530 398 59f!

991 455 1220 512 SERMO
1258 455 1301 511 v
1343 456 1442 528 (a).

427 587 582 656 Quod
602 606 702 648 non
727 597 930 661 propter
947 588 1200 642 Adamum
1225 592 1483 659 punimur,
1504 597 1551 642 et
1571 589 1768 652 maiora
1794 602 1883 656 per
1900 601 2014 640 eum

496 681 629 737 bona
649 697 802 752 quam
829 678 966 738 mla
993 689 1110 736 sunt
1133 680 1438 750 importata,
1466 680 1512 734 si
1536 677 1678 734 nobis
1701 679 1826 748 ipsis
1849 685 2014 730 atten-

495 774 615 832 dere
634 774 936 831 voluerimus
952 789 972 828 :
991 783 1038 828 et
1060 772 1301 829 adversus
1323 789 1410 828 eos
1429 773 1516 843 qui
1541 788 1788 843 pauperes
1810 781 2014 834 preter-

493 875 634 921 81131.

493 1002 545 1058 Ι.
576 1001 680 1056 Vos
706 1001 920 1073 quidem
951 1001 1176 1058 fortasse
1208 1016 1307 1058 nos
1341 1016 1558 1057 omnem
1595 1001 1789 1071 putatis
1815 1001 1882 1055 de
1911 1000 2010 1054 do-

423 1093 626 1150 minatu
659 1093 955 1150 absolvisse
994 1108 1298 1149 sermonem
1331 1109 1349 1146 :
1377 1102 1430 1147 at
1459 1109 1558 1163 ego
1589 1093 1814 1146 multum
1842 1092 2016 1145 adhue

421 1183 478 1238 in
504 1197 574 1240 eo
601 1183 756 1239 video
789 1182 1018 1239 fructum
1059 1199 1334 1254 apparere.
1377 1182 1482 1240 Sed
1517 1199 1584 1239 ne
1612 1182 1968 1252 defatigemini
1995 1224 2010 1246 ,

420 1289 634 1346 quaeso,
671 1290 948 1346 quousque
979 1283 1146 1330 totum
1190 1276 1361 1346 ipsum
1392 1273 1836 1345 decerpserimus.
1881 1272 2012 1327 Nam

419 1377 476 1423 et
501 1365 782 1436 diligentes
820 1367 1066 1438 agricola:
1093 1383 1214 1421 cum
1246 1367 1406 1421 vitem
1438 1365 1582 1420 foliis
1607 1374 1904 1420 comantem
1935 1364 2028 1416 via»

421 1456 633 1522 derint,
663 1467 719 1512 et
747 1458 916 1512 multo
942 1457 1115 1512 fructu
1144 1465 1417 1512 oneratam
1438 1499 1453 1523 ,
1483 1472 1587 1511 non
1618 1466 1870 1512 externos
1899 1464 2015 1510 tan-

424 1559 536 1603 tum
575 1549 892 1604 abscindunt
937 1563 1218 1614 racemos,
1255 1548 1349 1605 sed
1386 1559 1440 1605 et
1483 1549 1704 1604 ulterius
1748 1548 2014 1619 progressi

424 1641 670 1710 palmites
710 1640 1085 1712 confriugunt.
1129 1653 1184 1697 et
1231 1639 1357 1696 folia
1404 1650 1692 1707 coercent,
1737 1641 1809 1696 ita
1851 1649 1909 1697 ut
1945 1657 2014 1697 ne

423 1731 627 1785 minimi
670 1731 886 1800 quidem
934 1732 1072 1788 aeiui
1117 1747 1451 1788 rauemorum
1495 1731 1775 1788 frondibus
1817 1733 2014 1789 obtecti

422 1821 639 1877 lateant.
669 1821 843 1878 Nolite
869 1823 1029 1894 igitur
1053 1824 1461 1894 ncgligentiores
1491 1825 1594 1880 illis
1621 1824 1815 1892 videri,
1843 1840 2014 1896 neque

424 1914 732 1984 priusquam
758 1923 926 1969 totum
952 1932 981 1968 a
1011 1917 1162 1970 vobis
1183 1912 1254 1970 sit
1276 1926 1552 1986 acceptum
1584 1915 1817 1973 recedite
1840 1936 1853 1972 :
1877 1935 2015 1993 prte-

421 2002 607 2058 sertim
647 2017 770 2059 cum
811 2005 962 2060 labor
999 2005 1211 2075 quidem
1255 2021 1439 2073 meus,
1482 2006 1682 2064 fructus
1723 2018 1902 2065 autem
1945 2009 2015 2064 sit

423 2103 620 2150 vester.

491 2183 596 2241 Cur
625 2185 688 2240 ob
722 2186 874 2242 unius
911 2197 1175 2258 peccatum
1204 2188 1297 2242 alii
1331 2189 1625 2258 puniantur.
1654 2221 1726 2230 —
1751 2191 2013 2247 Hesterno

419 2276 509 2332 die
550 2277 802 2333 mulieres
839 2279 1205 2332 accusavimus
1224 2320 1240 2343 ,
1270 2280 1352 2334 vel
1383 2281 1558 2350 potius
1586 2296 1689 2336 non
1723 2282 1973 2337 mulieres
1993 2326 2010 2350 ,

417 2368 512 2424 sed
559 2367 722 2423 Evam
766 2369 910 2439 quod
959 2385 1054 2439 per
1107 2381 1379 2438 peccatum
1429 2373 1739 2427 servitutem
1791 2373 2010 2429 invexit.

419 2457 668 2513 Fortasse
693 2458 873 2513 dicent
903 2460 1054 2512 nobis
1087 2460 1340 2515 mulieres
1367 2479 1380 2515 :
1409 2463 1604 2528 Quare,
1631 2476 1751 2518 eum
1777 2463 1860 2518 illa
1891 2481 2013 2534 pec-

415 2557 612 2610 casset,
643 2564 741 2603 nos
766 2549 1030 2604 damnata:
1056 2549 1277 2615 fuimus,
1299 2559 1353 2603 et
1380 2553 1535 2604 unius
1565 2567 1807 2620 persona.-
1832 2555 2011 2622 lapsus

417 2637 548 2704 fuit,
578 2639 782 2692 crimen
821 2648 1000 2694 autem
1042 2653 1204 2693 sexus
1244 2639 1450 2694 totius?
1479 2641 1591 2696 lloc
1630 2643 1790 2696 etiam
1830 2643 2012 2700 dicere

415 2729 558 2784 servi
605 2739 822 2799 possent
853 2747 869 2782 :
895 2729 1030 2796 Quid
1069 2745 1247 2785 causa:
1285 2743 1361 2786 est
1402 2746 1534 2796 cur,
1562 2748 1683 2786 eum
1713 2733 1765 2787 in
1804 2742 2008 2803 patrem

418 2821 836 2876 contumeliosus
875 2821 1062 2876 fuisset
1099 2820 1350 2875 Chanaan
1391 2820 1501 2894 (ι),
1539 2822 1605 2876 ad
1647 2832 1812 2877 totum
1843 2839 2014 2893 genus

417 2929 574 2984 poena
602 2913 888 2968 transivit?
916 2914 981 2967 Et
1006 2912 1095 2982 qtti
1123 2913 1460 2981 magistratus
1489 2915 1854 2983 reformidant,
1887 2931 2012 2986 pos—

416 3013 538 3060 seut
565 3003 802 3074 objicere
833 3021 848 3058 :
875 3001 984 3058 Cur
1011 3003 1222 3058 tandem
1249 3003 1458 3058 caeteris
1492 3005 1751 3060 scelerate
1781 3006 2010 3062 viventi-

415 3094 518 3150 bus
552 3094 652 3165 ipsi
686 3096 819 3166 jugo
850 3094 1122 3150 servitutis
1151 3093 1347 3149 addicti
1385 3095 1547 3150 sunt?
1575 3096 1710 3164 Quid
1743 3097 1901 3168 igitur
1925 3098 2010 3153 bis

415 3187 666 3243 omnibus
686 3187 1160 3259 respondebimus?
1179 3188 1448 3259 Siquidem
1471 3207 1571 3247 una
1593 3192 1858 3249 solutione
1872 3210 2012 3264 qure-

415 3278 679 3333 stionibus
707 3278 824 3334 istis
847 3280 1094 3335 omnibus
1121 3279 1343 3334 satisfiat
1375 3299 1388 3335 :
1421 3282 1624 3351 priores
1649 3285 1862 3353 quidem
1891 3285 2011 3340 illos

416 3384 670 3440 peccasse
693 3412 710 3436 ,
736 3385 799 3426 ae
825 3386 918 3425 sua
958 3373 1390 3441 praevaricatione
1417 3374 1726 3428 servitutem
1771 3376 2014 3432 introdu-

416 3461 599 3528 xisse;
631 3476 814 3516 verum
842 3461 1196 3517 introductam
1236 3463 1382 3517 illam
1421 3465 1744 3533 posteriores
1779 3469 2011 3534 peccatis

415 3552 529 3607 suis
557 3552 922 3609 confirmasse.
951 3553 1083 3608 Nam
1108 3554 1152 3608 si
1176 3553 1390 3623 quidem
1422 3563 1678 3624 perpetuo
1707 3570 1768 3611 se
1793 3565 2012 3626 possent

415 3660 446 3698 a
477 3645 708 3714 peccatis
741 3647 1006 3700 immunes
1034 3645 1356 3712 ostendere,
1382 3647 1504 3713 jure
1533 3647 1758 3704 fortasse
1795 3659 2008 3718 possent

415 3736 784 3792 contradicere
819 3751 836 3792 :
868 3736 950 3791 sin
990 3746 1170 3792 autem
1215 3739 1398 3792 multis
1442 3739 1539 3809 ipsi
1579 3754 1792 3809 quoque
1837 3743 2010 3810 ptenis

416 3839 541 3884 sunt
565 3829 803 3896 obnoxii,
835 3829 1024 3884 frustra
1058 3829 1158 3885 hac
1183 3832 1526 3886 excusatione
1552 3846 1611 3887 se
1640 3841 1871 3888 tuentur.
1899 3835 2010 3905 Ego

416 3921 558 3975 enim
597 3937 701 3976 non
735 3920 844 3976 dixi
864 3963 880 3985 ,
921 3931 1197 3991 peccatum
1221 3922 1332 3991 jam
1364 3923 1673 3978 servitutem
1703 3938 1807 3979 non
1836 3923 2007 3980 intro-

415 4015 645 4082 ducere,
671 4015 765 4072 scd
795 4029 954 4072 omne
981 4026 1255 4087 peccatum
1281 4032 1402 4071 cum
1434 4018 1689 4072 servitute
1722 4033 1842 4076 esse
1875 4034 2008 4074 con-

411 4105 675 4178 junctum,
705 4105 839 4161 etin
869 4108 1068 4176 peccati
1101 4117 1364 4170 naturam,
1392 4123 1498 4162 non
1530 4108 1582 4162 in
1611 4109 1778 4164 solam
1808 4111 2008 4180 peccati

416 4197 772 4254 differentiam
809 4212 1022 4252 causam
1063 4198 1244 4266 rt-jeci.
1281 4197 1351 4252 lit
1391 4199 1549 4268 igitur
1580 4214 1766 4255 omnes
1794 4200 2006 4270 quidem

417 4290 740 4346 incurabiles
760 4290 930 4344 morbi
960 4297 1187 4344 mortem
1211 4288 1463 4356 inferunt,
1494 4306 1598 4344 non
1621 4306 1807 4346 omnes
1831 4301 2008 4347 tamen

417 4383 656 4453 ejusdem
699 4390 828 4437 sunt
867 4393 1069 4437 ttaturzu
1101 4402 1114 4437 :
1143 4383 1221 4438 sic
1257 4392 1312 4437 et
1342 4384 1520 4437 omnia
1549 4384 1763 4453 quidem
1793 4395 2008 4454 peccata

418 4479 632 4545 pariunt
658 4476 1000 4538 servitutem,
1033 4490 1138 4529 non
1169 4483 1346 4528 tamen
1385 4474 1623 4544 ejusdem
1656 4487 1859 4531 natura:
1886 4487 2012 4533 sunt

418 4567 620 4620 omnia.
653 4566 898 4621 Peccavit
928 4567 1058 4629 Eva,
1084 4583 1205 4621 cum
1235 4567 1432 4635 lignum
1454 4569 1706 4637 gustavit,
1730 4577 1783 4623 et
1811 4570 2010 4626 idcirco

419 4657 670 4711 damnata
697 4664 798 4710 cst.
831 4657 1119 4726 Propterea
1165 4657 1272 4710 noli
1307 4665 1360 4709 tu
1397 4672 1581 4710 rursus
1609 4657 1754 4712 aliud
1783 4659 1875 4713 illo
1905 4659 2011 4714 for-

419 4759 563 4804 tasse
585 4747 822 4803 deterius
850 4756 1123 4818 peccatum
1149 4749 1502 4804 committere.
1535 4749 1645 4804 iloc
1668 4759 1722 4805 et
1747 4750 1814 4806 de
1840 4753 2009 4808 servis

417 4842 613 4898 merito
653 4839 948 4896 dixerimus
971 4882 987 4906 ,
1021 4839 1122 4896 hoc
1162 4851 1217 4896 et
1257 4843 1326 4898 de
1367 4844 1468 4899 illis
1496 4843 1584 4914 qui
1617 4845 2010 4916 magistratibus

419 4933 664 4999 subsunt,
696 4931 896 5002 primos
924 4933 1171 4986 nimirum
1201 4944 1472 5003 peccatum
1504 4935 1880 5000 introduxisse,
1916 4952 2009 5007 po.

417 5035 592 5080 steros
616 5033 796 5080 autem
819 5023 1166 5080 succedentes
1190 5024 1490 5080 dominatus
1515 5027 1760 5083 virtutem
1786 5029 1897 5083 suis
1922 5045 2008 5084 rc-

420 5115 644 5171 liuuisse
672 5115 903 5172 delictis.
936 5116 1156 5170 Possum
1185 5124 1240 5171 et
1265 5115 1366 5170 alia
1393 5116 1704 5174 defensione
1734 5121 1806 5174 uti
1832 5120 2009 5190 :quod

421 5209 572 5264 multi
601 5223 816 5281 nempe,
848 5224 968 5265 cum
997 5210 1064 5264 ad
1092 5210 1338 5266 virtutem
1368 5212 1593 5281 regressi
1621 5225 1822 5279 essent,
1854 5229 1884 5268 a
1913 5215 2010 5269 do-

421 5302 624 5357 tniuatu
655 5301 852 5358 fuerint
879 5301 1151 5359 vindicati.
1180 5303 1259 5358 Ac
1301 5303 1469 5374 prius,
1497 5301 1543 5357 si
1574 5303 1767 5372 placet,
1794 5305 1862 5361 de
1888 5323 2008 5361 ntu-

479 5458 554 5523 (u)
590 5465 640 5510 In
659 5458 829 5510 codice
843 5459 999 5522 Regio
1017 5460 1143 5510 2352
1164 5460 1270 5512 hac
1305 5461 1503 5514 “ciuilia
1526 5475 1621 5513 non
1645 5467 1696 5512 in
1732 5464 1865 5514 serie
1886 5463 2006 5515 alia-

419 5530 526 5584 rum
549 5525 757 5584 ponitur.
783 5529 837 5571 et
857 5525 1053 5584 omnino
1075 5524 1474 5584 praetermittitur.

483 5583 559 5645 (ὁ)
587 5584 672 5647 llic
703 5589 822 5647 puto
859 5583 1223 5647 mendosegponi
1246 5585 1466 5647 Chanaan
1486 5597 1574 5646 pro
1595 5586 1757 5645 chain,
1782 5595 1836 5636 ut
1858 5587 2004 5636 etiam

417 5643 466 5691 iu
491 5643 687 5693 llomilis
706 5643 1005 5701 praecedenti
1030 5643 1146 5693 adii.
1173 5646 1334 5697 Morel.
1379 5643 1565 5700 s'ed'ibi
1587 5654 1692 5699 tiss.
1714 5643 2005 5701 auctoritate

417 5659 466 5691 tu
491 5659 687 5693 nomuts
730 5659 1005 5696 iraeadem:
1030 5659 1146 5693 mit.
1173 5659 1334 5697 morer.
1379 5659 1474 5698 seu
1499 5659 1565 5700 tut
1587 5659 1692 5699 Mss.
1714 5659 2005 5701 auctoritate

863 5719 878 5756 :
902 5706 981 5757 hic
1001 5719 1099 5757 non
1137 5708 1390 5770 audemus,
1424 5723 1538 5772 quta
1583 5717 1691 5762 Mss.
1716 5713 1860 5762 etiam
1881 5711 2005 5761 (Ita-

439 5777 548 5812 tuan
572 5777 769 5815 nauem.

1203 345 1258 399 S.
1301 343 1577 398 JOANNIS
1611 337 2086 398 CllRYSOSTOlll
2137 339 2453 393 .tlltllllEP.
2497 340 3030 398 CONSTANTINOP.

3610 343 3726 399 600

2127 450 2347 506 lieribus
2372 466 2676 507 sermonem
2717 450 3070 517 instituamus,
3098 462 3157 508 ut
3186 454 3369 509 videas
3395 446 3508 524 quo
3532 467 3722 526 pacto,

2123 556 2246 595 cum
2271 541 2374 596 illis
2400 543 2605 596 vincula
2631 543 2818 597 beatus
2838 543 3032 598 Paulus
3054 543 3351 610 indidisset,
3379 548 3567 601 eadem
3597 563 3723 605 tatr-

2122 645 2212 686 sus
2241 632 2353 702 ipse
2381 631 2658 688 lasaverit.
2689 633 2749 689 Si
2775 651 2875 704 qua
2911 635 3110 702 mulier,
3140 634 3339 705 inquit,
3368 637 3528 691 cirum
3566 638 3727 692 habet

2119 722 2396 790 inﬁdelem,
2429 732 2476 778 et
2502 725 2584 778 hic
2607 726 2850 780 conseruit
2877 726 3102 781 habitare
3125 743 3240 781 cum
3267 728 3381 794 illa,
3405 746 3509 782 non
3537 731 3726 783 dium-

2123 823 2196 867 tat
2235 815 2381 869 illum
2413 815 2497 888 (Ι.
2527 814 2645 872 Cor.
2683 818 2736 870 7.
2769 818 2893 888 13).
2925 818 3037 886 Qua
3066 819 3136 874 de
3162 821 3366 875 causa?
3397 819 3544 875 Unde
3582 823 3732 877 enim

2121 905 2219 958 scis
2239 947 2254 972 ,
2287 906 2487 971 mulier,
2519 925 2588 961 an
2615 908 2777 962 uirum
2805 919 3062 963 servatura
3087 911 3156 964 sis
3189 912 3207 982 (
3232 909 3366 964 Ibid.
3399 929 3446 965 υ.
3479 912 3622 981 l6)?
3649 914 3724 970 Et

2121 1012 2232 1067 quo
2255 1005 2407 1068 pacto
2428 1041 2444 1065 ,
2476 999 2685 1069 inquit,
2719 1000 2887 1054 virum
2926 1001 3120 1071 poterit
3151 1017 3368 1058 servare
3395 1004 3628 1060 mulier?
3657 1004 3722 1062 Si

2120 1088 2330 1155 doceat,
2355 1091 2399 1145 si
2431 1091 2674 1156 instruat,
2707 1093 2750 1147 si
2779 1091 2849 1148 de
2877 1093 3132 1163 religione
3166 1110 3467 1152 sermonem
3498 1096 3734 1152 inferat.

2121 1182 2280 1250 Atqui
2317 1181 2534 1238 dicebas
2571 1183 2713 1249 heri,
2745 1183 2900 1240 beate
2938 1185 3131 1251 Paule,
3162 1185 3367 1241 Mulieri
3395 1187 3574 1243 docere
3611 1206 3722 1243 non

2121 1272 2352 1341 permitto
2384 1273 2464 1343 (Ι.
2499 1272 2630 1327 Tim.
2661 1274 2718 1330 2.
2749 1273 2867 1345 12).
2899 1276 3000 1342 Qui
3033 1275 3090 1329 fit
3120 1276 3308 1347 igitur,
3341 1287 3397 1331 ut
3426 1278 3567 1333 illam
3599 1283 3723 1336 viro

2121 1363 2426 1434 magistram
2448 1365 2738 1421 adhibeas?
2754 1365 2870 1422 Non
2892 1383 3105 1423 meeum
3123 1369 3243 1438 ipse
3261 1385 3501 1439 pugnans
3516 1371 3566 1424 id
3587 1387 3715 1442 ago,

2119 1455 2214 1509 sed
2242 1469 2450 1509 mecum
2480 1455 2636 1512 valde
2661 1457 2959 1512 consentio.
2993 1458 3127 1513 Audi
3148 1499 3162 1520 ,
3191 1475 3372 1528 quaeso
3396 1502 3411 1525 ,
3441 1468 3496 1515 et
3520 1475 3618 1515 cur
3645 1463 3720 1516 il-

2121 1547 2225 1602 lam
2255 1546 2541 1618 dejeeerit,
2573 1556 2630 1604 et
2655 1563 2752 1605 cur
2779 1564 2962 1605 rursus
2990 1550 3058 1603 ad
3085 1550 3372 1622 magisterii
3401 1553 3718 1608 cathedram

2122 1637 2265 1692 illam
2294 1639 2551 1707 evexerit,
2575 1649 2632 1695 ut
2661 1640 2808 1695 Pauli
2837 1641 3149 1711 sapientiam
3177 1643 3370 1698 discas.
3403 1643 3587 1698 Doceat
3614 1648 3713 1709 vir,

2123 1729 2308 1799 inquit.
2339 1731 2476 1798 Quid
2507 1731 2616 1786 ita?
2640 1731 2841 1804 Quippe
2863 1735 2951 1803 qui
2984 1733 3218 1789 seductus
3243 1752 3342 1788 non
3370 1738 3434 1789 sit
3460 1740 3476 1806 (
3499 1739 3543 1790 l.
3570 1736 3713 1792 Tim.

2118 1817 2174 1874 Ξ.
2220 1820 2339 1890 is).
2377 1820 2543 1876 Adam
2577 1823 2742 1889 enim,
2777 1823 2980 1893 inquit,
3011 1840 3112 1879 non
3147 1835 3221 1880 est
3248 1826 3501 1881 seductus.
3538 1827 3719 1882 Discat

2119 1909 2323 1978 mulier,
2359 1911 2548 1982 inquit.
2585 1913 2722 1979 Quid
2756 1913 2861 1968 ita?
2886 1914 3086 1984 Quippe
3111 1931 3227 1981 quas
3252 1917 3457 1970 seducta
3483 1920 3568 1971 sit.
3597 1919 3718 1973 Mu-

2120 2002 2220 2058 lier
2259 2005 2400 2059 enim
2443 2004 2663 2060 seducta
2711 2005 2764 2060 in
2811 2007 3246 2076 praevaricatione
3291 2008 3406 2063 fuit.
3448 2009 3542 2065 Hic
3581 2026 3717 2066 vero

2119 2096 2443 2148 contrarium
2483 2095 2749 2151 videmus.
2789 2097 2919 2152 Cum
2956 2098 3098 2153 enim
3133 2099 3210 2154 vir
3246 2099 3406 2156 fuerit
3445 2103 3711 2170 infidelis,

2120 2189 2310 2244 mulier
2345 2199 2523 2243 autem
2563 2189 2733 2245 ﬁdelis
2756 2232 2771 2256 ,
2819 2191 3015 2246 Doceat
3037 2233 3052 2252 .
3094 2193 3300 2263 inquit,
3330 2195 3537 2250 mulier.
3565 2196 3708 2262 Quid

2120 2277 2224 2333 ita?
2253 2278 2384 2346 Quia
2414 2279 2630 2334 seducta
2663 2295 2767 2335 non
2799 2290 2901 2345 est,
2930 2296 3051 2338 eum
3079 2283 3149 2338 sit
3178 2284 3368 2340 fidelis.
3405 2286 3580 2341 Discat
3610 2288 3710 2357 igi-

2119 2376 2204 2422 tur
2230 2369 2330 2434 vir,
2357 2368 2478 2439 quia
2505 2370 2757 2424 seductus
2785 2380 2885 2436 est,
2914 2387 3035 2426 cum
3063 2373 3133 2428 sit
3171 2373 3420 2430 infidelis.
3447 2376 3708 2431 Commu-

2119 2469 2240 2514 tata:
2260 2471 2381 2514 sunt
2399 2459 2627 2515 doctndi
2647 2462 2790 2517 vices
2815 2479 2830 2518 :
2853 2473 3252 2520 commuteutur
3267 2467 3426 2520 etiam
3451 2467 3710 2537 deinceps

2117 2551 2261 2606 vices
2301 2551 2629 2609 dominandi.
2675 2553 2866 2620 Vides,
2904 2570 3012 2624 quo
3051 2566 3204 2625 pacto
3241 2557 3438 2629 ubique
3473 2561 3708 2616 ostendit

2117 2643 2424 2697 servitutem
2457 2658 2560 2697 non
2593 2656 2865 2713 na’uram,
2897 2646 2990 2702 sed
3020 2647 3386 2717 deceptionem
3421 2660 3474 2705 et
3512 2667 3707 2721 pecca-

2118 2741 2228 2788 tum
2268 2734 2459 2805 sequi?
2489 2735 2641 2789 Venit
2681 2736 2838 2805 igitur
2861 2737 2927 2792 ad
2960 2739 3236 2794 mulierem
3264 2740 3339 2796 ab
3370 2741 3520 2795 initio
3542 2742 3706 2798 dccc-

2117 2825 2250 2895 ptio,
2273 2834 2492 2896 sequuta
2519 2835 2602 2882 est
2625 2827 2886 2895 subjectio
2909 2828 3276 2900 deceptionem
3303 2835 3708 2903 :eonunigravit

2114 2917 2182 2972 ad
2208 2917 2378 2972 virum
2407 2917 2602 2974 deinde
2626 2919 2902 2989 deecptio,
2931 2922 3299 2992 commigravit
3330 2939 3542 2994 quoque
3578 2926 3708 2979 sub-

2110 3011 2295 3082 jectio.
2321 3011 2386 3066 Et
2409 3011 2548 3066 sicut
2576 3011 2627 3067 in
2655 3011 2914 3082 principio
2941 3013 3176 3068 mulieris
3201 3015 3427 3068 salutem
3459 3016 3576 3070 viro
3597 3032 3708 3070 cre-

2114 3101 2282 3172 didit,
2307 3104 2430 3174 quia
2458 3103 2710 3161 sedsctus
2746 3119 2852 3158 non
2882 3115 2998 3161 erat
3018 3145 3038 3172 ,
3063 3106 3141 3161 sic
3176 3107 3360 3162 dicens
3383 3148 3396 3170 ,
3426 3107 3508 3162 Ad
3541 3110 3707 3163 simu

2115 3196 2370 3250 conversio
2393 3206 2510 3260 tua,
2543 3207 2589 3249 et
2613 3197 2722 3266 ipse
2747 3198 2818 3249 tui
2843 3196 3183 3252 dominabitur
3207 3196 3356 3270 (Gen.
3385 3200 3438 3254 5.
3469 3200 3556 3266 l6)
3586 3220 3598 3252 :
3627 3202 3709 3256 sic

2113 3289 2274 3344 etiam
2313 3288 2416 3344 hoe
2447 3289 2564 3343 loco
2596 3303 2716 3342 cum
2755 3299 2898 3345 esset
2925 3289 3118 3345 mulier
3143 3291 3313 3346 fidelis
3335 3331 3350 3357 ,
3383 3307 3502 3362 qua:
3530 3295 3705 3349 virum

2116 3381 2340 3438 haberet
2376 3381 2676 3448 infidelem,
2707 3383 2932 3438 salutem
2971 3384 3069 3438 viri
3113 3384 3321 3439 mulieri
3360 3385 3585 3441 credidit
3620 3387 3707 3442 bis

2117 3474 2298 3530 verbis
2321 3483 2475 3530 utens
2503 3489 2520 3529 :
2550 3472 2699 3529 Unde
2722 3475 2854 3528 enim
2878 3476 2994 3539 scis,
3027 3477 3229 3543 mulier,
3257 3493 3322 3530 an
3349 3478 3510 3531 uirum
3536 3495 3707 3532 serra-

2117 3575 2232 3620 tura
2257 3567 2363 3621 sis?
2380 3565 2517 3634 Quid
2543 3566 2642 3621 hac
2669 3565 2785 3621 fieri
2810 3566 3265 3622 demonstratione
3283 3569 3479 3623 clarius
3506 3580 3704 3639 potest,

2115 3668 2174 3713 ut
2199 3660 2506 3714 servitutem
2533 3666 2741 3713 constet
2764 3673 2869 3712 non
2897 3668 3137 3714 naturam
3157 3662 3434 3731 consequi,
3457 3662 3549 3716 sed
3580 3676 3704 3731 pec-

2114 3751 2337 3806 catum?
2381 3749 2494 3806 iloc
2535 3750 2605 3806 de
2651 3751 2822 3804 servis
2862 3765 3075 3820 quoque
3118 3751 3222 3806 dici
3274 3763 3465 3820 potest.
3514 3753 3705 3808 Servus

2115 3855 2318 3898 vocatus
2350 3843 2445 3897 es?
2475 3841 2597 3897 Non
2623 3842 2690 3896 sit
2718 3842 2807 3896 tibi
2839 3859 2974 3898 cura:
2998 3843 3016 3913 (
3036 3845 3083 3897 l.
3112 3843 3230 3898 Cor.
3260 3845 3314 3899 7.
3342 3845 3402 3900 2i
3434 3849 3468 3917 ).
3507 3847 3666 3901 Vides
3685 3888 3700 3910 ,

2115 3945 2173 3991 ut
2198 3951 2381 3991 rursus
2409 3935 2608 3990 nudum
2634 3950 2755 3991 esse
2780 3949 2974 3992 nomen
3000 3937 3270 3991 servitutis
3291 3937 3554 4000 ostendat.
3578 3956 3702 3994 cum

2114 4025 2283 4080 virtus
2309 4023 2570 4080 adfuerit?
2597 4024 2704 4079 Sed
2721 4034 2770 4078 et
2793 4027 2836 4079 si
2863 4035 3005 4096 potes
3027 4026 3140 4095 ﬁeri
3167 4027 3310 4091 liber,
3340 4031 3500 4099 magis
3519 4038 3658 4084 utere
3683 4045 3705 4084 :

2116 4116 2219 4170 hoc
2247 4124 2348 4176 est,
2383 4115 2643 4170 Permane
2680 4116 2856 4184 potius
2885 4115 2936 4170 in
2966 4116 3242 4171 servitute.
3275 4117 3442 4184 Quam
3472 4117 3542 4172 ob
3570 4132 3701 4172 cau-

2115 4207 2270 4261 sam?
2300 4206 2402 4280 Qui
2427 4207 2560 4260 enim
2586 4207 2639 4260 in
2672 4205 2894 4260 Domino
2928 4217 3130 4262 vocatus
3160 4218 3232 4262 est
3257 4223 3461 4274 servus,
3496 4210 3704 4264 libertus

2115 4308 2186 4352 cst
2211 4297 2417 4352 Domini
2442 4297 2603 4365 (Ibid.
2627 4313 2675 4350 υ.
2700 4297 2815 4368 22).
2845 4297 3006 4352 Vides
3031 4299 3246 4354 nomine
3268 4299 3385 4354 solo
3407 4311 3560 4355 tenus
3579 4316 3703 4357 es~e

2115 4389 2444 4450 servitutem,
2476 4403 2537 4444 re
2561 4397 2738 4442 autem
2767 4389 2876 4458 ipsa
2905 4390 3200 4446 libertatem
3223 4390 3248 4445 ?
3273 4390 3382 4445 Cur
3409 4407 3566 4462 porro
3587 4407 3704 4447 scr-

2115 4495 2239 4534 vum
2267 4493 2484 4533 manere
2519 4480 2794 4548 permisit?
2819 4479 2888 4537 Ut
2927 4481 3186 4537 libertatis
3225 4485 3579 4552 praestantiam
3605 4499 3701 4538 co-

2112 4584 2422 4640 gnosceres.
2457 4569 2588 4624 Nam
2628 4571 2765 4625 sicut
2798 4573 2964 4626 multo
3001 4573 3172 4643 majus
3209 4589 3272 4628 ac
3309 4573 3494 4642 majori
3533 4576 3702 4628 atlmi-

2114 4662 2320 4716 ratione
2357 4661 2573 4732 dignum
2617 4671 2701 4717 est
2745 4661 2910 4717 illaesa
2954 4677 3170 4719 servare
3211 4666 3370 4718 trium
3418 4680 3701 4732 puerorum

2113 4767 2338 4824 corpora
2370 4765 2617 4809 manente
2647 4753 2861 4811 fornace
2885 4797 2900 4822 ,
2931 4772 3090 4826 quam
3131 4756 3272 4811 illam
3312 4757 3654 4826 exstinguere
3686 4775 3700 4809 :

2113 4845 2192 4899 sic
2230 4844 2396 4898 multo
2436 4845 2608 4913 majus
2643 4855 2700 4900 et
2735 4845 3101 4902 admirabilius
3138 4856 3258 4914 est,
3291 4862 3450 4918 quam
3492 4848 3705 4903 solvere

2113 4937 2422 4992 servitutem
2443 4979 2458 5003 ,
2499 4948 2748 4994 manente
2787 4939 2870 4993 illa
2912 4939 3209 4995 libertatem
3239 4939 3546 4996 ostendere.
3577 4939 3707 4993 ideo

2113 5029 2247 5084 dixit
2268 5046 2284 5086 :
2305 5028 2374 5083 Et
2395 5031 2438 5084 si
2469 5039 2609 5100 potes
2627 5025 2749 5100 ﬁeri
2772 5031 2914 5095 liber,
2939 5034 3100 5102 magis
3127 5042 3305 5094 utere;
3334 5031 3433 5085 hoc
3455 5041 3558 5096 est,
3578 5031 3706 5086 Scr—

2114 5135 2212 5176 vus
2237 5135 2393 5176 mane
2423 5136 2439 5177 :
2464 5121 2798 5176 verissimam
2827 5125 2970 5177 enim
3002 5121 3244 5190 possides
3273 5123 3593 5178 libertatem.

2181 5212 2237 5266 2.
2270 5212 2430 5268 Visne
2449 5214 2500 5267 in
2524 5213 2922 5284 magistratibus
2945 5213 3107 5269 etiam
3137 5214 3276 5269 istud
3303 5217 3567 5272 cernere‘l
3591 5217 3707 5272 Rex

2113 5303 2212 5360 fuit
2243 5302 2755 5369 Nabuchodonosor,
2796 5305 2885 5377 qui
2919 5304 3189 5362 fornacem
3221 5323 3378 5377 quam
3407 5307 3705 5363 vehemen-

2115 5396 2321 5452 tissime
2344 5397 2548 5452 curavit
2589 5397 2845 5462 accendi,
2886 5412 2949 5453 ac
2986 5406 3094 5454 tres
3135 5413 3331 5468 pueros
3369 5399 3421 5452 iu
3468 5398 3704 5452 medium

2113 5484 2326 5551 adduci,
2358 5486 2597 5556 iuvenes,
2641 5486 2907 5554 desertos,
2958 5489 3104 5542 omni
3147 5489 3348 5542 auxilio
3391 5487 3703 5546 destitutos.

2115 5591 2322 5644 servos,
2366 5577 2625 5648 captivos,
2657 5587 2920 5632 extorres.
2951 5577 3018 5632 Et
3041 5576 3167 5648 quid
3198 5578 3312 5632 ait?
3353 5576 3416 5632 Si
3448 5593 3578 5641 rere,
3605 5577 3703 5631 Se.

2115 5669 2262 5736 drac,
2297 5670 2479 5733 .llt'sac,
2519 5668 2816 5740 Abdettago,
2838 5670 2958 5724 deos
2987 5686 3123 5724 meos
3146 5687 3247 5723 non
3275 5671 3461 5734 colitis,
3494 5679 3540 5723 et
3568 5670 3702 5722 inta-

2115 5764 2282 5833 gt'nctu
2311 5778 2514 5817 auream
2539 5776 2690 5832 quam
2726 5761 2882 5815 statui
2911 5779 3009 5816 non
3047 5762 3270 5820 adoratis
3292 5761 3451 5838 (Dan.
3482 5764 3534 5818 3.
3575 5763 3707 5828 li)?
