4134 6214
414 338 520 395 599

1067 447 1283 503 ΛΟΓΟΣ
1310 446 1382 501 E'.

418 600 543 659 ὀτι
575 603 647 658 οὐ
677 601 774 654 διὰ
801 599 906 652 τὸν
951 597 1131 668 Ἀδὰμ
1163 596 1527 668 κολαζόμεθα
1547 635 1563 657 ,
1597 595 1696 648 καί
1720 594 1821 668 θὸτι
1856 591 1987 668 μεὶ-

480 673 617 735 ζονα
650 668 768 726 τῶν
807 669 880 722 δι’
928 661 1164 722 ἐκείνου
1202 661 1662 734 είσενὲχθέντων
1695 661 1981 735 λυπηρῶν

482 730 554 797 τὰ
587 740 835 809 χρηστὰ,
864 738 973 809 ἐὰν
1004 736 1236 809 ἑαυτοῖς
1264 730 1680 809 προσέχωμεν·
1705 733 1801 786 καὶ
1832 730 1982 785 κατὰ

481 804 1116 879 τῶνῖῖτάρατρεχόντων
1137 806 1278 873 τοὺς
1305 804 1586 872 πένητας.

481 984 550 1031 α’,
568 975 756 1045 Ὑμεῖς
775 973 873 1044 μέν
888 973 1017 1036 ἴσως
1028 970 1274 1042 νομίζετε
1299 971 1388 1025 τὸν
1403 970 1532 1041 περὶ
1549 971 1647 1040 τῆς
1667 967 1986 1029 δεσποτείας

410 1066 545 1135 ἡμῖν
580 1064 795 1119 ἁπαντα
848 1059 1180 1132 ἀπηρτίσθαι
1229 1059 1387 1127 λόγον
1417 1074 1431 1090 ·
1473 1056 1582 1126 ἐγὼ
1611 1057 1668 1110 δὲ
1695 1056 1774 1110 ἔτι
1817 1055 1984 1108 πολὺν

409 1153 521 1220 ὁρῶ
550 1152 640 1205 τὸν
669 1148 880 1220 καρπὸν
910 1149 968 1200 ἐν
997 1145 1146 1216 αύτῷ
1171 1145 1512 1215 φαινόμενον.
1551 1143 1712 1196 Ἀλλά
1746 1142 1820 1213 μὴ
1847 1143 1985 1195 ἁπο-

409 1240 622 1308 κάμητε
641 1277 657 1300 ,
699 1232 1001 1306 παρακαλῶ
1024 1273 1040 1296 ,
1072 1233 1177 1296 ἕως
1210 1231 1371 1286 αὐτόν
1395 1233 1612 1286 ἅπαντα
1639 1231 1987 1301 ἐκτρυγήσω-

412 1343 531 1395 μεν.
565 1325 673 1379 Καὶ
701 1324 808 1394 γάρ
848 1323 900 1375 οἱ
931 1321 1206 1390 φιλόπονοι
1230 1319 1337 1372 τῶν
1359 1318 1618 1390 γεωργῶν
1655 1319 1780 1372 ὅταν
1807 1318 1985 1370 ίδωσιν

407 1413 650 1482 ἄμπελον
686 1411 899 1472 πολλοῖς
934 1409 1032 1479 μὲν
1064 1411 1176 1471 τοῖς
1207 1408 1422 1476 φύλλοις
1457 1407 1716 1477 κομῶσαν
1739 1449 1752 1470 ,
1804 1404 1986 1475 πολλῷ

409 1500 463 1553 δὲ
492 1499 567 1569 τῷ
593 1498 791 1570 καρπῷ
824 1496 1148 1569 βριθομένην
1175 1536 1188 1559 ,
1219 1495 1340 1564 οὐχὶ
1373 1496 1498 1557 τοὺς
1530 1493 1726 1558 ἔξωθεν
1756 1493 1986 1563 βότρυας

409 1588 731 1657 ἐπιτέμνουσι
786 1584 944 1655 μόνον
968 1622 984 1646 ,
1028 1581 1163 1635 ἀλλά
1205 1582 1299 1635 καὶ
1343 1580 1602 1649 ἐνδοτέρω
1642 1580 1874 1650 χωροῦσι
1917 1578 1986 1632 τά

412 1674 668 1743 κλήματα
704 1669 1078 1733 ἁνακλῶυτες,
1111 1668 1204 1720 καὶ
1233 1667 1302 1720 τὰ
1335 1667 1509 1737 φύλλα
1541 1665 1983 1730 ἀναστέλλοντες,

411 1762 552 1815 ὥστε
574 1759 709 1832 μηδὲ
736 1755 941 1830 μικράς
958 1755 1232 1825 σταφυλῆς
1267 1757 1440 1826 ῥᾶγας
1467 1755 1572 1807 ὑπὸ
1598 1756 1711 1816 τοῖς
1737 1755 1988 1818 πετάλοις

413 1847 797 1918 κρυπτομένας
854 1845 1057 1898 λαθεῖν.
1123 1842 1214 1914 Μὴ
1264 1843 1440 1896 τοίνυν
1502 1843 1726 1895 ἐκείνων
1781 1842 1986 1911 φανῆτε

413 1934 792 2007 ῥᾳθυμὰτεροι,
827 1931 961 2001 μηδὲ
989 1930 1282 2000 ἀποστῆτε,
1320 1928 1425 1992 ἕως
1455 1928 1522 1982 ἂν
1545 1929 1606 1981 τὸ
1633 1929 1742 1981 πᾶν
1763 1927 1983 1996 λάϐητεο

413 2023 506 2076 καὶ
535 2021 794 2092 μάλιστα,
810 2018 893 2072 ὃτι
913 2019 942 2072 6
969 2017 1069 2088 μὶν
1088 2016 1246 2079 πόνος
1277 2015 1429 2086 ἐμὸς,
1463 2017 1493 2068 6
1524 2014 1581 2068 δέ
1611 2015 1824 2088 καρπὸς
1853 2015 1989 2085 ύμέέ

412 2121 468 2158 τε
476 2121 588 2176 ρος.

483 2259 953 2330 Κατηγορήσαμεν
977 2256 1103 2328 χθὶς
1123 2257 1230 2311 τῶν
1252 2256 1547 2326 γυναικῶν,
1573 2256 1771 2327 μᾶλλον
1795 2257 1849 2310 δὲ
1869 2257 1990 2326 οὐχὶ

411 2346 519 2399 τῶν
548 2345 842 2414 γυναικῶν,
873 2343 1008 2397 ἀλλὰ
1034 2347 1134 2415 τῆς
1157 2343 1320 2407 Εὔας,
1353 2347 1433 2398 ὅτι
1466 2344 1557 2398 διά
1585 2346 1684 2416 τῆς
1717 2345 1990 2415 ἁμαρτίας

411 2434 510 2505 τὴν
557 2432 800 2488 δουλείαν
850 2433 1164 2504 εἰσήγαγεν.
1222 2432 1441 2485 Εῖποιεν
1499 2432 1565 2486 ἂν
1623 2433 1679 2485 αί
1733 2435 1990 2501 γυναῖκες

419 2523 545 2594 ἡμῖν
575 2519 756 2584 ’Τίνος
787 2513 883 2573 οὖν
914 2519 1119 2584 ἕνεκεν,
1146 2519 1360 2590 ἐκείνης
1388 2519 1803 2591 ἁμαρτησάσης,
1832 2521 1990 2589 ἡμεῖς

416 2604 928 2676 κατεδικάσθημεν,
981 2605 1074 2658 καὶ
1119 2604 1180 2657 τὸ
1229 2605 1326 2674 μὲν
1374 2605 1726 2675 παράπτωμα
1773 2605 1991 2672 γέγονεν

415 2693 533 2756 ἐνὸς
568 2690 897 2764 προσώπου,
933 2689 993 2744 τδ
1032 2689 1088 2742 δὲ
1130 2690 1382 2761 ἔγκλημα
1421 2690 1597 2743 κοινὸν
1640 2691 1740 2760 τῆς
1779 2691 1992 2759 φύσεως

420 2779 668 2850 ἁπάσηςς
703 2778 874 2832 Τοῦτο
900 2777 994 2832 καὶ
1015 2775 1188 2831 δοῦλοι
1215 2776 1417 2850 είποιεν
1440 2776 1504 2830 ἄν
1524 2788 1537 2800 '
1565 2775 1630 2830 Τί
1653 2778 1873 2847 δήποτε,
1896 2776 1990 2831 τοῦ

417 2865 640 2921 Χαναὰν
674 2865 754 2929 είς
805 2865 895 2918 τὸν
944 2865 1156 2934 πατέρα
1182 2863 1500 2934 ὑϐρίσαντος
1525 2904 1540 2927 ,
1571 2863 1640 2916 τά
1689 2863 1787 2931 τῆς
1821 2881 1992 2931 τιμω-

418 2954 540 3026 ρίας
568 2954 649 3017 είς
681 2952 828 3006 ἁπαν
852 2951 1001 3022 διέϐη
1035 2951 1094 3005 τὸ
1122 2951 1305 3020 γένοςς
1342 2951 1452 3005 Καὶ
1494 2952 1543 3005 οἱ
1577 2952 1702 3015 τοὺς
1728 2951 1994 3022 ἄρχοντας

414 3038 476 3093 δέ
507 3037 828 3109 φοϐούμενοι
849 3038 1007 3092 τοῦτο
1031 3037 1096 3092 ἂν
1121 3037 1456 3091 αἰτιάσαιντο
1478 3052 1494 3068 ·
1519 3036 1584 3090 Τί
1607 3037 1808 3105 δήποτε
1829 3078 1843 3096 .
1882 3038 1996 3091 ἐτέ-

417 3144 527 3198 ρων
549 3126 608 3179 ἐν
636 3125 870 3196 πονηρία
892 3125 1192 3194 ζησάντων,
1217 3124 1374 3179 αὐτοὶ
1400 3123 1479 3194 τῷ
1513 3121 1663 3195 ζυγῷ
1690 3127 1788 3195 τῆς
1821 3124 1995 3195 ἀρχῆς

421 3211 824 3286 παρεδόθησαν;
851 3212 917 3264 Τί
941 3207 1034 3264 οὖν
1060 3211 1128 3265 ἂν
1152 3211 1398 3281 εῖποιμεν
1431 3211 1594 3282 ἡμεῖς
1623 3210 1758 3281 πρὸς
1777 3211 1996 3274 τούτους

418 3301 698 3364 ᾶπανταςς
724 3299 839 3354 Μία
863 3297 972 3370 γὰρ
999 3297 1152 3352 ἔσται
1175 3298 1392 3354 πάντων
1418 3297 1748 3368 ζητημάτων
1770 3300 1802 3369 ἡ
1821 3297 1991 3362 λύσις·

415 3387 498 3442 ὅτι
525 3389 774 3458 ἥμαρτον
799 3386 899 3457 μὲν
918 3387 969 3440 οί
997 3385 1273 3457 πρότεροι,
1292 3385 1386 3438 καὶ
1417 3383 1505 3438 διὰ
1521 3383 1621 3454 τῆς
1651 3383 1858 3446 οίκείας
1892 3401 1996 3438 παο

420 3475 623 3547 ρακοῆς
670 3473 770 3544 τὴν
818 3471 1061 3527 δουλείαν
1111 3472 1403 3541 εἰσήγαγον
1432 3487 1445 3500 ·
1483 3469 1828 3540 είσαχθεῖσαν
1856 3471 1913 3524 δὲ
1945 3472 1996 3524 οἱ

421 3561 574 3634 [665]
605 3559 744 3631 μετὰ
766 3557 941 3612 ταῦτα
968 3560 1089 3621 ταῖς
1116 3559 1245 3629 παρ’
1280 3556 1486 3610 ἑαυτῶν
1518 3557 1802 3628 ἐκύρωσαν
1829 3559 1999 3630 ἀμαρ-

419 3649 583 3712 τίαις.
628 3645 694 3700 Et
739 3646 836 3716 μὲν
877 3644 986 3713 γάρ
1024 3644 1198 3714 ἔχοιεν
1240 3644 1468 3702 ἑαυτοὺς
1503 3643 1672 3708 δεῖξαι
1709 3644 1998 3706 διαπαντὸς

422 3731 833 3804 ἁμαρτημάτων
877 3730 1034 3792 ὄντας
1079 3729 1350 3800 καθαροὺς
1371 3768 1386 3789 ,
1439 3728 1569 3794 ῖσως
1611 3731 1677 3784 ἂν
1708 3729 1792 3800 εἴη
1815 3731 1999 3795 αὐτοῖς

423 3819 606 3882 καλῶς
655 3818 830 3872 δοκεῖν
879 3815 1180 3884 ἀντιλέγειν
1207 3830 1220 3843 ·
1251 3816 1299 3868 εί
1342 3815 1398 3868 δὲ
1440 3815 1536 3869 καὶ
1579 3817 1734 3870 αὐτοὶ
1784 3816 1999 3881 πολλοῖς

423 3907 561 3960 εἰσιν
584 3903 878 3974 ἐπιτιμίοις
904 3901 1217 3966 ὑπεύθυνοι,
1241 3901 1470 3974 περιττά
1498 3903 1565 3956 τὰ
1586 3904 1685 3974 τῆς
1707 3903 2000 3968 ἀπολογίας

421 3994 624 4065 ταύτης
668 3993 836 4046 ἐστίν.
895 3990 1036 4060 Ἐγὼ
1063 3991 1174 4063 γὰρ
1203 3991 1303 4045 οὑκ
1338 3986 1528 4054 εἷπον,
1573 3991 1656 4044 ὅτι
1708 3991 1808 4063 ῆδη
1841 3991 1998 4063 μένή

423 4079 667 4153 ἁμαρτία
685 4080 927 4134 δουλείαν
949 4079 1048 4134 οὐκ
1078 4079 1306 4147 είσάγει,
1337 4077 1448 4132 ἀλλ’
1479 4080 1561 4132 ὅτι
1587 4080 1735 4132 πᾶσα
1759 4079 2001 4153 ἁμαρτία

422 4166 634 4240 δουλείᾳ
661 4165 1132 4238 συγκεκληρωται,
1167 4164 1260 4218 καὶ
1290 4163 1452 4235 φύσιν
1481 4163 1774 4236 ἁμαρτίας,
1804 4165 1864 4217 ού
1887 4165 2002 4218 δια-

426 4256 600 4327 φορὰν
622 4253 889 4324 ἁμαρτίας
909 4251 1220 4324 ᾐτιασάμην
1245 4248 1421 4322 μόνον.
1443 4251 1653 4322 Ὠσπερ
1675 4247 1766 4304 οὖν
1789 4251 2001 4305 ἅπαντα

430 4348 528 4414 μὲν
580 4347 650 4400 τά
705 4345 899 4398 ἀνίατα
959 4344 1242 4414 νοσήματα
1297 4343 1376 4406 είς
1433 4341 1661 4397 θάνατον
1701 4342 1860 4411 ἀγει,
1907 4341 2004 4413 οὐχ

429 4435 644 4490 ἅπαντα
691 4435 747 4489 δέ
797 4435 896 4504 τῆς
942 4434 1110 4504 αὐτῆς
1155 4435 1269 4487 ἐστι
1320 4432 1532 4502 φύσεως
1565 4450 1578 4463 ο
1609 4432 1751 4486 οὕτω
1799 4434 1894 4486 καὶ
1937 4432 2006 4486 τὰ

431 4529 802 4600 ἁμαρτήματα
828 4529 1041 4582 ἅπαντα
1066 4527 1165 4598 μὲν
1186 4526 1428 4581 δουλείαν
1457 4527 1650 4592 τίκτει,
1666 4528 1765 4598 ούχ
1792 4527 2006 4582 ἁπαντα

426 4620 485 4673 δέ
515 4619 612 4688 τῆς
642 4617 812 4687 αὐτῆς
840 4619 954 4671 ἐστι
992 4617 1226 4686 φύσεως.
1259 4618 1544 4689 Ἤμαρτεν
1562 4620 1594 4688 ἡ
1614 4617 1725 4672 Εὕα
1753 4618 2005 4689 ἁψαμένη

433 4705 525 4760 τοῦ
579 4704 770 4772 ξύλου,
819 4705 913 4757 καὶ
960 4703 1255 4773 κατεκρίθη
1305 4703 1371 4756 δι’
1422 4704 1573 4758 αὑτό.
1617 4705 1715 4757 Διὰ
1740 4702 1898 4758 τοῦτο
1931 4705 2006 4775 μὴ

432 4793 754 4864 ἁμαρτήσῃς
791 4789 854 4842 σὺ
886 4789 1046 4842 πάλιν
1077 4788 1267 4858 ἐτέραν
1298 4789 1428 4852 ἴσως
1474 4790 1687 4861 ἐκείνης
1734 4791 2009 4862 ἁμαρτίαν

432 4883 839 4955 χαλεπωτέραν.
869 4881 1040 4935 Τοῦτο
1066 4879 1160 4932 καὶ
1185 4879 1405 4932 ἐπὶτῶν
1419 4879 1619 4935 δούλων
1641 4881 1788 4946 ἄξιον
1810 4884 2008 4946 εἰπεῖν,

434 4974 590 5028 τοῦτο
620 4975 714 5029 καὶ
755 4975 846 5028 ἐπὶ
884 4973 992 5027 τῶν
1028 4970 1344 5042 ἀρχομένων
1368 5011 1382 5034 ,
1408 4972 1490 5024 ὃτι
1519 4973 1809 5042 είσήγαγον
1837 4974 1934 5043 μέν
1961 4974 2010 5027 οί

437 5065 641 5138 πρῶτοι
669 5065 767 5136 τὴν
798 5064 1094 5136 ἁμαρτίαν,
1118 5064 1168 5115 οί
1195 5062 1250 5115 δὲ
1285 5061 1400 5132 μετ’
1432 5063 1673 5126 ἐκείνους
1691 5063 2009 5133 διαδεξάμε-

435 5177 518 5212 νοι
573 5157 835 5228 κατέσχον
884 5157 981 5226 τῆς
1040 5153 1358 5218 δεσποτείας
1408 5153 1507 5225 τὴν
1559 5154 1784 5227 δύναμιν
1827 5156 1894 5208 δι’
1939 5148 2014 5208 ὧν

435 5249 882 5322 ἐπλημμέλησαν.
911 5249 1059 5317 Ἐχω
1080 5248 1175 5302 καὶ
1206 5247 1406 5318 ἑτέρως
1435 5245 1905 5314 ἀπολογήσασθαι·
1932 5247 2013 5300 ὅτι

436 5341 775 5414 πολλοὶπρὸς
802 5338 1000 5411 ἀρετὴν
1026 5339 1408 5401 ἐπανελθόντες
1431 5377 1445 5400 .
1485 5337 1876 5408 ἀπηλλάγησαν
1916 5339 2014 5408 τῆς

436 5431 773 5493 δεσποτείας.
829 5429 937 5481 Καὶ
965 5428 1254 5497 πρότερον,
1290 5429 1337 5481 εί
1369 5426 1544 5489 δοκεῖ,
1574 5427 1665 5479 ἐπὶ
1694 5427 1804 5479 τῶν
1829 5443 2014 5494 γυναι-

441 5521 553 5576 κῶν
580 5523 670 5573 τὸν
698 5519 854 5587 λόγον
875 5517 1241 5588 γυμνάσωμεν
1261 5559 1273 5578 ,
1311 5518 1376 5570 ἵν’
1411 5517 1526 5589 ἴδῃς
1552 5518 1668 5580 πῶς
1692 5520 1722 5570 6
1746 5519 2014 5588 μακάριος

443 5612 650 5674 Παῦλος
674 5651 688 5670 .
721 5612 750 5664 6
782 5609 1023 5680 περιθεὶς
1059 5608 1250 5672 αὑταῖς
1289 5608 1358 5662 τά
1405 5607 1580 5678 δεσμὰ
1602 5648 1617 5670 ,
1667 5609 1829 5672 αὐτὸς
1873 5609 2014 5662 αύτὰ

447 5702 602 5755 πάλιν
631 5701 815 5765 ἀνῆκε.
848 5700 918 5755 ει
949 5717 1035 5765 τις
1074 5698 1248 5768 γυνὴ,
1287 5699 1472 5771 φησιν,
1507 5699 1694 5769 ἄνδρα
1720 5701 1843 5770 ἔχει
1873 5703 2007 5756 ἁπι-

1609 331 1675 386 ΙΝ
1712 328 2013 387 GENESIM
2046 329 2278 387 θεειΜο
2320 330 2382 385 ν.

3547 338 3656 394 600

2086 460 2256 507 ator,
2284 444 2380 496 καί
2401 443 2582 507 αὐτὸς
2609 439 2966 496 συνευδοκεῖ
2985 436 3170 493 οἰκεῖν
3190 438 3319 508 μετ’
3347 435 3655 504 αὐτῆςνμὴ

2082 531 2300 600 ἀφιέτω
2327 532 2533 585 αὐτόν.
2563 529 2661 582 Διά
2686 529 2769 594 τί;
2800 528 2866 581 Τί
2883 528 2994 597 γὰρ
3019 525 3218 591 οἶδας,
3247 526 3442 595 γύναι,
3473 526 3522 577 εί
3553 522 3656 576 τὸν

2083 618 2271 686 ἄνδρα
2298 617 2556 683 σώσεις;
2579 619 2691 671 Καὶ
2709 615 2845 679 πῶς,
2865 615 3017 684 φησὶ,
3043 613 3264 666 δύναται
3297 611 3468 664 σῶσαι
3497 609 3656 681 ruﬁ];

2084 705 2418 759 Διδάσκουσα
2442 745 2457 767 ,
2483 704 2794 774 κατηχοῦσα
2814 743 2828 766 ,
2855 701 3126 769 ἐνὰγουσα
3157 699 3294 768 πρὸς
3318 698 3409 750 τὸν
3437 695 3540 766 τῆς
3571 699 3655 748 εὐ·

2087 791 2303 854 σεσείας
2329 792 2506 858 λόγον.
2524 791 2716 844 Καίτοι
2733 788 2878 858 χθὲς,
2895 781 2942 840 ὦ
2965 787 3199 858 μακάριε
3225 783 3424 846 Παῦλε,
3455 783 3658 850 ἔλεγες,

2084 879 2166 932 ὅτι
2212 880 2259 930 Γ
2261 877 2462 930 υναικι
2509 877 2820 930 διδάσκειν
2868 877 2978 928 οὐκ
3019 872 3329 940 ἐπιτρέπω.
3394 870 3514 933 Πῶς
3568 866 3660 922 οὖν

2087 967 2250 1020 πάλιν
2279 966 2597 1020 διδάσκαλον
2630 965 2798 1036 αὐτὴν
2831 966 3002 1027 ποιεῖς
3032 962 3126 1016 τοῦ
3148 961 3337 1031 ἀνδρός
3355 977 3369 1023 ;
3390 959 3527 1028 Οὐχὶ
3553 974 3661 1028 μα-

2087 1053 2314 1124 χόμενος
2346 1051 2567 1123 ἐμαυτῷ
2587 1051 2743 1104 τοῦτο
2772 1049 2928 1114 ποιῶ,
2976 1047 3109 1102 ἀλλὰ
3151 1049 3244 1101 καὶ
3280 1046 3483 1116 σφόδρα
3522 1061 3660 1115 συμσι

2087 1139 2299 1209 φωνῶν.
2324 1141 2521 1191 ’Ἄκουε
2551 1136 2680 1206 γοῦν
2712 1141 2805 1190 καὶ
2833 1137 2977 1200 τίνος
2999 1136 3184 1188 ἐνεκεν
3214 1133 3384 1203 αὐτὴν
3415 1130 3660 1197 ἐξέὸαλε,

2087 1228 2182 1279 καὶ
2203 1227 2344 1288 τίνος
2374 1226 2561 1277 ἕνεκεν
2592 1224 2758 1293 αὐτὴν
2796 1223 2954 1276 πάλιν
2985 1220 3247 1287 ἐπανάγει
3278 1219 3411 1287 πρὸς
3439 1218 3530 1270 τὸν
3560 1217 3659 1286 τῆς

2086 1313 2434 1376 διδασκαλίας
2476 1312 2681 1382 θρόνον,
2731 1311 2816 1362 ἵνα
2866 1309 3041 1381 μάθῃς
3073 1309 3172 1378 τὴν
3199 1305 3410 1360 Παύλου
3448 1303 3657 1372 σοφίαν.

2087 1399 2452 1462 Διδωκέτω,
2513 1399 2710 1468 φησὶν,
2745 1399 2777 1450 ό
2818 1395 2990 1464 ἀνήρ.
3052 1393 3148 1447 Διά
3197 1394 3283 1457 τί;
3343 1394 3462 1445 Οὐκ
3504 1392 3662 1458 ἠπα-

2086 1487 2237 1555 τήθη
2299 1486 2429 1557 γάρ.
2512 1485 2685 1554 Ἀδὰμ
2725 1483 2871 1554 γὰρ,
2931 1484 3124 1552 φησὶν,
3202 1483 3312 1534 οὐκ
3360 1478 3659 1547 ἠπατήθη.

2087 1573 2478 1636 Μανθανέτω,
2521 1573 2716 1643 φησὶν,
2763 1572 2800 1636 ἡ
2837 1568 3013 1640 γυνή.
3066 1567 3163 1620 Διά
3211 1566 3297 1629 τί;
3355 1564 3661 1631 Ἢπατήθη

2086 1660 2215 1729 γάρ.
2256 1661 2317 1712 Ἦ
2346 1659 2483 1730 γυνη
2527 1661 2655 1728 γὰρ,
2685 1659 2868 1726 ειτησὶν,
2898 1653 3238 1723 ἀπατηθεῖσα
3266 1655 3323 1706 ἐν
3352 1652 3663 1723 παραϐάσει

2087 1747 2333 1815 γέγονεν.
2396 1744 2661 1798 Ἐνταῦθα
2705 1743 2760 1796 δέ
2800 1743 2861 1795 τὸ
2904 1739 3166 1794 ἐναντίον.
3221 1740 3388 1792 Ὅταν
3421 1737 3518 1807 μὲν
3555 1735 3663 1806 γὰρ

2087 1835 2315 1894 ἄπιστος
2361 1829 2394 1905 ᾖ
2444 1834 2472 1884 6
2520 1831 2678 1901 ἀνὴρ,
2735 1829 2898 1899 πιστὴ
2941 1829 2998 1881 δὲ
3055 1828 3088 1896 ἡ
3141 1825 3299 1895 γυνὴ.
3344 1824 3661 1883 διδασκέτω,

2089 1918 2284 1989 φησὶν,
2325 1919 2360 1988 ἡ
2403 1917 2558 1986 γυνή.
2607 1916 2704 1968 Διὰ
2740 1915 2829 1977 τί;
2863 1915 2986 1966 Ὅτι
3017 1912 3118 1964 ούκ
3145 1912 3418 1980 ηπάτηται
3445 1925 3460 1941 ο
3497 1909 3664 1980 πιστὴ

2087 2009 2194 2080 γάρ
2220 2011 2355 2062 ἐστι,
2388 2005 2719 2060 Μανθανέτω
2748 2004 2924 2056 τοίνυν
2963 2002 2992 2052 6
3017 2002 3155 2070 ἀνήρ
3180 2013 3194 2027 ·
3229 1997 3482 2068 ἠπατήθη
3512 1997 3621 2068 γάρ
3633 2012 3661 2063 ,ο

2087 2094 2314 2156 ἄπιστος
2354 2094 2461 2164 γάρ
2494 2093 2662 2144 ἐστιν.
2720 2087 3090 2160 ’Λντεστράφη
3113 2125 3127 2148 ,
3161 2086 3323 2156 φησὶ,
3355 2084 3424 2136 τὰ
3451 2085 3547 2154 τῆς
3583 2083 3664 2136 δι-

2086 2180 2382 2243 δασκαλίας
2410 2194 2425 2208 ·
2457 2175 2845 2248 ἀντεστράφθω
2877 2175 3063 2227 λοιπὸν
3100 2173 3197 2226 καὶ
3232 2171 3303 2223 τὰ
3341 2171 3440 2239 τῆς
3475 2171 3668 2224 δεσπο-

2087 2268 2257 2330 τείας.
2300 2262 2449 2328 Εῐδες
2486 2264 2603 2326 πῶς
2649 2261 2924 2331 πανταχοῦ
2973 2261 3036 2312 ού
3086 2263 3153 2330 τῇ
3200 2258 3396 2327 φύσει,
3432 2256 3566 2310 ἀλλά
3597 2260 3664 2326 τῇ

2088 2356 2274 2428 ἀπάτῃ
2301 2356 2394 2408 καὶ
2415 2357 2480 2424 τῇ
2512 2354 2754 2424 ἁμαρτίᾳ.
2777 2352 3018 2404 δείκνυσι
3047 2350 3147 2420 τὴν
3179 2348 3422 2402 δουλείαν
3448 2345 3668 2399 ἀκολου-

2089 2439 2317 2507 θοῦσαν;
2341 2437 2512 2494 Ἦλθε
2549 2441 2730 2493 τοίνυν
2780 2429 2917 2509 πρὸς
2961 2438 3061 2508 τὴν
3111 2437 3344 2504 γυναῖκα
3394 2436 3428 2504 ἡ
3483 2434 3664 2503 ἁπὰτη

2090 2527 2241 2596 παρά
2269 2527 2368 2596 τὴν
2397 2528 2592 2597 ἀρχὴν,
2627 2526 2960 2597 ⁴ίικολούθησε
2990 2527 3057 2595 τῇ
3090 2525 3276 2595 ἀπάτῃ
3306 2525 3340 2593 ἡ
3373 2521 3620 2590 ὑποταγή
3648 2533 3664 2547 ο

2093 2617 2326 2686 μετέστη
2352 2615 2488 2683 μετά
2511 2613 2682 2666 ταῦτα
2703 2613 2838 2682 πρὸς
2857 2611 2948 2665 τὸν
2962 2613 3128 2680 ἄνδρα
3145 2613 3178 2681 ἡ
3199 2611 3403 2679 ἀπάτη,
3433 2609 3669 2678 μετέστη

2090 2702 2184 2756 καὶ
2207 2703 2239 2772 ἡ
2262 2701 2525 2771 ύποταγή.
2547 2701 2654 2754 Καὶ
2672 2699 2923 2769 καθάπερ
2939 2701 2996 2750 ἐν
3017 2699 3156 2768 ἀρχῇ
3177 2697 3255 2766 τῷ
3274 2696 3426 2767 ἀνδρὶ
3445 2695 3542 2765 τὴν
3565 2711 3669 2747 σω-

2087 2791 2283 2863 τηρίαν
2295 2793 2393 2860 τῆς
2409 2789 2662 2859 γυναικὸς
2676 2788 3072 2851 ἐνεπίστευσεν,
3087 2786 3272 2855 ἐπειδὴ
3289 2787 3386 2839 ούκ
3399 2786 3664 2854 ηπὰτητο,

2091 2878 2288 2931 οὑτωσὶ
2321 2876 2494 2945 λέγων
2515 2915 2530 2935 .
2561 2876 2715 2943 Πρὸς
2741 2875 2848 2929 τὸν
2869 2874 3059 2942 ἄνδρα
3087 2891 3203 2928 σου
3229 2873 3266 2940 ἠ
3315 2869 3670 2940 ἀποστροφή

2093 2982 2228 3032 σου,
2246 2963 2342 3017 καὶ
2365 2963 2543 3029 αὐτός
2565 2978 2680 3017 σου
2699 2963 3028 3030 κυριεύσει·
3051 2961 3192 3014 οὕτω
3216 2962 3309 3014 καὶ
3323 2958 3553 3013 ἐνταῦθα
3576 2959 3670 3012 ἐπὶ

2092 3053 2191 3122 τῆς
2222 3050 2416 3120 πιστῆς
2442 3050 2542 3120 τῆς
2569 3049 2657 3103 τὴν
2680 3049 2906 3103 ἄπιστον
2936 3047 3101 3120 ἄνδρα
3133 3047 3362 3118 ἐχούσης
3386 3089 3400 3112 ,
3432 3046 3528 3117 τὴν
3562 3063 3668 3099 σω-

2091 3137 2289 3209 τηρίαν
2336 3136 2432 3189 τοῦ
2477 3136 2666 3205 ἀνδρὸς
2707 3135 3024 3206 ἐμπιστεύει
3062 3137 3128 3204 τῇ
3179 3132 3418 3202 γυναικὶ,
3444 3132 3617 3200 λέγων
3653 3149 3666 3163 ·

2096 3225 2246 3296 [666]
2282 3224 2342 3279 Τί
2374 3225 2484 3295 γὰρ
2517 3220 2704 3289 οἶδας,
2745 3225 2940 3292 γύναι,
2974 3225 3026 3276 εί
3055 3223 3163 3275 τὸν
3193 3220 3380 3288 ἄνδρα
3419 3220 3669 3284 abeam;

2095 3313 2138 3366 Τ
2146 3313 2161 3365 ί
2192 3311 2392 3381 ταύτης
2419 3311 2519 3382 τῆς
2546 3310 2869 3374 ἀποδείξεως
2893 3310 3222 3380 σαφέστερον
3252 3308 3443 3378 γένοιτ’
3462 3307 3548 3370 ἂν,
3574 3305 3672 3358 τοῦ

2098 3400 2173 3469 μὴ
2197 3402 2264 3471 τῇ
2297 3398 2456 3467 φύσει
2478 3397 2573 3468 τὴν
2593 3395 2855 3458 δουλείαν,
2890 3397 3028 3450 ἀλλά
3049 3400 3114 3467 τῇ
3137 3396 3382 3466 ἁμαρτίᾳ.
3402 3393 3629 3471 ἕπεσθαι
3653 3409 3671 3458 ;

2095 3486 2266 3540 Τοῦτο
2313 3485 2406 3538 καὶ
2456 3485 2546 3537 ἐπὶ
2600 3483 2708 3536 τῶν
2754 3483 2957 3537 δούλων
3009 3483 3154 3536 ἐστιν
3210 3464 3402 3535 εἰπεῖν.
3449 3464 3674 3545 Δοῦλος

2094 3575 2357 3642 ἐκλήθης
2375 3593 2396 3638 ,°
2414 3574 2508 3640 Μή
2540 3589 2638 3626 σοι
2657 3572 2907 3641 μελέτω.
2937 3573 3098 3644 Ὁρᾷς
3117 3572 3235 3635 πῶς
3255 3571 3412 3624 πάλιν
3433 3569 3673 3623 δείκνυσι

2095 3660 2249 3729 ψιλὸν
2276 3659 2446 3729 δνομα
2489 3660 2591 3728 τὴν
2628 3659 2874 3712 δουλείαν
2903 3654 3071 3712 οὖσαν
3089 3699 3104 3722 ,
3133 3659 3260 3713 ὃταν
3285 3657 3452 3728 ἀρετὴ
3484 3657 3672 3726 napi);

2110 3747 2264 3801 Ἀλλ’
2297 3749 2349 3800 εὶ
2379 3746 2474 3799 καί
2512 3745 2766 3800 δύνασαι
2793 3745 3106 3814 ἐλεύθερος
3125 3745 3418 3815 γενέσθαι,
3437 3741 3676 3813 μᾶλλον

2099 3831 2342 3902 χρῆσαι,
2378 3832 2647 3895 τουτέστι,
2708 3831 2908 3902 μᾶλλον
2952 3832 3078 3902 μένε
3106 3833 3166 3885 ἐν
3195 3834 3262 3902 τῇ
3293 3831 3524 3902 δουλείᾳ.
3575 3830 3676 3883 Διά

2098 3921 2186 3987 τί;
2224 3922 2289 3973 '0
2310 3921 2421 3991 γὰρ
2441 3919 2511 3973 ἐν
2543 3921 2736 3988 Κυρίῳ
2771 3920 3015 3988 κληθείς
3056 3919 3309 3985 δοῦλος,
3354 3919 3675 3974 ἀπελεύθε-

2093 4027 2204 4079 ρος
2232 4011 2452 4077 Κυρίου
2497 4009 2690 4062 ἐστίν.
2735 4003 2888 4070 Εἶδες
2947 4008 3108 4077 μέχρι
3157 4008 3525 4080 προσηγορίας
3577 4006 3675 4076 τὴν

2100 4095 2344 4150 δουλείαν
2366 4135 2380 4158 ,
2410 4096 2468 4147 ἐν
2495 4095 2575 4165 τῷ
2612 4094 2899 4166 πράγματι
2927 4094 2982 4147 δὲ
3017 4095 3115 4163 τὴν
3141 4094 3486 4166 ἐλευθερίως
3517 4093 3674 4158 Τίνος

2101 4181 2158 4236 δὲ
2195 4185 2380 4237 ἕνεκεν
2415 4182 2593 4254 ἀφῆκε
2635 4183 2816 4253 μένειν
2843 4181 3059 4249 δοῦλον;
3091 4183 3210 4235 Ἵνα
3239 4184 3337 4252 τῆς
3369 4181 3676 4252 ἐλευθερίας

2107 4273 2284 4347 μάθῃς
2325 4273 2424 4344 τὴν
2472 4272 2808 4342 περιουσίαν.
2850 4271 3058 4342 Ὠσπερ
3096 4270 3205 4342 γάρ
3231 4270 3326 4324 τοῦ
3358 4270 3546 4323 σϐέσαι
3579 4271 3678 4340 τὴν

2105 4361 2332 4430 κάμινον
2359 4360 2458 4429 τὴν
2486 4360 2579 4413 ἐπὶ
2605 4359 2713 4412 τῶν
2743 4357 2911 4430 τριῶν
2953 4357 3159 4411 παίδων
3189 4357 3324 4410 πολὺ
3370 4357 3676 4426 θαυμαστό-

2106 4465 2261 4518 τερον
2296 4443 2364 4518 ῆν
2406 4447 2467 4500 τὸ
2514 4445 2784 4516 μενούσης
2828 4446 2999 4515 αὐτῆς
3046 4444 3205 4514 ἀσινῆ
3247 4443 3574 4516 διατηρῆσαι
3609 4445 3678 4499 τὰ

2107 4535 2364 4604 σώματω
2388 4534 2531 4587 οὓτω
2559 4531 2656 4587 τοῦ
2693 4531 2854 4587 λῦσαι
2894 4532 2992 4604 τὴν
3024 4531 3267 4585 δουλείαν
3305 4531 3365 4584 τὸ
3413 4534 3678 4602 μενούσης

2107 4622 2278 4692 αὐτῆς
2311 4620 2483 4687 δεῖξαι
2527 4620 2624 4692 τὴν
2653 4619 2966 4692 ἐλευθερίαν
2999 4618 3179 4690 πολλῷ
3214 4617 3398 4690 μεῖζόν
3433 4623 3547 4672 ἐστι
3585 4621 3680 4672 καὶ

2108 4712 2561 4783 θαυμαστότερον.
2626 4713 2723 4766 Διά
2766 4710 2926 4764 τοῦτό
2970 4727 3164 4781 φησιν·
3225 4712 3292 4765 El
3345 4709 3445 4763 καὶ
3497 4708 3678 4763 δύνα-

2107 4821 2209 4856 σαι
2246 4805 2562 4871 ἐλεύθερος
2608 4802 2906 4872 γενέσθαι,
2941 4803 3182 4872 μᾶλλον
3218 4801 3470 4870 χρῆσαι·
3520 4815 3680 4853 τουτ-

2109 4895 2244 4955 έστι,
2283 4896 2412 4965 μένε
2439 4895 2623 4960 δοῦλος
2653 4912 2667 4925 ·
2710 4897 2807 4965 τὴν
2831 4895 2938 4966 γὰρ
2965 4895 3336 4967 ἀληθεστάτην
3363 4893 3506 4962 ἔχεις
3527 4890 3678 4944 ἐλευ-

2111 4985 2318 5056 θερίαν.

2185 5153 2249 5222 β⁹.
2275 5152 2460 5207 Βούλει
2483 5153 2575 5206 καὶ
2592 5154 2682 5206 ἐπὶ
2706 5152 2814 5204 τῶν
2845 5153 3117 5223 ἀρχόντων
3128 5149 3284 5202 τοῦτο
3319 5149 3474 5214 ίδεῖν;
3517 5146 3680 5200 Βασι-

2111 5245 2234 5307 λεὺς
2267 5240 2334 5314 ἦν
2365 5246 2394 5296 6
2423 5243 2887 5315 Ναϐουχοδονόσορ
2907 5285 2921 5306 ,
2972 5242 3067 5294 καὶ
3100 5240 3198 5311 τὴν
3240 5241 3470 5310 κάμινον
3507 5236 3681 5308 ἀνῆψε

2116 5337 2253 5406 μετὰ
2278 5335 2479 5406 πολλῆς
2500 5335 2597 5406 τῆς
2624 5335 3003 5406 σφοδρότητος,
3031 5333 3125 5386 καὶ
3154 5333 3280 5395 τους
3309 5333 3454 5402 τρεῖς
3485 5329 3681 5393 παῖδας

2114 5425 2192 5487 είς
2236 5424 2300 5494 μέ
2312 5442 2400 5477 σον
2430 5427 2738 5494 παρήγαγε,
2774 5423 2946 5486 νέους,
2975 5423 3232 5492 ἐρήμους,
3261 5419 3377 5474 ούδε
3389 5419 3512 5490 μίαν
3537 5417 3680 5488 ἐχου-

2113 5534 2210 5578 τας
2246 5517 2579 5588 προστασίαν
2603 5559 2618 5580 ,
2641 5515 2858 5578 δούλους
2880 5554 2895 5578 ,
2942 5511 3319 5584 αἰχμαλώτους
3337 5551 3354 5576 ,
3402 5509 3681 5572 ἀπόλιδας.

2115 5611 2223 5664 Καὶ
2247 5611 2298 5663 τί
2333 5626 2529 5680 φησιν;
2563 5612 2628 5664 El
2651 5606 2906 5677 άληθῶς,
2941 5605 3196 5674 Σεδρὰκ,
3230 5605 3459 5663 Μισίικ.
3502 5600 3682 5656 Ἀϐδε-

2118 5701 2297 5772 ναγὼ,
2334 5700 2454 5768 τοῖς
2477 5701 2633 5769 θεοῖς
2655 5719 2773 5772 μου
2793 5702 2864 5755 οὐ
2890 5700 3206 5770 λατρεύετε
3224 5738 3240 5764 ,
3271 5697 3366 5753 καί
3396 5697 3467 5766 τῇ
3501 5697 3682 5753 εικόνι
