4164 6224
516 331 617 386 θοι

510 438 590 510 τῇ
638 435 861 509 χρυσῇ,
905 430 946 507 ᾖ
988 435 1238 500 ἔστησα,
1285 433 1358 484 οὺ
1402 427 1826 498 ⁴προονκυνεῗτες
1991 422 2083 480 οὖν

1197 324 1255 378 s.
1290 319 1575 378 JOANNIS
1609 313 2098 374 cnmsusmm
2138 311 2453 374 Αιιυιηειν.
2493 322 3010 380 CONSTANTINOP

3653 318 3770 375 002

2192 428 2411 493 ὀδόντας
2457 433 2764 507 ἀπερείσῃ,
2822 437 3120 490 κατέπεσεν
3167 436 3245 498 εἰς
3292 431 3390 505 τὴν
3431 436 3632 505 πυράν,
3668 442 3768 492 καὶ

513 507 746 586 ἐκεῖνος
792 518 1000 572 Θέασαι
1041 515 1157 577 πῶς
1195 513 1396 574 αὖτοὺς
1438 514 1470 583 ἡ
1507 509 1676 594 ἀρετῇ
1707 507 2083 594 αἰχμαλώτους
2190 515 2477 588 διεφθάρη.
2510 520 2697 574 Βούλει
2726 523 2820 576 καὶ
2850 523 3031 594 τρίτον
3059 523 3197 574 εἴπω
3225 539 3307 574 σοι
3339 521 3538 591 τρόπον
3560 524 3766 577 ἀπολοο

509 606 673 667 δντας
722 599 1176 682 βασιλικωτέρσνς
1217 594 1439 682 ξποίτὶσε
1487 593 1582 682 τρῧ
1641 591 1940 682 βασξλέως)
1991 591 2084 682 κξιὶ
2190 604 2342 672 γίας;
2389 603 2483 670 Εἷς
2517 609 2616 677 μέν
2658 611 2773 662 ἐστι
2800 649 2814 672 ,
2845 591 2905 662 τὸ
2939 610 3011 680 μὴ
3035 610 3160 671 τοὺς
3186 607 3482 681 προτέρους
3509 609 3759 682 ἡμαρτηο

511 686 838 758 ὑψηλότερον
879 680 1059 736 αὐτῶν
1104 679 1270 744 ἔδειξε
1314 680 1376 732 τὸ
1426 678 1699 749 φρόνημα.
1743 676 1816 728 Οὐ
1867 675 1976 744 γὰρ
2006 673 2080 758 ᾡς

509 757 720 840 βασιλεῖ
755 765 1150 836 διαλεγόμενοι,
1181 763 1295 817 ἀλλ’
1331 762 1519 832 ὥσπερ
1553 762 1688 831 πρὸς
1720 760 1958 829 ὑπήκοον
1991 757 2080 808 τὸν

506 855 662 921 λόγον
698 851 950 921 ἔχοντες,
977 848 1121 901 οὑτω
1168 847 1304 918 μετά
1349 845 1659 916 παρρησίας
1704 842 2074 910 ἀπεκρίνοντο.

506 939 591 990 οὐ
627 936 815 1003 χρεία,
857 933 1042 1002 φασὶν,
1072 932 1246 985 ἐστίν
1289 929 1432 998 ἡμῖν
1471 927 1602 994 περὶ
1657 927 1763 980 τοῦ
1813 923 2080 992 ῥήματος

503 1019 717 1072 τούτου
748 1017 1144 1085 ἀποκριθῆναι
1175 1013 1254 1080 τῷ
1275 1011 1547 1077 βασιλεῖ.
1577 1011 1651 1063 Οὐ
1678 1009 1766 1062 διὰ.
1795 1007 2075 1078 ῥημάτων,

499 1101 637 1153 ἀλλὰ
655 1101 742 1154 διὰ
762 1099 1102 1172 πραγμάτων
1124 1095 1462 1166 ποιησόμεθα
1482 1093 1580 1163 τὴν
1603 1089 1893 1155 ἀπόδειξιν.
1906 1091 2075 1172 Ἔστι

500 1185 644 1250 Θεὸς
665 1185 736 1237 ἐν
756 1171 988 1252 ούρανῷ
1011 1179 1267 1243 δυνατὸς
1287 1176 1600 1241 ἐξελέσθαι
1616 1173 1790 1241 ἡμᾶς.
1821 1171 2075 1239 Ἀνέμνη-

500 1283 599 1320 σαν
639 1265 797 1318 αὐτὸν
831 1264 930 1332 τῆς
971 1263 1063 1316 ἐπὶ
1111 1260 1205 1313 τοῦ
1236 1258 1433 1328 Δανιὴλ
1470 1256 1812 1326 εὐεργεσίας,
1846 1253 1984 1306 αὐτὰ
2007 1252 2074 1305 τά

498 1350 720 1419 ῥήματα
753 1346 1033 1409 εἰπόντες,
1080 1344 1224 1415 άπερ
1268 1344 1296 1395 ὁ
1342 1341 1632 1412 προφήτης
1675 1333 1795 1390 εἷπε
1835 1338 1977 1419 τότεἷ
2010 1335 2074 1387 Τί

495 1418 604 1498 γὰρ
635 1433 840 1492 ἐκεῖνος
868 1429 1082 1496 ἐλεγεν;
1134 1428 1254 1478 οὐκ
1288 1423 1418 1477 ἐστι
1439 1420 1645 1490 μάγων
1674 1418 2032 1487 Γαζαρηνῶν
2054 1456 2069 1480 ,

495 1513 808 1568 Χαλδαίων
833 1511 897 1564 τὸ
927 1505 1122 1578 ῥῆμα,
1153 1507 1184 1560 ὃ
1219 1510 1252 1560 ό
1273 1504 1576 1570 βασιλεὺς
1599 1503 1842 1558 ἀπαιτεῖ
1875 1520 1888 1534 ·
1932 1501 2071 1556 ἀλλ’

493 1597 625 1650 ἐστι
661 1595 804 1658 Θεὸς
840 1594 910 1645 ἐν
943 1588 1220 1658 οὐρανοῖς
1266 1586 1710 1642 ἀποκαλύπτων
1745 1583 2068 1654 μυστήρια.

494 1677 708 1746 Ταύτης
739 1672 832 1729 οῦν
858 1673 1020 1726 αὐτὸν
1049 1671 1523 1740 άναμιμνήσκουσι
1560 1668 1659 1737 τῆς
1685 1667 1867 1737 φωνῆς
1887 1707 1903 1731 ,
1930 1667 2069 1720 ὥστε

495 1761 718 1830 ποιῆσαι
775 1756 1199 1824 ἐπιεικέστερον.
1257 1747 1392 1804 Εἶτά
1446 1766 1616 1822 φησι⁶
1651 1750 1760 1805 Καὶ
1804 1750 1913 1804 ἐὰν
1959 1750 2068 1819 μὴ,

493 1841 766 1911 γνωστὸν
803 1840 957 1892 ἔστω
985 1853 1079 1891 σοι
1102 1875 1115 1896 ,
1143 1833 1406 1898 βασιλεῦ
1427 1874 1441 1896 ,
1477 1833 1565 1886 ὅτι
1595 1832 1719 1897 τοῖς
1756 1831 1912 1911 θεοῖς
1951 1847 2070 1885 σου

493 1908 566 1977 οὺ
592 1923 960 1988 λατρεύομεν
977 1957 993 1982 ,
1036 1918 1130 1969 καί
1163 1915 1235 1983 τῇ
1259 1917 1442 1968 εικόνι
1463 1914 1538 1982 τῇ
1567 1913 1769 1983 χρυσῇ
1789 1953 1803 1978 ,
1826 1908 1866 1984 ᾖ
1894 1913 2071 1980 ἐστη-

493 2022 614 2072 σας
635 2044 651 2068 ,
705 2005 777 2058 οὐ
831 1999 1314 2070 προσκυνοῦμεν.
1355 1997 1494 2068 Ὅρα
1548 1995 1736 2064 σοφίαν
1781 1996 1890 2050 τῶν
1934 1995 2070 2048 νέων

490 2087 736 2140 ἐκείνων.
779 2087 896 2139 ’Ὶνα
930 2083 1028 2154 μέν
1059 2081 1168 2152 γὰρ
1199 2081 1274 2152 μή
1299 2079 1642 2147 καταγνῶσιν
1665 2079 1950 2131 ἀσθένειαν
1974 2075 2068 2129 τοῦ

487 2169 625 2221 θεοῦ
654 2171 702 2220 οἱ
727 2167 847 2221 τότε
871 2167 1158 2237 παρόντες,
1177 2167 1226 2217 εἰ
1249 2161 1491 2234 συμϐαίη
1518 2161 1850 2231 ἐμπεσόντας
1873 2160 2069 2222 αὐτοὺς

486 2254 568 2316 εἰς
594 2252 691 2323 τήν
719 2253 946 2322 κάμινον
973 2247 1285 2309 ἀποθανεῖν,
1321 2245 1682 2317 προλαϐόντες
1711 2242 2068 2313 ὡμολόγησαν

484 2337 650 2390 αὐτοῦ
702 2335 804 2406 τὴν
843 2333 1105 2404 δύναμιν.
1154 2332 1416 2393 εἰπόντες,
1478 2330 1560 2382 ὅτι
1615 2328 1781 2380 Ἔστι
1819 2323 1964 2391 Θεὸς
1997 2324 2070 2378 ἐν

482 2418 738 2487 οὐρανῷ,
769 2417 840 2483 ὃς
873 2416 1123 2471 δύναται
1159 2413 1477 2478 ἐξελέσθαι
1507 2408 1670 2481 ἡμᾶς
1717 2425 1732 2438 ·
1774 2409 1863 2462 ῖνα
1898 2408 1955 2462 δὲ
1991 2407 2067 2479 μή

485 2503 650 2556 πάλιν
686 2501 1042 2570 διαφυγόντες
1071 2499 1170 2568 τήν
1193 2497 1388 2564 φλόγα,
1421 2493 1749 2565 νομισθῶσιν
1772 2492 1868 2545 ἐπὶ
1890 2490 2067 2562 μισθῷ

485 2587 580 2639 καὶ
626 2585 827 2654 ἀμοιϐῇ
870 2581 946 2651 τῷ
985 2580 1106 2650 Θεῷ
1151 2579 1446 2639 δουλεύειν,
1485 2577 1762 2646 ἐπήγαγον
1785 2616 1800 2640 ,
1832 2574 1914 2627 ὅτι
1955 2573 2065 2627 Καὶ

481 2667 592 2720 ἐὰν
625 2667 705 2732 μὴ
734 2705 749 2727 ,
783 2663 1056 2734 γνωστὸν
1088 2661 1244 2714 ἔστω
1281 2676 1381 2712 σοι
1401 2698 1416 2721 ,
1461 2657 1761 2722 βασιλεῦ,
1811 2657 1900 2710 ὅτι
1942 2655 2068 2734 τοῖς

482 2747 640 2814 θεοῖς
661 2763 778 2802 σου
793 2733 864 2800 οὐ
881 2745 1265 2813 λατρεύομεν,
1287 2741 1382 2794 καί
1403 2739 1473 2807 τῇ
1489 2739 1677 2792 εικόνι
1699 2739 1773 2807 τῇ
1788 2737 2008 2807 χρυσῇ,
2025 2733 2067 2811 ᾖ

479 2831 772 2898 ἐστησιις,
798 2830 867 2883 οὑ
887 2823 1369 2896 προσκυνοῦμεν·
1389 2821 1514 2894 |667
1529 2830 1539 2890 |
1555 2821 1686 2892 ὁμοῦ
1705 2822 1907 2875 καὶτοῦ
1927 2822 2062 2876 Θεοῦ

480 2916 583 2987 τὴν
603 2914 832 2984 δύναμιν
857 2907 1349 2981 ἀνακηρύττοντες,
1379 2907 1471 2958 καὶ
1499 2903 1561 2987 τὸ
1589 2904 1926 2976 παράστημα
1962 2905 2063 2976 τῆς

484 2986 695 3050 ἑαυτῶν
741 2993 1044 3054 δεικνύντες
1090 2989 1270 3061 ψυχῆς
1296 3028 1310 3052 ,
1360 2988 1448 3040 ῖνα
1501 2986 1616 3058 μή,
1655 2988 1792 3056 ὅπερ
1837 2987 1930 3040 ἐπὶ
1965 2987 2060 3042 τοῦ

497 3078 618 3132 Ἰὼϐ
641 3075 793 3132 εἶπεν
813 3081 842 3131 ὁ
863 3075 1109 3136 διάϐολος
1135 3069 1506 3140 συκοφαντῶν,
1535 3069 1692 3124 τοῦτό
1715 3087 1800 3132 τις
1820 3070 1915 3124 καὶ
1934 3071 2062 3142 περὶ

486 3162 688 3214 τούτων
714 3159 862 3232 εἴπῃ.
907 3159 974 3211 Τί
1000 3157 1057 3210 δὲ
1092 3157 1220 3227 περί⁵
1243 3153 1336 3207 τοῦ
1367 3152 1486 3206 Ἰὼϐ
1523 3151 1676 3207 εἶπεν
1714 3155 1743 3206 ὁ
1778 3152 2056 3218 διάϐολοςῖ

481 3247 565 3298 δτι
592 3247 672 3297 Οὐ
698 3243 924 3311 δωρεὰν
955 3239 1194 3296 σέϐεταί
1223 3255 1297 3293 σε
1342 3237 1484 3292 ’κοτ’
1516 3235 1918 3306 περιέφραξας
1946 3238 2059 3306 γὰρ

479 3327 668 3382 αὐτοῦ
693 3326 764 3378 τὰ
787 3324 909 3378 ἔσω
931 3324 1027 3378 καί
1051 3322 1123 3376 τὰ
1141 3321 1277 3386 ἔξω.
1305 3320 1397 3373 ’ἶν’
1427 3315 1520 3372 οῦν
1551 3320 1626 3390 μή
1651 3319 1747 3372 καὶ
1784 3319 1912 3390 περὶ
1940 3319 2060 3373 τού-

481 3428 589 3463 των
632 3408 730 3480 εχη
764 3425 848 3471 τις
885 3407 1042 3460 τοῦτο
1077 3405 1290 3474 λέγειν,
1324 3404 1524 3456 ἐκεῖνοι
1565 3403 1931 3473 προλαϐόντες
1971 3405 2052 3456 ἐνο

481 3491 722 3566 ἔφραξαν
754 3491 815 3544 τὸ
842 3490 1194 3560 ἀναίσχυντον
1227 3487 1423 3557 στόμα.

549 3636 694 3689 Ἀλλ’
740 3635 878 3706 ὅπερ
919 3634 1106 3702 ἔλεγον
1129 3673 1146 3698 ,
1191 3631 1294 3686 κᾶν
1335 3630 1682 3702 αἰχμάλωτος
1787 3646 1908 3694 τις,
1956 3629 2057 3686 κᾶν

478 3719 697 3783 δοῦλος,
731 3717 831 3772 κάν
863 3717 1033 3783 ξένος,
1067 3715 1172 3769 κᾶν
1215 3715 1309 3770 ἐπὶ
1350 3715 1447 3784 τῆς
1486 3712 1773 3784 ἀλλοτρίας
1809 3711 2059 3787 διατρίϐῃ

479 3804 602 3873 γῆς.
638 3802 732 3856 καὶ
765 3802 862 3873 τήν
890 3801 1091 3873 ἀρετήν
1126 3797 1222 3870 ἔχῃ
1247 3796 1366 3869 μεθ’
1393 3795 1590 3851 ἐαυτοῦ
1613 3837 1630 3861 ,
1657 3797 1874 3851 πάντων
1902 3795 2057 3867 βασι-

478 3884 616 3937 λέων
657 3883 1080 3955 βασιλικώτερος
1120 3882 1296 3935 ἐσται.
1344 3876 1501 3944 Εἶδες
1543 3881 1639 3933 καὶ
1679 3877 1779 3951 τήν
1811 3878 1923 3932 τῶν
1956 3895 2056 3947 γυ-

477 3969 677 4021 ναικῶν
707 3966 951 4021 δουλείαν
976 3965 1252 4028 λυθεῖσαν,
1285 3963 1380 4018 καὶ
1409 3964 1506 4033 τήν
1534 3961 1644 4016 τῶν
1673 3961 1920 4028 οἰκετῶν,
1961 3963 2056 4016 καὶ

477 4049 574 4119 τήν
595 4050 702 4103 τῶν
729 4049 1076 4121 ἀρχομένωνς
1105 4047 1277 4119 Δεῦρό
1307 4063 1390 4099 σοι
1417 4046 1574 4111 δείξω
1608 4045 1797 4100 λοιπὸν
1827 4047 1921 4100 καὶ
1963 4046 2057 4100 τὸν

477 4133 584 4185 τῶν
645 4132 848 4202 θηρίων
917 4131 1081 4201 φόϐον
1125 4130 1543 4202 ἐκϐεϐλημένον.
1611 4128 1896 4182 Ἐνέϐαλον
1959 4129 2056 4183 τὸν

476 4215 676 4286 Δανιὴλ
725 4217 803 4279 εἰς
858 4215 950 4268 τὸν
996 4215 1202 4268 λάκκον
1246 4215 1340 4267 ἐπὶ
1383 4214 1484 4284 τῆς
1529 4213 1699 4284 αὐτῆς
1736 4211 2056 4276 Βαϐυλῶνός

477 4316 608 4353 ποτε
632 4316 648 4330 ·
675 4298 791 4354 ἀλλ’
825 4298 926 4352 οὐκ
971 4296 1215 4367 ἐτόλμων
1261 4295 1502 4366 ἀψασθαι
1535 4295 1586 4348 οί
1617 4294 1828 4358 λέοντες
1864 4294 2049 4350 αὐτοῦ.

475 4383 588 4453 Τὴν
616 4383 846 4452 ἀρχαίαν
871 4382 980 4452 γὰρ
1002 4381 1095 4433 καὶ
1121 4379 1406 4450 βασιλικὴν
1431 4378 1617 4432 εἰκόνα
1641 4377 2054 4448 διαλάμπουσαν

477 4461 614 4518 εἶδον
648 4468 704 4518 ἐν
742 4465 923 4534 αὐτῷ,
954 4465 1197 4525 ἐκείνους
1243 4463 1370 4524 τοῦς
1400 4461 1758 4532 χαρακτῆρας
1787 4459 2012 4512 ἔϐλεπον
2033 4499 2049 4524 ,

471 4545 570 4609 οὒς
604 4545 789 4615 ἐώρων
841 4547 936 4600 ἐπὶ
982 4545 1076 4599 τοῦ
1119 4544 1292 4614 Ἀδὰμ
1322 4543 1430 4613 πρὸ
1465 4543 1564 4612 τῆς
1598 4541 1891 4612 ἁμαρτίας.
1942 4542 2052 4594 Καὶ

477 4627 586 4698 γάρ
638 4629 776 4697 μετά
816 4628 916 4697 τῆς
965 4627 1138 4693 αὐτῆς
1175 4625 1460 4694 ὑποταγῆς
1499 4623 1746 4686 ἐλθόντες
1792 4623 1928 4692 πρὸς
1959 4625 2053 4678 τὸν

489 4711 680 4780 Ἀδάμ,
713 4711 783 4762 τὰ
803 4711 1047 4780 ὀνόματα
1073 4709 1319 4774 ἐδέξαντο
1347 4709 1490 4762 τότε.
1533 4708 1643 4761 Καὶ
1685 4707 1786 4761 οὐκ
1819 4708 2052 4762 ἐνταῦθα

479 4795 661 4866 μόνον,
693 4792 831 4847 ἀλλά
856 4794 950 4846 καὶ
973 4792 1068 4844 ἐπὶ
1091 4792 1183 4845 τοῦ
1217 4792 1492 4863 μακαρίου
1528 4789 1744 4844 Παύλου
1774 4790 1932 4844 τοῦτο
1960 4793 2052 4860 γέ-

474 4893 620 4944 γονε.
680 4877 790 4930 Καὶ
841 4876 951 4947 γὰρ
996 4877 1202 4937 ἐκεῖνος
1253 4877 1334 4938 εἰς
1386 4874 1485 4946 τὴν
1545 4873 1837 4945 βαρϐάρων
1887 4873 2051 4944 νῆσον

474 4958 748 5022 ἐκπεσὼν,
775 4959 1128 5031 παρεκάθητο
1149 4960 1296 5029 πυρᾷ
1315 4958 1743 5028 θερμαινόμενος
1767 4973 1780 4987 ·
1804 4951 1924 5010 εἶτα
1943 4958 2050 5010 ἀπὸ

473 5044 584 5097 τῶν
609 5043 901 5113 φρυγάνων
935 5043 1291 5113 ἐκπηδήσασα
1322 5042 1436 5112 ἔχις
1467 5041 1725 5095 καθίκετο
1757 5039 1922 5092 αὐτοῦ
1952 5041 2051 5110 τῆς

473 5125 678 5196 χειρός.
708 5125 773 5177 Τί
797 5122 890 5179 οὖν
925 5125 1062 5196 μετά
1085 5125 1256 5178 ταῦτα
1286 5127 1530 5194 ἐγίνετο;
1581 5125 1832 5184 Ἐξέπεσε
1871 5123 1931 5176 τὸ
1956 5124 2051 5194 θη-

477 5208 590 5278 ρίον
614 5209 838 5272 εὐθέως.
880 5209 1099 5278 Ἐπειδὴ
1123 5210 1232 5279 γὰρ
1258 5208 1537 5279 ἁμαρτίαν
1567 5207 1662 5278 οὑχ
1687 5199 1846 5278 εὗρεν
1867 5247 1882 5270 ,
1927 5206 2048 5259 οὐδὲ

474 5291 658 5344 δακεῖν
691 5290 910 5361 ἴσχυσεν
930 5307 943 5319 ·
962 5292 1079 5344 ἀλλ’
1107 5292 1296 5360 ὥσπερ
1322 5293 1502 5361 ἡμεῖς.
1529 5289 1746 5343 ἐπειδάν
1775 5305 1900 5342 τινα
1926 5289 2048 5341 σκό-

476 5373 640 5424 πελον
681 5372 823 5425 λεῖον
857 5373 1176 5443 βουλώμεθα
1210 5373 1473 5443 ἀναϐῆναι
1499 5412 1512 5434 ,
1552 5371 1864 5443 μηδαμόθεν
1897 5373 2046 5443 εὑρί-

475 5472 698 5518 σκοντες
726 5455 1040 5518 ἀντιλαϐὰς,
1066 5457 1484 5525 καταπίπτομεν
1509 5455 1729 5517 εὐθέως,
1754 5453 1856 5508 κᾶν
1882 5455 2050 5506 πέλα-

476 5554 571 5604 γος
601 5539 962 5609 ὑποκείμενον
1041 5580 1054 5602 ,
1086 5539 1189 5594 κᾶν
1221 5539 1495 5612 βάραθρον
1523 5554 1535 5568 ’
1565 5537 1708 5591 οὑτω
1739 5538 1832 5592 καὶ
1862 5537 1922 5590 τὸ
1947 5536 2047 5605 θη-

479 5623 594 5693 ρίον
645 5625 864 5687 ἐκεῖνο,
913 5625 1010 5680 καὶ
1064 5625 1235 5678 ταῦτα
1286 5626 1465 5694 πυράς
1513 5623 1901 5692 ὑποκειμένης,
1949 5620 2047 5689 οὐχ

479 5707 634 5759 εὐρὺν
663 5709 768 5772 τῆς
804 5709 1080 5777 ἁμαρτίας
1124 5709 1219 5782 τήν
1246 5709 1536 5780 ἀντιλαϐὴν
1562 5752 1574 5773 ,
1609 5709 1728 5762 οὐδέ
1758 5708 1888 5762 ὅπου
1922 5703 2045 5767 τοὺς

2190 694 2341 747 κέναι
2367 695 2548 765 μόνον,
2580 696 2718 750 ἀλλά
2744 698 2838 751 καὶ
2860 698 2985 761 τούς
3019 699 3136 768 μετ’
3172 697 3412 761 ἐκείνους
3437 713 3452 728 ⁸
3480 697 3764 766 δεύτερος,

2187 782 2247 833 τὸ
2289 783 2418 845 τούς
2463 783 2930 854 κατωρθωκότας,
2978 784 3072 838 καὶ
3107 783 3279 838 ταῦτα
3316 785 3374 838 ἐν
3410 784 3488 855 τῷ
3529 787 3765 857 παρόντι

2185 869 2561 940 διατρίϐοντας
2599 872 2728 943 βίῳ,
2760 871 3094 943 κουφοτέρας
3137 872 3463 942 πειραθῆναι
3505 873 3607 945 τῆς
3637 875 3764 928 δουο

2185 957 2348 1024 λείας·
2374 959 2572 1030 μᾶλλον
2586 959 2641 1013 δὲ
2652 960 2942 1032 ὁλοκλήρου
2957 958 3159 1031 ταύτης
3171 959 3570 1030 ἀπαλλαγῆναι,
3589 962 3773 1016 καθᾶ-

2185 1063 2291 1114 περ
2325 1043 2417 1101 οῦν
2445 1049 2538 1101 καὶ
2575 1047 2669 1101 ἐπὶ
2701 1048 2809 1101 τῶν
2849 1045 3144 1115 γυναικῶν,
3190 1046 3284 1100 καὶ
3333 1047 3427 1100 ἐπὶ
3457 1047 3564 1100 τῶν
3593 1051 3763 1119 ἀρχο-

2186 1134 2382 1202 μένων,
2429 1136 2523 1188 καὶ
2557 1136 2652 1188 ἐπὶ
2691 1135 2800 1188 τῶν
2842 1134 3046 1204 θηρίων
3075 1133 3377 1203 ἐδείξαμεν.
3407 1134 3600 1204 Τρίτος
3640 1139 3764 1205 μετ’

2183 1220 2460 1284 ἐκείνους,
2505 1221 2566 1274 τὸ
2615 1219 2839 1291 μείζονα
2877 1221 2984 1274 τῶν
3012 1219 3262 1287 ἀγαθῶν,
3301 1213 3375 1274 ὧν
3399 1222 3448 1273 οἱ
3477 1221 3627 1291 παρὰ
3657 1223 3760 1293 τὴν

2181 1308 2356 1379 ἀρχὴν
2398 1309 2738 1380 ἁμαρτόντες
2783 1310 2930 1379 ἡμᾶς
2969 1308 3255 1374 ἐξέϐαλον,
3309 1310 3762 1379 παραγενόμενον

2181 1395 2310 1464 ἡμῖν
2331 1394 2664 1465 ὑποσχέσθαι
2689 1395 2781 1448 τὸν
2800 1394 3034 1464 Χριστὸν
3057 1393 3240 1463 ἀγαθά
3257 1393 3374 1449 νῦν.
3402 1396 3467 1448 Τί
3488 1398 3596 1468 γάρ
3623 1397 3762 1470 θρη-

2179 1483 2310 1545 νεῖς,
2342 1482 2463 1534 εἰπέ
2495 1499 2617 1553 μοι;
2641 1484 2722 1536 ὄτι
2751 1500 2808 1536 σε
2836 1481 3095 1554 ἁμαρτὼν
3121 1485 3149 1536 ὁ
3190 1482 3360 1553 Ἀδὰμ
3397 1483 3618 1548 ἐξέϐαλε
3657 1487 3757 1540 τοῦ

2180 1570 2549 1640 παραδείσους
2583 1569 2962 1641 Κατὸρθωσον,
2989 1570 3084 1624 καὶ
3119 1570 3361 1642 ζήλωσον
3397 1573 3462 1626 σὺ
3496 1574 3704 1646 ἀρετήν
3738 1592 3755 1607 ο

2179 1659 2273 1711 καὶ
2311 1659 2432 1729 οὐχὶ
2465 1658 2824 1729 παράδεισον,
2855 1657 2972 1712 ἀλλ’
3007 1657 3171 1712 αὐτὸν
3200 1659 3401 1727 ἀνοίγω
3433 1677 3515 1714 σοι
3550 1662 3644 1715 τὸν
3666 1663 3760 1716 οὑ-

2181 1745 2359 1815 ρανδν,
2389 1746 2484 1798 καὶ
2507 1746 2658 1799 οὐδὲν
2679 1747 2743 1798 ἐκ
2763 1745 2864 1815 τῆς
2886 1744 2982 1798 τοῦ
3004 1746 3431 1816 πρωτοπλάστου
3464 1754 3755 1819 παρακοῆς

2177 1833 2380 1903 ἀφίημί
2414 1849 2473 1886 σε
2509 1832 2703 1886 παθεῖν
2723 1833 2916 1886 δεινόν.
2949 1832 3180 1903 Θρηνεῖς
3218 1835 3302 1888 δτι
3346 1851 3408 1887 σε
3441 1836 3540 1898 τῆς
3573 1838 3752 1906 ἀρχῆς

2175 1921 2286 1974 τῶν
2341 1921 2547 1992 θηρίων
2611 1921 2945 1992 παρέλυσεν;
3021 1921 3153 1975 Ἰδού
3204 1938 3288 1975 σοι
3345 1924 3440 1977 καὶ
3489 1923 3755 1996 δαίμονας

2176 2007 2480 2070 ὑποτάττω,
2521 2007 2617 2062 ἐὰν
2654 2009 2943 2080 προσέχῃς.
2975 2006 3216 2063 ﬂata?"
3231 2008 3364 2079 γάρ,
3387 2012 3572 2078 φησὶν,
3602 2012 3754 2066 ἑκά.

2173 2111 2260 2148 νω
2305 2094 2502 2164 ὄφεων
2549 2095 2647 2148 καί
2700 2096 3034 2165 σκορπίων,
3092 2097 3192 2152 καί
3237 2097 3338 2152 ἐπὶ
3387 2098 3594 2153 πᾶσαν
3631 2099 3754 2164 τὴν

2175 2179 2433 2250 δύναμιν
2461 2182 2567 2236 τοῦ
2595 2181 2832 2251 ἐχθροῦ.
2862 2181 3011 2255 [668]
3036 2183 3149 2237 Οὐκ
3173 2181 3345 2247 εἶπεν,
3367 2184 3584 2257 ἄρχετε,
3610 2187 3754 2240 καθ-

2175 2267 2317 2345 άπερ
2347 2269 2439 2321 ἐπὶ
2471 2267 2584 2345 τῶν
2614 2267 2842 2345 θηρίων,
2865 2268 3026 2336 ἀλλά,
3053 2268 3316 2336 Πατεῒτε,
3349 2271 3753 2345 ἐπιτεταμένην

2175 2339 2410 2406 εἰσάγων
2434 2338 2531 2409 τήν
2555 2338 2752 2410 ἀρχήν.

2244 2541 2314 2604 γ’.
2331 2535 2432 2589 Διά
2447 2534 2608 2589 τοῦτο
2623 2536 2756 2590 καὶὁ
2781 2534 2991 2600 Παῦλος
3012 2535 3112 2590 οὐκ
3130 2531 3302 2600 εἶπεν,
3319 2537 3380 2590 '0
3399 2537 3531 2601 Θεδς
3546 2540 3751 2597 ὑποτά-

2176 2622 2258 2687 ξει
2285 2622 2377 2675 τὸν
2400 2623 2645 2677 Σατανᾶν
2668 2622 2774 2676 ὑπὸ
2799 2623 2927 2686 τούς
2955 2622 3121 2686 πόδας
3151 2622 3326 2694 ὑμῶν,
3353 2623 3468 2677 ἀλλ’
3497 2625 3564 2680 '0
3599 2629 3748 2696 Θεὸς

2173 2712 2495 2779 συντρίψει
2533 2709 2641 2764 τὸν
2666 2708 2944 2766 Σατανᾶν
2984 2709 3105 2766 ὑπὸ
3149 2711 3290 2778 τοὺς
3327 2711 3518 2780 πόδας
3554 2715 3742 2784 ὑμῶν.

2174 2797 2392 2860 Οὐκέτι,
2422 2796 2672 2868 καθάπερ
2705 2797 2993 2869 πρότερον,
3021 2798 3215 2864 Αὐτός
3235 2813 3353 2853 σου
3376 2801 3620 2870 τηρήσει
3650 2821 3746 2857 κε-

2170 2884 2400 2954 φαλὴν,
2447 2883 2546 2940 καὶ
2584 2883 2667 2938 σὺ
2707 2884 2896 2938 αὐτοῦ
2929 2885 3212 2954 τηρήσεις
3259 2885 3522 2954 πτέρναν
3565 2907 3578 2919 -
3626 2890 3748 2944 ἀλλ’

2169 2971 2461 3043 ὁλόκληρος
2491 2972 2525 3043 ή
2557 2972 2718 3043 νίκη,
2761 2971 3000 3042 καθαρὸν
3046 2972 3108 3024 τὸ
3142 2972 3421 3043 τρόπαιον,
3474 2976 3745 3050 παντελὴς

2169 3059 2476 3130 ἀφανισμδς
2499 3057 2595 3112 τοῦ
2617 3058 2900 3130 πολεμίου,
2922 3059 3017 3112 καὶ
3045 3055 3325 3132 συντριϐή,
3359 3061 3451 3114 καὶ
3477 3062 3743 3120 ἀπώλεια.

2180 3147 2444 3213 ’Υπέταξέ
2479 3164 2538 3201 σε
2567 3147 2647 3219 τῷ
2678 3147 2832 3220 ἀνδρὶ
2859 3149 2894 3218 ή
2926 3145 3039 3200 Εῦα
3085 3162 3098 3176 ⁸
3140 3147 3255 3201 ἀλλ’
3288 3147 3398 3216 ἐγώ
3422 3166 3481 3202 σε
3507 3152 3609 3204 οὑκ
3646 3154 3743 3205 ἀν-

2166 3233 2291 3307 δρὸς
2339 3234 2601 3305 ὁμότιμον
2646 3233 2841 3304 μόνον,
2889 3232 3028 3287 ἀλλά
3073 3233 3168 3287 καὶ
3215 3235 3396 3288 αὐτῶν
3441 3237 3579 3290 ποιῶ
3633 3239 3746 3291 τῶν

2167 3321 2436 3390 ἀγγέλων,
2458 3322 2553 3376 ἐὰν
2576 3320 2786 3394 ἐθέλῃς.
2833 3321 3201 3392 ’Δπεστέρησέ
3230 3338 3289 3375 σε
3322 3323 3421 3393 τῆς
3457 3325 3743 3396 παρούσης

2168 3409 2311 3482 ζωῆς
2337 3430 2351 3444 ·
2379 3411 2490 3481 ἐγὼ
2516 3412 2573 3465 δέ
2603 3429 2684 3465 σοι
2709 3412 2804 3466 καὶ
2831 3410 2932 3482 τήν
2960 3410 3264 3482 μέλλουσαν
3298 3411 3612 3484 χαρίζομαι,
3643 3416 3741 3485 τὴν

2168 3505 2359 3574 ἀγήρω
2391 3503 2486 3556 καὶ
2512 3500 2799 3562 ἀθάνατον,
2831 3498 2925 3552 καὶ
2952 3497 3159 3569 μυρίων
3192 3499 3464 3569 γέμουσαν
3497 3501 3737 3570 ἀγαθῶν.

2166 3591 2372 3663 Μηδεὶς
2404 3589 2583 3642 τοίνυν
2616 3586 2704 3640 διά
2739 3586 2867 3648 τοὺς
2909 3585 3205 3656 προτέρους
3229 3587 3564 3656 ἐπηρεάσθαι
3587 3606 3741 3659 νομι-

2167 3678 2306 3744 ζέτω
2333 3692 2348 3707 ·
2380 3675 2608 3747 καὶγὰρ
2643 3673 2710 3728 ἂν
2748 3672 3061 3745 θελήσωμεν
3091 3672 3329 3736 ἀπασιν,
3364 3668 3442 3737 οἷς
3478 3676 3741 3747 παρέχειν

2169 3766 2385 3838 μέλλει,
2423 3761 2729 3828 ἐπεξελθεῖν
2752 3801 2768 3827 ,
2801 3759 2983 3831 πολλῷ
3016 3759 3236 3831 μείζονα
3270 3762 3338 3814 τά
3381 3761 3622 3827 δοθέντα,
3659 3757 3738 3816 ῶν

2165 3853 2567 3922 ἀπωλέσαμεν,
2624 3850 2948 3921 εὑρήσομεν.
2993 3846 3127 3900 ’Δπὸ
3179 3847 3238 3901 δέ
3287 3849 3396 3900 τῶν
3432 3851 3738 3922 εἰρημένων

2165 3945 2260 3997 καὶ
2305 3941 2376 3995 τά
2430 3938 2594 3994 λοιπά
2645 3937 2798 4010 δῆλα.
2850 3936 2972 3990 Βίον
3021 3934 3320 4006 ἐπίμοχθον
3371 3937 3665 4008 εἰσήγαγεν
3707 3943 3736 3994 ὁ

2177 4032 2348 4102 Ἀδάμ
2397 4047 2412 4063 .
2450 4032 2480 4084 ὁ
2524 4027 2758 4099 Χριστός
2801 4025 3067 4097 ὑπέσχετο
3111 4022 3288 4096 ζωήν,
3341 4025 3470 4079 ἔνθα
3522 4028 3733 4098 ἀπέδρα

2163 4118 2322 4189 ὁδύνη
2349 4118 2445 4172 καὶ
2464 4115 2608 4186 λύπη
2627 4115 2722 4168 καὶ
2741 4113 3062 4183 στεναγμὸς,
3085 4112 3181 4166 καὶ
3207 4111 3304 4182 τήν
3327 4112 3605 4182 βασιλείαν
3623 4117 3734 4168 τῶν

2163 4205 2406 4278 οὐρανῶν
2426 4198 2734 4275 χαριεῖσθαι
2752 4198 3166 4268 ἐπαγγέλλεται.
3195 4197 3374 4252 Δεῦτε
3392 4200 3519 4270 γάρ,
3545 4203 3731 4271 φησὶν,

2162 4295 2218 4347 οι
2244 4289 2637 4361 εὐλογημένοι
2670 4287 2776 4342 τοῦ
2797 4287 3028 4354 Πατρός
3047 4301 3167 4354 μου
3187 4323 3204 4350 ,
3243 4287 3735 4355 κληρονομήσατε

2161 4379 2278 4450 τὴν
2301 4376 2751 4448 ἡτοιμασμένην
2768 4374 3246 4445 ὑμῖνβασιλείαν
3257 4373 3376 4428 ἀπὸ
3393 4374 3735 4443 καταϐολῆς

2161 4470 2414 4536 κόσμου.
2458 4464 2784 4519 Ἐπείνασα
2807 4463 2937 4533 γὰρ,
2964 4461 3062 4516 καί
3095 4460 3353 4515 ἐδώκατέ
3365 4478 3468 4530 μοι
3495 4462 3729 4530 φαγεῖν.

2159 4555 2446 4623 ἐδίψησα,
2491 4550 2590 4606 καί
2641 4549 2958 4604 ἐποτίσατέ
3002 4566 3079 4618 με
3109 4565 3123 4579 ⁸
3157 4548 3332 4614 ξένος
3378 4547 3540 4617 ἥμην
3560 4587 3575 4612 ,
3630 4552 3729 4604 καὶ

2159 4639 2530 4712 συνηγάγετέ
2566 4655 2643 4708 με
2672 4654 2688 4667 ·
2722 4637 2949 4708 γυμνὸς
2981 4636 3166 4705 ἤμην,
3215 4635 3313 4688 καί
3355 4635 3732 4702 περιεϐάλετέ

2154 4748 2233 4801 με
2254 4747 2268 4760 °
2293 4730 2364 4783 ἐν
2394 4725 2664 4798 φυλακῇ,
2690 4725 2790 4780 καί
2819 4724 3034 4792 ἤλθετε
3060 4725 3211 4792 πρός
3232 4743 3328 4794 με.

2227 4814 2376 4890 *Δρα
2411 4812 2502 4870 οῦν
2547 4813 2892 4883 ἀκουσόμεθα
2940 4812 3034 4866 καὶ
3088 4814 3247 4882 ἡμεῖς
3297 4813 3399 4882 τῆς
3453 4813 3730 4886 μακαρίας

2158 4907 2374 4976 ἐκείνης
2418 4906 2642 4974 φωνῆςς
2691 4903 2765 4956 Οὐ
2805 4901 3009 4970 σφόδρα
3043 4900 3108 4954 ἂν
3145 4901 3527 4974 ἰσχυρισαίμην
3563 4900 3676 4969 ἐγώ
3709 4918 3726 4932 °

2158 4989 2329 5061 πολλὴ
2383 4988 2494 5060 γὰρ
2550 4988 2682 5059 παρ’
2727 4988 2860 5056 ἡμῖν
2912 4984 3022 5037 τῶν
3074 4985 3388 5056 πενήτωνή
3434 4983 3724 5056 ὑπεροψία.

2157 5075 2428 5146 Νηστείας
2468 5073 2658 5146 καιρὸς
2680 5115 2694 5139 ,
2722 5073 3043 5144 παραίνεσις
3085 5071 3320 5141 τοσαύτη
3353 5072 3445 5126 καὶ
3472 5073 3727 5126 διδασκα-

2155 5165 2246 5218 λία
2286 5164 2568 5234 σωτηρίων
2622 5161 2968 5231 διδαγμάτων
2991 5200 3005 5222 ,
3063 5158 3220 5228 εὐχαὶ
3267 5163 3508 5230 συνεχεῖς
3538 5201 3554 5225 ,
3605 5159 3727 5212 σύλ-

2155 5253 2304 5322 λογοι
2339 5249 2716 5322 καθημερινοὶ,
2746 5248 2839 5300 καὶ
2861 5246 2914 5300 τί
2946 5245 3085 5316 μετά
3117 5245 3214 5315 τὴν
3242 5245 3508 5315 τοσαύτην
3533 5245 3727 5315 ἐπιμέ.

2155 5344 2304 5398 λειαν
2352 5341 2580 5410 ὁφελος;
2629 5337 2817 5391 Οὐδέν.
2879 5335 3294 5405 ’Δναχωροῦμεν
3337 5333 3445 5403 γάρ
3477 5333 3728 5409 ἐντεῦθεν

2155 5431 2429 5504 ὁρμαθοὺς
2482 5428 2732 5496 πενήτων
2778 5423 3012 5494 ὁρῶντες
3057 5420 3335 5490 στοιχηδὸν
3384 5411 3725 5489 ἑκατέρωθεν

2155 5518 2464 5588 ἑστηκότων
2495 5533 2509 5548 ο
2547 5513 2642 5568 καὶ⁵
2680 5512 2868 5572 ὥσπερ
2897 5509 3080 5570 κίονας
3119 5507 3436 5576 βλέποντες,
3472 5506 3586 5558 ἀλλ’
3624 5508 3726 5559 οὐκ

2153 5602 2471 5672 ἀνθρώπινα
2505 5599 2731 5668 σώματα
2753 5639 2768 5662 ,
2801 5595 2973 5656 οὕτως
3004 5591 3245 5662 ἀνηλεῶς
3285 5592 3720 5664 παρατρέχομεν.

2157 5694 2367 5763 ’Ὠσπερ
2392 5684 2483 5742 οῦν
2514 5686 2830 5756 ἀνδριάντας
2861 5681 3120 5751 άςούχους,
3137 5680 3368 5735 ἀλλὀὐκ
3390 5681 3724 5753 ἐμπνέοντας
