4134 6214
430 340 525 397 ωε

429 451 566 520 Quid
594 467 722 524 ergo
750 452 1019 520 illi?Vide,
1044 470 1152 525 quo
1181 466 1333 526 pacto
1363 453 1529 512 virtus
1556 471 1669 522 eos,
1697 459 1785 527 qui
1815 457 2011 527 captivi

428 554 601 611 erant,
622 546 790 617 magis
820 547 993 617 regios
1020 562 1177 617 quam
1210 562 1388 618 regem
1417 549 1588 619 ipsum
1616 548 1927 612 reddiderit,
1953 565 2016 603 ac

430 634 599 690 multo
622 636 901 691 excelsiori
929 636 1106 692 animo
1130 637 1379 706 pnrditos
1400 638 1519 693 illos
1551 637 1861 692 ostenderit.
1899 637 2013 693 Non

428 726 573 781 enim
598 736 863 798 tamquam
895 742 1073 799 regem
1101 728 1454 798 alloquentes,
1479 730 1570 784 sed
1603 740 1867 798 tamquam
1895 746 2015 784 cum

428 815 608 887 aliquo
636 816 735 871 sibi
774 815 990 873 subdito
1027 832 1331 873 sermonem
1375 830 1618 874 serentes
1655 835 1778 873 cum
1827 818 2017 874 ﬁducia

430 905 845 977 respondebant.
892 906 1013 962 Non
1058 925 1187 976 opus
1230 909 1488 975 habemus,
1519 911 1780 980 inquiunt,
1825 928 1915 963 nos
1956 912 2018 964 de

428 998 573 1053 verba
602 1000 695 1053 hoc
730 1000 1035 1069 respondere
1065 1002 1171 1071 regi
1213 1002 1232 1067 (
1260 1000 1395 1055 Dan.
1430 1003 1482 1057 5.
1519 1004 1583 1057 iii
1610 1005 1647 1073 ).
1681 1003 1793 1057 Non
1819 1003 2014 1070 verbis,

430 1088 524 1144 sed
570 1090 732 1145 rebus
754 1086 907 1161 1’psis
953 1089 1465 1147 demonstrationem
1508 1093 1897 1149 exhibebimus.
1927 1093 2018 1149 Est

426 1177 565 1234 Deus
594 1181 645 1234 in
674 1180 819 1248 calo,
852 1191 1026 1249 potens
1051 1183 1249 1252 eripere
1270 1200 1360 1238 nos
1387 1184 1407 1254 (
1426 1182 1565 1238 Ibid.
1588 1201 1636 1238 υ.
1664 1183 1784 1255 i7).
1813 1185 2017 1239 Beneﬁ-

429 1268 571 1324 cium
612 1286 641 1324 a
684 1270 901 1325 Daniele
948 1280 1226 1341 acceptum
1278 1274 1328 1327 in
1368 1275 1679 1329 memoriam
1710 1275 1783 1330 illi
1811 1291 2019 1331 revoca-

430 1369 557 1415 runt
596 1361 781 1416 iisdem
822 1363 902 1415 usi
946 1364 1142 1426 verbis,
1175 1379 1293 1432 qua:
1325 1366 1584 1435 propheta
1624 1375 1747 1420 tunc
1778 1367 2011 1436 protulit.

423 1453 560 1521 Quid
600 1455 745 1509 enim
775 1454 864 1510 ille
905 1455 1152 1510 dicebat?
1183 1455 1302 1510 Non
1334 1469 1407 1511 est
1433 1475 1696 1528 magorum
1731 1457 2018 1513 Gazareno-

422 1560 557 1611 rum,
605 1544 962 1600 Chaldcorum
1003 1546 1224 1610 verbum,
1257 1548 1391 1615 quod
1425 1549 1633 1617 requirit
1672 1566 1798 1603 rex:
1824 1550 1913 1604 sed
1944 1560 2016 1604 est

424 1633 564 1692 Deus
579 1636 629 1689 in
659 1637 797 1691 ralis
816 1635 1042 1691 revelatis
1067 1638 1305 1707 mysteria
1333 1640 1351 1706 (
1385 1636 1470 1691 Id.
1500 1637 1556 1691 2.
1575 1637 1666 1693 27.
1693 1638 1765 1693 28
1868 1640 2015 1696 Hanc

422 1728 584 1797 igitur
620 1727 696 1782 illi
726 1743 910 1783 vocem
944 1730 996 1783 in
1019 1730 1329 1783 memoriam
1358 1738 1628 1793 revocant,
1649 1740 1703 1785 ut
1723 1730 2014 1785 modestio-

422 1835 538 1875 rem
560 1818 707 1874 illum
728 1819 972 1875 reddant.
995 1820 1193 1875 Deinde
1208 1820 1355 1874 addit
1394 1821 1697 1890 Scriptura:
1730 1821 1796 1875 Et
1816 1824 1861 1875 si
1890 1839 2010 1889 non,

423 1920 597 1963 notum
622 1910 685 1963 sit
713 1910 801 1963 tibi
810 1952 823 1972 ,
856 1927 966 1977 rex,
994 1912 1113 1981 quia
1137 1910 1256 1963 deos
1282 1920 1393 1965 tuos
1417 1928 1517 1963 non
1542 1911 1774 1975 colimus,
1806 1921 1853 1964 et
1882 1913 2013 1965 ima-

421 2000 588 2071 ginem
616 2016 845 2068 auream,
899 2017 1051 2069 quam
1100 2001 1339 2067 statuisti,
1370 2019 1469 2055 non
1503 2002 1777 2057 adoramus
1801 2002 1925 2073 (Id.
1957 2006 2010 2059 4.

422 2092 490 2147 18
521 2092 567 2161 ).
594 2090 727 2147 Vide
752 2091 1010 2161 juvenum
1040 2093 1377 2162 sapientiam.
1406 2092 1541 2147 Nam
1573 2103 1737 2159 utne,
1768 2095 1858 2164 qui
1890 2106 2015 2151 tunc

418 2182 661 2246 aderant,
704 2183 870 2238 Deum
912 2183 1237 2238 inﬁrmitatis
1280 2194 1613 2250 accusarent,
1653 2185 1700 2239 si
1739 2184 1875 2239 forte
1901 2187 2015 2241 col-

418 2274 597 2344 lapsos
627 2274 747 2328 illos
789 2275 839 2327 in
881 2273 1150 2328 fornacem
1188 2273 1324 2329 moti
1358 2274 1685 2345 contigisset,
1722 2278 2010 2345 potentiam

420 2364 541 2433 ejus
570 2374 696 2419 ante
724 2364 1046 2419 conﬁtentur
1071 2365 1330 2431 dicentes,
1370 2362 1467 2419 It'st
1503 2364 1641 2419 Deus
1679 2366 1731 2419 in
1760 2368 1903 2433 calo,
1926 2369 2013 2438 qui

419 2466 579 2528 potest
608 2473 699 2512 nos
740 2457 932 2527 eripere
964 2472 983 2510 :
1016 2473 1081 2511 ne
1118 2467 1295 2511 autem
1345 2472 1528 2511 rursus
1572 2474 1691 2511 cum
1741 2458 2009 2513 ﬂammam

417 2547 733 2612 evasissent,
763 2547 1027 2602 mercedis
1046 2563 1107 2602 ac
1129 2547 1332 2617 praemii
1353 2563 1511 2601 causa
1544 2549 1651 2602 Deo
1675 2551 1885 2603 servire
1912 2567 2005 2619 pu-

418 2649 677 2705 tarentur,
708 2626 1056 2710 adjecerunt:
1089 2637 1155 2693 Et
1188 2640 1234 2693 si
1274 2656 1395 2703 non,
1429 2649 1600 2693 notum
1638 2640 1702 2692 sit
1740 2641 1847 2705 tibi,
1893 2657 2005 2707 rex,

414 2733 534 2802 quia
583 2732 703 2786 deos
750 2742 863 2785 tuos
901 2749 1001 2786 non
1051 2732 1295 2799 colimus,
1336 2742 1383 2786 et
1440 2732 1710 2802 imaginem
1758 2748 1967 2786 auream
1988 2772 2003 2798 ,

414 2840 566 2893 quam
600 2824 837 2890 statuisti,
878 2840 979 2877 non
1008 2824 1317 2888 adoramus;
1345 2822 1539 2894 quibus
1568 2824 1743 2879 verbis
1769 2826 1923 2879 simul
1954 2835 2009 2880 et

420 2915 708 2983 praedicant
746 2915 841 2970 Dei
887 2916 1133 2970 virtutem
1157 2926 1211 2970 et
1233 2926 1547 2986 generosam
1578 2916 1768 2971 anima:
1798 2932 1908 2971 sua:
1946 2918 2011 2971 li-

416 3004 627 3060 duciam
672 3022 781 3076 pra:
828 3022 887 3063 se
930 3008 1127 3072 lerunt,
1166 3025 1233 3061 ne
1272 3008 1407 3062 forte
1444 3007 1511 3062 de
1551 3008 1655 3064 illis
1681 3008 1801 3079 quis
1826 3008 2008 3066 dicere

421 3106 618 3165 posset,
638 3114 758 3167 quae
772 3098 1055 3155 adversum
1078 3099 1180 3154 Job
1198 3099 1442 3154 diabolus
1458 3100 1831 3157 calumniando
1844 3102 2006 3173 jactao

419 3185 532 3242 bat.
562 3187 697 3255 Quid
730 3203 857 3243 vero
886 3188 1096 3243 dicebat
1123 3188 1410 3245 diabolus?
1440 3188 1560 3243 Non
1603 3192 1759 3261 gratis
1795 3193 1914 3246 colit
1958 3202 2007 3247 te

413 3275 515 3333 Iob
536 3294 556 3332 :
574 3279 819 3351 siquidem
846 3282 1049 3334 munisti
1072 3298 1149 3334 res
1173 3282 1304 3352 ejus,
1335 3297 1447 3351 qua:
1475 3282 1630 3349 intra,
1654 3291 1700 3335 et
1727 3299 1841 3352 qua:
1862 3295 2005 3339 extra

414 3381 535 3425 sunt
576 3370 716 3445 (Job
767 3374 819 3428 ι.
851 3372 907 3430 9.
939 3374 1073 3443 10).
1119 3373 1195 3429 Ne
1239 3374 1397 3443 igitur
1435 3374 1502 3428 de
1548 3375 1629 3429 his
1671 3376 1831 3429 etiam
1877 3376 2002 3431 illud

412 3459 518 3516 dici
550 3472 750 3533 posset,
776 3465 847 3520 illi
871 3474 1231 3527 antevertunt,
1250 3475 1304 3520 et
1336 3464 1615 3537 impudens
1639 3480 1701 3520 os
1727 3465 1996 3522 obturant.

496 3550 741 3607 Virtutem
776 3556 863 3623 qui
898 3566 1137 3619 sectatur,
1168 3556 1293 3609 liber
1319 3566 1393 3611 est
1427 3566 1471 3610 et
1503 3557 1735 3626 superior
1755 3558 1955 3628 regibus
1980 3575 2001 3623 ;

412 3645 570 3699 virtus
590 3662 787 3699 onmem
813 3657 995 3701 metum
1017 3647 1439 3703 excludit.—Scd
1456 3689 1471 3713 ,
1501 3658 1557 3702 ιιι
1588 3648 1851 3715 dicebam,
1878 3650 2001 3705 licet

416 3734 658 3803 captivus
688 3735 758 3790 sit
783 3736 995 3806 aliquis,
1037 3737 1159 3792 licet
1184 3752 1391 3803 servus,
1431 3738 1556 3792 licet
1582 3738 1912 3808 peregrinus,
1937 3739 2001 3793 li-

410 3835 497 3881 cet
526 3826 577 3881 in
604 3828 774 3882 aliena
796 3828 1011 3898 regione
1042 3838 1302 3893 versetur,
1334 3841 1387 3883 et
1410 3828 1659 3883 virtutem
1689 3845 1870 3883 secum
1903 3829 1998 3885 ba-

412 3916 529 3972 beat
553 3959 567 3981 ,
600 3918 845 3987 superior
874 3919 1120 3974 omnibus
1147 3917 1249 3973 erit
1271 3918 1507 3985 regibus.
1540 3917 1700 3973 Vides
1723 3928 1777 3973 et
1804 3919 1995 3974 mulie-

409 4023 527 4062 rum
549 4008 777 4063 solutam
798 4022 918 4064 esse
944 4010 1275 4073 servitutem,
1294 4018 1348 4065 et
1364 4009 1703 4077 famulorum,
1731 4020 1784 4064 et
1809 4024 1995 4065 eorum

406 4099 495 4169 qui
526 4099 853 4170 principibus
875 4100 1136 4155 subsunt?
1163 4103 1274 4171 Age
1300 4100 1554 4169 deinceps
1593 4099 1871 4155 ostendam
1900 4101 1993 4155 tibi

407 4199 608 4244 metum
652 4205 863 4261 quoque
902 4191 1190 4246 bestiarum
1232 4206 1352 4245 esse
1381 4190 1681 4260 depulsum.
1716 4190 1771 4244 lu
1803 4190 1990 4245 eadem

404 4281 669 4352 quondam
703 4280 970 4353 Babylone
989 4282 1262 4351 conjectus
1284 4280 1455 4337 fuerat
1486 4283 1538 4335 in
1567 4282 1740 4336 lacum
1772 4280 1952 4336 Daniel
1977 4299 1990 4335 :

405 4373 499 4427 sed
538 4388 661 4427 eum
711 4373 899 4429 leones
940 4374 1203 4443 attingere
1246 4388 1351 4428 non
1402 4372 1686 4427 audebant.
1735 4371 1995 4427 Videbant

402 4463 547 4517 enim
581 4465 849 4534 antiquam
878 4474 931 4519 et
957 4466 1154 4535 regiam
1187 4466 1471 4537 imaginem
1502 4466 1552 4519 in
1582 4464 1699 4535 ipso
1729 4464 1994 4535 refulgen-

408 4562 536 4617 tem,
585 4553 833 4625 illamque
878 4556 1100 4611 formam
1146 4558 1458 4621 cernebant,
1500 4573 1657 4628 quam
1703 4557 1754 4612 in
1788 4557 1993 4612 Adamn

406 4643 650 4699 viderant
692 4654 815 4700 ante
860 4655 1155 4714 peccatum.
1192 4647 1465 4718 Siquidem
1496 4664 1618 4702 cum
1651 4648 1839 4703 eadem
1866 4648 1993 4704 sub-

397 4735 650 4806 jectione,
678 4750 799 4790 cum
825 4737 890 4789 ad
922 4736 1182 4791 Adamum
1223 4742 1601 4807 accessissent,
1634 4742 1847 4795 nomina
1880 4752 1989 4797 tum

403 4838 741 4896 acceperunt.
772 4825 953 4896 Neque
983 4826 1071 4881 hic
1096 4828 1268 4882 solum
1294 4845 1308 4894 ;
1341 4829 1435 4885 sed
1464 4839 1519 4885 et
1557 4832 1611 4885 in
1641 4831 1799 4886 beato
1827 4831 1991 4888 Paulo

406 4918 542 4971 idem
582 4919 823 4989 contigit.
860 4918 987 4971 Nam
1013 4928 1067 4971 et
1096 4918 1182 4973 ille
1220 4933 1340 4973 cum
1368 4921 1419 4974 in
1448 4921 1794 4977 barbarorum
1845 4923 1992 4977 insu-

404 5009 506 5062 lam
534 5009 736 5077 ejectus
773 5019 936 5073 esset,
970 5024 1113 5080 pyra:
1144 5009 1427 5074 assidebat,
1460 5020 1516 5064 ut
1548 5011 1817 5067 caleﬁeret
1850 5011 1984 5084 (Act.

400 5096 543 5167 38):
594 5098 788 5154 deinde
837 5098 1118 5168 prosiliens
1149 5113 1180 5153 e
1211 5100 1494 5154 sarmentis
1540 5100 1719 5169 vipera
1764 5117 1982 5156 manum

403 5190 516 5260 ejus
559 5192 769 5245 invasit.
806 5189 942 5258 Quid
991 5207 1119 5262 ergo
1165 5200 1345 5261 postea
1391 5191 1655 5261 contigit?
1693 5188 1985 5248 Confestim

402 5282 571 5338 bestia
600 5282 810 5337 cecidit.
846 5282 974 5336 Nam
1006 5284 1256 5353 quoniam
1288 5294 1563 5353 peccatum
1611 5298 1715 5337 non
1758 5284 1982 5351 invenit,

403 5389 473 5430 ne
500 5374 746 5429 mordere
769 5375 981 5445 quidem
1017 5374 1228 5443 potuit:
1266 5374 1359 5429 sed
1386 5375 1832 5445 quemadmodum
1865 5391 1983 5441 nos,

401 5466 448 5521 si
476 5466 688 5537 quando
713 5466 885 5523 levem
932 5468 1162 5538 aliquem
1198 5467 1476 5537 scopulum
1514 5468 1804 5522 ascendere
1831 5468 1984 5521 volu-

404 5574 545 5625 mus,
573 5561 698 5615 dum
738 5574 997 5631 nusquam
1045 5558 1359 5628 reperimus,
1409 5558 1551 5631 quod
1590 5556 1983 5630 apprehensum

405 5663 715 5718 teneamus,
769 5661 989 5723 repente
1025 5650 1389 5717 concidimus,
1436 5651 1551 5706 sive
1592 5651 1645 5706 in
1686 5649 1985 5720 subjectum

406 5748 645 5818 pelagus,
674 5747 782 5800 sive
810 5748 858 5801 in
891 5744 1236 5816 prreipitium
1271 5762 1281 5797 :
1313 5744 1389 5800 sic
1428 5751 1482 5800 et
1517 5743 1602 5799 illa
1642 5740 1832 5808 bestia,
1860 5757 1980 5796 cum

1708 342 1770 400 IN
1808 340 2105 399 GENESIM
2142 340 2372 401 SERMO
2402 343 2468 401 ν.

3607 350 3713 406 eos

2124 457 2359 528 subjecta
2392 468 2535 516 esset
2558 474 2688 532 pyra
2710 499 2727 527 ,
2758 460 2900 530 quod
2931 472 3206 532 peceatum
3232 506 3247 530 ,
3279 463 3361 518 cui
3384 461 3685 519 adhmreret

2125 562 2228 601 non
2260 548 2569 617 invenisset,
2602 565 2774 621 neque
2810 552 2897 605 cui
2919 552 3110 608 dentes
3140 554 3404 623 inﬁgeret,
3439 556 3490 607 in
3520 569 3709 626 pyram

2123 636 2339 703 decidit,
2368 649 2421 695 et
2453 642 2771 709 interempta
2802 650 2903 696 est.
2941 642 3034 698 Vis
3062 644 3287 697 alterum
3318 646 3409 697 tibi
3436 643 3709 699 delensio-

2125 729 2207 780 nis
2250 744 2417 798 gcnus
2466 730 2517 783 in
2564 731 2796 785 medium
2844 732 3106 787 all'eram?
3148 732 3322 789 Unum
3365 732 3577 802 quidem
3602 743 3709 800 est,

2121 822 2263 890 quod
2295 839 2397 875 non
2433 825 2637 890 priores
2668 832 2870 877 tantum
2911 827 3212 893 peccarint,
3243 824 3336 879 sed
3379 834 3433 878 et
3466 826 3557 894 qui
3590 835 3711 893 post

2124 911 2240 964 illos
2267 912 2374 965 nati
2404 921 2563 974 sunt;
2592 912 2819 966 alterum
2851 927 2998 973 vero.
3031 914 3168 982 quod
3200 914 3288 982 qui
3318 914 3454 968 bene
3495 927 3554 967 se
3589 928 3713 983 ges-

2123 1003 2293 1056 serint
2312 1044 2326 1068 ,
2362 1002 2521 1071 idque
2547 1002 2673 1056 dum
2702 1003 2753 1057 in
2785 1005 2885 1059 hac
2913 1004 3018 1057 vita
3048 1014 3413 1069 versarentur,
3458 1004 3710 1059 leviorem

2122 1093 2467 1162 experiantur
2495 1095 2808 1149 servitutem
2837 1111 2851 1150 :
2883 1095 2964 1151 vel
2990 1096 3163 1165 potius
3190 1096 3258 1149 ab
3289 1096 3373 1149 illa
3402 1097 3606 1165 integra
3641 1095 3709 1149 li-

2125 1182 2396 1249 berentur,
2446 1194 2503 1237 nt
2545 1186 2706 1239 etiam
2746 1188 2797 1238 in
2841 1185 3173 1250 mulieribus,
3205 1197 3257 1241 et
3288 1187 3338 1241 in
3368 1186 3614 1252 subditis,
3649 1192 3706 1241 et

2123 1276 2175 1329 in
2209 1276 2397 1330 belluis
2440 1293 2467 1327 a
2506 1276 2660 1330 nobis
2694 1286 2967 1331 ostensum
3010 1287 3110 1331 est.
3142 1278 3379 1333 Tertium
3425 1293 3551 1331 vero
3589 1286 3709 1348 post

2123 1365 2232 1430 illa,
2284 1366 2423 1435 quod
2470 1366 2713 1419 Christus
2765 1381 2885 1420 cum
2932 1367 3271 1435 advenisset,
3314 1369 3514 1436 majora
3565 1380 3706 1421 tiunc

2121 1457 2257 1512 busta
2302 1461 2370 1511 sit
2410 1457 2561 1511 nobis
2605 1458 2891 1526 pollicitus,
2938 1474 3097 1527 quam
3151 1474 3214 1514 ea
3256 1459 3448 1528 quibus
3490 1457 3699 1527 spoliati

2122 1548 2314 1602 fuimus
2339 1550 2408 1601 ab
2438 1550 2520 1611 iis,
2562 1549 2653 1617 qui
2682 1567 2709 1599 ιι
2749 1549 3005 1617 principio
3032 1558 3334 1619 peccaram.
3365 1546 3503 1615 Quid
3534 1549 3700 1611 enim,

2120 1655 2318 1709 quasso,
2354 1656 2491 1694 nunc
2523 1640 2703 1709 luges?
2726 1656 2792 1693 an
2824 1640 2964 1709 quod
2998 1641 3233 1695 admisso
3262 1650 3481 1710 peccato
3501 1654 3532 1694 e
3556 1654 3710 1708 para-

2118 1731 2236 1785 diso
2280 1743 2330 1785 te
2375 1731 2541 1784 Adam
2585 1731 2840 1800 ejeeerit?
2886 1730 2987 1785 Fac
3039 1732 3174 1784 bona
3224 1746 3409 1799 opera,
3457 1736 3703 1784 virtutem

2118 1822 2515 1882 :enml:u-e;uer
2541 1823 2647 1889 jam
2679 1820 3002 1889 paradisum,
3026 1820 3120 1876 sed
3153 1820 3245 1875 tibi
3274 1820 3463 1875 cadum
3495 1835 3699 1884 resera,

2120 1926 2295 1980 neque
2327 1915 2608 1981 permitto,
2641 1921 2697 1963 ut
2720 1926 2784 1964 ex
2818 1912 2970 1979 primi
3006 1911 3240 1982 parentis
3267 1912 3704 1981 praevaricatione

2118 2005 2244 2057 mali
2278 2005 2370 2057 tibi
2402 2003 2688 2071 quidquam
2717 2003 2987 2056 obveniat.
3019 2005 3100 2057 An
3145 2003 3315 2072 luges,
3352 2002 3494 2073 quod
3525 2002 3701 2056 domi-

2118 2104 2243 2149 natu
2271 2095 2322 2147 in
2352 2094 2489 2147 feras
2518 2094 2753 2162 privatus
2774 2094 2885 2148 sis?
2909 2094 3045 2149 Ecce
3067 2094 3159 2148 tibi
3190 2094 3461 2148 dmmones
3486 2107 3699 2163 quoque

2115 2186 2362 2255 subjicio,
2390 2187 2432 2238 si
2463 2187 2593 2239 velis
2617 2185 2911 2240 attendere.
2942 2183 3144 2239 Calcate
3183 2201 3413 2254 namque
3434 2226 3449 2249 ,
3494 2185 3660 2253 inquit
3680 2225 3696 2248 ,

2114 2293 2269 2345 supra
2292 2286 2544 2345 serpentes
2569 2285 2614 2327 et
2643 2274 2955 2345 scorpiones,
2987 2284 3033 2328 et
3058 2291 3210 2343 super
3236 2290 3435 2329 onmem
3468 2274 3698 2326 virtutem

2114 2367 2307 2421 inimici
2330 2372 2345 2436 (
2371 2367 2497 2420 Luc.
2532 2366 2616 2420 ιο.
2658 2365 2783 2435 l9).
2811 2364 2995 2435 Neque
3020 2366 3151 2420 dixit
3172 2406 3189 2432 ,
3224 2366 3574 2420 Dominamini
3596 2405 3609 2428 ,
3640 2372 3701 2418 ut

2113 2474 2235 2513 cum
2260 2459 2328 2512 de
2354 2459 2538 2513 bestiis
2564 2466 2780 2527 ageret,
2807 2457 2934 2525 sed,
2962 2456 3167 2512 Calcate
3184 2498 3200 2521 ,
3227 2464 3287 2511 ut
3307 2471 3573 2511 summum
3617 2457 3698 2511 in-

2115 2551 2335 2605 duceret
2360 2550 2711 2603 dominatum.

2186 2643 2239 2696 '5.
2296 2642 2581 2709 Propterea
2613 2640 2806 2695 Paulus
2838 2656 3051 2710 quoque
3077 2656 3181 2694 non
3213 2639 3367 2705 dixit,
3398 2640 3538 2694 Deus
3568 2639 3695 2695 sub-

2107 2731 2255 2801 jiciot
2301 2741 2540 2785 saturam
2580 2732 2680 2784 sub
2721 2729 2941 2798 pedibus
2986 2731 3210 2796 vestris,
3247 2729 3363 2792 sed,
3393 2729 3530 2783 Deus
3572 2747 3694 2783 con-

2110 2833 2231 2879 teret
2273 2834 2504 2879 satunam
2526 2822 2619 2877 sub
2648 2822 2855 2892 pedibus
2888 2822 3061 2876 vestris
3104 2821 3277 2892 (Rom.
3305 2821 3391 2878 ιϐ.
3424 2822 3540 2893 20).
3580 2821 3695 2877 Non

2105 2914 2240 2984 jam,
2274 2922 2330 2968 ut
2355 2915 2518 2983 prius,
2543 2913 2664 2983 Ipse
2692 2913 2966 2966 observavit
3002 2924 3155 2981 caput
3193 2922 3356 2979 tuum,
3383 2923 3429 2966 et
3455 2923 3507 2966 tu
3535 2912 3694 2982 ipsius

2108 3006 2402 3059 calcaneum
2430 3004 2710 3059 observabis
2733 3018 2752 3057 :
2794 3002 2888 3060 sed
2924 3004 3131 3073 integra
3172 3012 3256 3058 est
3294 3003 3533 3069 victoria,
3564 3018 3693 3074 per-

2109 3095 2281 3150 lectus
2306 3096 2625 3165 triumphus,
2650 3096 2802 3164 plena
2832 3103 3035 3164 strages
3066 3095 3254 3159 hostis,
3293 3095 3606 3159 internecio,
3639 3103 3695 3148 et

2108 3187 2347 3241 exitium.
2385 3187 2509 3241 \‘iro
2544 3197 2595 3241 te
2633 3186 2858 3257 subjecit
2902 3186 3045 3251 Eva;
3072 3201 3173 3256 ego
3215 3202 3341 3241 vero
3370 3198 3421 3242 te
3442 3202 3547 3242 non
3578 3188 3693 3240 viro

2110 3287 2334 3344 tantum,
2364 3278 2458 3334 sed
2499 3287 2551 3333 et
2595 3278 2724 3347 ipsis
2751 3278 2955 3350 angelis
2980 3278 3185 3333 honore
3211 3279 3469 3348 :cqnalem
3500 3277 3687 3345 reddo,

2106 3369 2151 3423 si
2180 3368 2326 3422 velis.
2360 3368 2472 3422 Vita
2511 3379 2562 3425 le
2606 3370 2852 3438 praesenti
2886 3369 3146 3438 privavit:
3178 3384 3278 3439 ego
3302 3384 3428 3423 vero
3458 3366 3687 3423 futuram

2107 3461 2201 3515 tibi
2229 3462 2456 3531 largior,
2490 3475 2800 3529 prrennem,
2851 3460 3227 3527 immortalem,
3264 3468 3317 3514 et
3356 3459 3508 3514 bonis
3534 3460 3691 3513 inuu-

2105 3553 2266 3605 meris
2295 3549 2700 3606 redundantem.
2721 3549 2888 3605 Nemo
2910 3551 3070 3621 igitur
3097 3562 3311 3620 prepter
3339 3552 3459 3606 illos
3483 3550 3689 3621 priores

2104 3644 2300 3698 damno
2339 3660 2397 3698 se
2443 3644 2690 3698 alTet-tunt
2738 3644 3064 3699 arbitretur:
3121 3643 3317 3698 etenim
3363 3642 3409 3697 si
3462 3644 3688 3697 velimus

2103 3736 2304 3800 otunia,
2357 3750 2474 3801 qua:
2518 3734 2672 3788 nobis
2717 3735 3003 3803 largiturus
3052 3745 3155 3800 est,
3199 3734 3464 3804 persequi,
3519 3734 3688 3787 multo

2104 3829 2303 3894 majora
2349 3827 2450 3890 his,
2478 3841 2598 3895 qua:
2629 3826 2927 3891 amisimus,
2956 3826 3111 3880 nobis
3153 3843 3273 3880 esse
3314 3826 3506 3881 donata
3538 3840 3688 3878 (‘OIII-

2105 3920 2390 3988 periemns.
2431 3917 2695 3971 lla-terum
2734 3933 2798 3971 ex
2848 3917 2933 3978 iis,
2967 3934 3087 3986 qua:
3122 3918 3262 3973 dicta
3292 3928 3435 3984 sunt,
3466 3919 3533 3974 de
3560 3919 3686 3973 reli-

2101 4009 2221 4077 quis
2246 4008 2405 4062 etiam
2434 4006 2716 4061 constabit.
2764 4005 3109 4061 Laboriosum
3152 4008 3387 4062 Adamus
3413 4010 3573 4063 vitam
3608 4010 3688 4062 in-

2102 4098 2284 4159 vexit;
2315 4108 2369 4149 at
2396 4096 2639 4151 Christus
2668 4096 2825 4150 vitam
2861 4098 3124 4165 promisit,
3158 4098 3298 4153 unde
3339 4099 3467 4169 fugit
3508 4100 3679 4163 dolor,

2103 4187 2333 4250 tristitia,
2363 4197 2413 4240 et
2440 4187 2688 4256 getnitus,
2725 4201 2889 4257 seque
2919 4202 3140 4257 regnum
3178 4190 3431 4243 caelorum
3463 4189 3684 4259 largitu-

2102 4295 2216 4332 rum
2249 4278 2548 4347 pullicetur.
2591 4276 2760 4331 Venite
2792 4293 3038 4348 namque,
3084 4279 3273 4349 inquit,
3316 4281 3557 4335 benedicti
3580 4280 3684 4335 Pa-

2100 4370 2190 4421 tris
2208 4369 2320 4427 mei,
2352 4368 2598 4438 possidete
2618 4380 2848 4437 paratum
2875 4369 3010 4421 vobis
3036 4385 3247 4437 regnum
3274 4388 3306 4422 a
3329 4372 3685 4425 constitutione

2098 4461 2291 4514 tnundi.
2311 4459 2511 4514 Esnrici
2531 4460 2683 4525 enim,
2709 4470 2757 4513 et
2784 4459 2992 4514 dedistis
3014 4461 3137 4514 mihi
3158 4462 3501 4516 manducare:
3527 4464 3680 4525 sitivi,

2097 4562 2143 4605 et
2167 4553 2374 4607 dedistis
2402 4553 2524 4605 mihi
2548 4552 2752 4607 bibere:
2782 4554 2961 4623 hospes
2986 4569 3145 4621 «tum,
3184 4564 3234 4610 et
3264 4555 3536 4627 collegistis
3570 4572 3685 4610 me:

2097 4644 2264 4697 nudus
2297 4660 2459 4709 eram,
2492 4652 2537 4696 et
2569 4643 2896 4712 cooperuistis
2923 4659 3041 4697 me:
3070 4646 3122 4698 in
3160 4662 3378 4713 carcere,
3406 4656 3451 4700 et
3480 4648 3683 4700 venistis

2094 4735 2163 4789 ad
2192 4751 2269 4788 me
2289 4733 2499 4805 (Matth.
2528 4735 2618 4789 25.
2650 4735 2717 4789 5i
2738 4763 2764 4775 -
2786 4734 2902 4804 30).

2170 4827 2384 4881 Moralis
2397 4827 2643 4897 epilogus.
2669 4825 2720 4879 II
2724 4836 2920 4879 ortatur
2936 4827 3007 4879 ad
3023 4828 3408 4900 eleemosyuam.
3429 4859 3499 4869 —
3518 4828 3678 4883 Nunt-

2094 4920 2218 4991 quid
2250 4921 2409 4989 igitur
2435 4934 2532 4973 nos
2572 4933 2786 4987 quoque
2832 4918 3042 4974 beatam
3082 4921 3226 4975 illam
3261 4936 3446 4975 vocem
3491 4920 3675 4975 audie-

2096 5011 2257 5067 mus?
2285 5009 2543 5081 Equidem
2585 5026 2691 5064 non
2730 5011 3016 5065 admodum
3051 5012 3102 5066 id
3132 5012 3303 5065 ausim
3342 5027 3675 5073 asseverare,

2094 5102 2390 5173 praesertim
2420 5115 2541 5154 cum
2572 5116 2834 5170 pauperes
2864 5100 3018 5155 valde
3040 5113 3466 5156 contemnamus.
3485 5100 3677 5171 lejunil

2094 5202 2301 5259 tempus
2325 5200 2427 5256 est,
2459 5199 2531 5243 tot
2561 5190 2959 5246 cohortationes
2987 5193 3136 5251 liunt,
3181 5199 3258 5245 tot
3298 5192 3548 5247 salutaria
3575 5193 3677 5247 (ιο-

2091 5292 2335 5338 cumenta
2369 5292 2750 5351 proponuntur,
2795 5297 2979 5351 preces
3016 5283 3305 5347 continuae,
3351 5284 3674 5353 quotidiana

2093 5372 2351 5431 collectze.
2377 5370 2504 5441 quid
2537 5380 2712 5424 tatuen
2755 5383 2872 5440 post
2904 5381 3103 5426 tanutm
3146 5389 3328 5429 curam
3370 5376 3466 5430 ista
3512 5380 3676 5446 proti-

2091 5462 2281 5518 ciunt?
2309 5461 2450 5517 Nihil
2483 5462 2657 5531 plane.
2689 5462 2823 5517 llinc
2849 5465 2991 5517 enim
3023 5465 3321 5522 recedimus
3350 5468 3537 5522 ordine
3564 5468 3674 5524 dis-

2093 5555 2261 5624 posita
2293 5569 2582 5624 pauperum
2610 5555 2819 5624 agmina
2855 5555 2980 5611 hinc
3014 5557 3136 5612 inde
3173 5562 3428 5616 stantium
3458 5561 3671 5619 intuen-

2093 5655 2205 5711 tes;
2232 5656 2287 5701 et
2312 5646 2462 5717 quasi
2496 5645 2793 5712 columnas,
2836 5663 2942 5703 non
2978 5648 3206 5703 humana
3233 5664 3456 5723 corpora
3486 5668 3677 5710 corner

2094 5753 2292 5805 remus,
2338 5738 2414 5795 sic
2452 5739 2651 5810 absque
2700 5740 3061 5799 misericordia
3104 5745 3457 5815 pra-terimus.
3489 5745 3671 5818 Itaque
