4134 6214
471 278 591 336 ϐω

482 409 589 447 non
616 407 773 449 secus
797 408 862 450 ac
885 391 930 450 si
952 401 1153 448 statuas
1174 393 1347 447 anima
1375 400 1642 459 carentes,
1667 407 1772 447 non
1798 391 2063 462 spirantes
2085 395 2090 399 ’

481 485 727 540 homines
756 494 1139 556 spectaremus,
1159 483 1227 537 ita
1248 483 1465 538 domum
1492 497 1858 553 properamus.
1892 481 2065 536 Enim-

481 589 610 630 vero
632 574 799 630 fames
826 575 986 645 cogit,
1018 575 1278 644 inquiunt.
1303 573 1415 629 lmo
1445 573 1670 629 suadere
1690 573 1849 628 debet
1873 572 2059 637 fames,

481 674 541 720 ut
567 664 866 731 subsistas;
897 665 1178 736 siquidem,
1208 675 1268 720 ut
1291 666 1503 736 vulgato
1549 665 1714 720 fertur
1753 663 2057 734 proverbio,

478 755 628 810 Pleni
668 766 882 811 ventres
923 757 1223 814 esurientes
1263 773 1368 811 non
1409 768 1671 812 noverunt
1697 773 1710 808 ε
1735 766 1791 810 at
1826 754 1916 825 qui
1947 770 2062 809 esu-

482 847 625 900 riunt
661 861 728 900 ex
773 848 1091 903 necessitate
1116 863 1210 903 sua
1256 849 1416 904 etiam
1456 849 1687 903 alienam
1729 857 2055 919 agnoscunt;

477 937 562 991 vel
595 939 771 1006 potius
800 954 870 995 ne
895 939 974 993 sic
999 938 1215 1009 quidem
1247 940 1359 994 fieri
1387 949 1579 1010 potest,
1615 949 1671 994 ut
1711 940 1854 994 illam
1893 950 2054 1024 totam

474 1040 809 1100 perspectam
854 1031 1102 1085 habeant.
1154 1031 1288 1086 Nam
1333 1043 1385 1085 tu
1431 1033 1645 1103 quidem
1694 1033 1759 1086 ad
1816 1040 2054 1102 paratam

472 1136 713 1177 mensam
749 1123 988 1191 festinas,
1033 1134 1086 1179 et
1119 1140 1184 1178 nc
1211 1125 1278 1179 ad
1319 1126 1583 1180 modicum
1605 1124 1819 1194 quidem
1847 1133 2055 1192 tempus

470 1221 624 1280 potes
649 1225 998 1282 eXSpectare:
1036 1232 1235 1285 pauper
1259 1225 1435 1272 autem
1467 1226 1572 1271 stat
1601 1217 1665 1269 ad
1697 1219 1861 1286 ipsam
1887 1229 2054 1284 usque

468 1319 746 1374 vesperam
769 1306 1024 1362 festinans
1053 1318 1102 1362 et
1135 1309 1322 1363 sedqu
1348 1309 1679 1375 incumbens,
1709 1316 1765 1362 ut
1792 1307 2052 1377 quotidia-

468 1411 596 1450 nutn
640 1397 836 1453 victum
861 1409 1133 1469 comparet
1158 1418 1170 1454 :
1196 1415 1424 1469 cumque
1447 1401 1586 1454 diem
1612 1399 1814 1453 finitum
1838 1397 2049 1461 viderit,

466 1488 746 1558 pecuniam
775 1505 904 1545 vero
936 1491 1168 1546 uondttm
1193 1501 1354 1546 totam
1375 1492 1673 1556 collectam,
1693 1507 1809 1558 qua:
1829 1490 1894 1543 ad
1922 1505 2056 1559 quo-

468 1577 728 1633 tidianum
757 1581 954 1635 victum
982 1581 1232 1645 sufficiat,
1265 1581 1410 1636 dolet
1441 1591 1494 1635 et
1519 1580 1873 1642 extandescit,
1903 1589 1958 1635 et
1984 1579 2048 1634 ad

463 1681 530 1719 ea
559 1682 678 1736 qua:
723 1668 863 1724 vires
909 1669 1072 1739 ipsius
1115 1671 1382 1726 excedunt
1418 1671 1660 1725 audenda
1691 1670 2044 1739 compellitur.

465 1755 592 1813 ideo
615 1759 716 1815 sub
742 1776 1018 1832 vesperam
1044 1762 1415 1819 vehementius
1445 1779 1542 1818 nos
1576 1764 1831 1819 invadunt
1862 1763 2047 1832 juran-

466 1855 570 1914 tes,
595 1849 922 1918 adiurantes,
955 1853 1222 1922 lugentes,
1256 1853 1546 1922 plorantes,
1590 1869 1777 1907 manus
1821 1852 2046 1907 tenden-

465 1944 566 2003 tes,
591 1937 693 1993 alia
719 1939 994 1996 innumera
1028 1942 1361 2012 impudenter
1383 1960 1540 2015 agere
1565 1945 1753 2001 coacti.
1787 1943 2048 1998 Verentur

461 2027 606 2082 enim
660 2045 749 2094 ne,
795 2046 917 2086 cum
963 2048 1149 2089 omnes
1186 2035 1400 2090 domum
1449 2038 1786 2102 recesserint,
1828 2037 1878 2090 in
1912 2041 2045 2096 urbe

463 2125 733 2189 tamquam
765 2121 816 2175 in
843 2122 1056 2177 deserto
1085 2125 1192 2180 sint
1219 2127 1447 2182 erraturi
1480 2146 1493 2180 :
1523 2137 1578 2183 et
1603 2129 1735 2184 sicut
1766 2130 1856 2200 qui
1883 2131 2046 2186 inter-

457 2209 551 2265 diu
581 2212 910 2283 nanfragium
938 2217 1196 2281 fecerunt,
1226 2218 1401 2275 tabula
1431 2230 1664 2292 arrepta,
1695 2232 1818 2277 ante
1858 2239 2045 2292 vespe-

457 2315 575 2356 ram
598 2303 664 2356 ad
692 2314 904 2374 portum
933 2309 1214 2376 pervenire
1243 2309 1512 2379 festinant,
1537 2329 1604 2367 ne
1628 2313 1762 2368 forte
1789 2330 1907 2369 cum
1939 2332 2041 2370 nox

455 2392 755 2459 advenerit,
813 2396 941 2452 foris
993 2412 1273 2457 manentes
1318 2403 1532 2474 gravius
1581 2405 1913 2474 naufragium
1944 2423 2039 2477 pa-

457 2483 656 2538 tiantur
683 2505 696 2540 :
733 2487 802 2542 ita
832 2497 887 2543 et
911 2505 1173 2561 pauperes
1200 2493 1327 2547 dum
1367 2493 1562 2550 famem
1609 2506 1877 2567 tamquam
1907 2514 2040 2552 nau-

454 2573 681 2645 fragium
723 2579 1127 2647 pcrtimescunl,
1171 2591 1297 2637 ante
1340 2598 1615 2653 vesperam
1657 2587 1932 2654 pecuniam
1973 2587 2039 2642 ad

454 2662 704 2718 diurnum
737 2667 936 2722 victum
985 2669 1339 2726 sufficientem
1386 2672 1638 2742 colligere
1671 2674 1940 2737 festinant,
1971 2692 2040 2732 ne

452 2770 573 2808 cum
601 2770 790 2813 omnes
809 2757 1026 2813 domum
1053 2759 1412 2828 discesserint,
1443 2773 1592 2818 extra
1623 2776 1831 2832 portum
1860 2782 2038 2822 rema-

453 2856 637 2903 neant.
661 2849 852 2906 Portus
872 2851 1014 2908 enim
1047 2853 1150 2909 illis
1171 2864 1296 2910 sunt
1319 2871 1504 2912 eorum
1531 2873 1742 2927 manus,
1765 2861 1852 2930 qui
1880 2877 2035 2932 opem

451 2938 649 2994 ferunt.

522 3033 576 3086 4.
609 3031 899 3101 Pauperum
930 3037 1163 3090 miseram
1197 3038 1534 3095 conditionem
1567 3043 1837 3112 describit,
1867 3047 2037 3102 diviti-

448 3123 637 3192 busque
661 3124 902 3180 duritiam
941 3129 1110 3184 cordis
1139 3130 1424 3200 exprobrat.
1449 3164 1522 3174 —
1550 3137 1619 3191 At
1653 3153 1752 3194 nos
1781 3156 1955 3211 neque
1983 3142 2033 3196 in

448 3212 566 3267 foro
589 3214 976 3272 calamitatibus
1000 3235 1188 3276 eorum
1226 3240 1632 3284 commoremur
1654 3271 1669 3293 ,
1718 3248 1888 3302 neque
1912 3250 2032 3290 cum

447 3303 670 3359 domum
695 3309 897 3362 reversi
924 3326 1107 3367 sumus
1141 3330 1154 3367 :
1188 3315 1282 3370 sed
1305 3327 1359 3371 et
1383 3333 1504 3372 cum
1542 3336 1724 3377 mensa
1761 3323 1913 3379 nobis
1939 3341 2033 3395 ap-

447 3393 620 3462 posita
638 3393 835 3464 fuerit,
879 3413 1023 3470 s:epe
1052 3402 1269 3460 infinitis
1314 3405 1468 3462 bonis
1500 3408 1694 3465 referta
1734 3393 2031 3484 (siquidem

444 3499 510 3539 ea
560 3484 694 3542 bona
724 3490 957 3544 vocanda
988 3502 1111 3547 sunt
1139 3509 1259 3564 qua:
1298 3497 1364 3551 ad
1405 3506 1601 3554 nostra:
1635 3501 2033 3562 inhumanitatis

443 3575 944 3637 condemnationem
988 3587 1358 3658 comedimus)
1384 3632 1400 3658 ,
1458 3607 1820 3652 verumtamen
1870 3600 2028 3654 etiam

442 3678 566 3721 cmn
594 3671 834 3740 apposita
862 3672 1021 3728 fuerit
1051 3692 1258 3745 mensa,
1285 3678 1410 3734 dmn
1439 3697 1534 3750 per
1552 3685 1862 3756 angiportns
1891 3689 2029 3746 infc-

441 3757 557 3812 rius
599 3759 721 3816 illos
769 3761 1076 3820 incedentes
1117 3767 1397 3835 audimus,
1444 3779 1498 3827 et
1535 3773 1586 3828 in
1627 3777 1799 3832 triviis
1836 3796 2028 3854 magna

442 3865 575 3906 voce
603 3852 895 3912 clamantes
914 3897 930 3922 ,
975 3859 1252 3928 profundis
1293 3862 1536 3919 dolentes
1575 3866 1624 3921 in
1654 3870 1887 3925 tenebris
1910 3852 1946 3935 ,v
1975 3878 2025 3928 in

440 3941 606 3996 multa
637 3945 952 4012 solitudine,
1000 3965 1067 4005 ne
1095 3953 1172 4005 sic
1194 3952 1407 4022 quidem
1449 3971 1852 4016 commoremur
1883 3981 1896 4015 :
1928 3965 2026 4020 sed

439 4039 498 4085 et
525 4033 691 4088 saturi
716 4035 842 4090 dum
870 4037 939 4092 ad
980 4054 1227 4095 somnum
1270 4058 1370 4098 nos
1409 4049 1805 4116 convertimus,
1837 4062 1892 4107 et
1935 4055 2026 4110 illo

439 4135 626 4175 rursus
653 4132 893 4194 tempore
917 4129 1097 4184 multis
1135 4131 1458 4190 clamoribus
1495 4137 1734 4195 dolorem
1769 4153 2026 4204 testantes

436 4210 707 4278 audimus,
738 4217 890 4284 quasi
933 4219 1174 4275 rabidum
1204 4237 1392 4279 canem
1414 4267 1430 4291 ,
1475 4243 1582 4283 non
1609 4229 1892 4289 human-tm
1924 4253 2022 4294 vo-

441 4315 555 4356 cem
577 4303 904 4374 andiremus,
930 4307 1002 4363 ita
1033 4315 1366 4380 praeterimus
1391 4335 1405 4372 :
1435 4329 1487 4375 ct
1517 4336 1690 4392 neque
1713 4325 2023 4387 difficultate

438 4396 699 4464 temporis
729 4413 1025 4468 movemur,
1053 4405 1194 4474 quod
1224 4408 1538 4481 intempesta
1568 4426 1726 4473 nocte
1751 4419 2021 4478 dormien-

436 4483 580 4538 tibus
607 4490 855 4547 omnibus
881 4494 1200 4553 lamentetur
1226 4499 1317 4556 ille
1338 4503 1504 4572 solus,
1535 4523 1710 4578 neque
1733 4515 1874 4581 quod
1903 4532 2019 4584 per-

435 4577 682 4647 exiguum
713 4584 838 4651 quid
879 4588 1144 4656 postulet,
1192 4593 1333 4660 quod
1359 4595 1488 4648 nihil
1515 4577 1763 4669 amplius
1790 4621 1820 4658 a
1865 4577 2018 4666 nobis

433 4682 594 4737 quam
621 4689 812 4746 panem
831 4716 846 4741 ,
892 4688 982 4732 aut
1009 4682 1223 4749 paulum
1251 4688 1453 4756 argenti
1479 4700 1655 4758 petat,
1701 4711 1872 4766 neque
1901 4716 2016 4754 ma-

430 4758 708 4832 gnitudine
728 4765 1046 4824 calamitatis
1069 4811 1084 4835 ,
1121 4774 1262 4843 quod
1293 4788 1548 4846 perpetua
1578 4783 1713 4838 fame
1738 4758 2016 4847 conflicte-

328 4852 344 4940 ξ
431 4860 542 4918 tur,
576 4869 750 4926 neque
793 4857 1055 4915 modestia
1094 4866 1462 4935 supplicantis,
1490 4873 1720 4940 quicum
1753 4887 1895 4934 tanta
1921 4898 2017 4936 ne-

331 4907 349 5013 ἰ.

426 4945 679 5002 cessitate
720 4960 1020 5019 prematur,
1061 4969 1166 5009 non
1209 4956 1274 5011 ad
1315 4958 1456 5017 fores
1487 4964 1745 5023 accedere
1782 4971 2013 5040 audeat,

430 5049 538 5088 non
561 5041 806 5096 cominus
835 5053 996 5109 stare,
1028 5046 1120 5101 sed
1152 5047 1370 5103 inferius
1391 5052 1547 5124 longo
1576 5068 1814 5116 remotus
1844 5073 2010 5118 mter-

429 5132 572 5188 vallo
599 5135 1036 5207 supplicationem
1082 5154 1230 5195 suam
1261 5144 1470 5200 offerat.
1509 5149 1586 5204 Ac
1613 5151 1656 5205 si
1679 5154 1888 5222 quidem
1920 5173 2012 5212 ac-

426 5221 631 5291 cipiat,
672 5225 977 5284 innumeras
1005 5248 1194 5300 preces
1231 5237 1513 5306 rependit:
1541 5241 1586 5296 si
1615 5258 1719 5298 non
1761 5247 2006 5316 accipiat,

429 5328 497 5369 ne
517 5314 595 5369 sic
612 5316 826 5386 quidem
848 5335 1093 5391 asperum
1121 5327 1338 5383 verbum
1357 5331 1571 5398 emittit,
1603 5348 1775 5406 neque
1801 5314 2009 5408 probris

426 5403 718 5462 insectatur
738 5419 832 5464 aut
853 5410 1072 5470 infamat
1098 5432 1212 5482 eos,
1240 5420 1330 5489 qui
1356 5435 1476 5476 cum
1503 5422 1633 5480 dare
1659 5403 1885 5496 possint,
1928 5433 2008 5486 ni-

426 5491 501 5548 hil
534 5497 772 5564 praebent
799 5518 814 5554 :
845 5502 937 5558 sed
982 5514 1038 5560 ιιι
1074 5508 1334 5578 quispiam
1363 5511 1488 5567 dum
1517 5513 1583 5569 ad
1613 5491 2002 5577 intolerandum

422 5585 692 5652 quoddam
715 5593 1034 5663 supplicium
1063 5612 1096 5652 a
1118 5599 1366 5657 carnifice
1391 5603 1600 5660 ducitur
1619 5645 1636 5672 ,
1661 5607 1855 5668 deinde
1881 5629 2002 5669 cum

424 5684 809 5744 praetereuntes
829 5699 1015 5743 omnes
1038 5687 1324 5746 cohortalis
1348 5703 1401 5750 et
1440 5695 1730 5756 obsecrans
1747 5742 1764 5771 ,
1797 5703 1997 5762 nullum

1255 281 1312 334 s.
1353 277 1634 335 JOANNIS
1670 273 2147 334 cuavsosrout
2189 253 2506 335 anetucr.
2546 283 3076 346 coxsma'rmor.

3670 305 3789 362 σοι

2179 388 2472 446 subsidium
2500 394 2744 451 obtinere
2768 401 3017 466 potuerit,
3043 404 3205 458 multa
3230 422 3354 463 cum
3379 391 3790 476 inhumanitate

2173 481 2238 533 ad
2267 480 2581 552 supplicium
2609 487 2854 544 ducitur:
2884 492 2952 545 ita
2984 492 3071 550 hic
3099 510 3313 568 quoque
3342 498 3469 554 dum
3495 514 3780 576 minquam

2170 588 2199 626 a
2222 574 2471 630 carnifice
2502 577 2727 634 trahitur
2754 581 2818 634 ad
2846 594 3056 640 noctem
3083 602 3114 640 a
3137 586 3300 652 fame,
3331 603 3495 663 atque
3525 599 3593 651 ad
3630 574 3772 670 vigi.

2170 661 2268 718 lias
2310 666 2667 725 intolerabiles
2691 713 2705 735 ,
2759 688 2946 729 manus
2973 677 3176 742 tendit,
3216 693 3270 735 et
3302 685 3613 743 Vehementi
3642 708 3772 746 cum

2167 755 2402 811 clatnore
2449 775 2656 815 sursum
2689 761 2740 816 in
2769 763 2973 820 :rdibus
3002 768 3252 826 sedentes
3279 774 3615 844 deprecans,
3669 801 3774 841 nec

2167 845 2327 899 ullmn
2359 847 2700 907 humanitatis
2738 853 2993 911 auxilium
3042 859 3374 930 impetrans,
3421 883 3544 923 cum
3597 876 3767 930 multa

2162 937 2477 996 crudelitate
2519 942 3010 1004 immisericorditer
3035 953 3372 1011 amandatur.
3407 959 3546 1016 Nihil
3581 975 3766 1023 tamen

2162 1027 2350 1085 hormn
2382 1049 2480 1088 nos
2513 1036 2764 1105 inflectit,
2810 1039 2903 1094 sed
2924 1049 3044 1110 post
3075 1054 3274 1100 tantam
3313 1049 3764 1115 inhumanitatem

2160 1135 2350 1175 manus
2380 1120 2431 1175 in
2457 1125 2646 1179 ctelum
2673 1125 2894 1184 tendere
2918 1131 3176 1189 audemus
3201 1177 3216 1200 ,
3265 1154 3329 1192 ac
3354 1141 3425 1194 de
3451 1143 3764 1202 misericor-

2159 1208 2241 1262 dia
2273 1210 2411 1279 apud
2455 1212 2618 1268 Deum
2644 1217 2802 1271 verba
2830 1219 3008 1276 facere
3032 1265 3048 1288 ,
3094 1228 3416 1299 veniamque
3446 1245 3759 1294 nostrorum

2158 1299 2474 1357 delictorum
2504 1307 2813 1373 postulare;
2869 1327 2968 1368 nec
2999 1315 3248 1373 timemus
3268 1362 3282 1383 ,
3327 1338 3393 1376 ne
3426 1323 3591 1383 finitis
3615 1331 3762 1402 ejus-

2158 1392 2300 1445 modi
2332 1396 2578 1462 precibus
2606 1409 2722 1467 post
2766 1411 2964 1458 tantam
3007 1408 3377 1467 crudelitatem
3421 1427 3474 1470 et
3506 1418 3755 1477 immani-

2157 1492 2316 1540 tatem
2344 1485 2410 1542 de
2433 1490 2564 1543 caelo
2592 1491 2786 1546 fulmen
2821 1493 2870 1548 in
2907 1512 3003 1552 nos
3028 1511 3166 1553 ruat.
3198 1502 3324 1570 Qui,
3353 1522 3554 1576 qua-so,
3586 1512 3663 1578 fit,
3696 1526 3755 1569 ιιι

2155 1588 2274 1628 emo
2297 1577 2362 1630 ad
2386 1594 2630 1633 Somnum
2651 1590 2706 1636 et
2733 1583 2965 1652 quietem
2990 1588 3280 1660 pergimus,
3309 1607 3416 1648 non
3443 1614 3750 1670 vereamur,

2157 1681 2223 1719 ne
2249 1666 2404 1722 nobis
2435 1666 2520 1725 hic
2547 1669 2664 1742 ipse
2689 1688 2890 1743 pauper
2920 1676 2970 1730 in
3011 1683 3213 1738 somnis
3250 1699 3515 1756 apparens
3543 1696 3748 1762 squali-

2153 1753 2275 1821 dus,
2306 1757 2578 1825 sordidus,
2611 1762 2799 1830 pannis
2825 1764 3052 1835 obsitus,
3081 1753 3424 1842 lamentetur,
3454 1795 3517 1834 ac
3545 1753 3745 1853 lugeat,

2153 1851 2207 1897 et
2243 1845 2612 1904 crudelitatem
2660 1855 2988 1923 exprobret?
3032 1858 3122 1916 Sic
3164 1862 3309 1919 enim
3342 1870 3539 1926 multos
3565 1845 3743 1930 audivi

2151 1932 2388 1990 dicentes
2430 1953 2487 1993 se
2517 1981 2532 2006 ,
2581 1958 2703 1996 cum
2752 1941 2820 1999 de
2869 1946 2955 2003 die
2985 1953 3304 2020 pauperibus
3330 1959 3618 2019 subvenire
3650 1984 3742 2022 ne-

2149 2023 2456 2095 glexissent,
2479 2031 2621 2088 visos
2647 2033 2745 2090 sibi
2772 2036 2840 2092 de
2862 2052 3017 2096 nocte
3039 2039 3253 2102 funibus
3279 2050 3595 2109 constrictos
3616 2073 3740 2127 ege-

2150 2130 2340 2172 norum
2358 2133 2514 2175 mann
2539 2123 2698 2190 trahi,
2722 2128 2971 2196 cruciari,
2996 2143 3048 2188 et
3074 2132 3368 2194 innumeris
3399 2145 3553 2200 malis
3575 2147 3734 2203 afliei.

2147 2203 2255 2262 Sed
2283 2208 2396 2266 haec
2417 2212 2632 2282 quidem
2659 2231 2880 2274 somnus
2896 2231 3013 2276 sunt
3038 2234 3092 2280 et
3119 2226 3466 2296 insomnium.
3493 2251 3557 2291 ac
3580 2255 3734 2307 poena

2149 2303 2466 2370 temporaria
2493 2323 2507 2359 :
2540 2322 2639 2363 nos
2665 2319 2842 2366 autem
2862 2328 3040 2370 nonne
3067 2321 3374 2387 metuimus,
3424 2343 3628 2396 quaeso,
3671 2349 3737 2388 ne

2146 2388 2359 2458 quando
2386 2408 2670 2465 pauperem
2695 2397 2834 2456 hunc
2856 2401 3260 2478 lamentantem,
3293 2388 3613 2473 clamantem
3633 2463 3646 2486 ,
3677 2433 3735 2478 et

2146 2482 2442 2551 plorantem
2470 2487 2520 2540 in
2545 2488 2773 2546 Abrabte
2789 2491 2906 2547 sinu
2929 2495 3225 2567 videamus,
3249 2513 3306 2558 ut
3327 2507 3453 2561 olim
3477 2507 3732 2568 Lazarum

2145 2572 2235 2630 ille
2255 2574 2448 2632 dives?
2472 2579 2602 2647 Qua:
2627 2598 2756 2638 vero
2785 2593 2840 2639 et
2867 2601 3163 2658 sequuntur
3195 2595 3347 2663 inde,
3381 2612 3569 2656 vestrm
3598 2620 3732 2660 con-

2144 2663 2382 2721 scientia:
2408 2669 2707 2742 colligenda
2737 2675 3002 2748 relinquo,
3031 2687 3342 2755 peracerba,
3369 2701 3420 2744 et
3444 2690 3734 2750 intoleran-

2142 2757 2208 2812 da
2236 2757 2323 2814 illa
2353 2769 2630 2831 tormenta,
2658 2783 2770 2836 quo
2801 2779 2957 2840 pacto
2985 2789 3175 2844 aquam
3198 2779 3424 2849 petierit,
3447 2800 3548 2853 quo
3571 2799 3732 2854 pacto

2142 2867 2210 2907 ne
2233 2863 2434 2923 guttam
2459 2856 2678 2926 quidem
2707 2857 3019 2931 obtinuerit,
3053 2884 3159 2938 quo
3193 2880 3347 2939 pacto
3377 2877 3604 2930 cruciata
3629 2880 3730 2934 lin-

2139 2957 2241 3012 gua
2272 2942 2448 3012 fuerit,
2477 2949 2745 3016 quomodo
2771 2963 2889 3022 post
2918 2957 3112 3012 multas
3143 2975 3330 3028 preces
3357 2963 3498 3020 fusas
3525 2969 3724 3023 nullam

2140 3030 2300 3088 fuerit
2337 3034 2545 3092 veniam
2584 3054 2983 3112 consequutus,
3036 3056 3092 3103 et
3139 3054 3411 3120 quomodo
3456 3058 3727 3128 suppliciis

2141 3132 2482 3196 torqueretur
2506 3133 2739 3187 aeternis.
2768 3136 2837 3189 At
2863 3137 3007 3192 enim
3037 3139 3176 3195 absit
3215 3151 3275 3196 ut
3303 3143 3401 3198 ista
3434 3162 3532 3203 nos
3561 3165 3724 3220 expe-

2138 3214 2371 3271 rimento
2397 3231 2678 3275 noscamus
2700 3261 2717 3289 ,
2771 3225 2866 3279 sed
2891 3242 2952 3282 ea
2982 3235 3184 3284 tantum
3227 3233 3366 3289 dicta
3413 3214 3723 3308 audientes,

2138 3305 2309 3361 minas
2330 3305 2582 3379 operibus
2610 3312 2779 3369 illatas
2800 3317 3081 3388 evitemus,
3102 3338 3165 3378 ac
3190 3323 3333 3397 digni
3358 3330 3569 3398 redditi,
3590 3305 3724 3404 quos

2139 3412 2367 3468 proavus
2395 3399 2660 3458 Abraham
2690 3409 2914 3466 comiter
2936 3427 2998 3466 ac
3024 3429 3367 3484 peramanter
3385 3399 3634 3494 excipiat,
3659 3428 3722 3483 ad

2136 3488 2382 3544 eumdem
2413 3505 2536 3547 cum
2564 3494 2655 3548 illo
2678 3501 2959 3567 pervenire
2995 3504 3167 3560 locum
3214 3511 3512 3579 possimus,
3557 3518 3722 3588 gratia

2134 3586 2190 3633 ct
2218 3579 2542 3653 benignitate
2574 3584 2781 3643 Domini
2811 3594 2977 3648 nostri
3008 3594 3132 3651 Jesu
3174 3598 3407 3668 Christi,
3457 3579 3587 3660 cuni
3616 3625 3722 3677 quo

2134 3667 2278 3723 Patri
2300 3672 2488 3740 gloria,
2508 3673 2700 3743 honor,
2724 3677 3027 3750 imperium,
3049 3702 3148 3741 una
3164 3703 3284 3745 cum
3302 3667 3498 3762 Spiritu
3515 3667 3719 3766 sane-to,

2135 3777 2275 3818 nunc
2304 3771 2359 3819 et
2383 3779 2613 3838 semper,
2649 3771 2777 3827 etin
2806 3777 3001 3830 saecula
3027 3781 3365 3840 saeculorum.
3395 3789 3584 3844 Amen.

2696 3904 2928 3965 ssnuo
2966 3910 3032 3966 v1
3056 3911 3154 3988 (ιι).

2129 4027 2208 4085 De
2250 4031 2406 4104 ligno,
2453 4053 2522 4092 an
2563 4055 2626 4093 ea:
2676 4058 2732 4096 eo
2765 4044 3098 4114 cognitionem
3128 4050 3246 4106 boni
3269 4063 3314 4107 et
3342 4057 3465 4111 mali
3493 4059 3716 4116 Adamns

2199 4125 2412 4194 adeptus
2431 4129 2514 4194 sit,
2542 4148 2608 4184 an
2634 4148 2745 4187 vero
2776 4145 3042 4209 antequam
3086 4142 3270 4210 ederet,
3298 4146 3392 4202 hac
3416 4151 3714 4221 dignoscan-

2199 4215 2253 4268 di
2277 4217 2518 4286 facultate
2543 4223 2782 4290 praeditus
2811 4225 2959 4296 fuerit
2993 4247 3012 4284 :
3038 4231 3253 4303 itemque
3301 4239 3363 4291 de
3399 4215 3624 4312 jejunio,
3668 4255 3714 4299 et

2197 4307 2333 4376 quod
2351 4320 2575 4377 aporteat
2604 4313 2740 4368 domi
2773 4319 3006 4374 meditari
3029 4339 3141 4391 qua
3166 4322 3218 4379 in
3245 4307 3714 4390 ecclesiavdicuutur

2197 4396 2366 4466 (Gen.
2391 4400 2446 4454 2.
2474 4402 2557 4456 l7.
2580 4421 2688 4474 sqq.
2723 4407 2763 4476 ).

2196 4509 2248 4565 1.
2291 4509 2496 4575 Quanto
2548 4515 2720 4571 utilius
2759 4519 2825 4573 sit
2861 4523 3182 4580 concionibus
3230 4527 3468 4587 interesse
3493 4573 3508 4598 ,
3560 4552 3709 4604 quant

2125 4602 2355 4671 profanis
2381 4606 2719 4662 conventibus.
2749 4639 2819 4650 -—
2843 4611 3111 4681 Jejunium
3140 4618 3350 4687 quidem
3379 4622 3541 4695 diligo
3567 4602 3706 4697 quod

2126 4695 2487 4761 temperantiae
2523 4697 2592 4751 sit
2628 4713 2840 4769 parens,
2871 4713 2925 4758 et
2947 4705 3064 4761 fons
3089 4707 3264 4765 omnis
3307 4695 3661 4787 philosophia:
3691 4740 3705 4775 :

2123 4781 2216 4835 sed
2269 4793 2324 4838 et
2371 4784 2499 4840 illud
2536 4798 2750 4858 propter
2778 4809 2872 4848 vos
2891 4795 3074 4866 diligo,
3103 4809 3159 4855 et
3209 4781 3430 4874 propter
3477 4781 3706 4866 vestram

2121 4875 2416 4942 caritatem,
2439 4879 2578 4946 quod
2607 4881 2746 4937 hunc
2760 4885 2888 4940 mihi
2915 4901 3124 4947 sacrum
3153 4903 3313 4965 atque
3337 4903 3701 4958 venerandum

2120 4975 2310 5017 coctum
2324 4969 2575 5038 coegerit,
2591 4971 2748 5042 idque
2764 4987 2997 5044 praestet,
3011 4990 3065 5034 ut
3083 4992 3292 5051 optatos
3305 4989 3481 5045 vultus
3499 5002 3704 5048 vestros

2121 5051 2308 5107 intueri
2324 5058 2607 5124 possimus,
2620 5066 2962 5131 etconcedat,
2985 5080 3044 5123 ιιι
3061 5071 3160 5126 hoc
3185 5089 3340 5132 sacro
3357 5093 3626 5137 conventu
3643 5099 3704 5140 ac

2118 5143 2401 5203 festivitate
2412 5165 2530 5205 cum
2555 5153 2740 5211 fiducia
2758 5158 3100 5216 delectemur.
3124 5165 3236 5222 Non
3259 5171 3612 5230 enimerrabit
3637 5178 3700 5242 is,

2115 5237 2204 5306 qui
2223 5254 2531 5298 consessum
2550 5244 2690 5302 hunc
2705 5258 2939 5304 vestrmn
2965 5263 3018 5307 et
3047 5271 3255 5314 sacrum
3271 5277 3614 5331 conventum,
3649 5281 3698 5325 et

2115 5326 2470 5397 festivitatem,
2499 5343 2554 5388 et
2576 5335 2676 5391 alia
2698 5350 2942 5395 sexcenta
2964 5342 3100 5398 bona
3123 5354 3459 5422 nuncuparit.
3493 5357 3626 5411 Nam
3655 5361 3699 5414 si

2114 5415 2166 5469 in
2207 5416 2378 5474 forum
2416 5422 2681 5491 profectus
2705 5429 2987 5498 quispiam.
3019 5437 3146 5492 etin
3174 5441 3402 5510 aliquem
3457 5447 3692 5506 incidens

2111 5522 2174 5562 ex
2198 5510 2401 5576 amicis,
2429 5528 2643 5572 omnem
2666 5533 2807 5590 sape
2836 5522 3102 5583 tristitiam
3146 5530 3404 5603 abstergit
3435 5553 3448 5590 :
3475 5553 3574 5594 nos
3609 5544 3693 5608 qui

2173 5659 2252 5744 {at
2278 5669 2414 5744 [hinc
2431 5672 2709 5744 gemment
2736 5681 2787 5725 et
2809 5681 3106 5740 sequentem
3120 5682 3288 5736 confer
3302 5689 3599 5744 aunﬂomit.
3620 5691 3676 5742 ιι

2110 5734 2256 5786 supra
2277 5725 2369 5776 col.
2397 5727 2503 5778 ιιθ.
