4134 6214
465 250 571 305 605
1162 251 1223 306 S.
1261 245 1544 304 JOANMS
1581 241 2067 300 CIIRYSUSTOLII
2100 239 2422 294 ARCIIIEP.
2460 239 3014 298 CONSTANTINOP.

463 361 738 426 τοσούτοις
756 361 850 416 καὶ
868 361 1131 425 τοιούτοις
1151 362 1504 447 ἀδελφοῖςκαὶ
1528 360 1766 430 πατράσι
1789 360 2034 428 συγγινό-

469 473 640 526 μενοι,
666 457 781 517 πῶς
818 457 879 508 ού
915 457 1096 509 πᾶσαν
1123 454 1511 526 ἀποθησόμεθα
1535 454 1811 524 ἀθυμίαν;
1844 452 1959 516 πῶς
1973 452 2035 505 ού

3650 243 3763 297 ιοε

2141 358 2371 426 ὑπῆρχε.
2398 354 2585 426 Πολλῷ
2606 357 2716 426 7&9
2742 356 3102 426 αἱρετώτερον
3137 351 3207 428 ἦν
3247 357 3400 428 αύτῷ
3431 361 3504 412 ὲν
3563 355 3766 429 σκότῳ

2140 452 2383 519 διάγειν,
2431 451 2525 504 καὶ
2567 452 2693 514 τοὺς
2742 450 3052 520 ὀφθαλμοὺς
3114 452 3478 522 ἐκκεκόφθαι,
3524 455 3763 508 καὶτοῦ

2141 547 2319 617 φωτός
2350 545 2782 617 ἀπεστερῆσθαι,
2811 547 2846 615 ἧ
2870 546 2946 617 μὴ
2997 547 3198 601 εἰδέναι
3241 549 3295 601 τί
3321 549 3422 620 μὲν
3449 549 3669 616 καλὸν,
3706 549 3766 605 τί

2141 642 2198 695 δὲ
2224 641 2482 713 πονηρόν.
2542 642 2668 694 Ἐάν
2700 642 2809 712 γὰρ
2855 642 3014 696 τοῦτο
3069 644 3267 715 ἀνέλῃς
3297 646 3398 716 τῆς
3445 645 3624 716 ζωῆς
3655 646 3765 716 τῆς

2142 737 2437 808 ἡμετέρας,
2467 738 2648 790 πᾶσαν
2669 737 2770 807 τὴν
2800 736 2944 808 ζωὴν
2963 739 2998 806 ἡ
3007 739 3126 808 μῶν
3151 739 3378 804 ἀνεῖλες,
3400 743 3506 796 καὶ
3527 740 3767 811 πολλῆς

2146 831 2463 902 συγχύσεως
2509 831 2576 883 τά
2626 832 2803 885 πάντα
2857 832 3182 903 ἐνέπλησας.
3231 834 3402 888 Τοῦτο
3435 835 3611 909 ῖ672]
3642 838 3766 909 γάρ

2145 927 2313 990 ἐστιν,
2337 919 2383 994 ᾧ
2406 927 2516 979 τῶν
2540 928 2748 996 ἀλόγων
2773 928 3124 999 διαφέρομεν,
3169 932 3264 984 καὶ
3310 927 3356 999 ᾧ
3383 933 3498 985 τῶν
3524 933 3766 1002 θηρίων

2146 1021 2404 1092 ἀμείνους
2443 1023 2629 1093 ἐσμὲν,
2667 1023 2747 1094 τῷ
2769 1024 2967 1077 κακίαν
3018 1025 3113 1078 καὶ
3154 1025 3358 1096 ἀρετὴν
3379 1028 3621 1087 εἰδέναι.
3656 1029 3764 1082 καὶ

465 554 646 605 πᾶσαν
672 551 865 620 ἡδονὴν
891 551 1328 621 καρπωσόμεθα;
1346 552 1422 604 Ού
1441 552 1550 622 7&9
1569 550 1648 620 τῷ
1668 550 1858 620 πλήθει
1879 551 2038 619 μόνον

462 642 618 709 οὗτος
647 645 870 715 βελτίων
902 648 931 700 0
957 646 1212 715 σύλλογος
1242 649 1352 700 τῶν
1385 648 1676 717 συνεδρίων
1694 647 1801 699 τῶν
1830 646 1888 697 ὲν
1919 646 2039 707 ταῖς

463 743 710 812 ἀγοραῖς,
743 740 879 792 ἀλλά
906 741 999 794 καὶ
1020 743 1159 813 αὐτῇ
1193 745 1260 814 τῇ
1285 743 1445 811 φύσει
1491 743 1589 811 τῆς
1619 742 1928 805 διαλέξεως.
1976 741 2038 794 Οί

471 836 568 903 μὲν
597 835 706 906 γάρ
731 837 787 887 ὲν
816 837 1041 902 ἀγοραῖς
1077 838 1484 908 συνεδρεύοντες
1517 839 1612 891 καὶ¹
1642 838 1778 908 μετά
1796 836 2040 901 ἀλλήλων

469 929 877 1000 συγκαθήμενοι
919 931 1126 1002 κύκλῳ,
1171 932 1431 995 πολλάκις
1483 934 1582 986 καί
1607 931 1736 1002 πρὶ
1764 927 2042 998 ἀνονήτων

474 1023 628 1094 [67!]
649 1025 988 1094 διαλέγονται
1020 1027 1380 1097 πραγμάτων,
1435 1027 1529 1079 καί⁵
1554 1025 1770 1096 ψυχρὰν
1788 1025 2041 1091 εἰσάγουο

472 1138 558 1174 σιν
589 1121 827 1191 ὁμιλίαν,
859 1124 955 1176 καὶ
994 1123 1323 1192 φθέγγονται
1362 1124 1488 1194 περὶ
1528 1123 1637 1175 τῶν
1664 1122 1816 1175 οὐδὲν
1862 1122 2044 1185 αὐτοῖς

467 1217 876 1288 προσηκόντων.
907 1218 1020 1272 Καὶ
1039 1218 1149 1290 γὰρ
1177 1218 1465 1288 εἰώθαμεν,
1494 1218 1571 1282 ὡς
1600 1218 1668 1272 τά
1683 1217 1871 1281 πολλά,
1908 1217 2046 1288 μετά

469 1312 713 1376 πλείονος
755 1312 989 1383 σπουδῆς
1025 1312 1094 1366 τά
1141 1312 1398 1384 ἀλλότρια
1448 1313 1905 1385 περιεργάζεσθαι
1953 1313 2047 1367 καὶ

469 1407 965 1477 πολυπραγμονεῖν.
996 1407 1119 1460 Ὅτι
1170 1407 1269 1476 μὲν
1297 1404 1389 1460 οὖν
1436 1410 1581 1461 ἐστιν
1628 1407 1926 1479 ἐπισφαλὲς
1952 1405 2048 1460 καὶ

469 1500 715 1554 κίνδυνον
735 1500 876 1571 έχον,
904 1499 974 1553 τά
995 1503 1061 1570 ρή
1071 1518 1216 1571 ματα
1242 1503 1488 1574 προϊέναι
1513 1503 1605 1555 καὶ
1627 1501 1844 1556 ἀκούειν
1869 1501 2046 1556 τοιαῦ·

469 1613 560 1657 τα,
596 1596 691 1648 καὶ
713 1578 1156 1667 ’παρασύρεσθαῃ
1191 1597 1284 1649 καί⁸
1313 1596 1495 1650 πολλοὶ
1522 1596 1779 1660 πολλάκις
1803 1595 1915 1651 ἀπό
1940 1595 2050 1648 τῶν

471 1689 727 1742 τοιούτων
759 1690 1047 1761 συνεδρίων
1099 1691 1366 1762 χειμῶνες
1418 1691 1840 1762 ὲπηωρίσθησαν
1865 1695 1924 1745 ὲν
1969 1690 2050 1745 οἱ-

473 1785 641 1848 κίαις,
679 1786 919 1858 παρίημι
968 1786 1086 1841 νῦν·
1126 1788 1210 1840 ὅτι
1244 1787 1302 1841 δὲ
1335 1787 1589 1856 ἀνόνητος
1623 1787 1718 1839 καὶ
1743 1785 1926 1856 ψυχρά
1956 1785 2052 1839 καὶ

476 1879 705 1950 βιωτικὴ
756 1882 905 1933 πᾶσα
963 1880 1147 1951 ἐκείνη
1204 1883 1238 1953 ὴ
1273 1881 1524 1945 διάλεξις,
1558 1880 1653 1933 καὶ
1683 1880 2052 1951 πνευματικὸς

475 1975 634 2042 λόγος
664 1975 763 2028 οὐκ
795 1975 860 2039 ἀν
882 1993 1010 2029 ποτε
1037 1977 1248 2048 ταχέως
1277 1980 1355 2040 είς
1396 1975 1636 2029 τοιοῦτον
1663 1975 1892 2029 εἰσέλθοι
1924 1976 2053 2030 σύλ-

476 2071 652 2140 λογον,
682 2071 855 2132 ούόεὶς
881 2072 1146 2127 ἀντείποι.
1201 2072 1464 2127 Ἐνταῦθα
1489 2073 1544 2126 δὲ
1587 2073 1686 2142 ούχ
1709 2071 1900 2136 οὕτως.
1937 2071 2053 2128 ἀλλ’

477 2168 625 2222 ἀπαν
680 2168 1010 2222 τούναντίον·
1069 2171 1218 2223 πᾶσα
1278 2169 1374 2240 μὲν
1404 2167 1514 2239 γάρ
1564 2168 1796 2240 ἀκερδὴς
1823 2168 2054 2235 διάλεξις

479 2262 836 2334 ἀπελήλαται,
855 2265 1004 2318 πάσα
1035 2264 1093 2318 δὲ
1125 2263 1470 2336 πνευματικὴ
1497 2264 1816 2318 διδασκαλία
1843 2266 2057 2336 εἰσενή-

478 2375 684 2413 νεκται.
741 2359 851 2414 Καὶ
887 2360 997 2432 7&9
1050 2361 1181 2431 περὶ
1224 2360 1401 2430 ψυχῆς
1433 2360 1532 2430 τῆς
1568 2359 1839 2431 ἡμετέρας
1879 2360 2056 2414 διαλε-

479 2460 720 2530 γόμεθα,
755 2460 851 2514 καὶ
885 2460 995 2513 τῶν
1033 2459 1177 2530 ψυχῇ
1237 2459 1626 2530 προσηκόντων
1670 2458 1912 2526 ἀγαθῶν,
1963 2459 2058 2514 καὶ

481 2555 612 2623 περὶ
650 2555 758 2608 τῶν
800 2554 1178 2624 ἀποκειμένων
1227 2554 1286 2605 ἐν
1317 2555 1430 2615 τοῖς
1477 2554 1726 2621 οὐρανοῖς
1755 2554 2054 2622 στεφάνων,

481 2648 579 2701 καὶ
607 2649 732 2718 περὶ
757 2647 866 2700 τῶν
896 2647 1162 2716 λαμπρῶν
1197 2647 1346 2715 βίων,
1381 2647 1474 2699 καὶ
1494 2648 1619 2717 περὶ
1645 2649 1742 2717 τῆς
1765 2648 2060 2716 φιλανθρωο

484 2742 614 2804 πίας
633 2741 725 2795 τοῦ
746 2740 903 2804 Θεοῦ,
940 2743 1032 2795 καὶ
1057 2743 1183 2811 περὶ
1203 2741 1303 2810 τῆς
1323 2742 1576 2812 προνοίας
1597 2741 1690 2795 τοῦ
1716 2744 1936 2806 παντὸς,
1966 2743 2061 2798 καὶ

485 2837 616 2908 περὶ
633 2836 742 2890 τῶν
765 2835 938 2890 ἀλλων
966 2838 1220 2890 ἀπάντων
1267 2836 1373 2889 τῶν
1409 2837 1643 2907 μάλιστα
1677 2839 2061 2910 προσηκόντων

485 2935 639 3004 ἡμῖν.
673 2933 767 2986 καὶ
791 2933 934 2995 τίνος
954 2934 1141 2986 ἕνεκεν
1169 2933 1494 3004 γεγόναμεν,
1523 2933 1617 2987 καὶ
1647 2936 1775 2987 ποία
1804 2934 1943 3004 μετὰ
1961 2936 2061 3005 τὴν

486 3027 737 3081 ιντεῦθεν
756 3027 1063 3099 ἀποδημίαν
1097 3029 1472 3099 ἀπαντήσεται
1515 3028 1666 3099 λῆξις
1693 3031 1845 3100 ἡμῖν,
1891 3031 1984 3084 καὶ
2004 3032 2062 3084 ἐν

487 3125 596 3176 τίσι
623 3124 694 3176 τά
725 3123 970 3194 ἡμέτερα
999 3123 1147 3177 ἔσται
1192 3124 1334 3178 τότε.
1370 3124 1479 3178 Καὶ
1515 3123 1608 3176 τοῦ
1640 3125 1894 3195 συλλόγου
1937 3127 2061 3181 τού-

488 3238 582 3272 του
609 3221 708 3290 οὐχ
734 3222 894 3290 ἡμεῖς
924 3219 1104 3290 μόνον,
1129 3219 1266 3273 ἀλλά
1296 3220 1390 3274 καὶ
1419 3221 1695 3292 προφῆται
1717 3224 1809 3276 καὶ
1842 3225 2065 3278 ἀπόστο·

490 3315 570 3368 λοι
601 3316 934 3368 κοινωνοῦσι·
973 3315 1140 3369 καὶτὸ
1163 3315 1227 3386 δὴ
1252 3314 1434 3386 μεῖζον
1462 3317 1698 3376 πάντων.
1730 3319 1890 3381 αὐτὸς
1913 3321 2065 3374 ότῶν

490 3411 745 3464 ἁπάντων
779 3405 1054 3480 Δεσπότης
1103 3410 1266 3480 μέσος
1329 3411 1488 3482 ἡμῶν
1538 3411 1771 3482 ἕστηκεν
1838 3413 2062 3485 Ἰησοῧςο

490 3505 663 3568 Δύτὸς
691 3505 799 3576 γάρ
832 3523 1018 3574 φησιν,
1050 3505 1239 3559 Ὅπου
1286 3505 1395 3560 δύο
1434 3507 1471 3574 ἢ
1506 3506 1661 3573 τρεῖς
1699 3507 2064 3577 συνηγμένοι

489 3602 648 3656 είσίν
677 3604 764 3666 είς
782 3601 847 3655 τὸ
878 3601 1063 3671 ὄνομά
1093 3619 1235 3670 μου,
1260 3601 1388 3656 ἐκεῖ
1419 3605 1533 3669 εἰμι
1557 3602 1807 3672 ἐνμέσῳ
1844 3603 2064 3659 αὐτῶν.

493 3699 555 3751 El
590 3697 646 3751 δὲ
675 3699 806 3751 ὅπου
831 3696 924 3752 δύο
949 3696 981 3767 ἢ
1012 3699 1160 3769 τρεῖς
1188 3699 1294 3750 εἰσι
1319 3699 1666 3768 συνηγμένοι,
1693 3700 1750 3754 έν
1786 3700 1936 3772 μέσῳ
1966 3701 2065 3754 a0-

494 3790 602 3847 τῶν
639 3793 774 3857 ἐστι,
806 3790 986 3862 πολλῷ
1025 3792 1222 3863 μᾶλλον
1271 3793 1406 3846 ὅπου
1430 3791 1670 3846 τοσοῦτοι
1709 3795 1809 3864 μὲν
1854 3797 2064 3868 ἀνδρες,

495 3887 750 3942 τοσαῦται
778 3888 833 3942 δὲ
859 3890 1132 3956 γυναῖκες,
1163 3887 1405 3942 τοσοῦτοι
1426 3888 1481 3941 δὲ
1517 3889 1770 3960 πατέρες,
1810 3892 1902 3946 καὶ
1931 3893 2067 3947 ἀπό-

499 3983 672 4036 στολοι
703 3983 796 4036 καὶ
832 3982 1103 4054 προφῆται
1134 3984 1190 4036 ὲν
1215 3985 1364 4053 μέσῳ
1392 3985 1632 4054 πάρεισι.

567 4079 656 4134 Διὸ
687 4079 782 4132 καὶ
809 4080 971 4149 ἡμεῖς
1029 4077 1166 4148 μετά
1195 4079 1437 4143 πλείονος
1478 4079 1782 4151 προθυμίας
1835 4081 2067 4151 φθεγγό-

501 4173 640 4244 μεθα
666 4174 765 4244 τῆς
786 4174 996 4226 ἐκεῖθεν
1017 4173 1384 4236 ἀπολαύοντες
1416 4173 1620 4244 ῥοπῆς,
1677 4177 1772 4228 καὶ
1809 4177 1906 4247 τὴν
1937 4178 2067 4230 01:0-

501 4285 684 4339 σχεσιν
713 4269 838 4338 ύμῖν
864 4266 1223 4338 ἀποδιδόαμεν
1249 4273 1297 4322 ⁸.
1363 4268 1740 4339 Ὕπεσχόμεθα
1781 4270 1890 4340 γὰρ
1925 4273 2069 4343 ἐρεῖν

500 4365 627 4434 περ)⁸
651 4362 746 4416 τοῦ
773 4362 930 4429 ξύλου
959 4363 1241 4433 πρότερον,
1265 4364 1312 4416 εί
1335 4362 1394 4428 ὲξ
1415 4362 1622 4416 ἐκείνου
1648 4365 1870 4432 γέγονεν
1892 4367 2070 4436 ἠγνῶ-

503 4476 586 4522 σις
615 4460 709 4513 τοῦ
742 4459 908 4512 καλοῦ
951 4461 1044 4512 καὶ
1071 4459 1163 4511 τοῦ
1191 4458 1428 4528 πονηροῦ
1455 4458 1532 4528 τῷ
1575 4460 1763 4531 Ἀδάμ,
1786 4463 1819 4531 ἢ
1847 4461 1938 4516 καὶ
1966 4465 2070 4536 1:90

499 4555 600 4624 τῆς
630 4554 881 4625 βρώσεως
911 4551 1022 4624 εἶχε
1042 4553 1139 4625 τὴν
1168 4554 1454 4622 διάγνωσιν
1486 4553 1708 4627 ταύτην.
1737 4559 2072 4631 Θαρροῦντες

500 4646 595 4704 οὖν
611 4650 677 4704 ἂν
710 4650 956 4720 εἴποιμεν
989 4649 1104 4709 νῦν,
1131 4650 1212 4703 ὅτι
1245 4649 1340 4703 καὶ
1372 4650 1478 4722 πρὸ
1503 4651 1602 4722 τῆς
1635 4652 1889 4722 βρώσεως
1939 4656 2072 4710 ταύ-

499 4764 602 4818 την
623 4743 735 4816 εἷχε
757 4743 855 4816 τὴν
880 4744 1190 4813 διάγνωσιν.
1219 4747 1282 4800 Εἰ
1309 4747 1416 4818 7&9
1442 4745 1518 4818 μὴ
1551 4747 1667 4818 ᾔδει
1688 4747 1741 4801 τί
1765 4750 1862 4819 μὲν
1886 4750 2070 4815 καλὸν,

500 4842 556 4896 τί
577 4841 633 4896 δὲ
658 4839 913 4912 πονηρὸν,
938 4841 1030 4894 καὶ
1050 4841 1229 4894 αὐτῶν
1249 4843 1357 4896 τῶν
1389 4842 1600 4912 ἀλόγων
1631 4843 1967 4917 ἀλογώτερος
1982 4842 2070 4918 ῆν,

504 4936 731 4992 καὶτῶν
761 4937 962 4992 δούλων
999 4938 1028 4990 0
1064 4937 1332 5007 δεσπότης
1380 4940 1750 5012 άνοητότερος.
1808 4941 1932 5006 Πῶς
1963 4943 2072 5014 γὰρ

503 5033 603 5088 ούκ
627 5034 846 5098 ἀτοπον,
881 5029 1041 5104 αἶγας
1075 5036 1170 5106 μὲν
1194 5035 1288 5088 καὶ
1322 5035 1568 5106 πρόϐατα
1596 5035 1792 5090 εἰδέναι
1822 5037 1951 5091 ποία
1975 5037 2072 5108 μὲν

504 5131 690 5194 αὐτοῖς
754 5130 947 5203 βοτάνη
999 5133 1290 5202 χρήσιμος,
1333 5130 1462 5183 ποία
1506 5131 1562 5185 δὲ
1605 5131 1840 5202 ὀλεθρία,
1876 5131 2073 5203 καὶμὴ

504 5221 672 5272 πᾶσιν
700 5220 839 5273 αύτά
861 5221 1068 5275 ἐπιέναι
1101 5224 1211 5280 τοῖς
1243 5219 1603 5291 φαινομένοις,
1640 5219 1755 5273 ἀλλ’
1795 5221 1938 5290 ἔχειν
1975 5221 2074 5290 τὴν

503 5309 810 5379 διάγνωσιν,
865 5313 958 5366 καὶ
978 5314 1175 5367 εἰδέναι
1207 5313 1413 5383 σαφῶς,
1439 5313 1491 5366 τί
1523 5312 1619 5382 μὲν
1642 5312 1824 5375 αὐτοῖς
1851 5311 2076 5365 ἐπιϐλα-

507 5400 687 5465 ϐὲς,τί
712 5401 767 5454 δὲ
796 5401 1090 5472 ὠφέλιμον·
1118 5404 1208 5455 τὸν
1226 5403 1282 5456 δὲ
1321 5403 1606 5473 ἄνθρωπον
1654 5401 1921 5470 τοσαύτης
1942 5402 2076 5454 ἀπο-

509 5491 816 5564 στερεῖσθαι
844 5493 942 5562 τῆς
969 5493 1302 5560 ἀσφαλείας;
1360 5495 1419 5546 Εἰ
1443 5493 1551 5564 γὰρ
1589 5494 1662 5564 μὴ
1707 5491 1863 5546 τοῦτο

509 5581 716 5646 οὐδενὸς
767 5582 915 5648 ἀξιος
965 5577 1054 5652 ἦν,
1101 5582 1236 5634 ἀλλὰ
1290 5585 1378 5635 καὶ
1425 5584 1799 5655 εὐτελέστερος

1911 5487 2074 5562 εἶχεν,

1867 5585 2078 5637 πάντων

575 5696 597 5723 ⁸
622 5695 725 5756 Reg
766 5695 873 5755 ὑμῖν
904 5697 1230 5757 ἀποδώσομεν.

2145 1116 2224 1186 τῷ
2252 1117 2630 1184 ἐπιγινώσκειν
2653 1119 2712 1172 :0
2732 1120 2986 1190 πονηρὸν,
3003 1122 3094 1173 καὶ
3117 1121 3178 1173 :0
3204 1121 3367 1174 καλὸν
3386 1123 3464 1194 μὴ
3493 1125 3760 1192 ἀγνοεῖν.

2148 1214 2211 1266 Εἰ
2235 1212 2291 1265 δὲ
2317 1215 2477 1284 ἡμεῖς
2523 1213 2682 1267 τοῦτο
2733 1217 2888 1284 ἴσμεν
2922 1216 3036 1279 νῦν,
3080 1217 3179 1287 ούχ
3230 1220 3390 1288 ἡμεῖς
3430 1219 3492 1272 δὲ
3547 1221 3760 1289 μόνον,

2149 1307 2287 1361 ἀλλά
2310 1308 2403 1360 καὶ
2431 1308 2634 1361 Σκύθαι
2662 1310 2754 1362 καὶ
2776 1309 3065 1382 βάρϐαροι,
3113 1312 3294 1382 πολλῷ
3340 1315 3548 1384 μᾶλλον
3576 1317 3613 1369 0
3655 1318 3760 1372 ἆνο

2150 1404 2367 1476 θρωπος
2397 1406 2518 1459 τότε
2545 1407 2749 1468 ἐκεῖνος
2779 1408 2884 1478 πρὸ
2931 1409 3030 1478 τῆς
3065 1410 3340 1480 ἁμαρτίας
3366 1411 3528 1466 τοῦτο
3565 1414 3759 1483 ἐγνῶ-

2149 1522 2256 1559 κειο
2287 1506 2381 1558 καὶ
2408 1507 2507 1560 ούκ
2527 1505 2594 1559 ἀν
2617 1508 2645 1560 0
2673 1507 2963 1572 τοσαύταις
2987 1510 3242 1579 τιμηθεὶς
3262 1514 3471 1582 τιμαῖς,
3515 1510 3644 1568 οἷον
3666 1515 3754 1586 τῷ

2150 1601 2272 1655 κατ’
2293 1603 2498 1665 εἰκόνα,
2521 1601 2598 1674 τῷ
2625 1603 2744 1656 καθ’
2767 1603 3044 1673 όμοίωσιν,
3076 1606 3170 1658 καλ⁵
3198 1609 3318 1670 ταῖς
3342 1607 3559 1671 λοιπαῖς
3587 1609 3753 1662 εύλο-

2152 1697 2433 1766 γίαις,τοῦ
2457 1697 2753 1767 κεφαλαίου
2780 1697 2888 1750 τῶν
2923 1698 3144 1766 ἀγαθῶν
3174 1700 3382 1773 ἔρημος
3419 1702 3634 1774 ἔμεινε.
3666 1705 3748 1758 T0

2151 1793 2263 1866 7&9
2291 1793 2452 1848 καλὸν
2474 1794 2566 1848 καὶ
2605 1795 2837 1866 πονηρὸν
2866 1797 3062 1848 ἐκεῖνοι
3099 1797 3248 1867 μόνοι
3276 1799 3587 1868 ἀγνοοῦσιν,
3618 1803 3745 1856 ὅσοι

2153 1890 2262 1944 τῶν
2298 1890 2442 1945 κατά
2469 1890 2632 1961 φύσιν
2677 1893 2815 1945 είσίν
2847 1892 3279 1965 ἀπεστερημένοι
3314 1895 3546 1967 φρενῶνο
3598 1899 3631 1951 0
3681 1897 3746 1952 δὲ

2167 1986 2340 2058 ’Δδάμ
2360 1987 2549 2056 σοφίας
2573 1986 2772 2057 πολλῆς
2799 1987 3172 2059 ἐπεπλήρωτο,
3227 1991 3324 2044 καὶ
3340 1991 3745 2061 διαγνωστικός

2156 2082 2437 2153 ἑκατέρων
2479 2081 2688 2136 τούτων
2733 2078 2823 2154 ἦν.
2869 2085 2979 2137 Καὶ
3037 2085 3119 2138 ὅτι
3143 2087 3333 2156 σοφίας
3374 2089 3744 2161 ἐπεπλήρωτο

2155 2178 2554 2249 πνευματικῆς,
2575 2178 2808 2232 ἄκουσον
2831 2178 3000 2251 αὐτῆς
3038 2179 3136 2251 τὴν
3165 2181 3461 2248 ἀπόδειξιν.
3498 2187 3740 2254 Ἦτατε,

2159 2275 2316 2344 φησὶ,
2340 2276 2489 2343 πρὸς
2514 2276 2701 2328 αὑτὸν
2718 2278 2753 2328 ό
2778 2275 2920 2341 Θεὸς
2943 2276 3015 2329 τὰ
3033 2278 3230 2344 θηρία,
3246 2277 3395 2331 ἰδεῖν
3413 2280 3470 2333 τί
3489 2280 3742 2334 καλέσει

2157 2371 2330 2424 αὐτὰ·
2379 2371 2479 2425 καί
2499 2372 2556 2424 ετ
2594 2388 2651 2424 τι
2695 2371 2991 2425 ἐκάλεσεν
3021 2373 3174 2426 αὐτὰ
3214 2374 3427 2441 Ἀδὰμ,
3461 2377 3635 2431 τοῦτο
3667 2378 3744 2431 τὸ

2161 2466 2351 2536 ὄνομα
2394 2466 2617 2533 αὐτοῖς.
2656 2467 2941 2536 Ἐννόησον
2990 2468 3167 2522 τοίνυν
3197 2469 3369 2540 πόσης
3426 2471 3742 2542 ὲπέπληστο

2163 2565 2378 2633 σοφίας,
2401 2563 2673 2627 τοσούτοις
2727 2563 2959 2632 γένεσιν,
2989 2565 3132 2619 οὕτω
3159 2566 3440 2632 ποικίλοις,
3469 2571 3562 2622 καὶ
3601 2587 3744 2623 παν-

2162 2658 2434 2723 τοδαποῖς,
2485 2662 2600 2723 τοῖς
2627 2659 2736 2715 τῶν
2781 2661 3014 2730 κτηνῶν,
3037 2663 3150 2725 τοῖς
3175 2661 3284 2716 τῶν
3306 2662 3564 2734 ἑρπετῶν,
3615 2667 3742 2727 τοῖς

2162 2755 2270 2807 τῶν
2299 2755 2516 2825 πτηνῶν
2563 2757 2937 2828 προσηγορίας
2985 2757 3273 2822 ἐπιθεῖναι,
3301 2760 3392 2812 καὶ
3432 2759 3610 2824 πάσας
3633 2777 3743 2812 κη.)⁴

2167 2851 2310 2922 ρίας,
2337 2851 2603 2922 δυνηθείς.
2628 2852 2786 2907 Οὕτω
2828 2855 2936 2927 7&9
2980 2855 3274 2922 ἀπεδέξατο
3315 2856 3412 2928 τὴν
3437 2855 3588 2909 θέσιν
3628 2855 3744 2909 τῶν

2164 2948 2443 3018 ὀνομάτων
2471 2949 2499 3001 0
2527 2948 2657 3012 Θεὸς
2678 2989 2694 3012 ,
2727 2949 2802 3013 ῶς
2843 2951 3039 3021 μηκέτι
3073 2952 3291 3023 κινῆσαι
3337 2953 3434 3017 τάς
3465 2969 3743 3026 προσηγοο

2169 3044 2289 3115 ρίας
2317 3044 2552 3108 ὲκείνας,
2588 3046 2724 3115 μηδὲ
2775 3046 3114 3117 ἁμαρτόντος
3171 3047 3335 3101 αύτοῦ
3363 3048 3587 3120 θελῆσαι
3644 3051 3741 3103 ἀν-

2167 3140 2306 3192 ελεῖν
2337 3139 2432 3204 τὰς
2455 3141 2769 3211 ἐπωνυμίας
2806 3143 3003 3197 αὐτῶν.
3035 3143 3162 3198 Πᾶν
3187 3145 3318 3215 7&9,
3345 3147 3530 3218 φησὶν,
3550 3147 3582 3201 ὃ
3607 3147 3743 3201 ἐκά-

2165 3239 2353 3290 λεσεν
2373 3235 2524 3290 αὐτὰ
2573 3237 2764 3306 Ἀδὰμ,
2793 3237 2968 3292 τοῦτο
2999 3239 3183 3309 ὄνομα
3207 3241 3428 3306 αὐτοῖς.

2242 3370 2308 3440 β’.
2341 3365 2508 3435 οὗτος
2526 3369 2656 3439 γοῦν
2689 3372 2875 3441 ἠγνόει
2904 3374 2957 3425 τί
2997 3376 3095 3444 μὲν
3115 3375 3295 3440 καλὸν,
3331 3377 3457 3431 τίδὲ
3477 3380 3744 3450 πονηρόν;

2169 3468 2280 3522 Καὶ
2302 3467 2418 3531 πῶς
2437 3467 2502 3522 ἃν
2524 3468 2636 3538 ἔχοι
2655 3468 2836 3538 λόγον;
2860 3471 3028 3524 Πάλιν
3049 3473 3222 3541 ἤγαγε
3243 3473 3341 3545 τὴν
3361 3479 3590 3542 γυναῖκα
3607 3477 3747 3548 πρὺς

2169 3563 2354 3626 αὑτὸν,
2378 3565 2471 3617 καὶ
2495 3563 2616 3618 ἰδὼν
2637 3564 2806 3636 αὐτὴν
2826 3566 3028 3630 εὐθέως
3049 3569 3263 3637 ἐπέγνω
3298 3570 3392 3642 τὴν
3413 3572 3512 3641 τῆς
3533 3572 3750 3640 φύσεως

2169 3660 2442 3712 κοινωνόν.
2468 3661 2576 3713 Καὶ
2610 3661 2664 3713 τί
2699 3677 2868 3732 φησι;
2914 3662 3094 3716 Τοῦτο
3113 3665 3231 3718 νῦν
3267 3665 3492 3720 ὀστοῦν
3524 3667 3595 3720 ἐκ
3627 3666 3752 3720 τῶν

2171 3753 2372 3807 ὀστῶν
2400 3755 2658 3824 μου,καί
2694 3757 2850 3824 σὰρξ
2884 3759 2952 3811 ἐκ
2987 3757 3098 3825 τῆς
3131 3762 3360 3829 σαρκός
3371 3779 3512 3830 μου.
3530 3762 3754 3834 Ἐπειδὴ

2171 3851 2280 3922 7&9
2320 3853 2426 3923 1:90
2463 3852 2689 3925 βραχέος
2723 3849 2792 3926 ἦν
2818 3856 2848 3908 0
2879 3855 3009 3919 Θεὸς
3027 3858 3363 3929 παραγαγὼν
3381 3859 3530 3932 αύτῷ
3548 3861 3616 3915 τά
3635 3861 3753 3927 ζῶα

2172 3949 2408 4012 ἅπαντα,
2429 3949 2600 4015 δεῖξαι
2621 3949 2941 4022 βουλόμενος
2957 3951 2988 4004 0
3016 3952 3209 4023 Ἀδὰμ,
3229 3956 3312 4008 ὅτι
3328 3955 3486 4010 τοῦτο
3517 3957 3580 4009 :0
3610 3958 3755 4022 ζῶον

2171 4049 2292 4114 οὐχ).
2322 4043 2378 4096 ἓν
2415 4045 2638 4100 ἐκείνων
2673 4046 2782 4101 τῶν
2819 4047 2972 4113 ζώων
3009 4050 3179 4118 ἐστὶν,
3217 4047 3370 4106 εἶπεο
3416 4053 3596 4108 Τοῦτο
3632 4053 3756 4107 νῦν

2173 4139 2399 4193 ὀστοῦν
2415 4141 2482 4194 ὲκ
2504 4139 2623 4194 τῶν
2640 4141 2836 4196 ὀστῶν
2852 4161 2991 4214 μου,
3012 4145 3111 4199 καί
3132 4145 3288 4214 σὰρξ
3305 4148 3373 4201 ἐκ
3393 4147 3498 4215 τῆς
3519 4153 3755 4218 σαρκός

2167 4252 2307 4303 μου.
2330 4236 2485 4299 Τινὲς
2519 4235 2594 4300 δὲ,
2618 4238 2699 4290 ὅτι
2719 4239 2839 4308 οὐχὶ
2858 4239 3016 4293 τοῦτο
3045 4241 3206 4309 μόνον
3226 4242 3540 4310 αἰνίττεται,
3563 4245 3748 4312 φασὶν.

2175 4332 2309 4385 ἀλλά
2326 4333 2418 4386 καὶ
2439 4333 2531 4386 τὸν
2548 4333 2750 4404 τρόπον
2765 4331 2864 4404 τῆς
2879 4335 2943 4404 δη
2951 4337 3259 4409 μιουργίας.
3277 4338 3370 4392 καὶ
3383 4339 3466 4391 ὅτι
3480 4340 3580 4412 ορκ
3597 4340 3754 4395 ἔσται

2175 4428 2338 4482 πάλιν
2369 4431 2435 4499 τῇ
2472 4430 2692 4497 γυναικὶ
2723 4429 2961 4494 τοιοῦτος
2979 4431 3079 4501 τῆς
3099 4434 3364 4500 γενέσεως
3380 4435 3408 4487 0
3424 4415 3644 4506 τρόπος.
3665 4436 3752 4490 διὰ

2173 4523 2332 4578 τοῦτο
2351 4519 2474 4578 εἶπε
2490 4541 2503 4554 ⁸
2534 4525 2716 4581 Τοῦτο
2735 4527 2850 4581 νῦν
2866 4545 2878 4557 ⁸
2901 4529 3037 4599 ὅπερ
3057 4524 3150 4582 οὖν
3170 4530 3262 4583 καὶ
3281 4530 3466 4601 ἕτερος
3485 4532 3752 4603 ἑρμηνευ-

2173 4620 2274 4692 τῆς
2309 4622 2700 4694 ἀκριϐέστερον
2739 4624 3057 4695 ἑρμηνεύων
3095 4625 3248 4694 ἔλεγε
3273 4665 3286 4690 ,
3328 4626 3513 4682 Τοῦτο
3548 4627 3712 4692 ἅπαξ
3735 4668 3752 4688 .

2175 4719 2377 4772 ὡσανεὶ
2396 4718 2568 4788 ἔλεγε,
2596 4717 2708 4774 Νῦν
2728 4720 2885 4792 μόνον
2923 4722 3058 4794 γυνὴ
3099 4723 3323 4791 γέγονεν
3355 4723 3414 4790 ἐξ
3447 4724 3644 4796 ἀνδρὸς
3663 4725 3757 4796 μό-

2176 4831 2270 4869 νου
2291 4831 2304 4844 ·
2345 4814 2483 4884 μετά
2501 4813 2558 4866 δὲ
2577 4815 2750 4869 ταῦτα
2770 4816 2952 4870 οὐκέτι
2970 4817 3143 4882 οὓτως
3163 4818 3336 4880 ἔσται,
3357 4819 3472 4872 ἀλλ’
3493 4819 3551 4886 ἐξ
3570 4822 3750 4892 ἀμφο·

2175 4909 2370 4981 τέρων·
2403 4909 2650 4964 Ὀστοῦν
2665 4911 2733 4964 ἐκ
2752 4911 2870 4964 τῶν
2887 4910 3084 4966 ὀστῶν
3101 4931 3235 4981 μου,
3259 4915 3357 4968 καί
3379 4914 3537 4984 σὰρξ
3553 4915 3623 4969 ἐκ
3646 4914 3757 4982 τῆς

2177 5005 2404 5072 σαρκός
2415 5021 2554 5074 μου.
2587 5006 2673 5071 Ἐξ
2691 5005 2981 5078 ὁλοκλήρου
3001 5007 3109 5080 7&9
3127 5009 3220 5062 τοῦ
3242 5011 3559 5083 φυράματος
3576 5015 3605 5066 0
3621 5012 3753 5076 Θεὸς

2177 5099 2359 5154 λαϐὼν
2393 5100 2604 5172 κόμμα,
2623 5102 2765 5156 οὕτω
2799 5103 2896 5174 την
2933 5107 3168 5171 γυναῖκα
3202 5107 3458 5172 ἔπλασεν,
3492 5108 3579 5161 ἵνα
3613 5109 3756 5162 κατὰ

2181 5199 2357 5252 πάντα
2393 5201 2621 5270 κοινωνῇ
2659 5200 2736 5270 τῷ
2773 5201 2946 5272 ἀνδρί.
2985 5202 3168 5270 Αὕτη.
3201 5206 3354 5277 φησὶ,
3389 5205 3757 5274 κληθήσεται

2179 5293 2357 5363 γυνὴ,
2378 5294 2466 5348 ὅτι
2484 5295 2552 5348 ἐκ
2573 5295 2677 5350 τοῦ
2695 5296 2914 5366 ἀνδρὸς
2932 5298 3188 5368 ἐλήφθη.
3219 5302 3380 5373 Ὁρᾷς
3409 5303 3526 5367 πῶς
3543 5305 3638 5358 καὶ
3656 5304 3756 5375 τὴν

2181 5391 2554 5463 προσηγορίαν
2591 5392 2681 5446 διά
2711 5393 2868 5447 τοῦτο
2905 5396 3228 5466 ἐπιτίθησιν,
3251 5399 3337 5451 ἵνα
3361 5402 3394 5470 ἡ
3418 5399 3758 5472 προσηγορία

2179 5486 2405 5558 διδάσκῃ
2443 5487 2541 5558 τὴν
2579 5490 2865 5544 κοινωνίαν
2892 5490 2994 5560 τῆς
3021 5491 3253 5559 φύσεως,
3276 5495 3370 5547 καὶ
3389 5497 3423 5565 ἡ
3442 5495 3756 5548 διδασκαλία

2182 5581 2282 5651 τῆς
2302 5581 2441 5635 κατά
2463 5583 2562 5652 τὴν
2582 5583 2743 5653 φύσιν
2765 5586 3064 5649 κοινωνίας.
3087 5589 3178 5640 καὶ
3209 5589 3237 5640 0
3272 5590 3369 5659 τῆς
3399 5591 3460 5659 δη
3471 5592 3758 5660 μιουργίας

2187 5677 2384 5749 τρόπος
2423 5680 2678 5745 ὑπόθεσις
2714 5683 2932 5751 ἀγάπης
3034 5684 3331 5753 διηνεκοῦς,
3355 5674 3756 5756 καίσύνδεσμος
