  <div class='ocr_page' id='page_1' title='image "/cluster/home/n/w/nwhite01/storage/ocr_20150623/54/hvd.32044073501926/234.png"; bbox 0 0 4134 6214; ppageno 0'>
   <div class='ocr_carea' id='block_1_1' title="bbox 368 331 472 391">
    <p class='ocr_par' dir='ltr' id='par_1_1' title="bbox 368 331 472 391">
     <span class='ocr_line' id='line_1_1' title="bbox 368 331 472 391; baseline -0.019 0"><span class='ocrx_word' id='word_1_1' title='bbox 368 331 472 391; x_wconf 74' lang='lat'><strong>605</strong></span> 
     </span>
    </p>
   </div>
   <div class='ocr_carea' id='block_1_2' title="bbox 366 425 1948 505">
    <p class='ocr_par' dir='ltr' id='par_1_2' title="bbox 366 425 1948 505">
     <span class='ocr_line' id='line_1_2' title="bbox 366 425 1948 505; baseline -0.018 -1"><span class='ocrx_word' id='word_1_2' title='bbox 366 466 469 504; x_wconf 90' lang='lat' dir='ltr'><strong>non</strong></span> <span class='ocrx_word' id='word_1_3' title='bbox 518 448 572 502; x_wconf 92' lang='lat' dir='ltr'><strong>in</strong></span> <span class='ocrx_word' id='word_1_4' title='bbox 602 445 797 505; x_wconf 87' lang='lat' dir='ltr'><strong>forum,</strong></span> <span class='ocrx_word' id='word_1_5' title='bbox 850 440 942 495; x_wconf 81' lang='lat' dir='ltr'><strong>sed</strong></span> <span class='ocrx_word' id='word_1_6' title='bbox 970 438 1021 491; x_wconf 90' lang='lat' dir='ltr'><strong>in</strong></span> <span class='ocrx_word' id='word_1_7' title='bbox 1038 434 1315 491; x_wconf 88' lang='lat' dir='ltr'><strong>ecclesiam</strong></span> <span class='ocrx_word' id='word_1_8' title='bbox 1348 431 1609 489; x_wconf 88' lang='lat' dir='ltr'><strong>venimus,</strong></span> <span class='ocrx_word' id='word_1_9' title='bbox 1663 436 1715 481; x_wconf 89' lang='lat' dir='ltr'><strong>et</strong></span> <span class='ocrx_word' id='word_1_10' title='bbox 1745 425 1798 479; x_wconf 92' lang='lat' dir='ltr'><strong>in</strong></span> <span class='ocrx_word' id='word_1_11' title='bbox 1817 437 1948 478; x_wconf 82' lang='lat' dir='ltr'><strong>con-</strong></span> 
     </span>
    </p>
   </div>
   <div class='ocr_carea' id='block_1_3' title="bbox 364 522 1951 616">
    <p class='ocr_par' dir='ltr' id='par_1_3' title="bbox 364 522 1951 616">
     <span class='ocr_line' id='line_1_3' title="bbox 364 522 1951 616; baseline -0.02 -15"><span class='ocrx_word' id='word_1_12' title='bbox 364 557 604 616; x_wconf 79' lang='lat' dir='ltr'><strong>gressum</strong></span> <span class='ocrx_word' id='word_1_13' title='bbox 626 555 723 595; x_wconf 88' lang='lat' dir='ltr'><strong>nos</strong></span> <span class='ocrx_word' id='word_1_14' title='bbox 737 537 928 592; x_wconf 85' lang='lat' dir='ltr'><strong>damus</strong></span> <span class='ocrx_word' id='word_1_15' title='bbox 948 547 1050 587; x_wconf 93' lang='lat' dir='ltr'><strong>non</strong></span> <span class='ocrx_word' id='word_1_16' title='bbox 1070 529 1223 583; x_wconf 86' lang='lat' dir='ltr'><strong>unius</strong></span> <span class='ocrx_word' id='word_1_17' title='bbox 1243 525 1419 586; x_wconf 90' lang='lat' dir='ltr'><strong>amici,</strong></span> <span class='ocrx_word' id='word_1_18' title='bbox 1434 522 1525 577; x_wconf 87' lang='lat' dir='ltr'><strong>sed</strong></span> <span class='ocrx_word' id='word_1_19' title='bbox 1544 530 1648 575; x_wconf 89' lang='lat' dir='ltr'><strong>tam</strong></span> <span class='ocrx_word' id='word_1_20' title='bbox 1664 522 1951 573; x_wconf 88' lang='lat' dir='ltr'><strong>multorum</strong></span> 
     </span>
    </p>
   </div>
   <div class='ocr_carea' id='block_1_4' title="bbox 364 611 1948 694">
    <p class='ocr_par' dir='ltr' id='par_1_4' title="bbox 364 611 1948 694">
     <span class='ocr_line' id='line_1_4' title="bbox 364 611 1948 694; baseline -0.02 -3"><span class='ocrx_word' id='word_1_21' title='bbox 364 611 427 692; x_wconf 73' lang='lat' dir='ltr'><strong>ac</strong></span> <span class='ocrx_word' id='word_1_22' title='bbox 452 634 639 689; x_wconf 87' lang='lat' dir='ltr'><strong>talium</strong></span> <span class='ocrx_word' id='word_1_23' title='bbox 659 632 879 684; x_wconf 89' lang='lat' dir='ltr'><strong>fratrum</strong></span> <span class='ocrx_word' id='word_1_24' title='bbox 907 634 1240 694; x_wconf 91' lang='lat' dir='ltr'><strong>patrumque,</strong></span> <span class='ocrx_word' id='word_1_25' title='bbox 1268 616 1357 686; x_wconf 87' lang='lat' dir='ltr'><strong>qtti</strong></span> <span class='ocrx_word' id='word_1_26' title='bbox 1389 613 1500 668; x_wconf 80' lang='lat' dir='ltr'><strong>fieri</strong></span> <span class='ocrx_word' id='word_1_27' title='bbox 1525 611 1735 681; x_wconf 81' lang='lat' dir='ltr'><strong>poterit.</strong></span> <span class='ocrx_word' id='word_1_28' title='bbox 1760 620 1816 661; x_wconf 91' lang='lat' dir='ltr'><strong>ut</strong></span> <span class='ocrx_word' id='word_1_29' title='bbox 1845 622 1948 661; x_wconf 91' lang='lat' dir='ltr'><strong>non</strong></span> 
     </span>
    </p>
   </div>
   <div class='ocr_carea' id='block_1_5' title="bbox 364 700 1947 783">
    <p class='ocr_par' dir='ltr' id='par_1_5' title="bbox 364 700 1947 783">
     <span class='ocr_line' id='line_1_5' title="bbox 364 700 1947 783; baseline -0.021 0"><span class='ocrx_word' id='word_1_30' title='bbox 364 742 578 783; x_wconf 89' lang='lat' dir='ltr'><strong>omnem</strong></span> <span class='ocrx_word' id='word_1_31' title='bbox 607 720 912 779; x_wconf 78' lang='lat' dir='ltr'><strong>mmstitiam</strong></span> <span class='ocrx_word' id='word_1_32' title='bbox 936 715 1284 781; x_wconf 86' lang='lat' dir='ltr'><strong>deponatnus,</strong></span> <span class='ocrx_word' id='word_1_33' title='bbox 1308 723 1411 763; x_wconf 91' lang='lat' dir='ltr'><strong>non</strong></span> <span class='ocrx_word' id='word_1_34' title='bbox 1434 704 1615 759; x_wconf 74' lang='lat' dir='ltr'><strong>lzetitia</strong></span> <span class='ocrx_word' id='word_1_35' title='bbox 1642 701 1784 756; x_wconf 89' lang='lat' dir='ltr'><strong>omni</strong></span> <span class='ocrx_word' id='word_1_36' title='bbox 1804 700 1947 753; x_wconf 87' lang='lat' dir='ltr'><strong>frua-</strong></span> 
     </span>
    </p>
   </div>
   <div class='ocr_carea' id='block_1_6' title="bbox 366 791 1943 881">
    <p class='ocr_par' dir='ltr' id='par_1_6' title="bbox 366 791 1943 881">
     <span class='ocr_line' id='line_1_6' title="bbox 366 791 1943 881; baseline -0.022 -4"><span class='ocrx_word' id='word_1_37' title='bbox 366 820 515 877; x_wconf 81' lang='lat' dir='ltr'><strong>mur?</strong></span> <span class='ocrx_word' id='word_1_38' title='bbox 545 818 659 874; x_wconf 85' lang='lat' dir='ltr'><strong>Non</strong></span> <span class='ocrx_word' id='word_1_39' title='bbox 679 814 821 871; x_wconf 91' lang='lat' dir='ltr'><strong>enim</strong></span> <span class='ocrx_word' id='word_1_40' title='bbox 848 818 1064 881; x_wconf 85' lang='lat' dir='ltr'><strong>propter</strong></span> <span class='ocrx_word' id='word_1_41' title='bbox 1084 801 1473 860; x_wconf 73' lang='lat' dir='ltr'><strong>multitudinem</strong></span> <span class='ocrx_word' id='word_1_42' title='bbox 1503 804 1709 851; x_wconf 88' lang='lat' dir='ltr'><strong>tantum</strong></span> <span class='ocrx_word' id='word_1_43' title='bbox 1754 791 1943 847; x_wconf 89' lang='lat' dir='ltr'><strong>melior</strong></span> 
     </span>
    </p>
   </div>
   <div class='ocr_carea' id='block_1_7' title="bbox 364 885 1946 969">
    <p class='ocr_par' dir='ltr' id='par_1_7' title="bbox 364 885 1946 969">
     <span class='ocr_line' id='line_1_7' title="bbox 364 885 1946 969; baseline -0.021 0"><span class='ocrx_word' id='word_1_44' title='bbox 364 924 449 969; x_wconf 85' lang='lat' dir='ltr'><strong>est</strong></span> <span class='ocrx_word' id='word_1_45' title='bbox 477 908 778 966; x_wconf 79' lang='lat' dir='ltr'><strong>forensibus</strong></span> <span class='ocrx_word' id='word_1_46' title='bbox 808 904 912 959; x_wconf 85' lang='lat' dir='ltr'><strong>illis</strong></span> <span class='ocrx_word' id='word_1_47' title='bbox 953 900 1183 953; x_wconf 73' lang='lat' dir='ltr'><strong>ctetibus</strong></span> <span class='ocrx_word' id='word_1_48' title='bbox 1217 895 1303 949; x_wconf 93' lang='lat' dir='ltr'><strong>bic</strong></span> <span class='ocrx_word' id='word_1_49' title='bbox 1323 904 1627 953; x_wconf 87' lang='lat' dir='ltr'><strong>consessus,</strong></span> <span class='ocrx_word' id='word_1_50' title='bbox 1682 885 1775 940; x_wconf 85' lang='lat' dir='ltr'><strong>sed</strong></span> <span class='ocrx_word' id='word_1_51' title='bbox 1820 900 1946 954; x_wconf 86' lang='lat' dir='ltr'><strong>pro-</strong></span> 
     </span>
    </p>
   </div>
   <div class='ocr_carea' id='block_1_8' title="bbox 365 975 1949 1075">
    <p class='ocr_par' dir='ltr' id='par_1_8' title="bbox 365 975 1949 1075">
     <span class='ocr_line' id='line_1_8' title="bbox 365 975 1949 1075; baseline -0.021 -15"><span class='ocrx_word' id='word_1_52' title='bbox 365 1013 487 1075; x_wconf 88' lang='lat' dir='ltr'><strong>pter</strong></span> <span class='ocrx_word' id='word_1_53' title='bbox 537 1001 705 1071; x_wconf 83' lang='lat' dir='ltr'><strong>ipsam</strong></span> <span class='ocrx_word' id='word_1_54' title='bbox 749 992 1133 1062; x_wconf 85' lang='lat' dir='ltr'><strong>colloquiorum</strong></span> <span class='ocrx_word' id='word_1_55' title='bbox 1152 985 1534 1041; x_wconf 82' lang='lat' dir='ltr'><strong>conditionem.</strong></span> <span class='ocrx_word' id='word_1_56' title='bbox 1567 978 1696 1033; x_wconf 84' lang='lat' dir='ltr'><strong>Nam</strong></span> <span class='ocrx_word' id='word_1_57' title='bbox 1724 976 1797 1031; x_wconf 95' lang='lat' dir='ltr'><strong>illi</strong></span> <span class='ocrx_word' id='word_1_58' title='bbox 1833 975 1949 1046; x_wconf 87' lang='lat' dir='ltr'><strong>qui-</strong></span> 
     </span>
    </p>
   </div>
   <div class='ocr_carea' id='block_1_9' title="bbox 362 1064 1946 1147">
    <p class='ocr_par' dir='ltr' id='par_1_9' title="bbox 362 1064 1946 1147">
     <span class='ocr_line' id='line_1_9' title="bbox 362 1064 1946 1147; baseline -0.019 0"><span class='ocrx_word' id='word_1_59' title='bbox 362 1095 485 1147; x_wconf 91' lang='lat' dir='ltr'><strong>dem</strong></span> <span class='ocrx_word' id='word_1_60' title='bbox 509 1094 559 1145; x_wconf 91' lang='lat' dir='ltr'><strong>in</strong></span> <span class='ocrx_word' id='word_1_61' title='bbox 589 1089 704 1145; x_wconf 85' lang='lat' dir='ltr'><strong>foro</strong></span> <span class='ocrx_word' id='word_1_62' title='bbox 730 1083 1089 1143; x_wconf 71' lang='lat' dir='ltr'><strong>conside-otes,</strong></span> <span class='ocrx_word' id='word_1_63' title='bbox 1112 1088 1164 1132; x_wconf 92' lang='lat' dir='ltr'><strong>et</strong></span> <span class='ocrx_word' id='word_1_64' title='bbox 1186 1079 1237 1131; x_wconf 93' lang='lat' dir='ltr'><strong>in</strong></span> <span class='ocrx_word' id='word_1_65' title='bbox 1264 1075 1445 1129; x_wconf 89' lang='lat' dir='ltr'><strong>orbem</strong></span> <span class='ocrx_word' id='word_1_66' title='bbox 1469 1072 1607 1125; x_wconf 90' lang='lat' dir='ltr'><strong>inter</strong></span> <span class='ocrx_word' id='word_1_67' title='bbox 1636 1084 1695 1123; x_wconf 88' lang='lat' dir='ltr'><strong>se</strong></span> <span class='ocrx_word' id='word_1_68' title='bbox 1716 1064 1946 1128; x_wconf 74' lang='lat' dir='ltr'><strong>collecti,</strong></span> 
     </span>
    </p>
   </div>
   <div class='ocr_carea' id='block_1_10' title="bbox 362 1160 1949 1254">
    <p class='ocr_par' dir='ltr' id='par_1_10' title="bbox 362 1160 1949 1254">
     <span class='ocr_line' id='line_1_10' title="bbox 362 1160 1949 1254; baseline -0.021 -14"><span class='ocrx_word' id='word_1_69' title='bbox 362 1183 592 1254; x_wconf 81' lang='lat' dir='ltr'><strong>atquein</strong></span> <span class='ocrx_word' id='word_1_70' title='bbox 614 1178 825 1235; x_wconf 79' lang='lat' dir='ltr'><strong>circulis</strong></span> <span class='ocrx_word' id='word_1_71' title='bbox 840 1174 994 1230; x_wconf 80' lang='lat' dir='ltr'><strong>Otiosi</strong></span> <span class='ocrx_word' id='word_1_72' title='bbox 1018 1184 1255 1241; x_wconf 74' lang='lat' dir='ltr'><strong>perszrpe</strong></span> <span class='ocrx_word' id='word_1_73' title='bbox 1275 1167 1341 1219; x_wconf 93' lang='lat' dir='ltr'><strong>de</strong></span> <span class='ocrx_word' id='word_1_74' title='bbox 1362 1165 1518 1219; x_wconf 88' lang='lat' dir='ltr'><strong>rebus</strong></span> <span class='ocrx_word' id='word_1_75' title='bbox 1540 1160 1814 1215; x_wconf 91' lang='lat' dir='ltr'><strong>inutilibus</strong></span> <span class='ocrx_word' id='word_1_76' title='bbox 1834 1171 1949 1209; x_wconf 85' lang='lat' dir='ltr'><strong>ser-</strong></span> 
     </span>
    </p>
   </div>
   <div class='ocr_carea' id='block_1_11' title="bbox 360 1245 1949 1330">
    <p class='ocr_par' dir='ltr' id='par_1_11' title="bbox 360 1245 1949 1330">
     <span class='ocr_line' id='line_1_11' title="bbox 360 1245 1949 1330; baseline -0.02 -1"><span class='ocrx_word' id='word_1_77' title='bbox 360 1245 551 1329; x_wconf 76' lang='lat' dir='ltr'><strong>nnntes</strong></span> <span class='ocrx_word' id='word_1_78' title='bbox 570 1274 879 1330; x_wconf 65' lang='lat' dir='ltr'><strong>con~erunt,</strong></span> <span class='ocrx_word' id='word_1_79' title='bbox 903 1275 951 1317; x_wconf 90' lang='lat' dir='ltr'><strong>et</strong></span> <span class='ocrx_word' id='word_1_80' title='bbox 980 1262 1157 1330; x_wconf 79' lang='lat' dir='ltr'><strong>jejuna</strong></span> <span class='ocrx_word' id='word_1_81' title='bbox 1189 1254 1582 1325; x_wconf 87' lang='lat' dir='ltr'><strong>colloquutioue</strong></span> <span class='ocrx_word' id='word_1_82' title='bbox 1608 1248 1842 1304; x_wconf 89' lang='lat' dir='ltr'><strong>instituta</strong></span> <span class='ocrx_word' id='word_1_83' title='bbox 1882 1245 1949 1298; x_wconf 90' lang='lat' dir='ltr'><strong>de</strong></span> 
     </span>
    </p>
   </div>
   <div class='ocr_carea' id='block_1_12' title="bbox 359 1336 1949 1425">
    <p class='ocr_par' dir='ltr' id='par_1_12' title="bbox 359 1336 1949 1425">
     <span class='ocr_line' id='line_1_12' title="bbox 359 1336 1949 1425; baseline -0.018 -7"><span class='ocrx_word' id='word_1_84' title='bbox 359 1366 422 1419; x_wconf 90' lang='lat' dir='ltr'><strong>iis</strong></span> <span class='ocrx_word' id='word_1_85' title='bbox 454 1364 615 1419; x_wconf 79' lang='lat' dir='ltr'><strong>verba</strong></span> <span class='ocrx_word' id='word_1_86' title='bbox 662 1360 879 1419; x_wconf 87' lang='lat' dir='ltr'><strong>faciunt,</strong></span> <span class='ocrx_word' id='word_1_87' title='bbox 910 1370 1028 1425; x_wconf 74' lang='lat' dir='ltr'><strong>qua:</strong></span> <span class='ocrx_word' id='word_1_88' title='bbox 1077 1350 1141 1405; x_wconf 84' lang='lat' dir='ltr'><strong>ad</strong></span> <span class='ocrx_word' id='word_1_89' title='bbox 1194 1350 1338 1420; x_wconf 84' lang='lat' dir='ltr'><strong>ipsos</strong></span> <span class='ocrx_word' id='word_1_90' title='bbox 1381 1343 1511 1398; x_wconf 85' lang='lat' dir='ltr'><strong>nihil</strong></span> <span class='ocrx_word' id='word_1_91' title='bbox 1560 1342 1804 1396; x_wconf 75' lang='lat' dir='ltr'><strong>attinent.</strong></span> <span class='ocrx_word' id='word_1_92' title='bbox 1858 1336 1949 1390; x_wconf 87' lang='lat' dir='ltr'><strong>Sic</strong></span> 
     </span>
    </p>
   </div>
   <div class='ocr_carea' id='block_1_13' title="bbox 352 1433 1944 1516">
    <p class='ocr_par' dir='ltr' id='par_1_13' title="bbox 352 1433 1944 1516">
     <span class='ocr_line' id='line_1_13' title="bbox 352 1433 1944 1516; baseline -0.019 -4"><span class='ocrx_word' id='word_1_93' title='bbox 352 1458 507 1511; x_wconf 83' lang='lat' dir='ltr'><strong>enim</strong></span> <span class='ocrx_word' id='word_1_94' title='bbox 537 1456 644 1508; x_wconf 89' lang='lat' dir='ltr'><strong>fere</strong></span> <span class='ocrx_word' id='word_1_95' title='bbox 666 1453 743 1515; x_wconf 89' lang='lat' dir='ltr'><strong>tit,</strong></span> <span class='ocrx_word' id='word_1_96' title='bbox 776 1459 833 1505; x_wconf 91' lang='lat' dir='ltr'><strong>ut</strong></span> <span class='ocrx_word' id='word_1_97' title='bbox 862 1446 1046 1516; x_wconf 90' lang='lat' dir='ltr'><strong>majori</strong></span> <span class='ocrx_word' id='word_1_98' title='bbox 1075 1442 1248 1498; x_wconf 89' lang='lat' dir='ltr'><strong>studio</strong></span> <span class='ocrx_word' id='word_1_99' title='bbox 1265 1456 1353 1494; x_wconf 88' lang='lat' dir='ltr'><strong>res</strong></span> <span class='ocrx_word' id='word_1_100' title='bbox 1372 1438 1575 1492; x_wconf 89' lang='lat' dir='ltr'><strong>alienas</strong></span> <span class='ocrx_word' id='word_1_101' title='bbox 1596 1433 1944 1503; x_wconf 89' lang='lat' dir='ltr'><strong>iuquiramus,</strong></span> 
     </span>
    </p>
   </div>
   <div class='ocr_carea' id='block_1_14' title="bbox 350 1528 1948 1611">
    <p class='ocr_par' dir='ltr' id='par_1_14' title="bbox 350 1528 1948 1611">
     <span class='ocr_line' id='line_1_14' title="bbox 350 1528 1948 1611; baseline -0.019 -5"><span class='ocrx_word' id='word_1_102' title='bbox 350 1561 407 1606; x_wconf 89' lang='lat' dir='ltr'><strong>et</strong></span> <span class='ocrx_word' id='word_1_103' title='bbox 432 1547 702 1605; x_wconf 89' lang='lat' dir='ltr'><strong>curiosius</strong></span> <span class='ocrx_word' id='word_1_104' title='bbox 731 1542 1059 1611; x_wconf 86' lang='lat' dir='ltr'><strong>indagemus.</strong></span> <span class='ocrx_word' id='word_1_105' title='bbox 1086 1536 1204 1590; x_wconf 81' lang='lat' dir='ltr'><strong>.Iam</strong></span> <span class='ocrx_word' id='word_1_106' title='bbox 1235 1548 1363 1586; x_wconf 88' lang='lat' dir='ltr'><strong>vero</strong></span> <span class='ocrx_word' id='word_1_107' title='bbox 1406 1528 1668 1584; x_wconf 90' lang='lat' dir='ltr'><strong>lubricum</strong></span> <span class='ocrx_word' id='word_1_108' title='bbox 1718 1540 1837 1579; x_wconf 86' lang='lat' dir='ltr'><strong>esse</strong></span> <span class='ocrx_word' id='word_1_109' title='bbox 1884 1536 1948 1575; x_wconf 85' lang='lat' dir='ltr'><strong>ac</strong></span> 
     </span>
    </p>
   </div>
   <div class='ocr_carea' id='block_1_15' title="bbox 350 1616 1948 1713">
    <p class='ocr_par' dir='ltr' id='par_1_15' title="bbox 350 1616 1948 1713">
     <span class='ocr_line' id='line_1_15' title="bbox 350 1616 1948 1713; baseline -0.02 -14"><span class='ocrx_word' id='word_1_110' title='bbox 350 1640 580 1713; x_wconf 81' lang='lat' dir='ltr'><strong>periculi</strong></span> <span class='ocrx_word' id='word_1_111' title='bbox 608 1637 823 1709; x_wconf 83' lang='lat' dir='ltr'><strong>plenum</strong></span> <span class='ocrx_word' id='word_1_112' title='bbox 872 1630 992 1686; x_wconf 89' lang='lat' dir='ltr'><strong>talia</strong></span> <span class='ocrx_word' id='word_1_113' title='bbox 1025 1628 1185 1681; x_wconf 89' lang='lat' dir='ltr'><strong>verba</strong></span> <span class='ocrx_word' id='word_1_114' title='bbox 1217 1623 1435 1678; x_wconf 88' lang='lat' dir='ltr'><strong>fundere</strong></span> <span class='ocrx_word' id='word_1_115' title='bbox 1464 1629 1622 1689; x_wconf 90' lang='lat' dir='ltr'><strong>atque</strong></span> <span class='ocrx_word' id='word_1_116' title='bbox 1649 1616 1861 1677; x_wconf 87' lang='lat' dir='ltr'><strong>audire,</strong></span> <span class='ocrx_word' id='word_1_117' title='bbox 1894 1622 1948 1667; x_wconf 88' lang='lat' dir='ltr'><strong>ct</strong></span> 
     </span>
    </p>
   </div>
   <div class='ocr_carea' id='block_1_16' title="bbox 351 1708 1941 1796">
    <p class='ocr_par' dir='ltr' id='par_1_16' title="bbox 351 1708 1941 1796">
     <span class='ocr_line' id='line_1_16' title="bbox 351 1708 1941 1796; baseline -0.019 -8"><span class='ocrx_word' id='word_1_118' title='bbox 351 1731 565 1796; x_wconf 85' lang='lat' dir='ltr'><strong>seduci,</strong></span> <span class='ocrx_word' id='word_1_119' title='bbox 597 1728 896 1794; x_wconf 88' lang='lat' dir='ltr'><strong>multasque</strong></span> <span class='ocrx_word' id='word_1_120' title='bbox 921 1722 989 1776; x_wconf 93' lang='lat' dir='ltr'><strong>ob</strong></span> <span class='ocrx_word' id='word_1_121' title='bbox 1019 1716 1276 1788; x_wconf 84' lang='lat' dir='ltr'><strong>ejusmodi</strong></span> <span class='ocrx_word' id='word_1_122' title='bbox 1324 1723 1618 1770; x_wconf 69' lang='lat' dir='ltr'><strong>conventus</strong></span> <span class='ocrx_word' id='word_1_123' title='bbox 1670 1708 1941 1762; x_wconf 78' lang='lat' dir='ltr'><strong>tttttltulics</strong></span> 
     </span>
    </p>
   </div>
   <div class='ocr_carea' id='block_1_17' title="bbox 350 1804 1947 1881">
    <p class='ocr_par' dir='ltr' id='par_1_17' title="bbox 350 1804 1947 1881">
     <span class='ocr_line' id='line_1_17' title="bbox 350 1804 1947 1881; baseline -0.018 0"><span class='ocrx_word' id='word_1_124' title='bbox 350 1826 622 1881; x_wconf 79' lang='lat' dir='ltr'><strong>excitatas</strong></span> <span class='ocrx_word' id='word_1_125' title='bbox 652 1834 770 1875; x_wconf 89' lang='lat' dir='ltr'><strong>esse</strong></span> <span class='ocrx_word' id='word_1_126' title='bbox 817 1817 869 1871; x_wconf 93' lang='lat' dir='ltr'><strong>in</strong></span> <span class='ocrx_word' id='word_1_127' title='bbox 916 1813 1128 1869; x_wconf 80' lang='lat' dir='ltr'><strong>familiis</strong></span> <span class='ocrx_word' id='word_1_128' title='bbox 1174 1816 1533 1879; x_wconf 60' lang='lat' dir='ltr'><strong>tempestates.</strong></span> <span class='ocrx_word' id='word_1_129' title='bbox 1582 1804 1759 1857; x_wconf 82' lang='lat' dir='ltr'><strong>dicere</strong></span> <span class='ocrx_word' id='word_1_130' title='bbox 1807 1815 1947 1853; x_wconf 86' lang='lat' dir='ltr'><strong>nunc</strong></span> 
     </span>
    </p>
   </div>
   <div class='ocr_carea' id='block_1_18' title="bbox 351 1906 1948 1989">
    <p class='ocr_par' dir='ltr' id='par_1_18' title="bbox 351 1906 1948 1989">
     <span class='ocr_line' id='line_1_18' title="bbox 351 1906 1948 1989; baseline -0.019 -14"><span class='ocrx_word' id='word_1_131' title='bbox 351 1914 686 1989; x_wconf 84' lang='lat' dir='ltr'><strong>supersedeo</strong></span> <span class='ocrx_word' id='word_1_132' title='bbox 719 1920 900 1967; x_wconf 89' lang='lat' dir='ltr'><strong>:certe</strong></span> <span class='ocrx_word' id='word_1_133' title='bbox 926 1906 1163 1964; x_wconf 86' lang='lat' dir='ltr'><strong>inutilem</strong></span> <span class='ocrx_word' id='word_1_134' title='bbox 1198 1919 1259 1957; x_wconf 92' lang='lat' dir='ltr'><strong>ac</strong></span> <span class='ocrx_word' id='word_1_135' title='bbox 1286 1915 1473 1955; x_wconf 86' lang='lat' dir='ltr'><strong>vanam</strong></span> <span class='ocrx_word' id='word_1_136' title='bbox 1500 1913 1618 1953; x_wconf 87' lang='lat' dir='ltr'><strong>esse</strong></span> <span class='ocrx_word' id='word_1_137' title='bbox 1645 1906 1800 1965; x_wconf 81' lang='lat' dir='ltr'><strong>atque</strong></span> <span class='ocrx_word' id='word_1_138' title='bbox 1848 1908 1948 1947; x_wconf 68' lang='lat' dir='ltr'><strong>sm-</strong></span> 
     </span>
    </p>
   </div>
   <div class='ocr_carea' id='block_1_19' title="bbox 352 1991 1947 2069">
    <p class='ocr_par' dir='ltr' id='par_1_19' title="bbox 352 1991 1947 2069">
     <span class='ocr_line' id='line_1_19' title="bbox 352 1991 1947 2069; baseline -0.017 -3"><span class='ocrx_word' id='word_1_139' title='bbox 352 2011 599 2066; x_wconf 89' lang='lat' dir='ltr'><strong>cularcm</strong></span> <span class='ocrx_word' id='word_1_140' title='bbox 649 2017 862 2060; x_wconf 92' lang='lat' dir='ltr'><strong>omnem</strong></span> <span class='ocrx_word' id='word_1_141' title='bbox 911 1995 1174 2069; x_wconf 85' lang='lat' dir='ltr'><strong>ejusmodi</strong></span> <span class='ocrx_word' id='word_1_142' title='bbox 1215 1991 1715 2052; x_wconf 70' lang='lat' dir='ltr'><strong>contabulationem,</strong></span> <span class='ocrx_word' id='word_1_143' title='bbox 1773 1999 1947 2055; x_wconf 85' lang='lat' dir='ltr'><strong>neque</strong></span> 
     </span>
    </p>
   </div>
   <div class='ocr_carea' id='block_1_20' title="bbox 353 2078 1944 2170">
    <p class='ocr_par' dir='ltr' id='par_1_20' title="bbox 353 2078 1944 2170">
     <span class='ocr_line' id='line_1_20' title="bbox 353 2078 1944 2170; baseline -0.015 -14"><span class='ocrx_word' id='word_1_144' title='bbox 353 2102 514 2157; x_wconf 89' lang='lat' dir='ltr'><strong>facile</strong></span> <span class='ocrx_word' id='word_1_145' title='bbox 558 2096 888 2170; x_wconf 90' lang='lat' dir='ltr'><strong>spiritualem</strong></span> <span class='ocrx_word' id='word_1_146' title='bbox 933 2105 1186 2161; x_wconf 90' lang='lat' dir='ltr'><strong>umquam</strong></span> <span class='ocrx_word' id='word_1_147' title='bbox 1242 2099 1543 2142; x_wconf 85' lang='lat' dir='ltr'><strong>sermonem</strong></span> <span class='ocrx_word' id='word_1_148' title='bbox 1576 2082 1629 2136; x_wconf 93' lang='lat' dir='ltr'><strong>in</strong></span> <span class='ocrx_word' id='word_1_149' title='bbox 1679 2078 1944 2150; x_wconf 90' lang='lat' dir='ltr'><strong>ejusmodi</strong></span> 
     </span>
    </p>
   </div>
   <div class='ocr_carea' id='block_1_21' title="bbox 351 2175 1944 2256">
    <p class='ocr_par' dir='ltr' id='par_1_21' title="bbox 351 2175 1944 2256">
     <span class='ocr_line' id='line_1_21' title="bbox 351 2175 1944 2256; baseline -0.018 -4"><span class='ocrx_word' id='word_1_150' title='bbox 351 2209 671 2251; x_wconf 82' lang='lat' dir='ltr'><strong>consessum</strong></span> <span class='ocrx_word' id='word_1_151' title='bbox 710 2189 939 2253; x_wconf 84' lang='lat' dir='ltr'><strong>admitti,</strong></span> <span class='ocrx_word' id='word_1_152' title='bbox 970 2185 1183 2256; x_wconf 80' lang='lat' dir='ltr'><strong>negabit</strong></span> <span class='ocrx_word' id='word_1_153' title='bbox 1206 2194 1383 2237; x_wconf 90' lang='lat' dir='ltr'><strong>nemo.</strong></span> <span class='ocrx_word' id='word_1_154' title='bbox 1410 2179 1505 2233; x_wconf 92' lang='lat' dir='ltr'><strong>llic</strong></span> <span class='ocrx_word' id='word_1_155' title='bbox 1531 2186 1711 2231; x_wconf 88' lang='lat' dir='ltr'><strong>autem</strong></span> <span class='ocrx_word' id='word_1_156' title='bbox 1738 2188 1842 2227; x_wconf 90' lang='lat' dir='ltr'><strong>non</strong></span> <span class='ocrx_word' id='word_1_157' title='bbox 1874 2175 1944 2225; x_wconf 91' lang='lat' dir='ltr'><strong>ita</strong></span> 
     </span>
    </p>
   </div>
   <div class='ocr_carea' id='block_1_22' title="bbox 354 2260 1947 2350">
    <p class='ocr_par' dir='ltr' id='par_1_22' title="bbox 354 2260 1947 2350">
     <span class='ocr_line' id='line_1_22' title="bbox 354 2260 1947 2350; baseline -0.018 -8"><span class='ocrx_word' id='word_1_158' title='bbox 354 2288 434 2350; x_wconf 86' lang='lat' dir='ltr'><strong>fit,</strong></span> <span class='ocrx_word' id='word_1_159' title='bbox 469 2284 561 2340; x_wconf 90' lang='lat' dir='ltr'><strong>sed</strong></span> <span class='ocrx_word' id='word_1_160' title='bbox 619 2280 946 2338; x_wconf 86' lang='lat' dir='ltr'><strong>contrarium</strong></span> <span class='ocrx_word' id='word_1_161' title='bbox 973 2276 1132 2346; x_wconf 90' lang='lat' dir='ltr'><strong>plane</strong></span> <span class='ocrx_word' id='word_1_162' title='bbox 1171 2269 1479 2341; x_wconf 85' lang='lat' dir='ltr'><strong>:siquidcm</strong></span> <span class='ocrx_word' id='word_1_163' title='bbox 1523 2266 1699 2319; x_wconf 91' lang='lat' dir='ltr'><strong>omnis</strong></span> <span class='ocrx_word' id='word_1_164' title='bbox 1746 2260 1947 2315; x_wconf 89' lang='lat' dir='ltr'><strong>inutilis</strong></span> 
     </span>
    </p>
   </div>
   <div class='ocr_carea' id='block_1_23' title="bbox 352 2354 1949 2443">
    <p class='ocr_par' dir='ltr' id='par_1_23' title="bbox 352 2354 1949 2443">
     <span class='ocr_line' id='line_1_23' title="bbox 352 2354 1949 2443; baseline -0.018 -10"><span class='ocrx_word' id='word_1_165' title='bbox 352 2390 541 2433; x_wconf 82' lang='lat' dir='ltr'><strong>sermo</strong></span> <span class='ocrx_word' id='word_1_166' title='bbox 561 2373 818 2443; x_wconf 89' lang='lat' dir='ltr'><strong>rejicitur,</strong></span> <span class='ocrx_word' id='word_1_167' title='bbox 841 2368 1016 2422; x_wconf 89' lang='lat' dir='ltr'><strong>omnis</strong></span> <span class='ocrx_word' id='word_1_168' title='bbox 1036 2379 1164 2420; x_wconf 82' lang='lat' dir='ltr'><strong>vero</strong></span> <span class='ocrx_word' id='word_1_169' title='bbox 1183 2360 1423 2416; x_wconf 82' lang='lat' dir='ltr'><strong>doctrina</strong></span> <span class='ocrx_word' id='word_1_170' title='bbox 1447 2355 1736 2429; x_wconf 88' lang='lat' dir='ltr'><strong>spiritualis</strong></span> <span class='ocrx_word' id='word_1_171' title='bbox 1758 2354 1811 2407; x_wconf 92' lang='lat' dir='ltr'><strong>in</strong></span> <span class='ocrx_word' id='word_1_172' title='bbox 1837 2366 1949 2405; x_wconf 36' lang='lat' dir='ltr'><strong>mes</strong></span> 
     </span>
    </p>
   </div>
   <div class='ocr_carea' id='block_1_24' title="bbox 351 2443 1943 2536">
    <p class='ocr_par' dir='ltr' id='par_1_24' title="bbox 351 2443 1943 2536">
     <span class='ocr_line' id='line_1_24' title="bbox 351 2443 1943 2536; baseline -0.016 -14"><span class='ocrx_word' id='word_1_173' title='bbox 351 2469 507 2522; x_wconf 88' lang='lat' dir='ltr'><strong>dium</strong></span> <span class='ocrx_word' id='word_1_174' title='bbox 534 2463 821 2536; x_wconf 87' lang='lat' dir='ltr'><strong>profertur.</strong></span> <span class='ocrx_word' id='word_1_175' title='bbox 876 2459 1161 2514; x_wconf 79' lang='lat' dir='ltr'><strong>Enimvero</strong></span> <span class='ocrx_word' id='word_1_176' title='bbox 1185 2454 1253 2508; x_wconf 92' lang='lat' dir='ltr'><strong>de</strong></span> <span class='ocrx_word' id='word_1_177' title='bbox 1281 2453 1456 2506; x_wconf 90' lang='lat' dir='ltr'><strong>anima</strong></span> <span class='ocrx_word' id='word_1_178' title='bbox 1488 2457 1667 2503; x_wconf 89' lang='lat' dir='ltr'><strong>nostra</strong></span> <span class='ocrx_word' id='word_1_179' title='bbox 1720 2443 1943 2500; x_wconf 85' lang='lat' dir='ltr'><strong>disseri-</strong></span> 
     </span>
    </p>
   </div>
   <div class='ocr_carea' id='block_1_25' title="bbox 352 2538 1945 2627">
    <p class='ocr_par' dir='ltr' id='par_1_25' title="bbox 352 2538 1945 2627">
     <span class='ocr_line' id='line_1_25' title="bbox 352 2538 1945 2627; baseline -0.018 -11"><span class='ocrx_word' id='word_1_180' title='bbox 352 2575 500 2623; x_wconf 88' lang='lat' dir='ltr'><strong>mus,</strong></span> <span class='ocrx_word' id='word_1_181' title='bbox 540 2557 714 2627; x_wconf 87' lang='lat' dir='ltr'><strong>deque</strong></span> <span class='ocrx_word' id='word_1_182' title='bbox 761 2552 913 2609; x_wconf 88' lang='lat' dir='ltr'><strong>bonis</strong></span> <span class='ocrx_word' id='word_1_183' title='bbox 970 2550 1094 2613; x_wconf 87' lang='lat' dir='ltr'><strong>illis,</strong></span> <span class='ocrx_word' id='word_1_184' title='bbox 1149 2562 1269 2615; x_wconf 63' lang='lat' dir='ltr'><strong>quae</strong></span> <span class='ocrx_word' id='word_1_185' title='bbox 1294 2543 1360 2597; x_wconf 89' lang='lat' dir='ltr'><strong>ad</strong></span> <span class='ocrx_word' id='word_1_186' title='bbox 1398 2541 1629 2595; x_wconf 88' lang='lat' dir='ltr'><strong>animam</strong></span> <span class='ocrx_word' id='word_1_187' title='bbox 1662 2538 1945 2607; x_wconf 61' lang='lat' dir='ltr'><strong>pertint-nt,</strong></span> 
     </span>
    </p>
   </div>
   <div class='ocr_carea' id='block_1_26' title="bbox 351 2627 1945 2721">
    <p class='ocr_par' dir='ltr' id='par_1_26' title="bbox 351 2627 1945 2721">
     <span class='ocr_line' id='line_1_26' title="bbox 351 2627 1945 2721; baseline -0.017 -15"><span class='ocrx_word' id='word_1_188' title='bbox 351 2652 533 2721; x_wconf 84' lang='lat' dir='ltr'><strong>deque</strong></span> <span class='ocrx_word' id='word_1_189' title='bbox 560 2646 808 2717; x_wconf 84' lang='lat' dir='ltr'><strong>repositis</strong></span> <span class='ocrx_word' id='word_1_190' title='bbox 833 2644 883 2698; x_wconf 94' lang='lat' dir='ltr'><strong>in</strong></span> <span class='ocrx_word' id='word_1_191' title='bbox 910 2640 1043 2696; x_wconf 86' lang='lat' dir='ltr'><strong>ca-ln</strong></span> <span class='ocrx_word' id='word_1_192' title='bbox 1062 2637 1298 2696; x_wconf 89' lang='lat' dir='ltr'><strong>coronis.</strong></span> <span class='ocrx_word' id='word_1_193' title='bbox 1316 2634 1382 2687; x_wconf 85' lang='lat' dir='ltr'><strong>de</strong></span> <span class='ocrx_word' id='word_1_194' title='bbox 1407 2635 1641 2685; x_wconf 89' lang='lat' dir='ltr'><strong>virorum</strong></span> <span class='ocrx_word' id='word_1_195' title='bbox 1664 2627 1945 2683; x_wconf 84' lang='lat' dir='ltr'><strong>illustrium</strong></span> 
     </span>
    </p>
   </div>
   <div class='ocr_carea' id='block_1_27' title="bbox 350 2718 1945 2813">
    <p class='ocr_par' dir='ltr' id='par_1_27' title="bbox 350 2718 1945 2813">
     <span class='ocr_line' id='line_1_27' title="bbox 350 2718 1945 2813; baseline -0.019 -13"><span class='ocrx_word' id='word_1_196' title='bbox 350 2718 671 2813; x_wconf 71' lang='lat' dir='ltr'><strong>vita,deque</strong></span> <span class='ocrx_word' id='word_1_197' title='bbox 698 2738 788 2793; x_wconf 89' lang='lat' dir='ltr'><strong>Dei</strong></span> <span class='ocrx_word' id='word_1_198' title='bbox 819 2731 1143 2803; x_wconf 76' lang='lat' dir='ltr'><strong>benignitate</strong></span> <span class='ocrx_word' id='word_1_199' title='bbox 1165 2736 1325 2798; x_wconf 85' lang='lat' dir='ltr'><strong>atque</strong></span> <span class='ocrx_word' id='word_1_200' title='bbox 1343 2723 1573 2780; x_wconf 73' lang='lat' dir='ltr'><strong>universi</strong></span> <span class='ocrx_word' id='word_1_201' title='bbox 1596 2718 1945 2792; x_wconf 86' lang='lat' dir='ltr'><strong>providentia,</strong></span> 
     </span>
    </p>
   </div>
   <div class='ocr_carea' id='block_1_28' title="bbox 352 2817 1945 2907">
    <p class='ocr_par' dir='ltr' id='par_1_28' title="bbox 352 2817 1945 2907">
     <span class='ocr_line' id='line_1_28' title="bbox 352 2817 1945 2907; baseline -0.018 -14"><span class='ocrx_word' id='word_1_202' title='bbox 352 2837 591 2907; x_wconf 89' lang='lat' dir='ltr'><strong>denique</strong></span> <span class='ocrx_word' id='word_1_203' title='bbox 609 2832 677 2889; x_wconf 83' lang='lat' dir='ltr'><strong>de</strong></span> <span class='ocrx_word' id='word_1_204' title='bbox 702 2831 819 2886; x_wconf 87' lang='lat' dir='ltr'><strong>aliis</strong></span> <span class='ocrx_word' id='word_1_205' title='bbox 847 2828 1111 2889; x_wconf 89' lang='lat' dir='ltr'><strong>omnibus,</strong></span> <span class='ocrx_word' id='word_1_206' title='bbox 1144 2839 1263 2894; x_wconf 81' lang='lat' dir='ltr'><strong>quze</strong></span> <span class='ocrx_word' id='word_1_207' title='bbox 1289 2821 1353 2875; x_wconf 92' lang='lat' dir='ltr'><strong>ad</strong></span> <span class='ocrx_word' id='word_1_208' title='bbox 1386 2836 1483 2874; x_wconf 83' lang='lat' dir='ltr'><strong>nos</strong></span> <span class='ocrx_word' id='word_1_209' title='bbox 1531 2817 1802 2886; x_wconf 81' lang='lat' dir='ltr'><strong>pertinent</strong></span> <span class='ocrx_word' id='word_1_210' title='bbox 1827 2829 1945 2867; x_wconf 83' lang='lat' dir='ltr'><strong>ma-</strong></span> 
     </span>
    </p>
   </div>
   <div class='ocr_carea' id='block_1_29' title="bbox 353 2906 1950 2993">
    <p class='ocr_par' dir='ltr' id='par_1_29' title="bbox 353 2906 1950 2993">
     <span class='ocr_line' id='line_1_29' title="bbox 353 2906 1950 2993; baseline -0.016 -10"><span class='ocrx_word' id='word_1_211' title='bbox 353 2906 522 2993; x_wconf 78' lang='lat' dir='ltr'><strong>xime,</strong></span> <span class='ocrx_word' id='word_1_212' title='bbox 548 2927 700 2993; x_wconf 84' lang='lat' dir='ltr'><strong>cujus</strong></span> <span class='ocrx_word' id='word_1_213' title='bbox 720 2922 795 2978; x_wconf 86' lang='lat' dir='ltr'><strong>rei</strong></span> <span class='ocrx_word' id='word_1_214' title='bbox 819 2920 987 2991; x_wconf 79' lang='lat' dir='ltr'><strong>gratia</strong></span> <span class='ocrx_word' id='word_1_215' title='bbox 1018 2918 1124 2971; x_wconf 86' lang='lat' dir='ltr'><strong>nati</strong></span> <span class='ocrx_word' id='word_1_216' title='bbox 1154 2916 1342 2978; x_wconf 84' lang='lat' dir='ltr'><strong>simus,</strong></span> <span class='ocrx_word' id='word_1_217' title='bbox 1366 2923 1418 2965; x_wconf 86' lang='lat' dir='ltr'><strong>ct</strong></span> <span class='ocrx_word' id='word_1_218' title='bbox 1447 2926 1567 2980; x_wconf 75' lang='lat' dir='ltr'><strong>qua:</strong></span> <span class='ocrx_word' id='word_1_219' title='bbox 1594 2906 1806 2961; x_wconf 83' lang='lat' dir='ltr'><strong>tandem</strong></span> <span class='ocrx_word' id='word_1_220' title='bbox 1834 2919 1950 2958; x_wconf 86' lang='lat' dir='ltr'><strong>sors</strong></span> 
     </span>
    </p>
   </div>
   <div class='ocr_carea' id='block_1_30' title="bbox 355 3005 1945 3075">
    <p class='ocr_par' dir='ltr' id='par_1_30' title="bbox 355 3005 1945 3075">
     <span class='ocr_line' id='line_1_30' title="bbox 355 3005 1945 3075; baseline -0.016 0"><span class='ocrx_word' id='word_1_221' title='bbox 355 3030 413 3075; x_wconf 89' lang='lat' dir='ltr'><strong>et</strong></span> <span class='ocrx_word' id='word_1_222' title='bbox 443 3017 679 3073; x_wconf 88' lang='lat' dir='ltr'><strong>conditio</strong></span> <span class='ocrx_word' id='word_1_223' title='bbox 700 3022 939 3068; x_wconf 89' lang='lat' dir='ltr'><strong>nostrum</strong></span> <span class='ocrx_word' id='word_1_224' title='bbox 965 3026 1031 3066; x_wconf 76' lang='lat' dir='ltr'><strong>ex</strong></span> <span class='ocrx_word' id='word_1_225' title='bbox 1059 3009 1159 3062; x_wconf 88' lang='lat' dir='ltr'><strong>bac</strong></span> <span class='ocrx_word' id='word_1_226' title='bbox 1187 3007 1288 3059; x_wconf 85' lang='lat' dir='ltr'><strong>vita</strong></span> <span class='ocrx_word' id='word_1_227' title='bbox 1314 3005 1608 3057; x_wconf 87' lang='lat' dir='ltr'><strong>discessum</strong></span> <span class='ocrx_word' id='word_1_228' title='bbox 1659 3008 1945 3066; x_wconf 73' lang='lat' dir='ltr'><strong>exceptura</strong></span> 
     </span>
    </p>
   </div>
   <div class='ocr_carea' id='block_1_31' title="bbox 354 3091 1950 3179">
    <p class='ocr_par' dir='ltr' id='par_1_31' title="bbox 354 3091 1950 3179">
     <span class='ocr_line' id='line_1_31' title="bbox 354 3091 1950 3179; baseline -0.016 -12"><span class='ocrx_word' id='word_1_229' title='bbox 354 3112 450 3178; x_wconf 87' lang='lat' dir='ltr'><strong>sit,</strong></span> <span class='ocrx_word' id='word_1_230' title='bbox 470 3121 681 3179; x_wconf 89' lang='lat' dir='ltr'><strong>quoque</strong></span> <span class='ocrx_word' id='word_1_231' title='bbox 708 3105 759 3160; x_wconf 91' lang='lat' dir='ltr'><strong>in</strong></span> <span class='ocrx_word' id='word_1_232' title='bbox 781 3113 919 3159; x_wconf 91' lang='lat' dir='ltr'><strong>statu</strong></span> <span class='ocrx_word' id='word_1_233' title='bbox 944 3118 1032 3157; x_wconf 88' lang='lat' dir='ltr'><strong>res</strong></span> <span class='ocrx_word' id='word_1_234' title='bbox 1058 3108 1254 3155; x_wconf 68' lang='lat' dir='ltr'><strong>nostrm</strong></span> <span class='ocrx_word' id='word_1_235' title='bbox 1273 3108 1382 3150; x_wconf 90' lang='lat' dir='ltr'><strong>tum</strong></span> <span class='ocrx_word' id='word_1_236' title='bbox 1401 3093 1658 3164; x_wconf 88' lang='lat' dir='ltr'><strong>temporis</strong></span> <span class='ocrx_word' id='word_1_237' title='bbox 1673 3091 1779 3146; x_wconf 90' lang='lat' dir='ltr'><strong>sint</strong></span> <span class='ocrx_word' id='word_1_238' title='bbox 1808 3092 1950 3143; x_wconf 91' lang='lat' dir='ltr'><strong>futu-</strong></span> 
     </span>
    </p>
   </div>
   <div class='ocr_carea' id='block_1_32' title="bbox 359 3184 1948 3270">
    <p class='ocr_par' dir='ltr' id='par_1_32' title="bbox 359 3184 1948 3270">
     <span class='ocr_line' id='line_1_32' title="bbox 359 3184 1948 3270; baseline -0.014 -14"><span class='ocrx_word' id='word_1_239' title='bbox 359 3217 459 3257; x_wconf 68' lang='lat' dir='ltr'><strong>rae.</strong></span> <span class='ocrx_word' id='word_1_240' title='bbox 494 3202 667 3270; x_wconf 84' lang='lat' dir='ltr'><strong>Atque</strong></span> <span class='ocrx_word' id='word_1_241' title='bbox 706 3196 863 3266; x_wconf 85' lang='lat' dir='ltr'><strong>hujus</strong></span> <span class='ocrx_word' id='word_1_242' title='bbox 883 3191 1155 3249; x_wconf 82' lang='lat' dir='ltr'><strong>concinuis</strong></span> <span class='ocrx_word' id='word_1_243' title='bbox 1186 3189 1469 3259; x_wconf 88' lang='lat' dir='ltr'><strong>participes</strong></span> <span class='ocrx_word' id='word_1_244' title='bbox 1500 3200 1603 3239; x_wconf 90' lang='lat' dir='ltr'><strong>non</strong></span> <span class='ocrx_word' id='word_1_245' title='bbox 1632 3184 1805 3237; x_wconf 91' lang='lat' dir='ltr'><strong>solum</strong></span> <span class='ocrx_word' id='word_1_246' title='bbox 1849 3195 1948 3235; x_wconf 90' lang='lat' dir='ltr'><strong>uos</strong></span> 
     </span>
    </p>
   </div>
   <div class='ocr_carea' id='block_1_33' title="bbox 354 3274 1951 3358">
    <p class='ocr_par' dir='ltr' id='par_1_33' title="bbox 354 3274 1951 3358">
     <span class='ocr_line' id='line_1_33' title="bbox 354 3274 1951 3358; baseline -0.015 -9"><span class='ocrx_word' id='word_1_247' title='bbox 354 3307 565 3358; x_wconf 88' lang='lat' dir='ltr'><strong>sumus,</strong></span> <span class='ocrx_word' id='word_1_248' title='bbox 593 3289 688 3345; x_wconf 89' lang='lat' dir='ltr'><strong>sed</strong></span> <span class='ocrx_word' id='word_1_249' title='bbox 710 3297 762 3343; x_wconf 89' lang='lat' dir='ltr'><strong>et</strong></span> <span class='ocrx_word' id='word_1_250' title='bbox 799 3284 1071 3357; x_wconf 75' lang='lat' dir='ltr'><strong>pr0pbet;e</strong></span> <span class='ocrx_word' id='word_1_251' title='bbox 1099 3292 1153 3338; x_wconf 91' lang='lat' dir='ltr'><strong>et</strong></span> <span class='ocrx_word' id='word_1_252' title='bbox 1193 3279 1456 3351; x_wconf 71' lang='lat' dir='ltr'><strong>apostoli,</strong></span> <span class='ocrx_word' id='word_1_253' title='bbox 1505 3274 1750 3347; x_wconf 91' lang='lat' dir='ltr'><strong>quodque</strong></span> <span class='ocrx_word' id='word_1_254' title='bbox 1782 3274 1951 3342; x_wconf 87' lang='lat' dir='ltr'><strong>majus</strong></span> 
     </span>
    </p>
   </div>
   <div class='ocr_carea' id='block_1_34' title="bbox 354 3365 1952 3449">
    <p class='ocr_par' dir='ltr' id='par_1_34' title="bbox 354 3365 1952 3449">
     <span class='ocr_line' id='line_1_34' title="bbox 354 3365 1952 3449; baseline -0.016 -5"><span class='ocrx_word' id='word_1_255' title='bbox 354 3398 443 3444; x_wconf 87' lang='lat' dir='ltr'><strong>est</strong></span> <span class='ocrx_word' id='word_1_256' title='bbox 520 3384 789 3447; x_wconf 89' lang='lat' dir='ltr'><strong>omnibus,</strong></span> <span class='ocrx_word' id='word_1_257' title='bbox 848 3380 962 3449; x_wconf 89' lang='lat' dir='ltr'><strong>ipse</strong></span> <span class='ocrx_word' id='word_1_258' title='bbox 1011 3376 1265 3433; x_wconf 86' lang='lat' dir='ltr'><strong>Dominus</strong></span> <span class='ocrx_word' id='word_1_259' title='bbox 1312 3371 1548 3425; x_wconf 88' lang='lat' dir='ltr'><strong>omnimn</strong></span> <span class='ocrx_word' id='word_1_260' title='bbox 1600 3377 1704 3423; x_wconf 83' lang='lat' dir='ltr'><strong>stat</strong></span> <span class='ocrx_word' id='word_1_261' title='bbox 1746 3365 1952 3421; x_wconf 88' lang='lat' dir='ltr'><strong>medius</strong></span> 
     </span>
    </p>
   </div>
   <div class='ocr_carea' id='block_1_35' title="bbox 358 3459 1951 3540">
    <p class='ocr_par' dir='ltr' id='par_1_35' title="bbox 358 3459 1951 3540">
     <span class='ocr_line' id='line_1_35' title="bbox 358 3459 1951 3540; baseline -0.014 -7"><span class='ocrx_word' id='word_1_262' title='bbox 358 3481 500 3533; x_wconf 87' lang='lat' dir='ltr'><strong>inter</strong></span> <span class='ocrx_word' id='word_1_263' title='bbox 529 3491 626 3531; x_wconf 90' lang='lat' dir='ltr'><strong>nos</strong></span> <span class='ocrx_word' id='word_1_264' title='bbox 655 3474 829 3529; x_wconf 84' lang='lat' dir='ltr'><strong>Jesus.</strong></span> <span class='ocrx_word' id='word_1_265' title='bbox 882 3470 999 3540; x_wconf 88' lang='lat' dir='ltr'><strong>Ipse</strong></span> <span class='ocrx_word' id='word_1_266' title='bbox 1022 3469 1213 3538; x_wconf 87' lang='lat' dir='ltr'><strong>quippe</strong></span> <span class='ocrx_word' id='word_1_267' title='bbox 1239 3464 1366 3518; x_wconf 81' lang='lat' dir='ltr'><strong>dicit</strong></span> <span class='ocrx_word' id='word_1_268' title='bbox 1401 3480 1414 3515; x_wconf 89' lang='lat'><strong>:</strong></span> <span class='ocrx_word' id='word_1_269' title='bbox 1452 3461 1550 3517; x_wconf 86' lang='lat' dir='ltr'><strong>Ubi</strong></span> <span class='ocrx_word' id='word_1_270' title='bbox 1588 3462 1688 3513; x_wconf 85' lang='lat' dir='ltr'><strong>dno</strong></span> <span class='ocrx_word' id='word_1_271' title='bbox 1734 3459 1811 3512; x_wconf 82' lang='lat' dir='ltr'><strong>vel</strong></span> <span class='ocrx_word' id='word_1_272' title='bbox 1852 3468 1951 3510; x_wconf 77' lang='lat' dir='ltr'><strong>tres</strong></span> 
     </span>
    </p>
   </div>
   <div class='ocr_carea' id='block_1_36' title="bbox 356 3551 1949 3641">
    <p class='ocr_par' dir='ltr' id='par_1_36' title="bbox 356 3551 1949 3641">
     <span class='ocr_line' id='line_1_36' title="bbox 356 3551 1949 3641; baseline -0.017 -16"><span class='ocrx_word' id='word_1_273' title='bbox 356 3568 655 3641; x_wconf 79' lang='lat' dir='ltr'><strong>congregati</strong></span> <span class='ocrx_word' id='word_1_274' title='bbox 689 3574 805 3621; x_wconf 82' lang='lat' dir='ltr'><strong>sunt</strong></span> <span class='ocrx_word' id='word_1_275' title='bbox 830 3564 883 3616; x_wconf 89' lang='lat' dir='ltr'><strong>in</strong></span> <span class='ocrx_word' id='word_1_276' title='bbox 907 3562 1110 3615; x_wconf 83' lang='lat' dir='ltr'><strong>nomine</strong></span> <span class='ocrx_word' id='word_1_277' title='bbox 1133 3574 1263 3619; x_wconf 81' lang='lat' dir='ltr'><strong>meo,</strong></span> <span class='ocrx_word' id='word_1_278' title='bbox 1304 3556 1412 3608; x_wconf 86' lang='lat' dir='ltr'><strong>illic</strong></span> <span class='ocrx_word' id='word_1_279' title='bbox 1438 3570 1549 3607; x_wconf 83' lang='lat' dir='ltr'><strong>sum</strong></span> <span class='ocrx_word' id='word_1_280' title='bbox 1580 3553 1630 3603; x_wconf 87' lang='lat' dir='ltr'><strong>in</strong></span> <span class='ocrx_word' id='word_1_281' title='bbox 1663 3551 1824 3602; x_wconf 75' lang='lat' dir='ltr'><strong>medio</strong></span> <span class='ocrx_word' id='word_1_282' title='bbox 1865 3564 1949 3599; x_wconf 85' lang='lat' dir='ltr'><strong>eo-</strong></span> 
     </span>
    </p>
   </div>
   <div class='ocr_carea' id='block_1_37' title="bbox 356 3646 1943 3730">
    <p class='ocr_par' dir='ltr' id='par_1_37' title="bbox 356 3646 1943 3730">
     <span class='ocr_line' id='line_1_37' title="bbox 356 3646 1943 3730; baseline -0.016 -14"><span class='ocrx_word' id='word_1_283' title='bbox 356 3680 476 3716; x_wconf 81' lang='lat' dir='ltr'><strong>rum</strong></span> <span class='ocrx_word' id='word_1_284' title='bbox 514 3658 726 3730; x_wconf 78' lang='lat' dir='ltr'><strong>(Matth.</strong></span> <span class='ocrx_word' id='word_1_285' title='bbox 756 3656 843 3710; x_wconf 79' lang='lat' dir='ltr'><strong>l8.</strong></span> <span class='ocrx_word' id='word_1_286' title='bbox 868 3652 940 3707; x_wconf 73' lang='lat'><strong>9.0</strong></span> <span class='ocrx_word' id='word_1_287' title='bbox 960 3656 1000 3722; x_wconf 93' lang='lat'><strong>).</strong></span> <span class='ocrx_word' id='word_1_288' title='bbox 1032 3650 1183 3717; x_wconf 83' lang='lat' dir='ltr'><strong>Quod</strong></span> <span class='ocrx_word' id='word_1_289' title='bbox 1206 3650 1248 3702; x_wconf 91' lang='lat' dir='ltr'><strong>si</strong></span> <span class='ocrx_word' id='word_1_290' title='bbox 1278 3648 1363 3700; x_wconf 78' lang='grc' dir='ltr'>ιιιιί</span> <span class='ocrx_word' id='word_1_291' title='bbox 1387 3646 1493 3699; x_wconf 82' lang='lat' dir='ltr'><strong>dUo</strong></span> <span class='ocrx_word' id='word_1_292' title='bbox 1516 3654 1693 3697; x_wconf 78' lang='lat' dir='ltr'><strong>tresve</strong></span> <span class='ocrx_word' id='word_1_293' title='bbox 1721 3653 1943 3709; x_wconf 47' lang='lat' dir='ltr'><strong>congre.</strong></span> 
     </span>
    </p>
   </div>
   <div class='ocr_carea' id='block_1_38' title="bbox 358 3733 1949 3825">
    <p class='ocr_par' dir='ltr' id='par_1_38' title="bbox 358 3733 1949 3825">
     <span class='ocr_line' id='line_1_38' title="bbox 358 3733 1949 3825; baseline -0.014 -16"><span class='ocrx_word' id='word_1_294' title='bbox 358 3756 467 3825; x_wconf 82' lang='lat' dir='ltr'><strong>gati</strong></span> <span class='ocrx_word' id='word_1_295' title='bbox 497 3750 720 3815; x_wconf 87' lang='lat' dir='ltr'><strong>sunt,in</strong></span> <span class='ocrx_word' id='word_1_296' title='bbox 764 3746 942 3802; x_wconf 87' lang='lat' dir='ltr'><strong>medio</strong></span> <span class='ocrx_word' id='word_1_297' title='bbox 997 3755 1079 3798; x_wconf 89' lang='lat' dir='ltr'><strong>est</strong></span> <span class='ocrx_word' id='word_1_298' title='bbox 1134 3744 1388 3811; x_wconf 84' lang='lat' dir='ltr'><strong>ipsorum.</strong></span> <span class='ocrx_word' id='word_1_299' title='bbox 1446 3738 1610 3792; x_wconf 89' lang='lat' dir='ltr'><strong>multo</strong></span> <span class='ocrx_word' id='word_1_300' title='bbox 1653 3734 1820 3803; x_wconf 87' lang='lat' dir='ltr'><strong>magis</strong></span> <span class='ocrx_word' id='word_1_301' title='bbox 1863 3733 1949 3786; x_wconf 91' lang='lat' dir='ltr'><strong>ubi</strong></span> 
     </span>
    </p>
   </div>
   <div class='ocr_carea' id='block_1_39' title="bbox 361 3827 1953 3905">
    <p class='ocr_par' dir='ltr' id='par_1_39' title="bbox 361 3827 1953 3905">
     <span class='ocr_line' id='line_1_39' title="bbox 361 3827 1953 3905; baseline -0.016 -6"><span class='ocrx_word' id='word_1_302' title='bbox 361 3854 444 3900; x_wconf 85' lang='lat' dir='ltr'><strong>tot</strong></span> <span class='ocrx_word' id='word_1_303' title='bbox 468 3841 588 3905; x_wconf 86' lang='lat' dir='ltr'><strong>viri,</strong></span> <span class='ocrx_word' id='word_1_304' title='bbox 641 3846 721 3895; x_wconf 92' lang='lat' dir='ltr'><strong>tot</strong></span> <span class='ocrx_word' id='word_1_305' title='bbox 768 3837 1058 3899; x_wconf 85' lang='lat' dir='ltr'><strong>mulieres,</strong></span> <span class='ocrx_word' id='word_1_306' title='bbox 1109 3844 1213 3888; x_wconf 88' lang='lat' dir='ltr'><strong>tam</strong></span> <span class='ocrx_word' id='word_1_307' title='bbox 1267 3829 1417 3885; x_wconf 91' lang='lat' dir='ltr'><strong>multi</strong></span> <span class='ocrx_word' id='word_1_308' title='bbox 1464 3827 1623 3882; x_wconf 90' lang='lat' dir='ltr'><strong>etiam</strong></span> <span class='ocrx_word' id='word_1_309' title='bbox 1666 3834 1866 3895; x_wconf 84' lang='lat' dir='ltr'><strong>patres,</strong></span> <span class='ocrx_word' id='word_1_310' title='bbox 1899 3828 1953 3876; x_wconf 89' lang='lat' dir='ltr'><strong>ct</strong></span> 
     </span>
    </p>
   </div>
   <div class='ocr_carea' id='block_1_40' title="bbox 357 3924 1599 4008">
    <p class='ocr_par' dir='ltr' id='par_1_40' title="bbox 357 3924 1599 4008">
     <span class='ocr_line' id='line_1_40' title="bbox 357 3924 1599 4008; baseline -0.015 -17"><span class='ocrx_word' id='word_1_311' title='bbox 357 3934 587 4008; x_wconf 82' lang='lat' dir='ltr'><strong>apostoli</strong></span> <span class='ocrx_word' id='word_1_312' title='bbox 616 3947 679 3989; x_wconf 89' lang='lat' dir='ltr'><strong>ac</strong></span> <span class='ocrx_word' id='word_1_313' title='bbox 719 3928 992 4001; x_wconf 65' lang='lat' dir='ltr'><strong>propheta:</strong></span> <span class='ocrx_word' id='word_1_314' title='bbox 1021 3928 1071 3981; x_wconf 93' lang='lat' dir='ltr'><strong>in</strong></span> <span class='ocrx_word' id='word_1_315' title='bbox 1103 3924 1279 3979; x_wconf 89' lang='lat' dir='ltr'><strong>medio</strong></span> <span class='ocrx_word' id='word_1_316' title='bbox 1302 3928 1599 3975; x_wconf 76' lang='lat' dir='ltr'><strong>versantur.</strong></span> 
     </span>
    </p>
   </div>
   <div class='ocr_carea' id='block_1_41' title="bbox 434 4007 1951 4080">
    <p class='ocr_par' dir='ltr' id='par_1_41' title="bbox 434 4007 1951 4080">
     <span class='ocr_line' id='line_1_41' title="bbox 434 4007 1951 4080; baseline -0.015 0"><span class='ocrx_word' id='word_1_317' title='bbox 434 4027 661 4080; x_wconf 77' lang='lat' dir='ltr'><strong>Adamus</strong></span> <span class='ocrx_word' id='word_1_318' title='bbox 679 4040 747 4076; x_wconf 87' lang='lat' dir='ltr'><strong>an</strong></span> <span class='ocrx_word' id='word_1_319' title='bbox 775 4020 1035 4075; x_wconf 76' lang='lat' dir='ltr'><strong>scientiam</strong></span> <span class='ocrx_word' id='word_1_320' title='bbox 1064 4018 1180 4071; x_wconf 85' lang='lat' dir='ltr'><strong>boni</strong></span> <span class='ocrx_word' id='word_1_321' title='bbox 1207 4026 1251 4069; x_wconf 85' lang='lat' dir='ltr'><strong>et</strong></span> <span class='ocrx_word' id='word_1_322' title='bbox 1281 4014 1403 4067; x_wconf 82' lang='lat' dir='ltr'><strong>mali</strong></span> <span class='ocrx_word' id='word_1_323' title='bbox 1428 4009 1675 4065; x_wconf 79' lang='lat' dir='ltr'><strong>habuerit.</strong></span> <span class='ocrx_word' id='word_1_324' title='bbox 1732 4007 1951 4075; x_wconf 83' lang='lat' dir='ltr'><strong>Quinam</strong></span> 
     </span>
    </p>
   </div>
   <div class='ocr_carea' id='block_1_42' title="bbox 357 4107 1949 4190">
    <p class='ocr_par' dir='ltr' id='par_1_42' title="bbox 357 4107 1949 4190">
     <span class='ocr_line' id='line_1_42' title="bbox 357 4107 1949 4190; baseline -0.016 -15"><span class='ocrx_word' id='word_1_325' title='bbox 357 4122 590 4190; x_wconf 79' lang='lat' dir='ltr'><strong>ignorent</strong></span> <span class='ocrx_word' id='word_1_326' title='bbox 618 4118 803 4171; x_wconf 78' lang='lat' dir='ltr'><strong>bonum</strong></span> <span class='ocrx_word' id='word_1_327' title='bbox 829 4122 877 4165; x_wconf 87' lang='lat' dir='ltr'><strong>et</strong></span> <span class='ocrx_word' id='word_1_328' title='bbox 906 4111 1114 4165; x_wconf 80' lang='lat' dir='ltr'><strong>malum.</strong></span> <span class='ocrx_word' id='word_1_329' title='bbox 1142 4139 1213 4147; x_wconf 98' lang='lat'><strong>—</strong></span> <span class='ocrx_word' id='word_1_330' title='bbox 1235 4107 1570 4176; x_wconf 85' lang='lat' dir='ltr'><strong>Quapropter</strong></span> <span class='ocrx_word' id='word_1_331' title='bbox 1614 4112 1667 4157; x_wconf 90' lang='lat' dir='ltr'><strong>et</strong></span> <span class='ocrx_word' id='word_1_332' title='bbox 1694 4117 1790 4155; x_wconf 87' lang='lat' dir='ltr'><strong>nos</strong></span> <span class='ocrx_word' id='word_1_333' title='bbox 1836 4115 1917 4153; x_wconf 89' lang='lat' dir='ltr'><strong>ma</strong></span> <span class='ocrx_word' id='word_1_334' title='bbox 1936 4128 1949 4137; x_wconf 84' lang='lat'><strong>-</strong></span> 
     </span>
    </p>
   </div>
   <div class='ocr_carea' id='block_1_43' title="bbox 357 4192 1951 4283">
    <p class='ocr_par' dir='ltr' id='par_1_43' title="bbox 357 4192 1951 4283">
     <span class='ocr_line' id='line_1_43' title="bbox 357 4192 1951 4283; baseline -0.013 -20"><span class='ocrx_word' id='word_1_335' title='bbox 357 4213 464 4283; x_wconf 82' lang='lat' dir='ltr'><strong>jnri</strong></span> <span class='ocrx_word' id='word_1_336' title='bbox 493 4227 613 4266; x_wconf 89' lang='lat' dir='ltr'><strong>cum</strong></span> <span class='ocrx_word' id='word_1_337' title='bbox 647 4206 835 4262; x_wconf 85' lang='lat' dir='ltr'><strong>fiducia</strong></span> <span class='ocrx_word' id='word_1_338' title='bbox 870 4202 1032 4257; x_wconf 82' lang='lat' dir='ltr'><strong>verba</strong></span> <span class='ocrx_word' id='word_1_339' title='bbox 1061 4201 1302 4261; x_wconf 82' lang='lat' dir='ltr'><strong>facimus,</strong></span> <span class='ocrx_word' id='word_1_340' title='bbox 1336 4212 1402 4251; x_wconf 88' lang='lat' dir='ltr'><strong>eo</strong></span> <span class='ocrx_word' id='word_1_341' title='bbox 1429 4196 1548 4250; x_wconf 90' lang='lat' dir='ltr'><strong>freti</strong></span> <span class='ocrx_word' id='word_1_342' title='bbox 1575 4192 1835 4255; x_wconf 89' lang='lat' dir='ltr'><strong>subsidio,</strong></span> <span class='ocrx_word' id='word_1_343' title='bbox 1894 4200 1951 4245; x_wconf 91' lang='lat' dir='ltr'><strong>et</strong></span> 
     </span>
    </p>
   </div>
   <div class='ocr_carea' id='block_1_44' title="bbox 361 4283 1952 4358">
    <p class='ocr_par' dir='ltr' id='par_1_44' title="bbox 361 4283 1952 4358">
     <span class='ocr_line' id='line_1_44' title="bbox 361 4283 1952 4358; baseline -0.014 0"><span class='ocrx_word' id='word_1_344' title='bbox 361 4305 521 4358; x_wconf 89' lang='lat' dir='ltr'><strong>tidem</strong></span> <span class='ocrx_word' id='word_1_345' title='bbox 552 4301 702 4355; x_wconf 86' lang='lat' dir='ltr'><strong>vobis</strong></span> <span class='ocrx_word' id='word_1_346' title='bbox 725 4299 905 4352; x_wconf 89' lang='lat' dir='ltr'><strong>datam</strong></span> <span class='ocrx_word' id='word_1_347' title='bbox 933 4295 1190 4350; x_wconf 89' lang='lat' dir='ltr'><strong>solvimus</strong></span> <span class='ocrx_word' id='word_1_348' title='bbox 1213 4294 1250 4344; x_wconf 77' lang='grc' dir='ltr'><strong>ί.</strong></span> <span class='ocrx_word' id='word_1_349' title='bbox 1288 4289 1534 4343; x_wconf 89' lang='lat' dir='ltr'><strong>Dicturus</strong></span> <span class='ocrx_word' id='word_1_350' title='bbox 1554 4287 1697 4342; x_wconf 92' lang='lat' dir='ltr'><strong>enim</strong></span> <span class='ocrx_word' id='word_1_351' title='bbox 1719 4300 1815 4339; x_wconf 86' lang='lat' dir='ltr'><strong>nos</strong></span> <span class='ocrx_word' id='word_1_352' title='bbox 1836 4283 1952 4355; x_wconf 86' lang='lat' dir='ltr'><strong>pol-</strong></span> 
     </span>
    </p>
   </div>
   <div class='ocr_carea' id='block_1_45' title="bbox 363 4380 1948 4461">
    <p class='ocr_par' dir='ltr' id='par_1_45' title="bbox 363 4380 1948 4461">
     <span class='ocr_line' id='line_1_45' title="bbox 363 4380 1948 4461; baseline -0.013 -11"><span class='ocrx_word' id='word_1_353' title='bbox 363 4396 493 4450; x_wconf 89' lang='lat' dir='ltr'><strong>liciti</strong></span> <span class='ocrx_word' id='word_1_354' title='bbox 516 4410 720 4453; x_wconf 80' lang='lat' dir='ltr'><strong>sumus,</strong></span> <span class='ocrx_word' id='word_1_355' title='bbox 746 4391 974 4461; x_wconf 88' lang='lat' dir='ltr'><strong>primum</strong></span> <span class='ocrx_word' id='word_1_356' title='bbox 1000 4386 1068 4441; x_wconf 91' lang='lat' dir='ltr'><strong>de</strong></span> <span class='ocrx_word' id='word_1_357' title='bbox 1098 4387 1260 4454; x_wconf 80' lang='lat' dir='ltr'><strong>ligno,</strong></span> <span class='ocrx_word' id='word_1_358' title='bbox 1302 4400 1368 4437; x_wconf 91' lang='lat' dir='ltr'><strong>an</strong></span> <span class='ocrx_word' id='word_1_359' title='bbox 1391 4398 1454 4437; x_wconf 79' lang='lat' dir='ltr'><strong>ex</strong></span> <span class='ocrx_word' id='word_1_360' title='bbox 1482 4396 1548 4436; x_wconf 90' lang='lat' dir='ltr'><strong>eo</strong></span> <span class='ocrx_word' id='word_1_361' title='bbox 1593 4380 1948 4449; x_wconf 73' lang='lat' dir='ltr'><strong>cognitionem</strong></span> 
     </span>
    </p>
   </div>
   <div class='ocr_carea' id='block_1_46' title="bbox 362 4480 1948 4552">
    <p class='ocr_par' dir='ltr' id='par_1_46' title="bbox 362 4480 1948 4552">
     <span class='ocr_line' id='line_1_46' title="bbox 362 4480 1948 4552; baseline -0.012 -9"><span class='ocrx_word' id='word_1_362' title='bbox 362 4489 488 4543; x_wconf 88' lang='lat' dir='ltr'><strong>boni</strong></span> <span class='ocrx_word' id='word_1_363' title='bbox 513 4502 574 4541; x_wconf 90' lang='lat' dir='ltr'><strong>ac</strong></span> <span class='ocrx_word' id='word_1_364' title='bbox 593 4487 716 4541; x_wconf 90' lang='lat' dir='ltr'><strong>mali</strong></span> <span class='ocrx_word' id='word_1_365' title='bbox 744 4499 815 4539; x_wconf 84' lang='lat' dir='ltr'><strong>sn</strong></span> <span class='ocrx_word' id='word_1_366' title='bbox 842 4482 1066 4552; x_wconf 86' lang='lat' dir='ltr'><strong>adeptus</strong></span> <span class='ocrx_word' id='word_1_367' title='bbox 1091 4480 1346 4541; x_wconf 81' lang='lat' dir='ltr'><strong>Adamus,</strong></span> <span class='ocrx_word' id='word_1_368' title='bbox 1396 4492 1463 4530; x_wconf 92' lang='lat' dir='ltr'><strong>an</strong></span> <span class='ocrx_word' id='word_1_369' title='bbox 1510 4491 1637 4529; x_wconf 90' lang='lat' dir='ltr'><strong>vero</strong></span> <span class='ocrx_word' id='word_1_370' title='bbox 1666 4484 1948 4542; x_wconf 87' lang='lat' dir='ltr'><strong>antequam</strong></span> 
     </span>
    </p>
   </div>
   <div class='ocr_carea' id='block_1_47' title="bbox 360 4563 1953 4646">
    <p class='ocr_par' dir='ltr' id='par_1_47' title="bbox 360 4563 1953 4646">
     <span class='ocr_line' id='line_1_47' title="bbox 360 4563 1953 4646; baseline -0.011 -11"><span class='ocrx_word' id='word_1_371' title='bbox 360 4579 568 4643; x_wconf 85' lang='lat' dir='ltr'><strong>ederet,</strong></span> <span class='ocrx_word' id='word_1_372' title='bbox 614 4572 915 4646; x_wconf 87' lang='lat' dir='ltr'><strong>bujusmodi</strong></span> <span class='ocrx_word' id='word_1_373' title='bbox 944 4572 1126 4626; x_wconf 88' lang='lat' dir='ltr'><strong>notitia</strong></span> <span class='ocrx_word' id='word_1_374' title='bbox 1178 4570 1427 4639; x_wconf 65' lang='lat' dir='ltr'><strong>praeditus</strong></span> <span class='ocrx_word' id='word_1_375' title='bbox 1474 4576 1635 4622; x_wconf 83' lang='lat' dir='ltr'><strong>esset.</strong></span> <span class='ocrx_word' id='word_1_376' title='bbox 1688 4563 1953 4619; x_wconf 77' lang='lat' dir='ltr'><strong>Audacter</strong></span> 
     </span>
    </p>
   </div>
   <div class='ocr_carea' id='block_1_48' title="bbox 365 4658 1947 4744">
    <p class='ocr_par' dir='ltr' id='par_1_48' title="bbox 365 4658 1947 4744">
     <span class='ocr_line' id='line_1_48' title="bbox 365 4658 1947 4744; baseline -0.009 -21"><span class='ocrx_word' id='word_1_377' title='bbox 365 4673 526 4744; x_wconf 45' lang='lat' dir='ltr'><strong>gitur</strong></span> <span class='ocrx_word' id='word_1_378' title='bbox 568 4683 707 4723; x_wconf 90' lang='lat' dir='ltr'><strong>nunc</strong></span> <span class='ocrx_word' id='word_1_379' title='bbox 754 4667 994 4720; x_wconf 82' lang='lat' dir='ltr'><strong>dicamus</strong></span> <span class='ocrx_word' id='word_1_380' title='bbox 1020 4706 1036 4726; x_wconf 93' lang='lat'><strong>,</strong></span> <span class='ocrx_word' id='word_1_381' title='bbox 1096 4665 1253 4718; x_wconf 90' lang='lat' dir='ltr'><strong>etiam</strong></span> <span class='ocrx_word' id='word_1_382' title='bbox 1296 4672 1578 4731; x_wconf 86' lang='lat' dir='ltr'><strong>antequam</strong></span> <span class='ocrx_word' id='word_1_383' title='bbox 1622 4658 1947 4717; x_wconf 81' lang='lat' dir='ltr'><strong>eomedcrct,</strong></span> 
     </span>
    </p>
   </div>
   <div class='ocr_carea' id='block_1_49' title="bbox 365 4749 1949 4827">
    <p class='ocr_par' dir='ltr' id='par_1_49' title="bbox 365 4749 1949 4827">
     <span class='ocr_line' id='line_1_49' title="bbox 365 4749 1949 4827; baseline -0.011 -10"><span class='ocrx_word' id='word_1_384' title='bbox 365 4762 467 4817; x_wconf 73' lang='lat' dir='ltr'><strong>hac</strong></span> <span class='ocrx_word' id='word_1_385' title='bbox 490 4776 611 4813; x_wconf 79' lang='lat' dir='ltr'><strong>cum</strong></span> <span class='ocrx_word' id='word_1_386' title='bbox 637 4758 939 4827; x_wconf 83' lang='lat' dir='ltr'><strong>cognitione</strong></span> <span class='ocrx_word' id='word_1_387' title='bbox 960 4756 1238 4826; x_wconf 79' lang='lat' dir='ltr'><strong>pra:ditum</strong></span> <span class='ocrx_word' id='word_1_388' title='bbox 1268 4754 1428 4806; x_wconf 80' lang='lat' dir='ltr'><strong>fuisse</strong></span> <span class='ocrx_word' id='word_1_389' title='bbox 1460 4771 1472 4805; x_wconf 89' lang='lat'><strong>:</strong></span> <span class='ocrx_word' id='word_1_390' title='bbox 1497 4751 1594 4804; x_wconf 90' lang='lat' dir='ltr'><strong>nisi</strong></span> <span class='ocrx_word' id='word_1_391' title='bbox 1635 4753 1777 4803; x_wconf 81' lang='lat' dir='ltr'><strong>enim</strong></span> <span class='ocrx_word' id='word_1_392' title='bbox 1825 4749 1949 4817; x_wconf 89' lang='lat' dir='ltr'><strong>quid</strong></span> 
     </span>
    </p>
   </div>
   <div class='ocr_carea' id='block_1_50' title="bbox 366 4842 1947 4913">
    <p class='ocr_par' dir='ltr' id='par_1_50' title="bbox 366 4842 1947 4913">
     <span class='ocr_line' id='line_1_50' title="bbox 366 4842 1947 4913; baseline -0.011 -5"><span class='ocrx_word' id='word_1_393' title='bbox 366 4855 564 4908; x_wconf 77' lang='lat' dir='ltr'><strong>bonum</strong></span> <span class='ocrx_word' id='word_1_394' title='bbox 595 4852 858 4907; x_wconf 81' lang='lat' dir='ltr'><strong>tttalttmve</strong></span> <span class='ocrx_word' id='word_1_395' title='bbox 890 4846 1042 4904; x_wconf 88' lang='lat' dir='ltr'><strong>foret.</strong></span> <span class='ocrx_word' id='word_1_396' title='bbox 1074 4847 1327 4909; x_wconf 83' lang='lat' dir='ltr'><strong>novisset,</strong></span> <span class='ocrx_word' id='word_1_397' title='bbox 1348 4845 1477 4913; x_wconf 46' lang='lat' dir='ltr'><strong>ipsis~</strong></span> <span class='ocrx_word' id='word_1_398' title='bbox 1508 4842 1725 4897; x_wconf 85' lang='lat' dir='ltr'><strong>rationis</strong></span> <span class='ocrx_word' id='word_1_399' title='bbox 1750 4856 1947 4908; x_wconf 80' lang='lat' dir='ltr'><strong>exper-</strong></span> 
     </span>
    </p>
   </div>
   <div class='ocr_carea' id='block_1_51' title="bbox 367 4931 1949 4999">
    <p class='ocr_par' dir='ltr' id='par_1_51' title="bbox 367 4931 1949 4999">
     <span class='ocr_line' id='line_1_51' title="bbox 367 4931 1949 4999; baseline -0.01 -1"><span class='ocrx_word' id='word_1_400' title='bbox 367 4946 510 4998; x_wconf 80' lang='lat' dir='ltr'><strong>tibtts</strong></span> <span class='ocrx_word' id='word_1_401' title='bbox 535 4941 894 4997; x_wconf 73' lang='lat' dir='ltr'><strong>animantibus</strong></span> <span class='ocrx_word' id='word_1_402' title='bbox 920 4938 1221 4999; x_wconf 83' lang='lat' dir='ltr'><strong>immanior,</strong></span> <span class='ocrx_word' id='word_1_403' title='bbox 1256 4946 1309 4989; x_wconf 88' lang='lat' dir='ltr'><strong>et</strong></span> <span class='ocrx_word' id='word_1_404' title='bbox 1333 4936 1581 4989; x_wconf 81' lang='lat' dir='ltr'><strong>dominus</strong></span> <span class='ocrx_word' id='word_1_405' title='bbox 1604 4934 1773 4987; x_wconf 83' lang='lat' dir='ltr'><strong>servis</strong></span> <span class='ocrx_word' id='word_1_406' title='bbox 1818 4931 1949 4984; x_wconf 86' lang='lat' dir='ltr'><strong>stul-</strong></span> 
     </span>
    </p>
   </div>
   <div class='ocr_carea' id='block_1_52' title="bbox 367 5026 1949 5091">
    <p class='ocr_par' dir='ltr' id='par_1_52' title="bbox 367 5026 1949 5091">
     <span class='ocr_line' id='line_1_52' title="bbox 367 5026 1949 5091; baseline -0.009 -2"><span class='ocrx_word' id='word_1_407' title='bbox 367 5042 471 5091; x_wconf 89' lang='lat' dir='ltr'><strong>tiur</strong></span> <span class='ocrx_word' id='word_1_408' title='bbox 496 5036 805 5090; x_wconf 76' lang='lat' dir='ltr'><strong>exstitisset.</strong></span> <span class='ocrx_word' id='word_1_409' title='bbox 867 5035 1060 5087; x_wconf 81' lang='lat' dir='ltr'><strong>Annon</strong></span> <span class='ocrx_word' id='word_1_410' title='bbox 1110 5030 1251 5083; x_wconf 87' lang='lat' dir='ltr'><strong>cnim</strong></span> <span class='ocrx_word' id='word_1_411' title='bbox 1301 5027 1587 5081; x_wconf 86' lang='lat' dir='ltr'><strong>absurdqu</strong></span> <span class='ocrx_word' id='word_1_412' title='bbox 1633 5026 1858 5088; x_wconf 78' lang='lat' dir='ltr'><strong>videtur,</strong></span> <span class='ocrx_word' id='word_1_413' title='bbox 1893 5033 1949 5075; x_wconf 95' lang='lat' dir='ltr'><strong>ut</strong></span> 
     </span>
    </p>
   </div>
   <div class='ocr_carea' id='block_1_53' title="bbox 360 5112 1949 5195">
    <p class='ocr_par' dir='ltr' id='par_1_53' title="bbox 360 5112 1949 5195">
     <span class='ocr_line' id='line_1_53' title="bbox 360 5112 1949 5195; baseline -0.01 -14"><span class='ocrx_word' id='word_1_414' title='bbox 360 5142 543 5195; x_wconf 58' lang='lat' dir='ltr'><strong>capre</strong></span> <span class='ocrx_word' id='word_1_415' title='bbox 571 5125 781 5194; x_wconf 84' lang='lat' dir='ltr'><strong>quidem</strong></span> <span class='ocrx_word' id='word_1_416' title='bbox 804 5132 859 5179; x_wconf 88' lang='lat' dir='ltr'><strong>et</strong></span> <span class='ocrx_word' id='word_1_417' title='bbox 886 5136 1015 5177; x_wconf 84' lang='lat' dir='ltr'><strong>oves</strong></span> <span class='ocrx_word' id='word_1_418' title='bbox 1043 5120 1306 5178; x_wconf 70' lang='lat' dir='ltr'><strong>nov-crint,</strong></span> <span class='ocrx_word' id='word_1_419' title='bbox 1346 5132 1590 5188; x_wconf 80' lang='lat' dir='ltr'><strong>quamam</strong></span> <span class='ocrx_word' id='word_1_420' title='bbox 1634 5115 1797 5169; x_wconf 84' lang='lat' dir='ltr'><strong>berba</strong></span> <span class='ocrx_word' id='word_1_421' title='bbox 1848 5112 1949 5167; x_wconf 89' lang='lat' dir='ltr'><strong>sibi</strong></span> 
     </span>
    </p>
   </div>
   <div class='ocr_carea' id='block_1_54' title="bbox 358 5211 1951 5284">
    <p class='ocr_par' dir='ltr' id='par_1_54' title="bbox 358 5211 1951 5284">
     <span class='ocr_line' id='line_1_54' title="bbox 358 5211 1951 5284; baseline -0.009 -10"><span class='ocrx_word' id='word_1_422' title='bbox 358 5222 430 5274; x_wconf 79' lang='lat' dir='ltr'><strong>sit</strong></span> <span class='ocrx_word' id='word_1_423' title='bbox 479 5218 641 5281; x_wconf 89' lang='lat' dir='ltr'><strong>utilis,</strong></span> <span class='ocrx_word' id='word_1_424' title='bbox 690 5230 875 5284; x_wconf 66' lang='lat' dir='ltr'><strong>quaeve</strong></span> <span class='ocrx_word' id='word_1_425' title='bbox 904 5214 1220 5283; x_wconf 79' lang='lat' dir='ltr'><strong>perniciosa,</strong></span> <span class='ocrx_word' id='word_1_426' title='bbox 1271 5225 1441 5280; x_wconf 84' lang='lat' dir='ltr'><strong>neque</strong></span> <span class='ocrx_word' id='word_1_427' title='bbox 1482 5211 1547 5262; x_wconf 90' lang='lat' dir='ltr'><strong>ad</strong></span> <span class='ocrx_word' id='word_1_428' title='bbox 1593 5224 1780 5263; x_wconf 90' lang='lat' dir='ltr'><strong>omnes</strong></span> <span class='ocrx_word' id='word_1_429' title='bbox 1832 5222 1951 5275; x_wconf 65' lang='lat' dir='ltr'><strong>qtae</strong></span> 
     </span>
    </p>
   </div>
   <div class='ocr_carea' id='block_1_55' title="bbox 360 5300 1955 5374">
    <p class='ocr_par' dir='ltr' id='par_1_55' title="bbox 360 5300 1955 5374">
     <span class='ocr_line' id='line_1_55' title="bbox 360 5300 1955 5374; baseline -0.009 -7"><span class='ocrx_word' id='word_1_430' title='bbox 360 5319 671 5374; x_wconf 88' lang='lat' dir='ltr'><strong>occurrunt,</strong></span> <span class='ocrx_word' id='word_1_431' title='bbox 686 5308 1069 5368; x_wconf 70' lang='lat' dir='ltr'><strong>adbatrescant,</strong></span> <span class='ocrx_word' id='word_1_432' title='bbox 1093 5306 1183 5358; x_wconf 89' lang='lat' dir='ltr'><strong>sed</strong></span> <span class='ocrx_word' id='word_1_433' title='bbox 1202 5305 1505 5358; x_wconf 67' lang='lat' dir='ltr'><strong>discernere</strong></span> <span class='ocrx_word' id='word_1_434' title='bbox 1539 5300 1735 5370; x_wconf 85' lang='lat' dir='ltr'><strong>possint</strong></span> <span class='ocrx_word' id='word_1_435' title='bbox 1752 5313 1812 5353; x_wconf 86' lang='lat' dir='ltr'><strong>ac</strong></span> <span class='ocrx_word' id='word_1_436' title='bbox 1831 5313 1955 5352; x_wconf 87' lang='lat' dir='ltr'><strong>nos-</strong></span> 
     </span>
    </p>
   </div>
   <div class='ocr_carea' id='block_1_56' title="bbox 360 5393 1953 5475">
    <p class='ocr_par' dir='ltr' id='par_1_56' title="bbox 360 5393 1953 5475">
     <span class='ocr_line' id='line_1_56' title="bbox 360 5393 1953 5475; baseline -0.011 -13"><span class='ocrx_word' id='word_1_437' title='bbox 360 5424 446 5475; x_wconf 80' lang='lat' dir='ltr'><strong>se,</strong></span> <span class='ocrx_word' id='word_1_438' title='bbox 473 5406 601 5470; x_wconf 87' lang='lat' dir='ltr'><strong>quid</strong></span> <span class='ocrx_word' id='word_1_439' title='bbox 632 5405 760 5475; x_wconf 81' lang='lat' dir='ltr'><strong>ipsis</strong></span> <span class='ocrx_word' id='word_1_440' title='bbox 782 5402 1005 5457; x_wconf 78' lang='lat' dir='ltr'><strong>tnoxium</strong></span> <span class='ocrx_word' id='word_1_441' title='bbox 1036 5403 1124 5461; x_wconf 89' lang='lat' dir='ltr'><strong>sit,</strong></span> <span class='ocrx_word' id='word_1_442' title='bbox 1154 5408 1202 5452; x_wconf 84' lang='lat' dir='ltr'><strong>et</strong></span> <span class='ocrx_word' id='word_1_443' title='bbox 1230 5398 1353 5468; x_wconf 91' lang='lat' dir='ltr'><strong>quid</strong></span> <span class='ocrx_word' id='word_1_444' title='bbox 1384 5393 1722 5451; x_wconf 89' lang='lat' dir='ltr'><strong>commodum</strong></span> <span class='ocrx_word' id='word_1_445' title='bbox 1750 5411 1763 5450; x_wconf 86' lang='lat'><strong>:</strong></span> <span class='ocrx_word' id='word_1_446' title='bbox 1794 5394 1953 5446; x_wconf 90' lang='lat' dir='ltr'><strong>bomo</strong></span> 
     </span>
    </p>
   </div>
   <div class='ocr_carea' id='block_1_57' title="bbox 368 5486 1949 5556">
    <p class='ocr_par' dir='ltr' id='par_1_57' title="bbox 368 5486 1949 5556">
     <span class='ocr_line' id='line_1_57' title="bbox 368 5486 1949 5556; baseline -0.011 -2"><span class='ocrx_word' id='word_1_447' title='bbox 368 5514 505 5556; x_wconf 71' lang='lat' dir='ltr'><strong>vero</strong></span> <span class='ocrx_word' id='word_1_448' title='bbox 530 5509 671 5553; x_wconf 78' lang='lat' dir='ltr'><strong>tanta</strong></span> <span class='ocrx_word' id='word_1_449' title='bbox 687 5495 933 5552; x_wconf 86' lang='lat' dir='ltr'><strong>cautione</strong></span> <span class='ocrx_word' id='word_1_450' title='bbox 958 5492 1265 5548; x_wconf 81' lang='lat' dir='ltr'><strong>fraudetur?</strong></span> <span class='ocrx_word' id='word_1_451' title='bbox 1285 5490 1392 5544; x_wconf 80' lang='lat' dir='ltr'><strong>Nisi</strong></span> <span class='ocrx_word' id='word_1_452' title='bbox 1416 5487 1555 5542; x_wconf 87' lang='lat' dir='ltr'><strong>cnim</strong></span> <span class='ocrx_word' id='word_1_453' title='bbox 1580 5486 1681 5541; x_wconf 89' lang='lat' dir='ltr'><strong>boc</strong></span> <span class='ocrx_word' id='word_1_454' title='bbox 1710 5486 1949 5550; x_wconf 84' lang='lat' dir='ltr'><strong>haberet,</strong></span> 
     </span>
    </p>
   </div>
   <div class='ocr_carea' id='block_1_58' title="bbox 368 5581 1953 5658">
    <p class='ocr_par' dir='ltr' id='par_1_58' title="bbox 368 5581 1953 5658">
     <span class='ocr_line' id='line_1_58' title="bbox 368 5581 1953 5658; baseline -0.014 -8"><span class='ocrx_word' id='word_1_455' title='bbox 368 5593 562 5650; x_wconf 85' lang='lat' dir='ltr'><strong>nullius</strong></span> <span class='ocrx_word' id='word_1_456' title='bbox 590 5600 728 5647; x_wconf 87' lang='lat' dir='ltr'><strong>esset</strong></span> <span class='ocrx_word' id='word_1_457' title='bbox 753 5588 927 5658; x_wconf 82' lang='lat' dir='ltr'><strong>pretii,</strong></span> <span class='ocrx_word' id='word_1_458' title='bbox 974 5585 1065 5641; x_wconf 81' lang='lat' dir='ltr'><strong>sed</strong></span> <span class='ocrx_word' id='word_1_459' title='bbox 1093 5583 1327 5637; x_wconf 82' lang='lat' dir='ltr'><strong>omnium</strong></span> <span class='ocrx_word' id='word_1_460' title='bbox 1359 5581 1744 5652; x_wconf 70' lang='lat' dir='ltr'><strong>abjcetissimns</strong></span> <span class='ocrx_word' id='word_1_461' title='bbox 1794 5594 1953 5647; x_wconf 84' lang='lat' dir='ltr'><strong>appa-</strong></span> 
     </span>
    </p>
   </div>
   <div class='ocr_carea' id='block_1_59' title="bbox 434 5740 1042 5810">
    <p class='ocr_par' dir='ltr' id='par_1_59' title="bbox 434 5740 1042 5810">
     <span class='ocr_line' id='line_1_59' title="bbox 434 5740 1042 5810; baseline -0.02 -13"><span class='ocrx_word' id='word_1_462' title='bbox 434 5751 446 5780; x_wconf 85' lang='grc'><strong>¹</strong></span> <span class='ocrx_word' id='word_1_463' title='bbox 487 5754 625 5810; x_wconf 59' lang='grc' dir='ltr'><strong>κει,</strong></span> <span class='ocrx_word' id='word_1_464' title='bbox 648 5744 773 5796; x_wconf 69' lang='lat' dir='ltr'><strong>tubis</strong></span> <span class='ocrx_word' id='word_1_465' title='bbox 798 5740 1042 5793; x_wconf 76' lang='lat' dir='ltr'><strong>sciremus.</strong></span> 
     </span>
    </p>
   </div>
   <div class='ocr_carea' id='block_1_60' title="bbox 1599 304 2388 367">
    <p class='ocr_par' dir='ltr' id='par_1_60' title="bbox 1599 304 2388 367">
     <span class='ocr_line' id='line_1_60' title="bbox 1599 304 2388 367; baseline -0.011 0"><span class='ocrx_word' id='word_1_466' title='bbox 1599 310 1662 367; x_wconf 75' lang='lat' dir='ltr'><strong>IN</strong></span> <span class='ocrx_word' id='word_1_467' title='bbox 1703 305 1994 365; x_wconf 79' lang='lat' dir='ltr'><strong>GENESIM</strong></span> <span class='ocrx_word' id='word_1_468' title='bbox 2036 304 2262 360; x_wconf 66' lang='grc' dir='ltr'><strong>δΕΙὶΜΟ</strong></span> <span class='ocrx_word' id='word_1_469' title='bbox 2304 305 2388 359; x_wconf 75' lang='grc' dir='ltr'>ιἰ.</span> 
     </span>
    </p>
   </div>
   <div class='ocr_carea' id='block_1_61' title="bbox 3528 318 3633 372">
    <p class='ocr_par' dir='ltr' id='par_1_61' title="bbox 3528 318 3633 372">
     <span class='ocr_line' id='line_1_61' title="bbox 3528 318 3633 372; baseline 0.01 -1"><span class='ocrx_word' id='word_1_470' title='bbox 3528 318 3633 372; x_wconf 65' lang='lat' dir='ltr'><strong>fit)“</strong></span> 
     </span>
    </p>
   </div>
   <div class='ocr_carea' id='block_1_62' title="bbox 2062 424 3620 509">
    <p class='ocr_par' dir='ltr' id='par_1_62' title="bbox 2062 424 3620 509">
     <span class='ocr_line' id='line_1_62' title="bbox 2062 424 3620 509; baseline 0.015 -34"><span class='ocrx_word' id='word_1_471' title='bbox 2062 432 2222 477; x_wconf 89' lang='lat' dir='ltr'><strong>reret.</strong></span> <span class='ocrx_word' id='word_1_472' title='bbox 2249 424 2409 479; x_wconf 80' lang='lat' dir='ltr'><strong>Multo</strong></span> <span class='ocrx_word' id='word_1_473' title='bbox 2437 425 2577 480; x_wconf 86' lang='lat' dir='ltr'><strong>enim</strong></span> <span class='ocrx_word' id='word_1_474' title='bbox 2606 428 2770 480; x_wconf 83' lang='lat' dir='ltr'><strong>satius</strong></span> <span class='ocrx_word' id='word_1_475' title='bbox 2796 428 2892 498; x_wconf 77' lang='lat' dir='ltr'><strong>ipsi</strong></span> <span class='ocrx_word' id='word_1_476' title='bbox 2917 431 3053 491; x_wconf 85' lang='lat' dir='ltr'><strong>foret</strong></span> <span class='ocrx_word' id='word_1_477' title='bbox 3078 436 3134 494; x_wconf 82' lang='lat' dir='ltr'><strong>In</strong></span> <span class='ocrx_word' id='word_1_478' title='bbox 3159 442 3392 500; x_wconf 78' lang='lat' dir='ltr'><strong>tenebris</strong></span> <span class='ocrx_word' id='word_1_479' title='bbox 3409 447 3620 509; x_wconf 76' lang='lat' dir='ltr'><strong>versari</strong></span> 
     </span>
    </p>
   </div>
   <div class='ocr_carea' id='block_1_63' title="bbox 2058 495 3642 604">
    <p class='ocr_par' dir='ltr' id='par_1_63' title="bbox 2058 495 3642 604">
     <span class='ocr_line' id='line_1_63' title="bbox 2058 495 3642 604; baseline 0.019 -38"><span class='ocrx_word' id='word_1_480' title='bbox 2058 515 2331 585; x_wconf 89' lang='lat' dir='ltr'><strong>oculisque</strong></span> <span class='ocrx_word' id='word_1_481' title='bbox 2355 526 2569 585; x_wconf 90' lang='lat' dir='ltr'><strong>captum</strong></span> <span class='ocrx_word' id='word_1_482' title='bbox 2619 533 2758 583; x_wconf 85' lang='lat' dir='ltr'><strong>esse,</strong></span> <span class='ocrx_word' id='word_1_483' title='bbox 2803 536 2865 576; x_wconf 89' lang='lat' dir='ltr'><strong>ac</strong></span> <span class='ocrx_word' id='word_1_484' title='bbox 2914 524 3043 581; x_wconf 91' lang='lat' dir='ltr'><strong>lucis</strong></span> 
     </span>
    </p>
   </div>
   <div class='ocr_carea' id='block_1_64' title="bbox 2058 585 3645 695">
    <p class='ocr_par' dir='ltr' id='par_1_64' title="bbox 2058 585 3645 695">
     <span class='ocr_line' id='line_1_64' title="bbox 2058 585 3645 695; baseline 0.02 -40"><span class='ocrx_word' id='word_1_485' title='bbox 2058 620 2216 674; x_wconf 89' lang='lat' dir='ltr'><strong>quam</strong></span> <span class='ocrx_word' id='word_1_486' title='bbox 2245 608 2449 677; x_wconf 84' lang='lat' dir='ltr'><strong>utquid</strong></span> <span class='ocrx_word' id='word_1_487' title='bbox 2497 607 2693 662; x_wconf 89' lang='lat' dir='ltr'><strong>bonum</strong></span> <span class='ocrx_word' id='word_1_488' title='bbox 2720 611 2809 676; x_wconf 88' lang='lat' dir='ltr'><strong>sit,</strong></span> <span class='ocrx_word' id='word_1_489' title='bbox 2861 613 3054 682; x_wconf 80' lang='lat' dir='ltr'><strong>quidve</strong></span> <span class='ocrx_word' id='word_1_490' title='bbox 3101 585 3319 682; x_wconf 66' lang='lat' dir='ltr'><strong>malum,</strong></span> 
     </span>
    </p>
   </div>
   <div class='ocr_carea' id='block_1_65' title="bbox 2058 676 3636 785">
    <p class='ocr_par' dir='ltr' id='par_1_65' title="bbox 2058 676 3636 785">
     <span class='ocr_line' id='line_1_65' title="bbox 2058 676 3636 785; baseline 0.014 -34"><span class='ocrx_word' id='word_1_491' title='bbox 2058 697 2213 755; x_wconf 83' lang='lat' dir='ltr'><strong>Tolle</strong></span> <span class='ocrx_word' id='word_1_492' title='bbox 2242 699 2380 755; x_wconf 89' lang='lat' dir='ltr'><strong>banc</strong></span> <span class='ocrx_word' id='word_1_493' title='bbox 2405 716 2437 756; x_wconf 93' lang='lat' dir='ltr'><strong>e</strong></span> <span class='ocrx_word' id='word_1_494' title='bbox 2460 701 2563 755; x_wconf 84' lang='lat' dir='ltr'><strong>vita</strong></span> <span class='ocrx_word' id='word_1_495' title='bbox 2593 712 2774 758; x_wconf 90' lang='lat' dir='ltr'><strong>nostra</strong></span> <span class='ocrx_word' id='word_1_496' title='bbox 2824 705 3147 777; x_wconf 83' lang='lat' dir='ltr'><strong>facultatem,</strong></span> <span class='ocrx_word' id='word_1_497' title='bbox 3173 712 3282 782; x_wconf 83' lang='lat' dir='ltr'><strong>jam</strong></span> 
     </span>
    </p>
   </div>
   <div class='ocr_carea' id='block_1_66' title="bbox 2059 795 3644 867">
    <p class='ocr_par' dir='ltr' id='par_1_66' title="bbox 2059 795 3644 867">
     <span class='ocr_line' id='line_1_66' title="bbox 2059 795 3644 867; baseline 0.012 -20"><span class='ocrx_word' id='word_1_498' title='bbox 2059 809 2179 848; x_wconf 92' lang='lat' dir='ltr'><strong>nem</strong></span> <span class='ocrx_word' id='word_1_499' title='bbox 2231 795 2391 849; x_wconf 88' lang='lat' dir='ltr'><strong>vitam</strong></span> <span class='ocrx_word' id='word_1_500' title='bbox 2447 806 2682 853; x_wconf 79' lang='lat' dir='ltr'><strong>nostram</strong></span> <span class='ocrx_word' id='word_1_501' title='bbox 2732 800 3031 863; x_wconf 86' lang='lat' dir='ltr'><strong>sustuleris,</strong></span> <span class='ocrx_word' id='word_1_502' title='bbox 3074 813 3128 857; x_wconf 90' lang='lat' dir='ltr'><strong>et</strong></span> <span class='ocrx_word' id='word_1_503' title='bbox 3177 808 3411 863; x_wconf 87' lang='lat' dir='ltr'><strong>omnium</strong></span> <span class='ocrx_word' id='word_1_504' title='bbox 3466 825 3644 867; x_wconf 87' lang='lat' dir='ltr'><strong>rerum</strong></span> 
     </span>
    </p>
   </div>
   <div class='ocr_carea' id='block_1_67' title="bbox 2060 886 3647 972">
    <p class='ocr_par' dir='ltr' id='par_1_67' title="bbox 2060 886 3647 972">
     <span class='ocr_line' id='line_1_67' title="bbox 2060 886 3647 972; baseline 0.013 -35"><span class='ocrx_word' id='word_1_505' title='bbox 2060 886 2512 952; x_wconf 88' lang='lat' dir='ltr'><strong>perturbationem</strong></span> <span class='ocrx_word' id='word_1_506' title='bbox 2534 888 2821 945; x_wconf 77' lang='lat' dir='ltr'><strong>invexeris.</strong></span> <span class='ocrx_word' id='word_1_507' title='bbox 2856 891 2967 947; x_wconf 90' lang='lat' dir='ltr'><strong>Iloc</strong></span> <span class='ocrx_word' id='word_1_508' title='bbox 2985 894 3126 948; x_wconf 90' lang='lat' dir='ltr'><strong>enim</strong></span> <span class='ocrx_word' id='word_1_509' title='bbox 3161 898 3285 952; x_wconf 88' lang='lat' dir='ltr'><strong>illttd</strong></span> <span class='ocrx_word' id='word_1_510' title='bbox 3312 910 3412 962; x_wconf 80' lang='lat' dir='ltr'><strong>est,</strong></span> <span class='ocrx_word' id='word_1_511' title='bbox 3464 920 3569 972; x_wconf 87' lang='lat' dir='ltr'><strong>quo</strong></span> <span class='ocrx_word' id='word_1_512' title='bbox 3618 922 3647 958; x_wconf 87' lang='lat' dir='ltr'><strong>a</strong></span> 
     </span>
    </p>
   </div>
   <div class='ocr_carea' id='block_1_68' title="bbox 2059 976 3645 1059">
    <p class='ocr_par' dir='ltr' id='par_1_68' title="bbox 2059 976 3645 1059">
     <span class='ocr_line' id='line_1_68' title="bbox 2059 976 3645 1059; baseline 0.012 -30"><span class='ocrx_word' id='word_1_513' title='bbox 2059 976 2227 1031; x_wconf 77' lang='lat' dir='ltr'><strong>brutis</strong></span> <span class='ocrx_word' id='word_1_514' title='bbox 2246 978 2603 1035; x_wconf 90' lang='lat' dir='ltr'><strong>animantibus</strong></span> <span class='ocrx_word' id='word_1_515' title='bbox 2623 980 2939 1049; x_wconf 77' lang='lat' dir='ltr'><strong>differimus,</strong></span> <span class='ocrx_word' id='word_1_516' title='bbox 2960 994 3012 1040; x_wconf 90' lang='lat' dir='ltr'><strong>ct</strong></span> <span class='ocrx_word' id='word_1_517' title='bbox 3032 1001 3137 1057; x_wconf 87' lang='lat' dir='ltr'><strong>quo</strong></span> <span class='ocrx_word' id='word_1_518' title='bbox 3160 988 3284 1043; x_wconf 81' lang='lat' dir='ltr'><strong>feris</strong></span> <span class='ocrx_word' id='word_1_519' title='bbox 3305 1004 3645 1059; x_wconf 66' lang='lat' dir='ltr'><strong>prmstamns,</strong></span> 
     </span>
    </p>
   </div>
   <div class='ocr_carea' id='block_1_69' title="bbox 2056 1069 3645 1156">
    <p class='ocr_par' dir='ltr' id='par_1_69' title="bbox 2056 1069 3645 1156">
     <span class='ocr_line' id='line_1_69' title="bbox 2056 1069 3645 1156; baseline 0.01 -36"><span class='ocrx_word' id='word_1_520' title='bbox 2056 1069 2196 1138; x_wconf 89' lang='lat' dir='ltr'><strong>quod</strong></span> <span class='ocrx_word' id='word_1_521' title='bbox 2226 1070 2408 1124; x_wconf 84' lang='lat' dir='ltr'><strong>vitium</strong></span> <span class='ocrx_word' id='word_1_522' title='bbox 2432 1073 2786 1142; x_wconf 87' lang='lat' dir='ltr'><strong>virtutemque</strong></span> <span class='ocrx_word' id='word_1_523' title='bbox 2815 1078 3138 1143; x_wconf 89' lang='lat' dir='ltr'><strong>noverimus,</strong></span> <span class='ocrx_word' id='word_1_524' title='bbox 3170 1090 3225 1134; x_wconf 91' lang='lat' dir='ltr'><strong>et</strong></span> <span class='ocrx_word' id='word_1_525' title='bbox 3277 1084 3418 1151; x_wconf 84' lang='lat' dir='ltr'><strong>quod</strong></span> <span class='ocrx_word' id='word_1_526' title='bbox 3474 1101 3645 1156; x_wconf 83' lang='lat' dir='ltr'><strong>agnu-</strong></span> 
     </span>
    </p>
   </div>
   <div class='ocr_carea' id='block_1_70' title="bbox 2059 1160 3643 1246">
    <p class='ocr_par' dir='ltr' id='par_1_70' title="bbox 2059 1160 3643 1246">
     <span class='ocr_line' id='line_1_70' title="bbox 2059 1160 3643 1246; baseline 0.01 -33"><span class='ocrx_word' id='word_1_527' title='bbox 2059 1174 2272 1214; x_wconf 89' lang='lat' dir='ltr'><strong>scamus</strong></span> <span class='ocrx_word' id='word_1_528' title='bbox 2300 1160 2425 1230; x_wconf 90' lang='lat' dir='ltr'><strong>quid</strong></span> <span class='ocrx_word' id='word_1_529' title='bbox 2473 1163 2670 1216; x_wconf 89' lang='lat' dir='ltr'><strong>malmn</strong></span> <span class='ocrx_word' id='word_1_530' title='bbox 2712 1166 2802 1226; x_wconf 83' lang='lat' dir='ltr'><strong>sit.</strong></span> <span class='ocrx_word' id='word_1_531' title='bbox 2839 1182 3011 1236; x_wconf 86' lang='lat' dir='ltr'><strong>neque</strong></span> <span class='ocrx_word' id='word_1_532' title='bbox 3034 1169 3159 1239; x_wconf 91' lang='lat' dir='ltr'><strong>quid</strong></span> <span class='ocrx_word' id='word_1_533' title='bbox 3183 1172 3250 1225; x_wconf 93' lang='lat' dir='ltr'><strong>sit</strong></span> <span class='ocrx_word' id='word_1_534' title='bbox 3272 1172 3467 1229; x_wconf 87' lang='lat' dir='ltr'><strong>bonum</strong></span> <span class='ocrx_word' id='word_1_535' title='bbox 3495 1175 3643 1246; x_wconf 89' lang='lat' dir='ltr'><strong>igno-</strong></span> 
     </span>
    </p>
   </div>
   <div class='ocr_carea' id='block_1_71' title="bbox 2058 1253 3644 1334">
    <p class='ocr_par' dir='ltr' id='par_1_71' title="bbox 2058 1253 3644 1334">
     <span class='ocr_line' id='line_1_71' title="bbox 2058 1253 3644 1334; baseline 0.014 -32"><span class='ocrx_word' id='word_1_536' title='bbox 2058 1266 2253 1306; x_wconf 89' lang='lat' dir='ltr'><strong>remus.</strong></span> <span class='ocrx_word' id='word_1_537' title='bbox 2308 1253 2461 1319; x_wconf 86' lang='lat' dir='ltr'><strong>Quod</strong></span> <span class='ocrx_word' id='word_1_538' title='bbox 2508 1255 2551 1307; x_wconf 86' lang='lat' dir='ltr'><strong>si</strong></span> <span class='ocrx_word' id='word_1_539' title='bbox 2583 1271 2682 1310; x_wconf 86' lang='lat' dir='ltr'><strong>nos</strong></span> <span class='ocrx_word' id='word_1_540' title='bbox 2742 1256 2792 1309; x_wconf 91' lang='lat' dir='ltr'><strong>id</strong></span> <span class='ocrx_word' id='word_1_541' title='bbox 2866 1273 3005 1313; x_wconf 91' lang='lat' dir='ltr'><strong>nunc</strong></span> <span class='ocrx_word' id='word_1_542' title='bbox 3054 1262 3273 1329; x_wconf 84' lang='lat' dir='ltr'><strong>scimus,</strong></span> <span class='ocrx_word' id='word_1_543' title='bbox 3326 1282 3499 1334; x_wconf 86' lang='lat' dir='ltr'><strong>neque</strong></span> <span class='ocrx_word' id='word_1_544' title='bbox 3544 1286 3644 1324; x_wconf 85' lang='lat' dir='ltr'><strong>nos</strong></span> 
     </span>
    </p>
   </div>
   <div class='ocr_carea' id='block_1_72' title="bbox 2057 1344 3645 1446">
    <p class='ocr_par' dir='ltr' id='par_1_72' title="bbox 2057 1344 3645 1446">
     <span class='ocr_line' id='line_1_72' title="bbox 2057 1344 3645 1446; baseline 0.012 -52"><span class='ocrx_word' id='word_1_545' title='bbox 2057 1351 2282 1446; x_wconf 76' lang='lat' dir='ltr'><strong>tantum,</strong></span> <span class='ocrx_word' id='word_1_546' title='bbox 2338 1344 2432 1398; x_wconf 92' lang='lat' dir='ltr'><strong>sed</strong></span> <span class='ocrx_word' id='word_1_547' title='bbox 2482 1346 2639 1399; x_wconf 90' lang='lat' dir='ltr'><strong>etiam</strong></span> <span class='ocrx_word' id='word_1_548' title='bbox 2689 1345 2900 1418; x_wconf 67' lang='lat' dir='ltr'><strong>Scytha:</strong></span> <span class='ocrx_word' id='word_1_549' title='bbox 2944 1364 3006 1403; x_wconf 88' lang='lat' dir='ltr'><strong>ac</strong></span> <span class='ocrx_word' id='word_1_550' title='bbox 3053 1350 3285 1420; x_wconf 82' lang='lat' dir='ltr'><strong>barbari,</strong></span> <span class='ocrx_word' id='word_1_551' title='bbox 3316 1357 3484 1410; x_wconf 88' lang='lat' dir='ltr'><strong>nmlto</strong></span> <span class='ocrx_word' id='word_1_552' title='bbox 3532 1377 3645 1413; x_wconf 80' lang='lat' dir='ltr'><strong>ma-</strong></span> 
     </span>
    </p>
   </div>
   <div class='ocr_carea' id='block_1_73' title="bbox 2054 1437 3642 1510">
    <p class='ocr_par' dir='ltr' id='par_1_73' title="bbox 2054 1437 3642 1510">
     <span class='ocr_line' id='line_1_73' title="bbox 2054 1437 3642 1510; baseline 0.009 -23"><span class='ocrx_word' id='word_1_553' title='bbox 2054 1437 2134 1504; x_wconf 84' lang='lat' dir='ltr'><strong>gis</strong></span> <span class='ocrx_word' id='word_1_554' title='bbox 2165 1443 2273 1488; x_wconf 89' lang='lat' dir='ltr'><strong>lttm</strong></span> <span class='ocrx_word' id='word_1_555' title='bbox 2307 1437 2561 1505; x_wconf 81' lang='lat' dir='ltr'><strong>temporis</strong></span> <span class='ocrx_word' id='word_1_556' title='bbox 2608 1437 2768 1493; x_wconf 91' lang='lat' dir='ltr'><strong>bomo</strong></span> <span class='ocrx_word' id='word_1_557' title='bbox 2814 1439 2902 1493; x_wconf 89' lang='lat' dir='ltr'><strong>ille</strong></span> <span class='ocrx_word' id='word_1_558' title='bbox 2954 1450 3078 1496; x_wconf 86' lang='lat' dir='ltr'><strong>ante</strong></span> <span class='ocrx_word' id='word_1_559' title='bbox 3124 1456 3396 1510; x_wconf 79' lang='lat' dir='ltr'><strong>peccatum</strong></span> <span class='ocrx_word' id='word_1_560' title='bbox 3440 1448 3490 1502; x_wconf 90' lang='lat' dir='ltr'><strong>id</strong></span> <span class='ocrx_word' id='word_1_561' title='bbox 3540 1467 3642 1503; x_wconf 81' lang='lat' dir='ltr'><strong>no-</strong></span> 
     </span>
    </p>
   </div>
   <div class='ocr_carea' id='block_1_74' title="bbox 2057 1530 3639 1597">
    <p class='ocr_par' dir='ltr' id='par_1_74' title="bbox 2057 1530 3639 1597">
     <span class='ocr_line' id='line_1_74' title="bbox 2057 1530 3639 1597; baseline 0.013 -20"><span class='ocrx_word' id='word_1_562' title='bbox 2057 1535 2204 1578; x_wconf 89' lang='lat' dir='ltr'><strong>verat</strong></span> <span class='ocrx_word' id='word_1_563' title='bbox 2254 1544 2267 1579; x_wconf 91' lang='lat'><strong>:</strong></span> <span class='ocrx_word' id='word_1_564' title='bbox 2316 1542 2486 1597; x_wconf 84' lang='lat' dir='ltr'><strong>neque</strong></span> <span class='ocrx_word' id='word_1_565' title='bbox 2557 1544 2677 1582; x_wconf 85' lang='lat' dir='ltr'><strong>cum</strong></span> <span class='ocrx_word' id='word_1_566' title='bbox 2748 1530 2907 1586; x_wconf 86' lang='lat' dir='ltr'><strong>tantis</strong></span> <span class='ocrx_word' id='word_1_567' title='bbox 2970 1532 3259 1589; x_wconf 83' lang='lat' dir='ltr'><strong>honoribus</strong></span> <span class='ocrx_word' id='word_1_568' title='bbox 3334 1542 3639 1597; x_wconf 85' lang='lat' dir='ltr'><strong>cumulatus</strong></span> 
     </span>
    </p>
   </div>
   <div class='ocr_carea' id='block_1_75' title="bbox 2059 1621 3640 1694">
    <p class='ocr_par' dir='ltr' id='par_1_75' title="bbox 2059 1621 3640 1694">
     <span class='ocr_line' id='line_1_75' title="bbox 2059 1621 3640 1694; baseline 0.012 -23"><span class='ocrx_word' id='word_1_569' title='bbox 2059 1628 2222 1677; x_wconf 82' lang='lat' dir='ltr'><strong>esset,</strong></span> <span class='ocrx_word' id='word_1_570' title='bbox 2281 1630 2462 1687; x_wconf 79' lang='lat' dir='ltr'><strong>utpote</strong></span> <span class='ocrx_word' id='word_1_571' title='bbox 2509 1621 2651 1690; x_wconf 88' lang='lat' dir='ltr'><strong>quod</strong></span> <span class='ocrx_word' id='word_1_572' title='bbox 2704 1623 2768 1677; x_wconf 88' lang='lat' dir='ltr'><strong>ad</strong></span> <span class='ocrx_word' id='word_1_573' title='bbox 2811 1623 3088 1694; x_wconf 78' lang='lat' dir='ltr'><strong>imaginem</strong></span> <span class='ocrx_word' id='word_1_574' title='bbox 3146 1638 3193 1683; x_wconf 89' lang='lat' dir='ltr'><strong>et</strong></span> <span class='ocrx_word' id='word_1_575' title='bbox 3240 1630 3640 1690; x_wconf 74' lang='lat' dir='ltr'><strong>similitudimnn</strong></span> 
     </span>
    </p>
   </div>
   <div class='ocr_carea' id='block_1_76' title="bbox 2058 1708 3644 1790">
    <p class='ocr_par' dir='ltr' id='par_1_76' title="bbox 2058 1708 3644 1790">
     <span class='ocr_line' id='line_1_76' title="bbox 2058 1708 3644 1790; baseline 0.012 -29"><span class='ocrx_word' id='word_1_576' title='bbox 2058 1708 2146 1762; x_wconf 87' lang='lat' dir='ltr'><strong>Dei</strong></span> <span class='ocrx_word' id='word_1_577' title='bbox 2199 1708 2453 1764; x_wconf 88' lang='lat' dir='ltr'><strong>formatus</strong></span> <span class='ocrx_word' id='word_1_578' title='bbox 2506 1722 2664 1776; x_wconf 72' lang='lat' dir='ltr'><strong>esset,</strong></span> <span class='ocrx_word' id='word_1_579' title='bbox 2697 1714 2917 1784; x_wconf 87' lang='lat' dir='ltr'><strong>aliisque</strong></span> <span class='ocrx_word' id='word_1_580' title='bbox 2960 1716 3231 1775; x_wconf 80' lang='lat' dir='ltr'><strong>beneficiis</strong></span> <span class='ocrx_word' id='word_1_581' title='bbox 3278 1733 3517 1790; x_wconf 84' lang='lat' dir='ltr'><strong>ornatus,</strong></span> <span class='ocrx_word' id='word_1_582' title='bbox 3576 1742 3644 1779; x_wconf 85' lang='lat' dir='ltr'><strong>eo</strong></span> 
     </span>
    </p>
   </div>
   <div class='ocr_carea' id='block_1_77' title="bbox 2053 1801 3638 1871">
    <p class='ocr_par' dir='ltr' id='par_1_77' title="bbox 2053 1801 3638 1871">
     <span class='ocr_line' id='line_1_77' title="bbox 2053 1801 3638 1871; baseline 0.012 -19"><span class='ocrx_word' id='word_1_583' title='bbox 2053 1801 2193 1869; x_wconf 91' lang='lat' dir='ltr'><strong>quod</strong></span> <span class='ocrx_word' id='word_1_584' title='bbox 2252 1810 2410 1871; x_wconf 83' lang='lat' dir='ltr'><strong>caput</strong></span> <span class='ocrx_word' id='word_1_585' title='bbox 2457 1802 2714 1856; x_wconf 62' lang='lat' dir='ltr'><strong>bonorum</strong></span> <span class='ocrx_word' id='word_1_586' title='bbox 2762 1813 2862 1867; x_wconf 77' lang='lat' dir='ltr'><strong>est,</strong></span> <span class='ocrx_word' id='word_1_587' title='bbox 2930 1807 3150 1861; x_wconf 88' lang='lat' dir='ltr'><strong>orbatus</strong></span> <span class='ocrx_word' id='word_1_588' title='bbox 3199 1821 3341 1866; x_wconf 85' lang='lat' dir='ltr'><strong>esset</strong></span> <span class='ocrx_word' id='word_1_589' title='bbox 3401 1815 3638 1870; x_wconf 89' lang='lat' dir='ltr'><strong>relictus.</strong></span> 
     </span>
    </p>
   </div>
   <div class='ocr_carea' id='block_1_78' title="bbox 2053 1892 3639 1973">
    <p class='ocr_par' dir='ltr' id='par_1_78' title="bbox 2053 1892 3639 1973">
     <span class='ocr_line' id='line_1_78' title="bbox 2053 1892 3639 1973; baseline 0.009 -29"><span class='ocrx_word' id='word_1_590' title='bbox 2053 1892 2184 1947; x_wconf 78' lang='lat' dir='ltr'><strong>Nam</strong></span> <span class='ocrx_word' id='word_1_591' title='bbox 2235 1893 2358 1962; x_wconf 92' lang='lat' dir='ltr'><strong>quid</strong></span> <span class='ocrx_word' id='word_1_592' title='bbox 2391 1893 2583 1946; x_wconf 88' lang='lat' dir='ltr'><strong>bonmn</strong></span> <span class='ocrx_word' id='word_1_593' title='bbox 2616 1893 2682 1946; x_wconf 91' lang='lat' dir='ltr'><strong>sit</strong></span> <span class='ocrx_word' id='word_1_594' title='bbox 2728 1903 2782 1949; x_wconf 86' lang='lat' dir='ltr'><strong>et</strong></span> <span class='ocrx_word' id='word_1_595' title='bbox 2809 1896 3029 1963; x_wconf 82' lang='lat' dir='ltr'><strong>malum,</strong></span> <span class='ocrx_word' id='word_1_596' title='bbox 3059 1898 3131 1952; x_wconf 93' lang='lat' dir='ltr'><strong>illi</strong></span> <span class='ocrx_word' id='word_1_597' title='bbox 3182 1900 3353 1955; x_wconf 90' lang='lat' dir='ltr'><strong>solum</strong></span> <span class='ocrx_word' id='word_1_598' title='bbox 3376 1902 3639 1973; x_wconf 81' lang='lat' dir='ltr'><strong>ignorant,</strong></span> 
     </span>
    </p>
   </div>
   <div class='ocr_carea' id='block_1_79' title="bbox 2052 1983 3641 2059">
    <p class='ocr_par' dir='ltr' id='par_1_79' title="bbox 2052 1983 3641 2059">
     <span class='ocr_line' id='line_1_79' title="bbox 2052 1983 3641 2059; baseline 0.008 -23"><span class='ocrx_word' id='word_1_599' title='bbox 2052 1984 2141 2054; x_wconf 89' lang='lat' dir='ltr'><strong>qui</strong></span> <span class='ocrx_word' id='word_1_600' title='bbox 2182 1984 2407 2037; x_wconf 90' lang='lat' dir='ltr'><strong>naturali</strong></span> <span class='ocrx_word' id='word_1_601' title='bbox 2458 1983 2680 2036; x_wconf 84' lang='lat' dir='ltr'><strong>rationis</strong></span> <span class='ocrx_word' id='word_1_602' title='bbox 2723 1985 2925 2052; x_wconf 90' lang='lat' dir='ltr'><strong>judicio</strong></span> <span class='ocrx_word' id='word_1_603' title='bbox 2962 1998 3085 2041; x_wconf 87' lang='lat' dir='ltr'><strong>sunt</strong></span> <span class='ocrx_word' id='word_1_604' title='bbox 3137 1992 3323 2059; x_wconf 78' lang='lat' dir='ltr'><strong>privati</strong></span> <span class='ocrx_word' id='word_1_605' title='bbox 3368 1993 3641 2049; x_wconf 81' lang='lat' dir='ltr'><strong>:Adamus</strong></span> 
     </span>
    </p>
   </div>
   <div class='ocr_carea' id='block_1_80' title="bbox 2052 2075 3643 2151">
    <p class='ocr_par' dir='ltr' id='par_1_80' title="bbox 2052 2075 3643 2151">
     <span class='ocr_line' id='line_1_80' title="bbox 2052 2075 3643 2151; baseline 0.007 -22"><span class='ocrx_word' id='word_1_606' title='bbox 2052 2086 2228 2130; x_wconf 90' lang='lat' dir='ltr'><strong>autem</strong></span> <span class='ocrx_word' id='word_1_607' title='bbox 2253 2076 2414 2128; x_wconf 90' lang='lat' dir='ltr'><strong>multa</strong></span> <span class='ocrx_word' id='word_1_608' title='bbox 2440 2075 2694 2143; x_wconf 77' lang='lat' dir='ltr'><strong>sapientia</strong></span> <span class='ocrx_word' id='word_1_609' title='bbox 2714 2077 2947 2145; x_wconf 86' lang='lat' dir='ltr'><strong>repletus</strong></span> <span class='ocrx_word' id='word_1_610' title='bbox 2968 2087 3103 2141; x_wconf 87' lang='lat' dir='ltr'><strong>erat.</strong></span> <span class='ocrx_word' id='word_1_611' title='bbox 3144 2089 3200 2134; x_wconf 89' lang='lat' dir='ltr'><strong>et</strong></span> <span class='ocrx_word' id='word_1_612' title='bbox 3238 2080 3397 2151; x_wconf 90' lang='lat' dir='ltr'><strong>lmjus</strong></span> <span class='ocrx_word' id='word_1_613' title='bbox 3446 2086 3643 2140; x_wconf 85' lang='lat' dir='ltr'><strong>utrius-</strong></span> 
     </span>
    </p>
   </div>
   <div class='ocr_carea' id='block_1_81' title="bbox 2052 2164 3642 2245">
    <p class='ocr_par' dir='ltr' id='par_1_81' title="bbox 2052 2164 3642 2245">
     <span class='ocr_line' id='line_1_81' title="bbox 2052 2164 3642 2245; baseline 0.006 -26"><span class='ocrx_word' id='word_1_614' title='bbox 2052 2181 2155 2236; x_wconf 89' lang='lat' dir='ltr'><strong>que</strong></span> <span class='ocrx_word' id='word_1_615' title='bbox 2180 2165 2513 2220; x_wconf 89' lang='lat' dir='ltr'><strong>discernendi</strong></span> <span class='ocrx_word' id='word_1_616' title='bbox 2547 2164 2795 2221; x_wconf 87' lang='lat' dir='ltr'><strong>facultate</strong></span> <span class='ocrx_word' id='word_1_617' title='bbox 2824 2167 3073 2236; x_wconf 89' lang='lat' dir='ltr'><strong>pollebat.</strong></span> <span class='ocrx_word' id='word_1_618' title='bbox 3093 2169 3267 2241; x_wconf 78' lang='lat' dir='ltr'><strong>Atque</strong></span> <span class='ocrx_word' id='word_1_619' title='bbox 3295 2179 3351 2225; x_wconf 91' lang='lat' dir='ltr'><strong>ut</strong></span> <span class='ocrx_word' id='word_1_620' title='bbox 3378 2173 3642 2245; x_wconf 78' lang='lat' dir='ltr'><strong>intelligas</strong></span> 
     </span>
    </p>
   </div>
   <div class='ocr_carea' id='block_1_82' title="bbox 2053 2256 3644 2329">
    <p class='ocr_par' dir='ltr' id='par_1_82' title="bbox 2053 2256 3644 2329">
     <span class='ocr_line' id='line_1_82' title="bbox 2053 2256 3644 2329; baseline 0.003 -17"><span class='ocrx_word' id='word_1_621' title='bbox 2053 2272 2174 2312; x_wconf 87' lang='lat' dir='ltr'><strong>eum</strong></span> <span class='ocrx_word' id='word_1_622' title='bbox 2200 2256 2454 2325; x_wconf 84' lang='lat' dir='ltr'><strong>spirituali</strong></span> <span class='ocrx_word' id='word_1_623' title='bbox 2490 2258 2751 2326; x_wconf 87' lang='lat' dir='ltr'><strong>repletum</strong></span> <span class='ocrx_word' id='word_1_624' title='bbox 2795 2256 2960 2313; x_wconf 87' lang='lat' dir='ltr'><strong>fuisse</strong></span> <span class='ocrx_word' id='word_1_625' title='bbox 2986 2260 3265 2329; x_wconf 84' lang='lat' dir='ltr'><strong>sapientia,</strong></span> <span class='ocrx_word' id='word_1_626' title='bbox 3307 2262 3644 2319; x_wconf 85' lang='lat' dir='ltr'><strong>deumnstra-</strong></span> 
     </span>
    </p>
   </div>
   <div class='ocr_carea' id='block_1_83' title="bbox 2053 2346 3635 2423">
    <p class='ocr_par' dir='ltr' id='par_1_83' title="bbox 2053 2346 3635 2423">
     <span class='ocr_line' id='line_1_83' title="bbox 2053 2346 3635 2423; baseline 0.005 -23"><span class='ocrx_word' id='word_1_627' title='bbox 2053 2348 2251 2401; x_wconf 88' lang='lat' dir='ltr'><strong>tionem</strong></span> <span class='ocrx_word' id='word_1_628' title='bbox 2277 2346 2392 2415; x_wconf 87' lang='lat' dir='ltr'><strong>ejus</strong></span> <span class='ocrx_word' id='word_1_629' title='bbox 2423 2347 2497 2400; x_wconf 88' lang='lat' dir='ltr'><strong>rei</strong></span> <span class='ocrx_word' id='word_1_630' title='bbox 2527 2347 2672 2400; x_wconf 87' lang='lat' dir='ltr'><strong>audi.</strong></span> <span class='ocrx_word' id='word_1_631' title='bbox 2714 2347 2943 2401; x_wconf 72' lang='lat' dir='ltr'><strong>Adduxit</strong></span> <span class='ocrx_word' id='word_1_632' title='bbox 2993 2352 3064 2401; x_wconf 82' lang='lat' dir='ltr'><strong>ad</strong></span> <span class='ocrx_word' id='word_1_633' title='bbox 3095 2348 3390 2418; x_wconf 65' lang='lat' dir='ltr'><strong>sanaberis,</strong></span> <span class='ocrx_word' id='word_1_634' title='bbox 3442 2354 3635 2423; x_wconf 88' lang='lat' dir='ltr'><strong>inquit,</strong></span> 
     </span>
    </p>
   </div>
   <div class='ocr_carea' id='block_1_84' title="bbox 2053 2438 3635 2511">
    <p class='ocr_par' dir='ltr' id='par_1_84' title="bbox 2053 2438 3635 2511">
     <span class='ocr_line' id='line_1_84' title="bbox 2053 2438 3635 2511; baseline 0.003 -20"><span class='ocrx_word' id='word_1_635' title='bbox 2053 2438 2255 2503; x_wconf 83' lang='lat' dir='ltr'><strong>bestias,</strong></span> <span class='ocrx_word' id='word_1_636' title='bbox 2282 2448 2339 2491; x_wconf 84' lang='lat' dir='ltr'><strong>ut</strong></span> <span class='ocrx_word' id='word_1_637' title='bbox 2368 2439 2550 2492; x_wconf 74' lang='lat' dir='ltr'><strong>videret</strong></span> <span class='ocrx_word' id='word_1_638' title='bbox 2576 2439 2699 2510; x_wconf 78' lang='lat' dir='ltr'><strong>quid</strong></span> <span class='ocrx_word' id='word_1_639' title='bbox 2722 2448 2917 2493; x_wconf 73' lang='lat' dir='ltr'><strong>vocaret</strong></span> <span class='ocrx_word' id='word_1_640' title='bbox 2945 2456 3029 2493; x_wconf 87' lang='lat' dir='ltr'><strong>eas</strong></span> <span class='ocrx_word' id='word_1_641' title='bbox 3050 2456 3066 2503; x_wconf 80' lang='lat'><strong>,°</strong></span> <span class='ocrx_word' id='word_1_642' title='bbox 3085 2450 3131 2495; x_wconf 86' lang='lat' dir='ltr'><strong>et</strong></span> <span class='ocrx_word' id='word_1_643' title='bbox 3154 2442 3199 2496; x_wconf 90' lang='lat' dir='ltr'><strong>si</strong></span> <span class='ocrx_word' id='word_1_644' title='bbox 3222 2441 3345 2511; x_wconf 82' lang='lat' dir='ltr'><strong>quid</strong></span> <span class='ocrx_word' id='word_1_645' title='bbox 3371 2459 3456 2496; x_wconf 84' lang='lat' dir='ltr'><strong>eas</strong></span> <span class='ocrx_word' id='word_1_646' title='bbox 3482 2460 3635 2498; x_wconf 76' lang='lat' dir='ltr'><strong>uoca-</strong></span> 
     </span>
    </p>
   </div>
   <div class='ocr_carea' id='block_1_85' title="bbox 2053 2528 3642 2603">
    <p class='ocr_par' dir='ltr' id='par_1_85' title="bbox 2053 2528 3642 2603">
     <span class='ocr_line' id='line_1_85' title="bbox 2053 2528 3642 2603; baseline 0.004 -21"><span class='ocrx_word' id='word_1_647' title='bbox 2053 2531 2121 2582; x_wconf 80' lang='lat' dir='ltr'><strong>rit</strong></span> <span class='ocrx_word' id='word_1_648' title='bbox 2141 2530 2326 2593; x_wconf 80' lang='lat' dir='ltr'><strong>Adam,</strong></span> <span class='ocrx_word' id='word_1_649' title='bbox 2347 2530 2441 2582; x_wconf 80' lang='lat' dir='ltr'><strong>hoc</strong></span> <span class='ocrx_word' id='word_1_650' title='bbox 2461 2538 2534 2583; x_wconf 85' lang='lat' dir='ltr'><strong>est</strong></span> <span class='ocrx_word' id='word_1_651' title='bbox 2562 2545 2743 2582; x_wconf 84' lang='lat' dir='ltr'><strong>nomen</strong></span> <span class='ocrx_word' id='word_1_652' title='bbox 2776 2531 2900 2597; x_wconf 88' lang='lat' dir='ltr'><strong>ipsis</strong></span> <span class='ocrx_word' id='word_1_653' title='bbox 2932 2530 2950 2599; x_wconf 95' lang='lat'>(</span> <span class='ocrx_word' id='word_1_654' title='bbox 2970 2528 3096 2584; x_wconf 76' lang='lat' dir='ltr'><strong>Gen.</strong></span> <span class='ocrx_word' id='word_1_655' title='bbox 3120 2531 3175 2584; x_wconf 68' lang='grc' dir='ltr'><strong>Ξ.</strong></span> <span class='ocrx_word' id='word_1_656' title='bbox 3204 2533 3272 2587; x_wconf 74' lang='grc'><strong>19</strong></span> <span class='ocrx_word' id='word_1_657' title='bbox 3349 2533 3642 2589; x_wconf 68' lang='lat' dir='ltr'><strong>Considera</strong></span> 
     </span>
    </p>
   </div>
   <div class='ocr_carea' id='block_1_86' title="bbox 2052 2621 3641 2694">
    <p class='ocr_par' dir='ltr' id='par_1_86' title="bbox 2052 2621 3641 2694">
     <span class='ocr_line' id='line_1_86' title="bbox 2052 2621 3641 2694; baseline 0.003 -21"><span class='ocrx_word' id='word_1_658' title='bbox 2052 2636 2202 2690; x_wconf 84' lang='lat' dir='ltr'><strong>ergo,</strong></span> <span class='ocrx_word' id='word_1_659' title='bbox 2249 2629 2443 2690; x_wconf 72' lang='lat' dir='ltr'><strong>quanta</strong></span> <span class='ocrx_word' id='word_1_660' title='bbox 2502 2621 2759 2691; x_wconf 86' lang='lat' dir='ltr'><strong>sapientia</strong></span> <span class='ocrx_word' id='word_1_661' title='bbox 2814 2621 3115 2675; x_wconf 86' lang='lat' dir='ltr'><strong>cumulatus</strong></span> <span class='ocrx_word' id='word_1_662' title='bbox 3168 2632 3333 2688; x_wconf 89' lang='lat' dir='ltr'><strong>esset,</strong></span> <span class='ocrx_word' id='word_1_663' title='bbox 3387 2624 3477 2694; x_wconf 89' lang='lat' dir='ltr'><strong>qui</strong></span> <span class='ocrx_word' id='word_1_664' title='bbox 3530 2632 3641 2678; x_wconf 89' lang='lat' dir='ltr'><strong>tam</strong></span> 
     </span>
    </p>
   </div>
   <div class='ocr_carea' id='block_1_87' title="bbox 2054 2710 3643 2781">
    <p class='ocr_par' dir='ltr' id='par_1_87' title="bbox 2054 2710 3643 2781">
     <span class='ocr_line' id='line_1_87' title="bbox 2054 2710 3643 2781; baseline 0.003 -17"><span class='ocrx_word' id='word_1_665' title='bbox 2054 2712 2233 2764; x_wconf 90' lang='lat' dir='ltr'><strong>multis</strong></span> <span class='ocrx_word' id='word_1_666' title='bbox 2247 2710 2553 2779; x_wconf 83' lang='lat' dir='ltr'><strong>generibus,</strong></span> <span class='ocrx_word' id='word_1_667' title='bbox 2574 2720 2679 2763; x_wconf 89' lang='lat' dir='ltr'><strong>tam</strong></span> <span class='ocrx_word' id='word_1_668' title='bbox 2702 2710 2861 2763; x_wconf 83' lang='lat' dir='ltr'><strong>variis</strong></span> <span class='ocrx_word' id='word_1_669' title='bbox 2881 2720 2934 2764; x_wconf 92' lang='lat' dir='ltr'><strong>et</strong></span> <span class='ocrx_word' id='word_1_670' title='bbox 2947 2710 3182 2779; x_wconf 80' lang='lat' dir='ltr'><strong>cujusvis</strong></span> <span class='ocrx_word' id='word_1_671' title='bbox 3199 2713 3643 2781; x_wconf 85' lang='lat' dir='ltr'><strong>speciei.jumen-</strong></span> 
     </span>
    </p>
   </div>
   <div class='ocr_carea' id='block_1_88' title="bbox 2054 2802 3639 2875">
    <p class='ocr_par' dir='ltr' id='par_1_88' title="bbox 2054 2802 3639 2875">
     <span class='ocr_line' id='line_1_88' title="bbox 2054 2802 3639 2875; baseline -0.001 -16"><span class='ocrx_word' id='word_1_672' title='bbox 2054 2812 2251 2864; x_wconf 83' lang='lat' dir='ltr'><strong>torum,</strong></span> <span class='ocrx_word' id='word_1_673' title='bbox 2269 2803 2560 2872; x_wconf 85' lang='lat' dir='ltr'><strong>reptilium,</strong></span> <span class='ocrx_word' id='word_1_674' title='bbox 2588 2812 2641 2856; x_wconf 91' lang='lat' dir='ltr'><strong>et</strong></span> <span class='ocrx_word' id='word_1_675' title='bbox 2658 2802 2933 2855; x_wconf 87' lang='lat' dir='ltr'><strong>volucrum</strong></span> <span class='ocrx_word' id='word_1_676' title='bbox 2960 2803 3193 2867; x_wconf 89' lang='lat' dir='ltr'><strong>notuina,</strong></span> <span class='ocrx_word' id='word_1_677' title='bbox 3210 2819 3377 2874; x_wconf 86' lang='lat' dir='ltr'><strong>eaque</strong></span> <span class='ocrx_word' id='word_1_678' title='bbox 3401 2807 3609 2875; x_wconf 82' lang='lat' dir='ltr'><strong>pmpria</strong></span> <span class='ocrx_word' id='word_1_679' title='bbox 3623 2850 3639 2872; x_wconf 82' lang='lat'><strong>,</strong></span> 
     </span>
    </p>
   </div>
   <div class='ocr_carea' id='block_1_89' title="bbox 2055 2890 3643 2966">
    <p class='ocr_par' dir='ltr' id='par_1_89' title="bbox 2055 2890 3643 2966">
     <span class='ocr_line' id='line_1_89' title="bbox 2055 2890 3643 2966; baseline 0.001 -17"><span class='ocrx_word' id='word_1_680' title='bbox 2055 2895 2331 2965; x_wconf 88' lang='lat' dir='ltr'><strong>imponere</strong></span> <span class='ocrx_word' id='word_1_681' title='bbox 2366 2893 2615 2962; x_wconf 91' lang='lat' dir='ltr'><strong>potuerit.</strong></span> <span class='ocrx_word' id='word_1_682' title='bbox 2647 2890 2736 2947; x_wconf 90' lang='lat' dir='ltr'><strong>Sic</strong></span> <span class='ocrx_word' id='word_1_683' title='bbox 2762 2893 2904 2947; x_wconf 90' lang='lat' dir='ltr'><strong>enim</strong></span> <span class='ocrx_word' id='word_1_684' title='bbox 2934 2892 3070 2947; x_wconf 89' lang='lat' dir='ltr'><strong>banc</strong></span> <span class='ocrx_word' id='word_1_685' title='bbox 3101 2896 3376 2950; x_wconf 89' lang='lat' dir='ltr'><strong>nominum</strong></span> <span class='ocrx_word' id='word_1_686' title='bbox 3420 2897 3643 2966; x_wconf 80' lang='lat' dir='ltr'><strong>imposi-</strong></span> 
     </span>
    </p>
   </div>
   <div class='ocr_carea' id='block_1_90' title="bbox 2057 2984 3635 3059">
    <p class='ocr_par' dir='ltr' id='par_1_90' title="bbox 2057 2984 3635 3059">
     <span class='ocr_line' id='line_1_90' title="bbox 2057 2984 3635 3059; baseline 0.003 -20"><span class='ocrx_word' id='word_1_687' title='bbox 2057 2987 2253 3039; x_wconf 91' lang='lat' dir='ltr'><strong>tionem</strong></span> <span class='ocrx_word' id='word_1_688' title='bbox 2281 2984 2591 3055; x_wconf 87' lang='lat' dir='ltr'><strong>approbavit</strong></span> <span class='ocrx_word' id='word_1_689' title='bbox 2622 2984 2759 3037; x_wconf 90' lang='lat' dir='ltr'><strong>Deus</strong></span> <span class='ocrx_word' id='word_1_690' title='bbox 2780 3025 2795 3048; x_wconf 97' lang='lat'><strong>,</strong></span> <span class='ocrx_word' id='word_1_691' title='bbox 2837 2992 2892 3036; x_wconf 91' lang='lat' dir='ltr'><strong>ut</strong></span> <span class='ocrx_word' id='word_1_692' title='bbox 2932 3000 3036 3038; x_wconf 91' lang='lat' dir='ltr'><strong>non</strong></span> <span class='ocrx_word' id='word_1_693' title='bbox 3058 2985 3284 3054; x_wconf 87' lang='lat' dir='ltr'><strong>amplius</strong></span> <span class='ocrx_word' id='word_1_694' title='bbox 3306 2987 3423 3042; x_wconf 81' lang='lat' dir='ltr'><strong>illas</strong></span> <span class='ocrx_word' id='word_1_695' title='bbox 3451 2994 3635 3059; x_wconf 68' lang='lat' dir='ltr'><strong>appel-</strong></span> 
     </span>
    </p>
   </div>
   <div class='ocr_carea' id='block_1_91' title="bbox 2056 3076 3630 3146">
    <p class='ocr_par' dir='ltr' id='par_1_91' title="bbox 2056 3076 3630 3146">
     <span class='ocr_line' id='line_1_91' title="bbox 2056 3076 3630 3146; baseline 0.003 -16"><span class='ocrx_word' id='word_1_696' title='bbox 2056 3077 2283 3131; x_wconf 87' lang='lat' dir='ltr'><strong>lationes</strong></span> <span class='ocrx_word' id='word_1_697' title='bbox 2336 3076 2573 3136; x_wconf 89' lang='lat' dir='ltr'><strong>mutarit.</strong></span> <span class='ocrx_word' id='word_1_698' title='bbox 2604 3090 2774 3144; x_wconf 90' lang='lat' dir='ltr'><strong>nequc</strong></span> <span class='ocrx_word' id='word_1_699' title='bbox 2799 3092 2917 3128; x_wconf 83' lang='lat' dir='ltr'><strong>cu-u</strong></span> <span class='ocrx_word' id='word_1_700' title='bbox 2950 3077 3034 3130; x_wconf 88' lang='lat' dir='ltr'><strong>ille</strong></span> <span class='ocrx_word' id='word_1_701' title='bbox 3062 3087 3373 3146; x_wconf 87' lang='lat' dir='ltr'><strong>peccasset,</strong></span> <span class='ocrx_word' id='word_1_702' title='bbox 3404 3080 3630 3135; x_wconf 84' lang='lat' dir='ltr'><strong>voluerit</strong></span> 
     </span>
    </p>
   </div>
   <div class='ocr_carea' id='block_1_92' title="bbox 2056 3164 3647 3238">
    <p class='ocr_par' dir='ltr' id='par_1_92' title="bbox 2056 3164 3647 3238">
     <span class='ocr_line' id='line_1_92' title="bbox 2056 3164 3647 3238; baseline 0.001 -16"><span class='ocrx_word' id='word_1_703' title='bbox 2056 3182 2147 3223; x_wconf 88' lang='lat' dir='ltr'><strong>eas</strong></span> <span class='ocrx_word' id='word_1_704' title='bbox 2195 3186 2225 3222; x_wconf 91' lang='lat' dir='ltr'><strong>e</strong></span> <span class='ocrx_word' id='word_1_705' title='bbox 2273 3166 2448 3220; x_wconf 87' lang='lat' dir='ltr'><strong>medio</strong></span> <span class='ocrx_word' id='word_1_706' title='bbox 2475 3166 2700 3220; x_wconf 89' lang='lat' dir='ltr'><strong>tollere:</strong></span> <span class='ocrx_word' id='word_1_707' title='bbox 2734 3164 2895 3219; x_wconf 82' lang='lat' dir='ltr'><strong>Omne</strong></span> <span class='ocrx_word' id='word_1_708' title='bbox 2920 3166 3083 3231; x_wconf 90' lang='lat' dir='ltr'><strong>enim,</strong></span> <span class='ocrx_word' id='word_1_709' title='bbox 3125 3166 3314 3237; x_wconf 88' lang='lat' dir='ltr'><strong>inquit,</strong></span> <span class='ocrx_word' id='word_1_710' title='bbox 3338 3170 3472 3238; x_wconf 72' lang='lat' dir='ltr'><strong>quod</strong></span> <span class='ocrx_word' id='word_1_711' title='bbox 3493 3188 3647 3224; x_wconf 73' lang='lat' dir='ltr'><strong>reca-</strong></span> 
     </span>
    </p>
   </div>
   <div class='ocr_carea' id='block_1_93' title="bbox 2056 3259 3012 3326">
    <p class='ocr_par' dir='ltr' id='par_1_93' title="bbox 2056 3259 3012 3326">
     <span class='ocr_line' id='line_1_93' title="bbox 2056 3259 3012 3326; baseline -0.001 -11"><span class='ocrx_word' id='word_1_712' title='bbox 2056 3262 2123 3315; x_wconf 68' lang='lat' dir='ltr'><strong>t&#39;it</strong></span> <span class='ocrx_word' id='word_1_713' title='bbox 2152 3277 2211 3314; x_wconf 86' lang='lat' dir='ltr'><strong>ea</strong></span> <span class='ocrx_word' id='word_1_714' title='bbox 2232 3259 2417 3324; x_wconf 78' lang='lat' dir='ltr'><strong>Adam,</strong></span> <span class='ocrx_word' id='word_1_715' title='bbox 2449 3260 2543 3312; x_wconf 81' lang='lat' dir='ltr'><strong>hoc</strong></span> <span class='ocrx_word' id='word_1_716' title='bbox 2572 3269 2641 3312; x_wconf 82' lang='lat' dir='ltr'><strong>est</strong></span> <span class='ocrx_word' id='word_1_717' title='bbox 2660 3274 2838 3311; x_wconf 78' lang='lat' dir='ltr'><strong>nomen</strong></span> <span class='ocrx_word' id='word_1_718' title='bbox 2868 3260 3012 3326; x_wconf 78' lang='lat' dir='ltr'><strong>ipsis.</strong></span> 
     </span>
    </p>
   </div>
   <div class='ocr_carea' id='block_1_94' title="bbox 2125 3351 3642 3424">
    <p class='ocr_par' dir='ltr' id='par_1_94' title="bbox 2125 3351 3642 3424">
     <span class='ocr_line' id='line_1_94' title="bbox 2125 3351 3642 3424; baseline 0.003 -18"><span class='ocrx_word' id='word_1_719' title='bbox 2125 3353 2182 3406; x_wconf 75' lang='grc'><strong>2.</strong></span> <span class='ocrx_word' id='word_1_720' title='bbox 2208 3354 2287 3406; x_wconf 77' lang='lat' dir='ltr'><strong>An</strong></span> <span class='ocrx_word' id='word_1_721' title='bbox 2320 3353 2478 3422; x_wconf 85' lang='lat' dir='ltr'><strong>igitur</strong></span> <span class='ocrx_word' id='word_1_722' title='bbox 2509 3352 2625 3415; x_wconf 80' lang='lat' dir='ltr'><strong>iste,</strong></span> <span class='ocrx_word' id='word_1_723' title='bbox 2655 3352 2778 3421; x_wconf 91' lang='lat' dir='ltr'><strong>quid</strong></span> <span class='ocrx_word' id='word_1_724' title='bbox 2808 3351 3002 3405; x_wconf 90' lang='lat' dir='ltr'><strong>bonum</strong></span> <span class='ocrx_word' id='word_1_725' title='bbox 3030 3361 3191 3416; x_wconf 82' lang='lat' dir='ltr'><strong>esset.</strong></span> <span class='ocrx_word' id='word_1_726' title='bbox 3224 3352 3419 3424; x_wconf 84' lang='lat' dir='ltr'><strong>quidve</strong></span> <span class='ocrx_word' id='word_1_727' title='bbox 3445 3357 3642 3411; x_wconf 89' lang='lat' dir='ltr'><strong>malum</strong></span> 
     </span>
    </p>
   </div>
   <div class='ocr_carea' id='block_1_95' title="bbox 2056 3440 3647 3512">
    <p class='ocr_par' dir='ltr' id='par_1_95' title="bbox 2056 3440 3647 3512">
     <span class='ocr_line' id='line_1_95' title="bbox 2056 3440 3647 3512; baseline 0.003 -15"><span class='ocrx_word' id='word_1_728' title='bbox 2056 3442 2375 3512; x_wconf 82' lang='lat' dir='ltr'><strong>ignorabat?</strong></span> <span class='ocrx_word' id='word_1_729' title='bbox 2418 3440 2515 3496; x_wconf 88' lang='lat' dir='ltr'><strong>Cui</strong></span> <span class='ocrx_word' id='word_1_730' title='bbox 2547 3457 2674 3495; x_wconf 88' lang='lat' dir='ltr'><strong>vero</strong></span> <span class='ocrx_word' id='word_1_731' title='bbox 2721 3441 2771 3494; x_wconf 91' lang='lat' dir='ltr'><strong>id</strong></span> <span class='ocrx_word' id='word_1_732' title='bbox 2802 3441 3073 3511; x_wconf 86' lang='lat' dir='ltr'><strong>probabile</strong></span> <span class='ocrx_word' id='word_1_733' title='bbox 3114 3442 3399 3499; x_wconf 74' lang='lat' dir='ltr'><strong>videatur?</strong></span> <span class='ocrx_word' id='word_1_734' title='bbox 3442 3444 3647 3501; x_wconf 80' lang='lat' dir='ltr'><strong>Rursus</strong></span> 
     </span>
    </p>
   </div>
   <div class='ocr_carea' id='block_1_96' title="bbox 2058 3534 3644 3605">
    <p class='ocr_par' dir='ltr' id='par_1_96' title="bbox 2058 3534 3644 3605">
     <span class='ocr_line' id='line_1_96' title="bbox 2058 3534 3644 3605; baseline 0.001 -14"><span class='ocrx_word' id='word_1_735' title='bbox 2058 3538 2336 3591; x_wconf 79' lang='lat' dir='ltr'><strong>mulierem</strong></span> <span class='ocrx_word' id='word_1_736' title='bbox 2361 3535 2426 3588; x_wconf 90' lang='lat' dir='ltr'><strong>ad</strong></span> <span class='ocrx_word' id='word_1_737' title='bbox 2458 3535 2629 3605; x_wconf 88' lang='lat' dir='ltr'><strong>ipsum</strong></span> <span class='ocrx_word' id='word_1_738' title='bbox 2659 3534 2895 3595; x_wconf 68' lang='lat' dir='ltr'><strong>adduxit,</strong></span> <span class='ocrx_word' id='word_1_739' title='bbox 2927 3547 2979 3587; x_wconf 90' lang='lat' dir='ltr'><strong>et</strong></span> <span class='ocrx_word' id='word_1_740' title='bbox 3009 3549 3070 3587; x_wconf 91' lang='lat' dir='ltr'><strong>ea</strong></span> <span class='ocrx_word' id='word_1_741' title='bbox 3103 3534 3211 3589; x_wconf 83' lang='lat' dir='ltr'><strong>visa</strong></span> <span class='ocrx_word' id='word_1_742' title='bbox 3236 3537 3516 3592; x_wconf 88' lang='lat' dir='ltr'><strong>confestim</strong></span> <span class='ocrx_word' id='word_1_743' title='bbox 3545 3554 3644 3592; x_wconf 87' lang='lat' dir='ltr'><strong>na-</strong></span> 
     </span>
    </p>
   </div>
   <div class='ocr_carea' id='block_1_97' title="bbox 2059 3624 3648 3694">
    <p class='ocr_par' dir='ltr' id='par_1_97' title="bbox 2059 3624 3648 3694">
     <span class='ocr_line' id='line_1_97' title="bbox 2059 3624 3648 3694; baseline -0.001 -12"><span class='ocrx_word' id='word_1_744' title='bbox 2059 3639 2189 3682; x_wconf 75' lang='lat' dir='ltr'><strong>tum:</strong></span> <span class='ocrx_word' id='word_1_745' title='bbox 2233 3637 2538 3680; x_wconf 85' lang='lat' dir='ltr'><strong>consortem</strong></span> <span class='ocrx_word' id='word_1_746' title='bbox 2589 3626 2822 3694; x_wconf 86' lang='lat' dir='ltr'><strong>agnovit.</strong></span> <span class='ocrx_word' id='word_1_747' title='bbox 2881 3625 2946 3679; x_wconf 86' lang='lat' dir='ltr'><strong>Et</strong></span> <span class='ocrx_word' id='word_1_748' title='bbox 2990 3625 3115 3694; x_wconf 91' lang='lat' dir='ltr'><strong>quid</strong></span> <span class='ocrx_word' id='word_1_749' title='bbox 3145 3625 3263 3679; x_wconf 80' lang='lat' dir='ltr'><strong>ait?</strong></span> <span class='ocrx_word' id='word_1_750' title='bbox 3290 3624 3401 3680; x_wconf 79' lang='lat' dir='ltr'><strong>Hoc</strong></span> <span class='ocrx_word' id='word_1_751' title='bbox 3429 3644 3563 3680; x_wconf 78' lang='lat' dir='ltr'><strong>nunc</strong></span> <span class='ocrx_word' id='word_1_752' title='bbox 3590 3645 3648 3683; x_wconf 86' lang='lat' dir='ltr'><strong>as</strong></span> 
     </span>
    </p>
   </div>
   <div class='ocr_carea' id='block_1_98' title="bbox 2055 3716 3640 3789">
    <p class='ocr_par' dir='ltr' id='par_1_98' title="bbox 2055 3716 3640 3789">
     <span class='ocr_line' id='line_1_98' title="bbox 2055 3716 3640 3789; baseline 0.001 -15"><span class='ocrx_word' id='word_1_753' title='bbox 2055 3738 2118 3774; x_wconf 79' lang='lat' dir='ltr'><strong>ea:</strong></span> <span class='ocrx_word' id='word_1_754' title='bbox 2168 3721 2361 3774; x_wconf 81' lang='lat' dir='ltr'><strong>ossibus</strong></span> <span class='ocrx_word' id='word_1_755' title='bbox 2414 3721 2555 3781; x_wconf 79' lang='lat' dir='ltr'><strong>meis,</strong></span> <span class='ocrx_word' id='word_1_756' title='bbox 2607 3729 2654 3771; x_wconf 86' lang='lat' dir='ltr'><strong>et</strong></span> <span class='ocrx_word' id='word_1_757' title='bbox 2695 3734 2815 3771; x_wconf 80' lang='lat' dir='ltr'><strong>raro</strong></span> <span class='ocrx_word' id='word_1_758' title='bbox 2846 3719 2908 3770; x_wconf 79' lang='lat' dir='ltr'><strong>de</strong></span> <span class='ocrx_word' id='word_1_759' title='bbox 2931 3734 3084 3771; x_wconf 82' lang='lat' dir='ltr'><strong>carne</strong></span> <span class='ocrx_word' id='word_1_760' title='bbox 3101 3734 3212 3771; x_wconf 84' lang='lat' dir='ltr'><strong>mea</strong></span> <span class='ocrx_word' id='word_1_761' title='bbox 3239 3716 3401 3789; x_wconf 79' lang='lat' dir='ltr'><strong>(Ibid.</strong></span> <span class='ocrx_word' id='word_1_762' title='bbox 3432 3734 3478 3773; x_wconf 86' lang='lat' dir='ltr'><strong>tt.</strong></span> <span class='ocrx_word' id='word_1_763' title='bbox 3504 3718 3640 3788; x_wconf 73' lang='grc'><strong>25).</strong></span> 
     </span>
    </p>
   </div>
   <div class='ocr_carea' id='block_1_99' title="bbox 2056 3810 3646 3880">
    <p class='ocr_par' dir='ltr' id='par_1_99' title="bbox 2056 3810 3646 3880">
     <span class='ocr_line' id='line_1_99' title="bbox 2056 3810 3646 3880; baseline 0.001 -13"><span class='ocrx_word' id='word_1_764' title='bbox 2056 3812 2186 3867; x_wconf 89' lang='lat' dir='ltr'><strong>Cum</strong></span> <span class='ocrx_word' id='word_1_765' title='bbox 2230 3813 2370 3867; x_wconf 87' lang='lat' dir='ltr'><strong>enim</strong></span> <span class='ocrx_word' id='word_1_766' title='bbox 2421 3811 2578 3880; x_wconf 88' lang='lat' dir='ltr'><strong>paulo</strong></span> <span class='ocrx_word' id='word_1_767' title='bbox 2622 3820 2747 3864; x_wconf 88' lang='lat' dir='ltr'><strong>ante</strong></span> <span class='ocrx_word' id='word_1_768' title='bbox 2789 3810 2927 3864; x_wconf 91' lang='lat' dir='ltr'><strong>Deus</strong></span> <span class='ocrx_word' id='word_1_769' title='bbox 2951 3811 3016 3864; x_wconf 92' lang='lat' dir='ltr'><strong>ad</strong></span> <span class='ocrx_word' id='word_1_770' title='bbox 3042 3826 3165 3866; x_wconf 92' lang='lat' dir='ltr'><strong>eum</strong></span> <span class='ocrx_word' id='word_1_771' title='bbox 3181 3823 3372 3868; x_wconf 84' lang='lat' dir='ltr'><strong>cuncta</strong></span> <span class='ocrx_word' id='word_1_772' title='bbox 3397 3814 3646 3869; x_wconf 89' lang='lat' dir='ltr'><strong>animalia</strong></span> 
     </span>
    </p>
   </div>
   <div class='ocr_carea' id='block_1_100' title="bbox 2055 3900 3645 3974">
    <p class='ocr_par' dir='ltr' id='par_1_100' title="bbox 2055 3900 3645 3974">
     <span class='ocr_line' id='line_1_100' title="bbox 2055 3900 3645 3974; baseline 0.003 -18"><span class='ocrx_word' id='word_1_773' title='bbox 2055 3904 2382 3965; x_wconf 74' lang='lat' dir='ltr'><strong>adduxisset,</strong></span> <span class='ocrx_word' id='word_1_774' title='bbox 2440 3900 2724 3955; x_wconf 84' lang='lat' dir='ltr'><strong>ostendere</strong></span> <span class='ocrx_word' id='word_1_775' title='bbox 2757 3901 2941 3954; x_wconf 86' lang='lat' dir='ltr'><strong>volens</strong></span> <span class='ocrx_word' id='word_1_776' title='bbox 2991 3900 3158 3954; x_wconf 72' lang='lat' dir='ltr'><strong>Adam</strong></span> <span class='ocrx_word' id='word_1_777' title='bbox 3197 3918 3303 3956; x_wconf 91' lang='lat' dir='ltr'><strong>non</strong></span> <span class='ocrx_word' id='word_1_778' title='bbox 3340 3903 3555 3974; x_wconf 90' lang='lat' dir='ltr'><strong>aliquod</strong></span> <span class='ocrx_word' id='word_1_779' title='bbox 3581 3920 3645 3960; x_wconf 76' lang='lat' dir='ltr'><strong>ex</strong></span> 
     </span>
    </p>
   </div>
   <div class='ocr_carea' id='block_1_101' title="bbox 2058 3991 3648 4059">
    <p class='ocr_par' dir='ltr' id='par_1_101' title="bbox 2058 3991 3648 4059">
     <span class='ocr_line' id='line_1_101' title="bbox 2058 3991 3648 4059; baseline -0.001 -8"><span class='ocrx_word' id='word_1_780' title='bbox 2058 3998 2267 4051; x_wconf 85' lang='lat' dir='ltr'><strong>ca-teris</strong></span> <span class='ocrx_word' id='word_1_781' title='bbox 2295 4011 2413 4049; x_wconf 86' lang='lat' dir='ltr'><strong>esse</strong></span> <span class='ocrx_word' id='word_1_782' title='bbox 2442 3994 2542 4048; x_wconf 92' lang='lat' dir='ltr'><strong>boc</strong></span> <span class='ocrx_word' id='word_1_783' title='bbox 2571 3994 2786 4059; x_wconf 86' lang='lat' dir='ltr'><strong>animal,</strong></span> <span class='ocrx_word' id='word_1_784' title='bbox 2814 3993 2944 4046; x_wconf 74' lang='lat' dir='ltr'><strong>dixit</strong></span> <span class='ocrx_word' id='word_1_785' title='bbox 2981 4012 2993 4048; x_wconf 93' lang='lat'>:</span> <span class='ocrx_word' id='word_1_786' title='bbox 3023 3991 3133 4046; x_wconf 78' lang='lat' dir='ltr'><strong>Hoc</strong></span> <span class='ocrx_word' id='word_1_787' title='bbox 3159 4011 3294 4047; x_wconf 86' lang='lat' dir='ltr'><strong>nunc</strong></span> <span class='ocrx_word' id='word_1_788' title='bbox 3331 4011 3386 4048; x_wconf 87' lang='lat' dir='ltr'><strong>os</strong></span> <span class='ocrx_word' id='word_1_789' title='bbox 3416 4013 3478 4049; x_wconf 79' lang='lat' dir='ltr'><strong>ea:</strong></span> <span class='ocrx_word' id='word_1_790' title='bbox 3516 3998 3648 4050; x_wconf 83' lang='lat' dir='ltr'><strong>ossi-</strong></span> 
     </span>
    </p>
   </div>
   <div class='ocr_carea' id='block_1_102' title="bbox 2056 4083 3646 4151">
    <p class='ocr_par' dir='ltr' id='par_1_102' title="bbox 2056 4083 3646 4151">
     <span class='ocr_line' id='line_1_102' title="bbox 2056 4083 3646 4151; baseline 0 -10"><span class='ocrx_word' id='word_1_791' title='bbox 2056 4089 2147 4141; x_wconf 83' lang='lat' dir='ltr'><strong>bus</strong></span> <span class='ocrx_word' id='word_1_792' title='bbox 2172 4089 2313 4149; x_wconf 86' lang='lat' dir='ltr'><strong>meis,</strong></span> <span class='ocrx_word' id='word_1_793' title='bbox 2337 4097 2382 4140; x_wconf 85' lang='lat' dir='ltr'><strong>et</strong></span> <span class='ocrx_word' id='word_1_794' title='bbox 2407 4102 2525 4140; x_wconf 82' lang='lat' dir='ltr'><strong>caro</strong></span> <span class='ocrx_word' id='word_1_795' title='bbox 2570 4086 2633 4138; x_wconf 85' lang='lat' dir='ltr'><strong>de</strong></span> <span class='ocrx_word' id='word_1_796' title='bbox 2675 4102 2825 4138; x_wconf 87' lang='lat' dir='ltr'><strong>carne</strong></span> <span class='ocrx_word' id='word_1_797' title='bbox 2852 4101 2981 4138; x_wconf 85' lang='lat' dir='ltr'><strong>utea.</strong></span> <span class='ocrx_word' id='word_1_798' title='bbox 3010 4083 3259 4141; x_wconf 79' lang='lat' dir='ltr'><strong>Nonnulli</strong></span> <span class='ocrx_word' id='word_1_799' title='bbox 3286 4101 3414 4142; x_wconf 83' lang='lat' dir='ltr'><strong>vero</strong></span> <span class='ocrx_word' id='word_1_800' title='bbox 3440 4087 3646 4151; x_wconf 85' lang='lat' dir='ltr'><strong>dicunt,</strong></span> 
     </span>
    </p>
   </div>
   <div class='ocr_carea' id='block_1_103' title="bbox 2058 4176 3647 4242">
    <p class='ocr_par' dir='ltr' id='par_1_103' title="bbox 2058 4176 3647 4242">
     <span class='ocr_line' id='line_1_103' title="bbox 2058 4176 3647 4242; baseline 0 -9"><span class='ocrx_word' id='word_1_801' title='bbox 2058 4196 2162 4233; x_wconf 89' lang='lat' dir='ltr'><strong>non</strong></span> <span class='ocrx_word' id='word_1_802' title='bbox 2187 4179 2236 4233; x_wconf 94' lang='lat' dir='ltr'><strong>id</strong></span> <span class='ocrx_word' id='word_1_803' title='bbox 2268 4178 2436 4231; x_wconf 89' lang='lat' dir='ltr'><strong>solum</strong></span> <span class='ocrx_word' id='word_1_804' title='bbox 2466 4192 2586 4230; x_wconf 89' lang='lat' dir='ltr'><strong>eum</strong></span> <span class='ocrx_word' id='word_1_805' title='bbox 2632 4177 2871 4242; x_wconf 81' lang='lat' dir='ltr'><strong>innuero,</strong></span> <span class='ocrx_word' id='word_1_806' title='bbox 2900 4176 2993 4229; x_wconf 82' lang='lat' dir='ltr'><strong>sed</strong></span> <span class='ocrx_word' id='word_1_807' title='bbox 3033 4178 3192 4231; x_wconf 86' lang='lat' dir='ltr'><strong>ctiam</strong></span> <span class='ocrx_word' id='word_1_808' title='bbox 3220 4179 3508 4233; x_wconf 87' lang='lat' dir='ltr'><strong>creationis</strong></span> <span class='ocrx_word' id='word_1_809' title='bbox 3528 4195 3647 4233; x_wconf 87' lang='lat' dir='ltr'><strong>mo-</strong></span> 
     </span>
    </p>
   </div>
   <div class='ocr_carea' id='block_1_104' title="bbox 2056 4267 3646 4340">
    <p class='ocr_par' dir='ltr' id='par_1_104' title="bbox 2056 4267 3646 4340">
     <span class='ocr_line' id='line_1_104' title="bbox 2056 4267 3646 4340; baseline -0.003 -15"><span class='ocrx_word' id='word_1_810' title='bbox 2056 4273 2205 4336; x_wconf 89' lang='lat' dir='ltr'><strong>dmn,</strong></span> <span class='ocrx_word' id='word_1_811' title='bbox 2230 4284 2401 4340; x_wconf 87' lang='lat' dir='ltr'><strong>neque</strong></span> <span class='ocrx_word' id='word_1_812' title='bbox 2423 4267 2537 4323; x_wconf 90' lang='lat' dir='ltr'><strong>fore</strong></span> <span class='ocrx_word' id='word_1_813' title='bbox 2559 4277 2613 4321; x_wconf 87' lang='grc' dir='ltr'><strong>ιιι</strong></span> <span class='ocrx_word' id='word_1_814' title='bbox 2637 4282 2819 4321; x_wconf 89' lang='lat' dir='ltr'><strong>rursus</strong></span> <span class='ocrx_word' id='word_1_815' title='bbox 2841 4267 3032 4321; x_wconf 89' lang='lat' dir='ltr'><strong>mulier</strong></span> <span class='ocrx_word' id='word_1_816' title='bbox 3057 4283 3118 4321; x_wconf 89' lang='lat' dir='ltr'><strong>ea</strong></span> <span class='ocrx_word' id='word_1_817' title='bbox 3148 4270 3352 4322; x_wconf 92' lang='lat' dir='ltr'><strong>ratione</strong></span> <span class='ocrx_word' id='word_1_818' title='bbox 3377 4280 3646 4331; x_wconf 82' lang='lat' dir='ltr'><strong>nascatur,</strong></span> 
     </span>
    </p>
   </div>
   <div class='ocr_carea' id='block_1_105' title="bbox 2060 4356 3650 4433">
    <p class='ocr_par' dir='ltr' id='par_1_105' title="bbox 2060 4356 3650 4433">
     <span class='ocr_line' id='line_1_105' title="bbox 2060 4356 3650 4433; baseline -0.001 -19"><span class='ocrx_word' id='word_1_819' title='bbox 2060 4373 2337 4433; x_wconf 80' lang='lat' dir='ltr'><strong>propterea</strong></span> <span class='ocrx_word' id='word_1_820' title='bbox 2382 4360 2603 4422; x_wconf 80' lang='lat' dir='ltr'><strong>dixisse,</strong></span> <span class='ocrx_word' id='word_1_821' title='bbox 2642 4357 2751 4411; x_wconf 81' lang='lat' dir='ltr'><strong>&quot;ac</strong></span> <span class='ocrx_word' id='word_1_822' title='bbox 2780 4374 2931 4420; x_wconf 80' lang='lat' dir='ltr'><strong>nunc,</strong></span> <span class='ocrx_word' id='word_1_823' title='bbox 2976 4358 3116 4427; x_wconf 89' lang='lat' dir='ltr'><strong>quod</strong></span> <span class='ocrx_word' id='word_1_824' title='bbox 3158 4359 3339 4422; x_wconf 32' lang='lat' dir='ltr'><strong>utique</strong></span> <span class='ocrx_word' id='word_1_825' title='bbox 3382 4356 3517 4412; x_wconf 87' lang='lat' dir='ltr'><strong>alius</strong></span> <span class='ocrx_word' id='word_1_826' title='bbox 3565 4358 3650 4412; x_wconf 87' lang='lat' dir='ltr'><strong>iu-</strong></span> 
     </span>
    </p>
   </div>
   <div class='ocr_carea' id='block_1_106' title="bbox 2059 4448 3639 4527">
    <p class='ocr_par' dir='ltr' id='par_1_106' title="bbox 2059 4448 3639 4527">
     <span class='ocr_line' id='line_1_106' title="bbox 2059 4448 3639 4527; baseline -0.004 -16"><span class='ocrx_word' id='word_1_827' title='bbox 2059 4466 2263 4527; x_wconf 71' lang='lat' dir='ltr'><strong>ti-rpres</strong></span> <span class='ocrx_word' id='word_1_828' title='bbox 2305 4453 2604 4509; x_wconf 77' lang='lat' dir='ltr'><strong>accuratius</strong></span> <span class='ocrx_word' id='word_1_829' title='bbox 2631 4453 2986 4520; x_wconf 87' lang='lat' dir='ltr'><strong>interpretans</strong></span> <span class='ocrx_word' id='word_1_830' title='bbox 3005 4449 3159 4512; x_wconf 77' lang='lat' dir='ltr'><strong>dixit,</strong></span> <span class='ocrx_word' id='word_1_831' title='bbox 3195 4448 3305 4503; x_wconf 75' lang='lat' dir='ltr'><strong>Hoc</strong></span> <span class='ocrx_word' id='word_1_832' title='bbox 3333 4451 3486 4504; x_wconf 80' lang='lat' dir='ltr'><strong>semel</strong></span> <span class='ocrx_word' id='word_1_833' title='bbox 3516 4452 3593 4519; x_wconf 84' lang='lat' dir='ltr'><strong>(a)</strong></span> <span class='ocrx_word' id='word_1_834' title='bbox 3623 4493 3639 4515; x_wconf 93' lang='lat'><strong>,</strong></span> 
     </span>
    </p>
   </div>
   <div class='ocr_carea' id='block_1_107' title="bbox 2055 4542 3637 4619">
    <p class='ocr_par' dir='ltr' id='par_1_107' title="bbox 2055 4542 3637 4619">
     <span class='ocr_line' id='line_1_107' title="bbox 2055 4542 3637 4619; baseline -0.003 -16"><span class='ocrx_word' id='word_1_835' title='bbox 2055 4549 2204 4619; x_wconf 90' lang='lat' dir='ltr'><strong>quasi</strong></span> <span class='ocrx_word' id='word_1_836' title='bbox 2230 4547 2456 4611; x_wconf 87' lang='lat' dir='ltr'><strong>diceret,</strong></span> <span class='ocrx_word' id='word_1_837' title='bbox 2481 4543 2631 4599; x_wconf 81' lang='lat' dir='ltr'><strong>Nunc</strong></span> <span class='ocrx_word' id='word_1_838' title='bbox 2658 4553 2861 4597; x_wconf 90' lang='lat' dir='ltr'><strong>tantum</strong></span> <span class='ocrx_word' id='word_1_839' title='bbox 2892 4543 3079 4596; x_wconf 90' lang='lat' dir='ltr'><strong>mulier</strong></span> <span class='ocrx_word' id='word_1_840' title='bbox 3125 4559 3189 4597; x_wconf 74' lang='lat' dir='ltr'><strong>cx</strong></span> <span class='ocrx_word' id='word_1_841' title='bbox 3222 4542 3336 4596; x_wconf 86' lang='lat' dir='ltr'><strong>solo</strong></span> <span class='ocrx_word' id='word_1_842' title='bbox 3362 4542 3473 4597; x_wconf 87' lang='lat' dir='ltr'><strong>viro</strong></span> <span class='ocrx_word' id='word_1_843' title='bbox 3506 4545 3637 4598; x_wconf 86' lang='lat' dir='ltr'><strong>facta</strong></span> 
     </span>
    </p>
   </div>
   <div class='ocr_carea' id='block_1_108' title="bbox 2055 4634 3646 4707">
    <p class='ocr_par' dir='ltr' id='par_1_108' title="bbox 2055 4634 3646 4707">
     <span class='ocr_line' id='line_1_108' title="bbox 2055 4634 3646 4707; baseline -0.004 -13"><span class='ocrx_word' id='word_1_844' title='bbox 2055 4650 2176 4704; x_wconf 81' lang='lat' dir='ltr'><strong>est,</strong></span> <span class='ocrx_word' id='word_1_845' title='bbox 2230 4636 2450 4707; x_wconf 76' lang='lat' dir='ltr'><strong>posthac</strong></span> <span class='ocrx_word' id='word_1_846' title='bbox 2495 4645 2672 4688; x_wconf 79' lang='lat' dir='ltr'><strong>autem</strong></span> <span class='ocrx_word' id='word_1_847' title='bbox 2716 4649 2821 4687; x_wconf 87' lang='lat' dir='ltr'><strong>non</strong></span> <span class='ocrx_word' id='word_1_848' title='bbox 2867 4634 2943 4687; x_wconf 86' lang='lat' dir='ltr'><strong>sic</strong></span> <span class='ocrx_word' id='word_1_849' title='bbox 2983 4634 3106 4698; x_wconf 88' lang='lat' dir='ltr'><strong>erit,</strong></span> <span class='ocrx_word' id='word_1_850' title='bbox 3152 4634 3244 4687; x_wconf 71' lang='lat' dir='ltr'><strong>Sed</strong></span> <span class='ocrx_word' id='word_1_851' title='bbox 3274 4648 3339 4687; x_wconf 77' lang='lat' dir='ltr'><strong>ex</strong></span> <span class='ocrx_word' id='word_1_852' title='bbox 3371 4634 3646 4705; x_wconf 63' lang='lat' dir='ltr'><strong>utrisque:</strong></span> 
     </span>
    </p>
   </div>
   <div class='ocr_carea' id='block_1_109' title="bbox 2059 4726 3649 4795">
    <p class='ocr_par' dir='ltr' id='par_1_109' title="bbox 2059 4726 3649 4795">
     <span class='ocr_line' id='line_1_109' title="bbox 2059 4726 3649 4795; baseline -0.007 -8"><span class='ocrx_word' id='word_1_853' title='bbox 2059 4732 2129 4786; x_wconf 72' lang='grc' dir='ltr'><em>οε</em></span> <span class='ocrx_word' id='word_1_854' title='bbox 2150 4748 2215 4786; x_wconf 81' lang='lat' dir='ltr'><strong>ea:</strong></span> <span class='ocrx_word' id='word_1_855' title='bbox 2234 4730 2424 4785; x_wconf 77' lang='lat' dir='ltr'><strong>ossibus</strong></span> <span class='ocrx_word' id='word_1_856' title='bbox 2449 4730 2590 4792; x_wconf 84' lang='lat' dir='ltr'><strong>meis,</strong></span> <span class='ocrx_word' id='word_1_857' title='bbox 2613 4738 2659 4781; x_wconf 83' lang='lat' dir='ltr'><strong>et</strong></span> <span class='ocrx_word' id='word_1_858' title='bbox 2681 4745 2797 4781; x_wconf 80' lang='lat' dir='ltr'><strong>caro</strong></span> <span class='ocrx_word' id='word_1_859' title='bbox 2819 4727 2882 4780; x_wconf 81' lang='lat' dir='ltr'><strong>de</strong></span> <span class='ocrx_word' id='word_1_860' title='bbox 2896 4744 3048 4779; x_wconf 85' lang='lat' dir='ltr'><strong>carne</strong></span> <span class='ocrx_word' id='word_1_861' title='bbox 3069 4743 3197 4781; x_wconf 86' lang='lat' dir='ltr'><strong>mea.</strong></span> <span class='ocrx_word' id='word_1_862' title='bbox 3223 4726 3353 4781; x_wconf 82' lang='lat' dir='ltr'><strong>Nam</strong></span> <span class='ocrx_word' id='word_1_863' title='bbox 3375 4737 3649 4795; x_wconf 82' lang='lat' dir='ltr'><strong>assumpto</strong></span> 
     </span>
    </p>
   </div>
   <div class='ocr_carea' id='block_1_110' title="bbox 2056 4820 3643 4890">
    <p class='ocr_par' dir='ltr' id='par_1_110' title="bbox 2056 4820 3643 4890">
     <span class='ocr_line' id='line_1_110' title="bbox 2056 4820 3643 4890; baseline -0.006 -10"><span class='ocrx_word' id='word_1_864' title='bbox 2056 4840 2120 4880; x_wconf 76' lang='lat' dir='ltr'><strong>ex</strong></span> <span class='ocrx_word' id='word_1_865' title='bbox 2144 4834 2250 4878; x_wconf 87' lang='lat' dir='ltr'><strong>tota</strong></span> <span class='ocrx_word' id='word_1_866' title='bbox 2274 4836 2446 4877; x_wconf 86' lang='lat' dir='ltr'><strong>massa</strong></span> <span class='ocrx_word' id='word_1_867' title='bbox 2479 4821 2777 4890; x_wconf 84' lang='lat' dir='ltr'><strong>fragmento</strong></span> <span class='ocrx_word' id='word_1_868' title='bbox 2793 4836 2921 4884; x_wconf 89' lang='lat' dir='ltr'><strong>uno,</strong></span> <span class='ocrx_word' id='word_1_869' title='bbox 2947 4820 3026 4873; x_wconf 89' lang='lat' dir='ltr'><strong>sic</strong></span> <span class='ocrx_word' id='word_1_870' title='bbox 3068 4820 3347 4875; x_wconf 90' lang='lat' dir='ltr'><strong>mulierem</strong></span> <span class='ocrx_word' id='word_1_871' title='bbox 3374 4820 3643 4880; x_wconf 85' lang='lat' dir='ltr'><strong>formavit.</strong></span> 
     </span>
    </p>
   </div>
   <div class='ocr_carea' id='block_1_111' title="bbox 2060 4909 3642 4969">
    <p class='ocr_par' dir='ltr' id='par_1_111' title="bbox 2060 4909 3642 4969">
     <span class='ocr_line' id='line_1_111' title="bbox 2060 4909 3642 4969; baseline -0.006 1"><span class='ocrx_word' id='word_1_872' title='bbox 2060 4927 2114 4969; x_wconf 93' lang='lat' dir='ltr'><strong>nt</strong></span> <span class='ocrx_word' id='word_1_873' title='bbox 2142 4917 2192 4969; x_wconf 91' lang='lat' dir='ltr'><strong>in</strong></span> <span class='ocrx_word' id='word_1_874' title='bbox 2224 4914 2471 4968; x_wconf 87' lang='lat' dir='ltr'><strong>omnibus</strong></span> <span class='ocrx_word' id='word_1_875' title='bbox 2496 4913 2615 4965; x_wconf 82' lang='lat' dir='ltr'><strong>viro</strong></span> <span class='ocrx_word' id='word_1_876' title='bbox 2653 4910 3030 4964; x_wconf 85' lang='lat' dir='ltr'><strong>communicet.</strong></span> <span class='ocrx_word' id='word_1_877' title='bbox 3083 4909 3205 4963; x_wconf 72' lang='grc' dir='ltr'><strong>Ηωε</strong></span> <span class='ocrx_word' id='word_1_878' title='bbox 3247 4911 3503 4963; x_wconf 71' lang='lat' dir='ltr'><strong>vocabitur</strong></span> <span class='ocrx_word' id='word_1_879' title='bbox 3527 4925 3642 4961; x_wconf 81' lang='lat' dir='ltr'><strong>mu-</strong></span> 
     </span>
    </p>
   </div>
   <div class='ocr_carea' id='block_1_112' title="bbox 2056 4997 3647 5077">
    <p class='ocr_par' dir='ltr' id='par_1_112' title="bbox 2056 4997 3647 5077">
     <span class='ocr_line' id='line_1_112' title="bbox 2056 4997 3647 5077; baseline -0.006 -13"><span class='ocrx_word' id='word_1_880' title='bbox 2056 5012 2169 5071; x_wconf 71' lang='lat' dir='ltr'><strong>lier,</strong></span> <span class='ocrx_word' id='word_1_881' title='bbox 2228 5006 2418 5077; x_wconf 90' lang='lat' dir='ltr'><strong>inquit,</strong></span> <span class='ocrx_word' id='word_1_882' title='bbox 2468 5004 2706 5073; x_wconf 80' lang='lat' dir='ltr'><strong>quoniam</strong></span> <span class='ocrx_word' id='word_1_883' title='bbox 2754 5003 2817 5054; x_wconf 86' lang='lat' dir='ltr'><strong>de</strong></span> <span class='ocrx_word' id='word_1_884' title='bbox 2865 5003 2971 5054; x_wconf 75' lang='lat' dir='ltr'><strong>viro</strong></span> <span class='ocrx_word' id='word_1_885' title='bbox 3015 5010 3216 5071; x_wconf 76' lang='lat' dir='ltr'><strong>sutana</strong></span> <span class='ocrx_word' id='word_1_886' title='bbox 3258 5010 3349 5053; x_wconf 88' lang='lat' dir='ltr'><strong>est.</strong></span> <span class='ocrx_word' id='word_1_887' title='bbox 3406 4997 3565 5054; x_wconf 80' lang='lat' dir='ltr'><strong>Vides</strong></span> <span class='ocrx_word' id='word_1_888' title='bbox 3590 5011 3647 5055; x_wconf 90' lang='lat' dir='ltr'><strong>ut</strong></span> 
     </span>
    </p>
   </div>
   <div class='ocr_carea' id='block_1_113' title="bbox 2059 5091 3650 5167">
    <p class='ocr_par' dir='ltr' id='par_1_113' title="bbox 2059 5091 3650 5167">
     <span class='ocr_line' id='line_1_113' title="bbox 2059 5091 3650 5167; baseline -0.005 -13"><span class='ocrx_word' id='word_1_889' title='bbox 2059 5103 2220 5155; x_wconf 78' lang='lat' dir='ltr'><strong>etiam</strong></span> <span class='ocrx_word' id='word_1_890' title='bbox 2252 5096 2660 5167; x_wconf 72' lang='lat' dir='ltr'><strong>appellationtem</strong></span> <span class='ocrx_word' id='word_1_891' title='bbox 2711 5094 2907 5147; x_wconf 86' lang='lat' dir='ltr'><strong>idcirco</strong></span> <span class='ocrx_word' id='word_1_892' title='bbox 2951 5094 3212 5163; x_wconf 76' lang='lat' dir='ltr'><strong>imponat,</strong></span> <span class='ocrx_word' id='word_1_893' title='bbox 3256 5100 3317 5145; x_wconf 88' lang='lat' dir='ltr'><strong>ut</strong></span> <span class='ocrx_word' id='word_1_894' title='bbox 3366 5091 3650 5160; x_wconf 84' lang='lat' dir='ltr'><strong>appellatio</strong></span> 
     </span>
    </p>
   </div>
   <div class='ocr_carea' id='block_1_114' title="bbox 2058 5182 3651 5252">
    <p class='ocr_par' dir='ltr' id='par_1_114' title="bbox 2058 5182 3651 5252">
     <span class='ocr_line' id='line_1_114' title="bbox 2058 5182 3651 5252; baseline -0.006 -6"><span class='ocrx_word' id='word_1_895' title='bbox 2058 5190 2485 5246; x_wconf 89' lang='lat' dir='ltr'><strong>communionem</strong></span> <span class='ocrx_word' id='word_1_896' title='bbox 2512 5196 2714 5240; x_wconf 78' lang='lat' dir='ltr'><strong>natura-</strong></span> <span class='ocrx_word' id='word_1_897' title='bbox 2739 5186 3089 5248; x_wconf 86' lang='lat' dir='ltr'><strong>demonstret,</strong></span> <span class='ocrx_word' id='word_1_898' title='bbox 3118 5193 3172 5237; x_wconf 89' lang='lat' dir='ltr'><strong>et</strong></span> <span class='ocrx_word' id='word_1_899' title='bbox 3197 5183 3364 5252; x_wconf 82' lang='lat' dir='ltr'><strong>ipsius</strong></span> <span class='ocrx_word' id='word_1_900' title='bbox 3395 5182 3651 5237; x_wconf 87' lang='lat' dir='ltr'><strong>naturalis</strong></span> 
     </span>
    </p>
   </div>
   <div class='ocr_carea' id='block_1_115' title="bbox 2057 5272 3647 5342">
    <p class='ocr_par' dir='ltr' id='par_1_115' title="bbox 2057 5272 3647 5342">
     <span class='ocr_line' id='line_1_115' title="bbox 2057 5272 3647 5342; baseline -0.007 -5"><span class='ocrx_word' id='word_1_901' title='bbox 2057 5277 2448 5337; x_wconf 89' lang='lat' dir='ltr'><strong>communionis</strong></span> <span class='ocrx_word' id='word_1_902' title='bbox 2487 5275 2875 5330; x_wconf 83' lang='lat' dir='ltr'><strong>demonstratio</strong></span> <span class='ocrx_word' id='word_1_903' title='bbox 2903 5282 2957 5326; x_wconf 90' lang='lat' dir='ltr'><strong>et</strong></span> <span class='ocrx_word' id='word_1_904' title='bbox 2984 5273 3271 5327; x_wconf 86' lang='lat' dir='ltr'><strong>creationis</strong></span> <span class='ocrx_word' id='word_1_905' title='bbox 3313 5272 3502 5328; x_wconf 86' lang='lat' dir='ltr'><strong>modus</strong></span> <span class='ocrx_word' id='word_1_906' title='bbox 3532 5289 3647 5342; x_wconf 61' lang='lat' dir='ltr'><strong>per.</strong></span> 
     </span>
    </p>
   </div>
   <div class='ocr_carea' id='block_1_116' title="bbox 2061 5363 3653 5446">
    <p class='ocr_par' dir='ltr' id='par_1_116' title="bbox 2061 5363 3653 5446">
     <span class='ocr_line' id='line_1_116' title="bbox 2061 5363 3653 5446; baseline -0.006 -16"><span class='ocrx_word' id='word_1_907' title='bbox 2061 5375 2204 5446; x_wconf 84' lang='lat' dir='ltr'><strong>petui</strong></span> <span class='ocrx_word' id='word_1_908' title='bbox 2245 5370 2444 5427; x_wconf 87' lang='lat' dir='ltr'><strong>amoris</strong></span> <span class='ocrx_word' id='word_1_909' title='bbox 2481 5367 2713 5430; x_wconf 89' lang='lat' dir='ltr'><strong>occasio,</strong></span> <span class='ocrx_word' id='word_1_910' title='bbox 2772 5374 2829 5419; x_wconf 89' lang='lat' dir='ltr'><strong>et</strong></span> <span class='ocrx_word' id='word_1_911' title='bbox 2886 5364 3151 5417; x_wconf 76' lang='lat' dir='ltr'><strong>vinculum</strong></span> <span class='ocrx_word' id='word_1_912' title='bbox 3196 5364 3266 5420; x_wconf 89' lang='lat' dir='ltr'><strong>sit</strong></span> <span class='ocrx_word' id='word_1_913' title='bbox 3314 5363 3653 5420; x_wconf 65' lang='lat' dir='ltr'><strong>concurdLn?</strong></span> 
     </span>
    </p>
   </div>
   <div class='ocr_carea' id='block_1_117' title="bbox 2122 5519 3651 5593">
    <p class='ocr_par' dir='ltr' id='par_1_117' title="bbox 2122 5519 3651 5593">
     <span class='ocr_line' id='line_1_117' title="bbox 2122 5519 3651 5593; baseline -0.007 -11"><span class='ocrx_word' id='word_1_914' title='bbox 2122 5532 2195 5593; x_wconf 89' lang='lat' dir='ltr'><strong>(a)</strong></span> <span class='ocrx_word' id='word_1_915' title='bbox 2229 5535 2369 5579; x_wconf 75' lang='lat' dir='ltr'><strong>Juxta</strong></span> <span class='ocrx_word' id='word_1_916' title='bbox 2392 5528 2513 5577; x_wconf 88' lang='lat' dir='ltr'><strong>duos</strong></span> <span class='ocrx_word' id='word_1_917' title='bbox 2536 5526 2855 5593; x_wconf 52' lang='lat' dir='ltr'><strong>interpretes,</strong></span> <span class='ocrx_word' id='word_1_918' title='bbox 2864 5521 3398 5593; x_wconf 34' lang='lat' dir='ltr'><strong>nempe‘Symmacbum</strong></span> <span class='ocrx_word' id='word_1_919' title='bbox 3423 5529 3477 5571; x_wconf 82' lang='lat' dir='ltr'><strong>et</strong></span> <span class='ocrx_word' id='word_1_920' title='bbox 3496 5519 3651 5593; x_wconf 65' lang='lat' dir='ltr'><strong>Thro-</strong></span> 
     </span>
    </p>
   </div>
   <div class='ocr_carea' id='block_1_118' title="bbox 2059 5580 3651 5649">
    <p class='ocr_par' dir='ltr' id='par_1_118' title="bbox 2059 5580 3651 5649">
     <span class='ocr_line' id='line_1_118' title="bbox 2059 5580 3651 5649; baseline -0.009 -6"><span class='ocrx_word' id='word_1_921' title='bbox 2059 5580 2475 5649; x_wconf 53' lang='lat' dir='ltr'><strong>doiionemnoces</strong></span> <span class='ocrx_word' id='word_1_922' title='bbox 2496 5580 2743 5636; x_wconf 73' lang='lat' dir='ltr'><strong>ttelraicze</strong></span> <span class='ocrx_word' id='word_1_923' title='bbox 2778 5590 2940 5643; x_wconf 65' lang='lat' dir='ltr'><strong>apart</strong></span> <span class='ocrx_word' id='word_1_924' title='bbox 2965 5580 3075 5638; x_wconf 61' lang='lat' dir='ltr'><strong>ﬁt&quot;</strong></span> <span class='ocrx_word' id='word_1_925' title='bbox 3101 5580 3355 5634; x_wconf 67' lang='lat' dir='ltr'><strong>vertam</strong></span> <span class='ocrx_word' id='word_1_926' title='bbox 3391 5596 3449 5635; x_wconf 82' lang='lat' dir='ltr'><strong>su</strong></span> <span class='ocrx_word' id='word_1_927' title='bbox 3470 5590 3521 5637; x_wconf 80' lang='lat' dir='ltr'><strong>tt.</strong></span> <span class='ocrx_word' id='word_1_928' title='bbox 3560 5580 3651 5632; x_wconf 72' lang='lat' dir='ltr'><strong>hac</strong></span> 
     </span>
    </p>
   </div>
   <div class='ocr_carea' id='block_1_119' title="bbox 2061 5652 3651 5730">
    <p class='ocr_par' dir='ltr' id='par_1_119' title="bbox 2061 5652 3651 5730">
     <span class='ocr_line' id='line_1_119' title="bbox 2061 5652 3651 5730; baseline -0.009 -18"><span class='ocrx_word' id='word_1_929' title='bbox 2061 5666 2205 5730; x_wconf 66' lang='lat' dir='ltr'><strong>semet</strong></span> <span class='ocrx_word' id='word_1_930' title='bbox 2226 5676 2239 5722; x_wconf 83' lang='lat'><strong><em>;</em></strong></span> <span class='ocrx_word' id='word_1_931' title='bbox 2264 5669 2322 5710; x_wconf 60' lang='lat' dir='ltr'><strong>ait</strong></span> <span class='ocrx_word' id='word_1_932' title='bbox 2351 5660 2550 5730; x_wconf 69' lang='lat' dir='ltr'><strong>literato</strong></span> <span class='ocrx_word' id='word_1_933' title='bbox 2575 5670 2691 5730; x_wconf 50' lang='lat' dir='ltr'><strong>verit</strong></span> <span class='ocrx_word' id='word_1_934' title='bbox 2729 5659 2796 5704; x_wconf 79' lang='lat' dir='ltr'><strong>sic.</strong></span> <span class='ocrx_word' id='word_1_935' title='bbox 2820 5657 3216 5730; x_wconf 66' lang='lat' dir='ltr'><strong>interpretamur,</strong></span> <span class='ocrx_word' id='word_1_936' title='bbox 3249 5654 3341 5730; x_wconf 60' lang='lat' dir='ltr'><strong>(iac</strong></span> <span class='ocrx_word' id='word_1_937' title='bbox 3364 5652 3479 5710; x_wconf 59' lang='lat' dir='ltr'><strong>rice,</strong></span> <span class='ocrx_word' id='word_1_938' title='bbox 3520 5652 3651 5730; x_wconf 65' lang='lat' dir='ltr'><strong>quod</strong></span> 
     </span>
    </p>
   </div>
   <div class='ocr_carea' id='block_1_120' title="bbox 2066 5714 3603 5779">
    <p class='ocr_par' dir='ltr' id='par_1_120' title="bbox 2066 5714 3603 5779">
     <span class='ocr_line' id='line_1_120' title="bbox 2066 5714 3603 5779; baseline -0.005 -8"><span class='ocrx_word' id='word_1_939' title='bbox 2066 5714 2241 5778; x_wconf 51' lang='lat' dir='ltr'><strong>autem</strong></span> <span class='ocrx_word' id='word_1_940' title='bbox 2264 5722 2449 5773; x_wconf 74' lang='lat' dir='ltr'><strong>recidit.</strong></span> <span class='ocrx_word' id='word_1_941' title='bbox 2476 5722 2514 5769; x_wconf 80' lang='lat' dir='ltr'><strong>si</strong></span> <span class='ocrx_word' id='word_1_942' title='bbox 2542 5718 2802 5779; x_wconf 71' lang='lat' dir='ltr'><strong>intelligas,</strong></span> <span class='ocrx_word' id='word_1_943' title='bbox 2828 5718 2915 5768; x_wconf 67' lang='lat' dir='ltr'><strong>huc</strong></span> <span class='ocrx_word' id='word_1_944' title='bbox 2940 5714 3037 5768; x_wconf 65' lang='lat' dir='ltr'><strong>rice</strong></span> <span class='ocrx_word' id='word_1_945' title='bbox 3062 5720 3231 5774; x_wconf 72' lang='lat' dir='ltr'><strong>solum,</strong></span> <span class='ocrx_word' id='word_1_946' title='bbox 3254 5718 3297 5763; x_wconf 93' lang='lat' dir='ltr'><strong>id</strong></span> <span class='ocrx_word' id='word_1_947' title='bbox 3322 5725 3417 5774; x_wconf 73' lang='lat' dir='ltr'><strong>est,</strong></span> <span class='ocrx_word' id='word_1_948' title='bbox 3440 5714 3603 5764; x_wconf 74' lang='lat' dir='ltr'><strong>semel.</strong></span> 
     </span>
    </p>
   </div>
  </div>
