4134 6214
525 277 628 332 [‘07

531 390 735 448 Deinde
773 404 903 447 vero
928 389 1051 462 quid
1080 386 1194 442 ait?
1220 385 1438 456 Propter
1458 385 1553 438 hoc
1567 386 1812 451 relinquet
1839 383 1988 436 homo
2015 398 2113 452 pa-

527 493 655 532 trem
675 496 843 544 suum,
879 490 928 534 et
967 488 1174 532 matrem
1212 493 1378 543 suam,
1424 486 1470 530 et
1507 475 1781 530 adhterebit
1817 474 1964 528 uxori
2011 487 2118 526 sua

529 567 695 638 (Gen.
725 570 781 622 2.
809 569 877 623 Si
902 571 938 634 ).
965 567 1078 623 Non
1127 566 1439 636 simpliciter
1492 565 1647 631 dixit,
1699 563 1944 623 Uuietur,
1997 561 2115 626 sed,

524 659 833 718 Αάὴαινεόῐι.
881 667 941 714 ut
982 673 1244 712 summam
1281 656 1718 725 coniunctionem
1743 653 2114 724 significaret:

529 751 757 804 Etenim
784 750 882 802 duo
918 750 967 803 in
1005 765 1213 803 carnem
1251 765 1424 802 unam.
1457 748 1665 818 Ergone
1695 746 1783 816 qui
1814 756 1918 798 tam
1951 744 2116 798 multa

524 851 760 905 noverat,
793 840 894 903 dic,
920 855 1102 909 qumso
1129 882 1145 906 ,
1173 839 1298 910 quid
1327 849 1471 894 esset
1502 839 1721 903 bonum,
1747 836 1868 906 quid
1896 834 2115 898 malum,

523 931 838 1001 ignorabat?
875 931 939 986 Et
979 932 1060 985 cui
1094 930 1337 985 videatur
1361 930 1412 984 id
1445 929 1634 982 rationi
1659 923 2118 981 consentaneum?

522 1024 579 1079 Si
606 1023 747 1077 enim
779 1023 1051 1076 nesciebat
1077 1021 1200 1092 quid
1242 1021 1440 1074 bonum
1466 1029 1628 1084 cs~et,
1661 1029 1715 1074 et
1743 1019 1866 1089 quid
1897 1019 2114 1084 malum,

519 1127 806 1184 antequam
833 1114 900 1168 de
930 1113 1074 1184 ligno
1109 1113 1438 1177 comedet-et,
1479 1113 1572 1166 sed
1605 1122 1723 1181 post
1749 1111 2114 1165 manducatio-

521 1221 642 1260 nem
665 1205 717 1260 id
742 1205 946 1270 didicit,
972 1214 1241 1275 peccatum
1265 1203 1336 1258 illi
1359 1203 1632 1274 Sapientia:
1656 1202 1906 1273 magister
1922 1203 2114 1256 factum

523 1304 628 1362 est,
663 1306 717 1350 et
746 1310 968 1366 serpens
992 1309 1096 1349 non
1122 1293 1234 1363 jam
1264 1293 1534 1359 seductor,
1577 1292 1670 1348 sed
1703 1293 1907 1346 utilium
1934 1306 2113 1347 rerum

525 1386 863 1442 consiliarius
909 1396 991 1441 est
1043 1385 1384 1449 constitutus,
1441 1399 1672 1453 eumque
1729 1384 1998 1438 hominem
2047 1398 2115 1437 ex

524 1477 698 1531 bellua
721 1476 970 1531 reddidit.
1004 1476 1153 1531 Absit
1185 1475 1286 1529 hoc
1309 1493 1322 1528 :
1348 1491 1452 1529 non
1475 1475 1616 1529 enim
1645 1476 1712 1528 ita
1738 1490 1796 1529 se
1823 1489 1909 1529 res
1933 1473 2116 1539 habet,

524 1576 736 1622 nonest
761 1569 852 1622 ita.
877 1567 1008 1622 Nam
1039 1569 1085 1621 si
1119 1567 1388 1622 nesciebat
1414 1566 1541 1638 quid
1573 1567 1767 1622 bonum
1797 1576 1958 1626 esset,
1987 1567 2116 1637 quid

524 1659 742 1721 malum,
793 1656 1060 1728 quomodo
1091 1657 1394 1712 mandatum
1435 1657 1676 1728 accepit?
1727 1656 1892 1712 Nemo
1919 1657 2117 1727 quippe

523 1749 692 1818 legem
721 1748 825 1802 fert
851 1749 922 1815 ei,
950 1749 1038 1818 qui
1068 1750 1269 1818 nesciat
1292 1748 1487 1802 malum
1513 1748 1640 1818 quid
1668 1763 1787 1803 esse
1813 1758 2112 1819 transgres-

521 1839 728 1892 sionem
760 1857 772 1891 :
805 1839 950 1906 atqui
983 1839 1124 1892 Deus
1149 1848 1205 1893 et
1249 1840 1387 1902 tulit,
1415 1847 1472 1893 et
1519 1847 1966 1908 transgressorcm
2016 1854 2114 1908 pu-

528 1929 680 1994 nivit,
710 1929 799 1998 qui
826 1929 1008 1998 utique
1049 1939 1293 1984 neutrum
1325 1930 1511 1982 horum
1530 1927 1765 1992 fecisset,
1793 1930 1893 1983 nisi
1919 1945 1949 1985 e
1973 1931 2116 2000 prin-

527 2022 665 2091 cipio
713 2021 1014 2075 facultatem
1062 2020 1404 2091 dignoscendi
1459 2022 1706 2075 virtutem
1742 2035 1806 2075 ac
1853 2020 2036 2075 vitium
2065 2022 2114 2077 ei

528 2113 818 2168 tribuisset.
849 2112 1009 2168 Vides
1035 2123 1089 2167 ut
1113 2114 1265 2168 nobis
1290 2113 1434 2167 onmi
1475 2129 1537 2167 ex
1572 2124 1720 2182 parte
1744 2113 1960 2183 liqueat,
1989 2129 2112 2168 eum

526 2218 630 2256 non
678 2204 850 2257 solum
885 2211 1162 2273 postquam
1192 2205 1445 2269 comedit,
1491 2204 1702 2258 novisse
1746 2203 1872 2274 quid
1915 2207 2113 2259 bonum

519 2306 684 2360 esset,
713 2297 839 2365 quid
868 2296 1084 2358 malum.
1116 2296 1208 2351 sed
1237 2306 1290 2350 et
1315 2307 1468 2350 antea
1501 2296 1626 2350 illud
1658 2297 1898 2351 scivisse.

594 2386 843 2458 Epilogus
865 2387 1127 2442 sermonis.
1150 2417 1221 2426 —-—
1237 2386 1361 2441 Haec
1388 2386 1547 2456 igitur
1565 2386 1744 2442 omnia
1767 2387 2111 2449 retineamus,

521 2479 886 2543 dilectissimi,
931 2493 994 2532 ac
1042 2478 1257 2531 domum
1303 2479 1500 2532 reversi
1551 2477 1816 2547 duplicent
1873 2492 2112 2531 mensam

523 2583 875 2640 appellamus,
905 2583 1064 2623 unam
1094 2568 1359 2630 ciborum,
1387 2568 1610 2622 alteram
1637 2583 1804 2622 sacrm
1825 2567 2067 2622 lectionis
2097 2585 2109 2621 :

526 2669 582 2714 et
608 2658 685 2713 vir
709 2658 921 2728 quidem
953 2672 1015 2711 ea
1041 2673 1160 2726 qua:
1187 2657 1323 2710 dicta
1347 2666 1472 2710 sunt
1499 2665 1724 2725 repetat,
1770 2673 1906 2711 uxor
1934 2668 2110 2710 autem

525 2750 750 2812 ediscat,
805 2748 1022 2802 audiant
1065 2746 1249 2812 liberi,
1307 2761 1479 2817 neque
1537 2747 1719 2802 famuli
1769 2763 1829 2802 ea
1887 2749 2114 2802 lectione

526 2845 857 2898 fraudentur.
900 2843 1122 2898 Domum
1152 2853 1292 2897 tuam
1319 2841 1472 2896 eflice
1495 2841 1774 2896 ecclesiam
1809 2858 1821 2893 ε
1850 2840 2110 2910 s'quidcm

524 2946 576 2988 et
609 2934 895 2988 liberorum
924 2943 977 2989 et
1005 2933 1321 2989 famulorum
1364 2934 1546 2987 salutis
1566 2940 1650 2986 est
1687 2932 1779 2986 tibi
1810 2935 1944 2987 ratio
1987 2932 2109 2988 red-

525 3024 698 3077 denda
727 3042 739 3077 :
769 3032 822 3077 ct
861 3025 998 3078 sicut
1018 3039 1048 3078 a
1077 3023 1230 3079 nobis
1253 3024 1530 3092 exigentur
1555 3023 1786 3076 rationes
1814 3039 1908 3093 pro
1939 3024 2108 3089 vobis,

524 3116 602 3170 sic
628 3116 696 3169 ah
721 3130 1038 3186 unoquoque
1079 3125 1311 3170 vestrum
1341 3130 1436 3184 pro
1468 3113 1685 3177 famulo,
1717 3129 1811 3184 pro
1833 3131 2016 3180 uxore,
2049 3130 2112 3169 ac

522 3222 619 3277 pro
641 3207 746 3261 lilio
768 3207 902 3260 ratio
930 3217 1261 3276 reposcetur.
1301 3205 1478 3276 Itaque
1509 3213 1629 3275 post
1655 3205 1955 3274 huiusmodi
1985 3221 2112 3259 nar-

521 3300 755 3353 rationes
801 3297 1113 3352 suavissima
1153 3311 1250 3351 nos
1276 3297 1539 3365 excipient
1569 3297 1851 3359 insomnia,
1895 3298 2104 3351 omnis-

519 3405 623 3460 que
657 3389 878 3444 visionis
927 3389 1164 3458 expertia
1197 3406 1212 3443 :
1240 3388 1416 3459 qualia
1471 3401 1698 3455 namque
1744 3386 1881 3440 solet
1933 3385 2106 3440 anima

523 3480 754 3536 interdiu
781 3479 1051 3545 meditari,
1096 3479 1221 3532 talia
1269 3486 1323 3532 et
1355 3477 1407 3530 in
1451 3476 1656 3530 somnis
1697 3475 2012 3546 imaginatur
2057 3485 2110 3530 et

519 3575 740 3644 efliugit.
786 3571 940 3640 Quod
968 3572 1013 3628 si
1051 3587 1169 3642 qua:
1212 3570 1432 3640 singulis
1456 3568 1644 3623 diebus
1690 3568 1955 3632 dicuntur,
1989 3586 2104 3623 me-

517 3669 654 3723 mori
682 3676 859 3722 mente
883 3679 1178 3730 servemus,
1205 3677 1398 3734 magno
1421 3662 1601 3716 labore
1629 3676 1766 3730 Opus
1802 3676 1905 3715 non
1954 3663 2054 3716 erit
2091 3681 2104 3717 :

520 3774 857 3831 consequens
911 3758 1109 3830 quippe
1157 3771 1336 3812 sermo
1386 3754 1670 3810 dilucidior
1721 3755 1871 3810 vobis
1905 3756 2027 3822 erit,
2055 3765 2110 3811 et

518 3853 720 3908 facilior
749 3853 835 3906 lict
861 3859 916 3908 et
937 3850 1222 3920 proclivior
1247 3857 1428 3904 noster
1454 3847 1519 3902 ad
1546 3846 1841 3902 docendum
1864 3857 2104 3902 conatus.

522 3943 590 3999 Ut
617 3943 772 4013 igitur
789 3943 962 4011 aliqua
983 3941 1105 3996 inde
1127 3940 1324 3995 utilitas
1349 3949 1402 3995 et
1429 3938 1494 3993 ad
1526 3953 1623 3993 nos
1643 3948 1698 3993 et
1721 3939 1786 3992 ad
1819 3953 1914 3993 vos
1934 3938 2106 3993 dima-

517 4045 610 4090 net
639 4033 744 4089 :ad
777 4048 873 4087 nos
916 4032 1152 4102 quidem,
1179 4047 1246 4088 eu
1269 4031 1409 4102 quod
1435 4031 1741 4099 doceamus,
1769 4031 1834 4086 ad
1877 4048 1972 4086 vos
2015 4048 2109 4086 au-

518 4136 648 4189 tem,
681 4123 820 4193 quod
849 4125 1075 4177 audiatis
1105 4141 1118 4178 :
1152 4133 1272 4192 post
1314 4138 1551 4178 mensam
1579 4123 1909 4192 corporalem
1949 4123 2109 4192 spiri-

519 4214 674 4270 tualis
716 4215 876 4268 etiam
922 4227 1102 4268 mensa
1135 4212 1286 4268 vobis
1313 4214 1620 4268 instruatur.
1664 4213 1753 4267 Illa
1785 4213 1928 4269 enim
1955 4215 2107 4268 vobis

514 4317 568 4363 et
596 4306 664 4363 ad
693 4307 1030 4362 secnritalem
1048 4315 1102 4361 et
1116 4305 1181 4360 ad
1203 4315 1448 4361 ornatum
1469 4306 1584 4360 usui
1606 4315 1781 4373 erunt,
1803 4317 1857 4362 et
1886 4306 2106 4375 IIIIleSt'e

516 4401 638 4452 vitae
699 4398 908 4468 negotia
968 4397 1035 4451 ad
1088 4407 1320 4451 vestram
1378 4396 1655 4451 utilitatem
1695 4397 1884 4467 diriget
1927 4397 2102 4465 Dens,

513 4491 798 4559 omniaque
849 4489 1001 4544 vobis
1033 4503 1196 4559 prona
1228 4497 1283 4543 et
1328 4489 1578 4558 proclivia
1610 4488 1919 4544 reddentur.
1953 4490 2104 4554 ρυω-

513 4580 609 4633 rite
637 4580 793 4644 enim,
851 4579 1037 4649 inquit,
1089 4579 1308 4648 primum
1354 4593 1562 4647 regnum
1612 4579 1870 4644 cwlorum,
1924 4590 1968 4634 et
1997 4581 2105 4634 [nec

511 4670 685 4725 omnia
730 4669 1032 4740 adﬁcientur
1078 4668 1213 4722 vobis
1260 4667 1484 4740 (Matth.
1531 4669 1584 4723 6.
1640 4669 1773 4737 35).
1811 4671 1920 4723 lloc
1944 4671 2104 4741 igitur

513 4776 845 4840 quaeramus,
887 4761 1237 4828 dilectissimi,
1263 4773 1317 4816 ut
1348 4771 1400 4815 et
1432 4761 1582 4816 istius
1629 4771 1684 4815 et
1728 4762 1864 4814 illius
1914 4762 2101 4819 futurte

513 4861 637 4912 vitat
664 4856 801 4912 bona
826 4870 1240 4924 consequamur,
1267 4856 1432 4926 gratia
1460 4865 1513 4910 et
1542 4855 1867 4926 benignitate
1892 4857 2097 4914 Domini

512 4949 680 5003 nostri
708 4948 835 5003 Jesu
862 4947 1082 5013 Christi,
1111 4961 1204 5017 per
1228 4962 1386 5018 quem
1417 4955 1471 5001 et
1490 4963 1610 5002 cum
1633 4962 1737 5018 quo
1762 4947 1926 5017 gloria
1958 4948 2098 5005 Patri

508 5051 563 5096 et
585 5040 806 5110 Spiritui
838 5049 1048 5107 sancto,
1083 5055 1222 5095 nunc
1259 5048 1314 5095 ct
1339 5055 1571 5110 semper,
1601 5047 1655 5094 ct
1683 5041 1733 5094 in
1759 5042 1954 5096 szecula
1993 5057 2099 5099 sa:-

508 5131 772 5186 cnlnrum.
818 5133 1011 5188 Amen.

1065 5199 1294 5258 SERMO
1346 5199 1430 5255 vn
1463 5201 1557 5272 (a).

510 5290 680 5358 Quare
725 5293 916 5364 lignum
963 5293 1186 5348 scientia:
1231 5293 1350 5348 boni
1391 5304 1436 5347 et
1497 5293 1619 5347 ntali
1664 5302 1864 5347 vocetur
1907 5295 2099 5368 lignum

577 5383 704 5436 illud
733 5400 751 5438 :
778 5394 823 5438 et
864 5385 984 5454 quid
1011 5385 1096 5448 sit,
1131 5384 1297 5440 llodie
1341 5401 1547 5440 mecmn
1591 5385 1699 5440 eris
1753 5385 1802 5439 in
1854 5388 2100 5455 paradiso

580 5478 597 5543 (
616 5475 745 5531 Gen.
770 5475 826 5530 2.
858 5476 909 5531 9.
945 5474 1070 5529 Luc.
1093 5475 1184 5533 23.
1215 5479 1283 5533 45
1304 5479 1346 5549 ).

580 5568 632 5620 1.
667 5567 937 5621 Ilesterno
966 5567 1052 5622 die
1075 5568 1348 5623 caritatem
1379 5579 1610 5624 vestram
1642 5570 1819 5624 multis
1857 5568 2097 5622 hortatus

569 5656 640 5723 (ᾳ)
675 5663 724 5723 tu
746 5657 914 5706 t‘oaice
934 5665 1048 5723 neg.
1074 5656 1196 5706 23L!
1220 5658 1296 5708 hic
1315 5672 1476 5708 sermo
1497 5661 1903 5723 prrtcrmittitur,
1929 5671 2022 5708 nec
2047 5661 2095 5707 in

505 5715 639 5767 Serio
657 5715 857 5764 aliorum
881 5715 1088 5778 prmitiir.

1268 273 1326 329 Β.
1365 269 1643 328 JOANNIS
1681 267 2158 325 CIIRYSOSTOSH
2199 267 2514 323 ARCIIIEP.
2557 266 3090 326 CONSTANTINOP.

3714 273 3835 330 608

2223 395 2365 446 sum,
2398 393 2454 436 ut
2481 397 2688 448 eorum,
2716 398 2834 453 qua:
2853 383 2993 440 dicta
3021 383 3250 452 fuerant,
3290 386 3740 448 recordamnioi.
3765 404 3840 444 ac

2220 470 2486 541 duplicem
2530 476 2736 543 vesperi
2776 489 3013 530 mensam
3055 478 3431 546 apponeretis,
3458 495 3626 532 unam
3671 479 3832 533 cibo-

2221 578 2338 617 rum
2364 603 2380 627 ,
2407 573 2462 617 et
2487 563 2709 618 alteram
2733 565 2780 620 ei
2806 579 3110 620 sermonum
3138 555 3523 638 adjungeretis.
3553 564 3701 637 Quid

2216 654 2344 709 tur?
2386 670 2511 708 num
2544 655 2643 708 hoc
2671 654 2869 710 fecistis
2891 697 2908 722 ,
2939 656 3305 727 duplicemque
3351 675 3595 714 mensam
3653 675 3832 730 appo-

2219 744 2439 799 suistis?
2468 745 2592 800 Scio
2617 761 2712 800 vos
2735 746 2784 801 id
2817 746 3003 802 fecisse
3023 789 3038 812 ,
3068 763 3239 817 neque
3269 758 3470 803 tantum
3498 749 3650 804 illius
3675 793 3694 818 ,
3723 752 3824 805 sed

2222 835 2379 905 hujus
2408 837 2570 890 etiam
2604 837 2766 892 fuisse
2797 839 3098 908 participes.
3131 839 3468 909 Ncqutreuitn
3505 857 3635 896 cum
3673 842 3831 899 dete—

2221 928 2348 981 riori
2387 937 2590 982 tantum
2620 929 2851 983 studium
2897 931 3308 997 adhibuissctis,
3340 934 3507 987 multo
3551 934 3826 1000 potiorem

2218 1029 2560 1073 contemnere
2589 1020 2868 1074 debuistis.
2899 1021 3030 1075 Nam
3052 1024 3165 1077 Iure
3192 1023 3278 1076 illa
3305 1024 3490 1078 melior
3513 1035 3598 1078 est
3627 1043 3644 1078 :
3677 1026 3827 1080 illam

2219 1111 2360 1164 enim
2399 1125 2590 1164 manus
2639 1112 3000 1166 instruxerunt
3041 1126 3380 1182 coquorum,
3431 1113 3571 1169 banc
3622 1115 3829 1185 lingua:

2224 1200 2602 1269 prephetarum
2633 1210 2885 1270 pararunt
2917 1219 2931 1255 ε
2963 1203 3014 1256 in
3043 1203 3127 1257 illa
3156 1211 3315 1258 terra:
3335 1203 3474 1258 fetus
3509 1205 3698 1260 insunt
3720 1247 3738 1271 ,
3764 1208 3821 1262 in

2219 1289 2318 1344 ista
2339 1290 2566 1360 Spiritus
2592 1292 2795 1345 fructus
2823 1310 2838 1344 :
2866 1292 3007 1347 illius
3033 1307 3234 1348 mensa:
3271 1293 3374 1348 cibi
3413 1306 3713 1364 properant
3750 1299 3821 1353 ad

2221 1385 2620 1453 corruptionem
2642 1425 2659 1451 ,
2691 1383 2849 1453 hujus
2875 1383 3039 1454 dapes
3078 1385 3144 1440 ad
3194 1387 3647 1457 incorruptionem
3683 1408 3699 1445 :
3731 1393 3817 1446 illa

2218 1483 2536 1542 praesentem
2564 1475 2723 1528 vitam
2755 1484 2950 1538 tuetur,
2971 1475 3070 1530 ista
3096 1491 3192 1529 nos
3218 1475 3285 1530 ad
3311 1475 3544 1532 futuram
3570 1479 3811 1537 deducit.

2219 1564 2368 1621 Hanc
2393 1566 2569 1636 itaque
2593 1581 2689 1621 vos
2729 1565 3046 1621 instruxisse
3072 1581 3190 1621 cum
3223 1566 3310 1621 illa
3336 1567 3495 1637 probe
3523 1570 3635 1624 scio
3659 1613 3675 1638 ,
3708 1587 3814 1626 non

2219 1674 2284 1713 cs
2342 1659 2659 1729 pedisscquo
2686 1670 2894 1724 vestro,
2918 1675 3015 1714 nec
3036 1675 3101 1714 ex
3134 1658 3328 1714 famulo
3352 1660 3655 1716 sciscitatus
3677 1706 3692 1724 ,
3717 1664 3814 1717 sed

2218 1763 2287 1802 ex
2333 1748 2518 1803 nuntio
2545 1749 2626 1802 his
2649 1749 2897 1804 omnibus
2925 1748 3169 1803 ﬁdeliori.
3200 1749 3277 1803 Ex
3306 1765 3535 1819 quonam
3561 1752 3816 1806 tandem?

2219 1839 2297 1893 Ex
2327 1839 2512 1907 plausu
2539 1840 2786 1893 nitnirum
2811 1879 2826 1903 ,
2849 1854 2954 1910 quo
2983 1854 3042 1894 ea
3065 1854 3182 1909 quae
3219 1838 3359 1893 dicta
3383 1839 3634 1905 fuerant,
3663 1850 3720 1895 et
3741 1858 3807 1895 es

2218 1932 2372 1988 laude
2392 1971 2412 2001 ,
2440 1947 2542 2002 qua
2585 1933 2879 1988 doctrinam
2903 1931 3054 1987 vobis
3093 1930 3338 1986 traditam
3370 1933 3808 1988 commendasti‘.

2217 2022 2350 2078 Cum
2383 2028 2524 2078 enim
2576 2022 2687 2078 heri
2728 2022 2999 2088 dixissem,
3048 2023 3270 2094 quisque
3310 2035 3546 2078 vestrum
3591 2024 3809 2078 domum

2217 2129 2366 2168 suam
2388 2114 2666 2168 ecclesiam
2695 2113 2890 2168 efficiat
2915 2113 2981 2184 (a
3003 2111 3046 2182 ),
3073 2128 3259 2184 magna
3297 2129 3426 2168 voce
3450 2115 3808 2177 acelamastis,

2215 2221 2279 2260 ac
2303 2206 2587 2276 Voluptatis
2607 2246 2623 2271 ,
2651 2221 2751 2275 qua
2781 2221 2874 2259 vns
2921 2204 3006 2260 illa
3035 2207 3195 2260 verba
3235 2204 3577 2275 perfuderant
3600 2249 3616 2273 ,
3645 2207 3812 2277 signi-

2217 2297 2519 2352 licationem
2557 2297 2797 2351 dedistis.
2841 2297 3006 2351 Porro
3051 2296 3094 2351 is
3122 2297 3210 2366 qui
3241 2312 3360 2350 cum
3390 2297 3660 2367 voluptate
3688 2315 3811 2368 quae

2217 2387 2468 2443 dicuntur
2496 2387 2663 2452 audit,
2707 2388 2752 2440 is
2791 2402 2848 2442 se
2889 2387 2955 2441 ad
3011 2401 3171 2456 opera
3223 2386 3521 2441 exhibenda
3568 2399 3807 2457 paratum

2216 2478 2465 2534 ostendit.
2527 2479 2813 2549 Propterea
2835 2479 3127 2549 promptius
3166 2477 3323 2533 hodie
3363 2493 3448 2533 me
3491 2479 3558 2534 ad
3601 2478 3801 2535 doceo-

2215 2570 2340 2626 dum
2383 2572 2608 2626 accimi.

2291 2664 2494 2732 Quanta
2520 2665 2582 2717 sit
2612 2663 2846 2735 obligatio
2873 2663 3070 2717 verbum
3096 2664 3321 2718 divinum
3341 2665 3391 2717 in
3409 2681 3532 2733 apes
3547 2665 3804 2735 redigere.

2214 2785 2286 2796 —
2311 2755 2502 2811 Verum
2530 2771 2576 2810 et
2594 2756 2716 2826 igite
2741 2771 2880 2810 nunc
2904 2771 3115 2826 quoque
3139 2766 3345 2811 mentes
3368 2764 3552 2810 vestras
3576 2773 3593 2808 :
3618 2772 3808 2826 neque

2215 2850 2357 2903 enim
2385 2850 2556 2904 solum
2590 2850 2891 2919 lnqueutem
2943 2859 3118 2903 erecta
3168 2861 3346 2904 mente
3388 2858 3589 2918 oportet
3634 2865 3802 2915 esse,

2214 2957 2398 2997 verum
2453 2942 2611 2996 etiam
2647 2941 2917 2996 auditores
2968 2951 3200 2996 attentos
3244 2958 3387 3008 esse,
3434 2957 3629 3013 eosque
3683 2958 3806 2996 am-

2215 3033 2354 3102 plius
2404 3048 2564 3104 quam
2617 3043 2906 3087 oratorem.
2957 3033 3085 3087 Nam
3127 3048 3224 3086 nos
3271 3033 3484 3103 quidem
3538 3033 3590 3088 id
3639 3050 3802 3088 unum

2214 3124 2510 3191 studemus,
2559 3133 2616 3178 ut
2652 3123 2969 3178 dominicam
3016 3124 3292 3192 pecuniam
3325 3124 3803 3179 collocemuszvos

2215 3229 2343 3270 vero
2381 3214 2636 3284 majorem
2666 3214 2900 3269 laborem
2939 3213 3238 3280 adhibetis,
3275 3225 3332 3269 ut
3365 3230 3484 3268 eam
3527 3225 3800 3286 exceptam

2212 3322 2334 3362 eum
2365 3308 2528 3362 multa
2559 3308 2804 3362 cautione
2831 3307 3074 3363 servetis.
3107 3306 3392 3379 Postquam
3433 3307 3593 3378 igitur
3621 3309 3801 3363 audio-

2215 3401 2353 3465 ritis,
2381 3414 2531 3455 seras
2555 3401 2706 3454 osuis
2729 3409 2783 3455 et
2804 3409 2978 3455 vectes
3006 3400 3209 3466 obdite,
3233 3415 3296 3456 ac
3317 3400 3582 3456 terribiles
3603 3401 3802 3472 Cogita-

2215 3492 2386 3546 tiones
2427 3491 2659 3560 undique
2695 3491 2888 3545 animte
2929 3499 3194 3560 tamquam
3248 3489 3501 3547 custodes
3544 3491 3800 3561 quosdam

2212 3587 2482 3655 apponite.
2526 3581 2795 3653 Siquidem
2844 3581 3122 3652 impudens
3158 3593 3240 3637 est
3288 3581 3406 3645 fur,
3451 3593 3508 3638 et
3550 3593 3801 3654 perpetuo

2215 3677 2428 3745 vigilat,
2483 3689 2545 3727 ae
2595 3680 2897 3744 frequenter
2947 3674 3200 3743 impetum
3249 3672 3373 3728 facit
3416 3683 3518 3730 :rt
3563 3675 3800 3745 quamvis

2212 3783 2353 3838 saepe
2377 3768 2619 3832 aberret,
2650 3782 2791 3834 stepe
2820 3767 3138 3837 aggreditur.
3172 3767 3396 3824 Adstent
3424 3768 3585 3839 igitur
3610 3779 3796 3825 cuto-

2211 3860 2307 3916 des
2330 3860 2603 3915 terribiles
2625 3901 2640 3925 ,
2673 3869 2727 3914 ct
2756 3858 2799 3913 si
2840 3857 3107 3913 diabolum
3139 3858 3364 3914 viderint
3387 3859 3503 3914 adv:
3524 3872 3758 3916 titantem
3782 3903 3800 3928 ,

2213 3962 2267 4007 et
2290 3967 2472 4006 eorum
2502 3967 2621 4022 quae
2652 3951 2891 4021 deposita
2919 3958 3043 4005 sunt
3084 3949 3278 4021 aliquid
3321 3951 3569 4022 abripere
3614 3968 3802 4022 paran-

2212 4053 2341 4110 tem,
2375 4061 2564 4114 tnagtto
2593 4059 2713 4098 cum
2741 4043 2974 4097 clamore
3001 4043 3146 4096 illum
3164 4042 3374 4110 abigant
3403 4059 3418 4096 :
3445 4043 3488 4096 si
3515 4044 3803 4100 salubres

2211 4135 2596 4190 sollicitudines
2623 4135 2948 4200 invaserint,
2976 4148 3068 4188 eas
3095 4134 3354 4202 repellant
3382 4151 3395 4187 :
3423 4134 3470 4189 si
3499 4133 3702 4192 oblivio
3735 4151 3800 4192 ex

2212 4239 2413 4282 natura:
2464 4226 2766 4281 infirmitate
2810 4225 3078 4295 negotium
3134 4224 3378 4288 facessit,
3421 4229 3802 4284 exercitatione

2211 4325 2521 4376 memoriam
2549 4323 2808 4378 excitent.
2837 4321 3016 4392 Neque
3043 4323 3182 4377 enim
3210 4323 3477 4376 mediocre
3501 4324 3800 4394 periculum

2211 4412 2453 4466 inuninct
2473 4455 2488 4479 ,
2521 4413 2564 4466 si
2592 4413 2844 4483 pecunias
2873 4412 3165 4466 dominicas
3195 4413 3552 4482 perdideritis.
3596 4413 3728 4470 Nam
3753 4415 3800 4470 si

2211 4503 2286 4556 illi
2331 4503 2418 4571 qui
2467 4511 2715 4572 acceptas
2762 4503 3010 4573 pecunias
3039 4503 3418 4573 disperserint,
3454 4519 3598 4575 smpe
3627 4517 3799 4560 morte

2209 4596 2531 4650 nmlctantur
2559 4613 2572 4649 :
2597 4595 2685 4666 qui
2711 4595 2878 4650 multo
2901 4596 3211 4665 pretiosiora
3241 4595 3355 4649 istis
3383 4597 3594 4668 eloquia
3613 4599 3792 4653 divina

2210 4687 2527 4757 receperint,
2561 4701 2730 4758 eaque
2759 4687 3125 4758 perdiderint,
3155 4703 3260 4758 quo
3295 4689 3507 4743 tandem
3538 4691 3794 4759 supplicio

2209 4797 2313 4834 non
2347 4781 2676 4850 plectemur?
2705 4779 2834 4834 Nam
2865 4780 2952 4851 qui
2986 4781 3237 4850 pecunias
3284 4781 3412 4835 istas
3452 4782 3790 4852 acceperint,

2210 4873 2493 4928 reddendae
2523 4873 2712 4926 rationi
2745 4881 2867 4926 sunt
2893 4881 3100 4926 tantum
3129 4873 3371 4938 obnoxii,
3409 4875 3678 4942 quomodo
3704 4892 3792 4931 eas

2208 4963 2586 5023 custodierint.
2622 4980 2720 5018 nec
2745 4964 2869 5033 quid
2915 4964 3049 5018 ultra
3079 4965 3365 5034 requiritur
3426 4967 3599 5031 Quam
3630 4969 3791 5023 multa

2208 5059 2350 5113 enim
2402 5059 2741 5127 receperint,
2798 5067 2903 5111 tam
2952 5059 3114 5112 multa
3167 5057 3288 5112 illos
3327 5057 3490 5132 plane
3536 5075 3793 5130 reponi-re

2211 5163 2430 5204 necesse
2453 5158 2555 5213 est,
2585 5164 2754 5219 neque
2779 5147 3063 5218 quidquam
3090 5149 3319 5218 amplius
3337 5153 3406 5205 ab
3423 5151 3528 5206 illis
3555 5153 3792 5223 reposci-

2208 5249 2294 5295 tnr
2323 5258 2336 5294 :
2365 5240 2598 5312 acceptis
2626 5251 2800 5294 autem
2827 5239 3022 5294 divinis
3046 5240 3290 5310 eloquiis,
3337 5256 3440 5296 non
3481 5243 3642 5298 modo
3671 5243 3792 5299 illo-

2207 5347 2324 5386 rum
2350 5330 2603 5386 custodizc.
2631 5327 2897 5384 reddenda
2929 5337 3011 5383 est
3061 5333 3215 5396 ratio,
3265 5331 3358 5386 sed
3407 5330 3588 5387 multa-
3633 5334 3789 5387 etiam

2207 5421 2595 5492 negotiationis.
2629 5419 2745 5476 Non
2790 5421 2929 5474 enim
2961 5437 3019 5473 ea
3049 5421 3219 5476 solum
3258 5423 3487 5479 reddere
3520 5423 3788 5493 jubemur,

2205 5528 2323 5583 qum
2363 5513 2682 5582 recepimus,
2735 5509 2826 5566 sed
2876 5519 2929 5565 et
2987 5511 3208 5565 Domino
3255 5513 3525 5583 duplicata
3575 5515 3789 5572 olferre.

2204 5604 2536 5672 Quamquam
2590 5603 2632 5656 si
2695 5616 2756 5656 ea
2809 5602 3077 5657 custodire
3135 5612 3335 5658 emtum
3383 5606 3589 5673 iussum
3639 5607 3792 5662 nobis

2269 5717 2344 5782 (a)
2378 5723 2472 5767 Itoc
2495 5717 2614 5766 dixit
2641 5717 2780 5780 paulo
2794 5727 2906 5767 ante
2932 5717 3075 5768 finem
3099 5719 3420 5783 pra-cedentis
3436 5714 3660 5771 bubilia}.
