4134 6214
417 376 520 434 6ὓῦ

413 503 574 553 esset.
606 493 767 548 umlta
790 491 1144 547 sollicitudine
1167 505 1228 544 ac
1246 490 1421 546 studio
1441 506 1528 546 res
1556 491 1815 562 indigeret
1840 509 1850 544 :
1883 507 2005 546 cum

415 597 542 636 vero
570 594 626 638 ut
652 586 814 638 etiam
845 583 1280 653 multiplicemur,
1310 583 1464 637 nobis
1495 583 1747 637 Dominus
1776 584 2008 652 impera-

416 676 504 740 rit,
533 677 702 746 cogita
729 687 982 746 quantum
1013 675 1211 730 laboris
1245 683 1300 729 et
1341 690 1484 729 curm
1515 676 1584 729 sit
1629 691 1656 727 a
1695 675 1865 740 nobis,
1897 675 2014 744 qui-

417 768 513 821 bus
543 784 603 821 ea
653 768 933 822 commissa
982 775 1126 832 sunt,
1158 765 1560 820 conferendum.
1617 764 1739 820 Ideo
1761 767 2010 835 quidam,

415 861 500 913 cui
549 861 834 914 conmissa
886 861 1095 915 fuerant
1148 861 1341 912 talenta
1386 859 1619 928 quinque
1667 857 2008 930 (MnttIt.25.

417 952 503 1006 Η.
530 969 636 1023 sqq.
665 953 707 1020 ),
753 968 856 1005 non
888 950 1106 1005 totidem
1158 951 1370 1014 obtulit,
1401 951 1495 1006 sed
1550 950 1836 1022 duplicata.
1880 951 2011 1003 Nam

415 1043 504 1098 illa
535 1043 773 1113 quidem,
817 1043 1158 1113 benignitatis
1187 1053 1340 1098 erant
1383 1043 1582 1096 dulltitli
1614 1061 1626 1096 :
1659 1042 1752 1097 sed
1779 1045 2014 1111 oportuit

414 1137 575 1191 etiam
619 1152 832 1190 servum
864 1151 1012 1190 suam
1065 1135 1317 1191 exhibere
1366 1136 1712 1205 diligentiam.
1756 1133 2013 1190 Similiter

415 1241 471 1284 et
496 1230 540 1283 is
569 1231 652 1284 cui
679 1229 785 1284 duo
808 1231 1002 1283 talenta
1030 1229 1230 1283 ("redita
1263 1228 1493 1296 fuerant,
1515 1229 1617 1282 alia
1641 1229 1746 1282 duo
1777 1229 2011 1284 lucratus

413 1331 497 1375 est
521 1363 534 1384 ,
565 1332 723 1392 atque
746 1321 940 1376 idcirco
971 1323 1081 1391 pari
1113 1337 1234 1377 eum
1264 1320 1513 1375 dominus
1537 1321 1738 1376 honore
1763 1321 2010 1390 dignatus

413 1424 517 1467 est.
549 1413 698 1467 Alius
729 1428 1064 1468 verorursus
1103 1414 1186 1466 eui
1234 1413 1486 1467 talentum
1539 1427 1700 1466 unum
1745 1412 2008 1467 creditum

413 1502 606 1570 fuerat,
635 1514 688 1559 et
717 1503 843 1558 illud
870 1506 1040 1573 ipsum
1064 1504 1349 1569 obtulerat,
1382 1504 1524 1572 quod
1567 1503 1828 1558 ereditmn
1855 1512 1966 1557 erat
1987 1541 2004 1568 ,

412 1594 504 1664 qui
558 1611 664 1650 non
716 1596 1076 1659 imminuerat,
1119 1611 1223 1649 non
1268 1595 1502 1650 deterius
1541 1594 1845 1649 reddiderat
1880 1595 2009 1649 illud

410 1687 734 1756 depositum,
779 1702 952 1756 neque
1008 1684 1340 1740 dimidiatum
1397 1694 1598 1739 tantum
1656 1685 2005 1740 reddiderat:

414 1779 538 1847 quia
568 1787 828 1847 qumstum
870 1791 972 1830 non
1001 1775 1219 1840 fecerat,
1249 1790 1419 1846 neque
1441 1775 1766 1844 duplicatum
1797 1775 2008 1831 obtule-

412 1880 516 1935 rat,
541 1869 679 1939 quod
703 1869 964 1924 creditum
997 1868 1186 1933 fuerat,
1214 1877 1457 1922 extremo
1493 1867 1752 1936 supplicio
1793 1867 2010 1936 punitus

414 1963 544 2026 fuit;
575 1977 638 2016 ac
660 1960 851 2016 merito
873 1977 1021 2016 sane.
1052 1960 1182 2016 Nam
1217 1961 1261 2014 si
1292 1976 1352 2015 ea
1380 1962 1635 2015 custodiri
1677 1971 1877 2014 tantum
1911 1977 2008 2014 vo-

414 2057 656 2118 luissem,
711 2054 899 2124 inquit.
943 2069 1042 2109 nec
1092 2054 1236 2108 aliud
1281 2055 1485 2109 lucrum
1529 2070 1591 2109 es
1625 2055 1738 2109 istis
1764 2054 2004 2124 acquiri,

414 2166 518 2202 non
550 2149 635 2203 illa
671 2162 944 2202 servorum
980 2147 1221 2202 manibus
1259 2147 1614 2203 tradidissem.
1644 2147 1722 2202 Tu
1753 2163 1879 2202 vero
1906 2147 2006 2201 do-

413 2241 542 2294 mini
589 2239 965 2309 benignitatem
1003 2241 1301 2294 cuusidera.
1338 2239 1387 2293 ls
1413 2240 1496 2293 cui
1548 2240 1745 2294 talenta
1777 2242 2008 2309 quinque

410 2332 698 2385 cutnmissa
720 2329 945 2395 fuerant,
975 2331 1166 2384 obtulit
1187 2332 1287 2384 alia
1311 2333 1568 2401 quinque,
1601 2342 1652 2386 et
1678 2332 1720 2384 is
1747 2332 1831 2384 cui
1855 2330 1962 2385 duo
1986 2371 2004 2396 ,

412 2424 576 2477 altera
601 2431 742 2476 tanta
758 2463 773 2485 ,
799 2432 851 2477 et
873 2423 1057 2476 cadent
1076 2431 1298 2492 uterque
1321 2423 1533 2491 prwmia
1557 2423 1756 2477 retulit.
1782 2423 1845 2478 Ut
1863 2424 2005 2477 enim

413 2515 486 2568 illi
514 2514 647 2568 dixit
674 2534 686 2568 :
720 2513 883 2583 Euge,
912 2529 1050 2566 serve
1069 2514 1195 2566 bone
1219 2530 1278 2566 ac
1298 2514 1484 2582 ﬁdelis,
1511 2530 1664 2583 super
1687 2531 1846 2582 pauca
1864 2515 2005 2584 [αἱδίὶ

411 2605 598 2674 ﬁdelis,
616 2620 768 2673 super
784 2606 942 2657 multa
957 2603 1314 2656 tecoustituam
1343 2605 1362 2674 (
1386 2601 1519 2656 Ibid.
1539 2618 1584 2655 υ.
1601 2602 1660 2657 2|
1687 2605 1705 2672 )
1727 2606 1831 2658 :sic
1844 2609 2003 2659 etiam

413 2697 487 2749 illi
507 2694 594 2764 qui
611 2696 717 2748 duo
737 2695 1021 2756 obtulerat,
1047 2693 1235 2762 inquit,
1254 2691 1414 2763 Euge,
1437 2707 1577 2745 serve
1595 2693 1722 2745 bone
1739 2709 1798 2744 ac
1812 2694 2002 2760 ﬁdelis,

410 2804 562 2856 super
599 2803 760 2857 pauca
802 2787 940 2854 [uiui
978 2786 1177 2854 ﬁdelis,
1222 2799 1375 2860 super
1417 2785 1578 2838 multa
1621 2796 1668 2839 te
1706 2785 2006 2838 constituunt

412 2881 574 2950 (Ibid.
605 2898 648 2934 υ.
679 2881 797 2949 25).
828 2879 1123 2933 Proventus
1147 2878 1283 2930 haud
1309 2877 1445 2932 idem
1475 2887 1556 2932 est
1575 2920 1591 2944 ,
1619 2888 1671 2932 ct
1694 2894 1900 2932 merces
1925 2887 2006 2931 est

409 2975 598 3027 eadem
655 2990 667 3026 ;
717 2976 792 3027 sic
841 2983 893 3024 et
939 2972 1081 3024 hunc
1129 2970 1317 3024 codem
1374 2969 1577 3024 honore
1619 2971 1863 3040 dignatus
1900 2981 2000 3024 est.

409 3065 548 3132 Quid
582 3063 690 3116 ita?
715 3063 976 3129 Quoniam
1002 3076 1105 3115 neu
1134 3077 1318 3114 eorum
1347 3077 1466 3131 qua:
1487 3061 1664 3115 oblata
1689 3074 1810 3115 sunt
1839 3077 2007 3132 quan-

415 3160 639 3220 titatt‘m,
669 3156 760 3209 sed
801 3171 985 3209 eorum
1021 3155 1288 3217 virtutem,
1320 3155 1408 3225 qui
1458 3153 1710 3223 negotiali
1759 3154 2004 3223 fuerant,

411 3249 717 3302 attendebat
749 3247 902 3302 [lctis
947 3247 1076 3300 Nam
1111 3258 1332 3316 uterque
1359 3261 1455 3315 pro
1481 3245 1614 3299 virili
1647 3262 1764 3315 quae
1787 3261 2004 3300 suarum

413 3341 638 3411 partium
685 3347 835 3392 erant
892 3339 1209 3408 pra'stitel'ut
1251 3355 1264 3391 :
1307 3352 1392 3391 res
1443 3347 1621 3392 autem
1665 3338 1860 3390 oblata:
1898 3352 2003 3392 non

411 3434 776 3504 multiplicata:
808 3432 1015 3485 fuerant
1043 3439 1134 3484 aut
1155 3431 1447 3484 imminuta:
1475 3431 1555 3484 vel
1585 3429 1656 3484 ob
1681 3429 1824 3484 illius
1854 3430 2004 3500 igua-

415 3527 575 3587 viam,
614 3524 694 3577 vel
731 3523 801 3576 ob
829 3521 1155 3592 diligentiam
1199 3521 1374 3586 istius,
1402 3519 1494 3574 sed
1527 3537 1622 3589 pro
1650 3521 1874 3590 depositi
1919 3519 2004 3573 di-

414 3618 684 3671 versitate.
713 3617 802 3670 Ille
823 3615 1056 3684 quinque
1076 3615 1302 3683 accepit,
1321 3624 1375 3667 ct
1397 3613 1592 3667 obtulit
1611 3613 1712 3667 alia
1737 3615 2000 3685 quinque;

415 3708 503 3762 hic
527 3709 728 3776 accepit
753 3707 880 3770 duo,
904 3716 958 3760 et
977 3707 1164 3758 obtulit
1193 3706 1497 3775 duo,neque
1521 3705 1660 3776 quod
1683 3706 1748 3758 ad
1771 3706 2006 3760 studium

414 3802 623 3863 attinet,
653 3800 871 3853 inferior
898 3796 1122 3852 exstitit.
1151 3797 1422 3866 Siquidem
1452 3807 1506 3851 et
1550 3798 1635 3851 hic
1659 3797 1920 3866 duplicia,
1951 3805 2007 3851 et

417 3892 506 3945 ille
535 3891 762 3959 duplicia
796 3890 1029 3943 lucratus
1058 3898 1138 3944 est
1177 3888 1375 3942 credita
1409 3907 1422 3942 :
1455 3889 1498 3941 is
1540 3904 1668 3942 vero
1707 3887 1795 3957 qui
1843 3903 2003 3942 unum

414 3992 713 4052 acceperat,
744 3983 963 4051 simplex
990 3983 1117 4036 illud
1147 3981 1374 4047 obtulit;
1399 3997 1557 4052 quam
1585 3981 1656 4035 ob
1684 3995 1897 4035 causam
1924 3989 2008 4033 est

410 4080 573 4131 ctiam
602 4078 906 4146 Castigatus.

484 4175 538 4223 δὲ.
565 4171 800 4226 Audistis
827 4185 952 4240 ergo
976 4179 1230 4240 quanttun
1259 4170 1378 4225 illos
1405 4177 1615 4224 maneat
1637 4168 1955 4238 supplicium
1982 4207 1999 4233 ,

413 4265 504 4334 qui
531 4280 593 4318 cx
623 4263 908 4316 dominicis
935 4263 1172 4332 pecuniis
1195 4263 1446 4332 negotiali
1480 4277 1584 4315 non
1617 4260 1830 4315 fuerint.
1866 4260 2006 4329 Ergo

413 4368 470 4411 et
513 4357 877 4411 custodiamus
902 4396 917 4420 ,
962 4365 1013 4408 ct
1060 4356 1392 4424 negotiemur
1413 4395 1430 4419 ,
1471 4362 1526 4408 et
1553 4353 1777 4407 multum
1807 4368 1871 4406 ex
1902 4352 2006 4406 illis

415 4449 620 4503 lucrum
647 4447 1012 4502 cshibeamns.
1038 4446 1218 4518 Neque
1241 4447 1381 4502 dicat
1405 4447 1597 4517 aliquis
1624 4464 1638 4500 :
1664 4444 1826 4499 hliota
1853 4460 1969 4498 sum
1986 4483 2002 4506 ,

417 4540 709 4608 discipulus
751 4555 907 4604 sum,
950 4537 1169 4592 verbum
1199 4537 1457 4593 doctrina:
1498 4554 1602 4592 non
1644 4536 1848 4598 habeo.
1879 4550 2002 4589 cum

418 4629 693 4699 imperitus
733 4631 832 4683 sim
883 4638 936 4682 et
972 4629 1166 4683 nullius
1196 4630 1371 4699 pretii.
1405 4628 1638 4683 Tametsi
1668 4631 1810 4682 enim
1843 4627 2003 4680 idiota

417 4725 490 4775 sis
511 4763 526 4786 ,
562 4723 682 4776 licet
709 4720 998 4787 disripu‘us
1019 4761 1034 4783 ,
1060 4721 1183 4774 licet
1211 4736 1372 4774 unum
1402 4719 1497 4774 tibi
1525 4719 1777 4774 talentmu
1800 4720 1868 4772 sit
1887 4733 2005 4772 cre-

415 4814 584 4868 ditum
606 4855 620 4875 .
657 4813 929 4882 m-gotiare
956 4827 1017 4864 ex
1059 4825 1123 4864 eo
1147 4811 1288 4880 quod
1321 4810 1412 4865 tibi
1435 4810 1776 4864 cmnmissmu
1807 4820 1921 4873 est,
1950 4816 2004 4862 et

417 4907 658 4958 eautdem
685 4920 805 4959 eum
832 4902 1053 4957 doctore
1077 4900 1379 4956 mercedem
1405 4902 1649 4971 accipies.
1676 4903 1751 4955 Ac
1776 4916 1868 4954 vos
1886 4900 2005 4970 qni-

417 4997 536 5049 dem
578 5013 639 5049 ea
682 5013 798 5065 qua:
827 4994 968 5050 dicta
1012 5002 1136 5048 sunt
1161 4993 1430 5048 custodire
1457 5004 1508 5048 et
1536 5003 1719 5048 exacte
1747 4994 2001 5046 memoria

387 5147 394 5162 ι
422 5099 602 5140 tcuet‘c
629 5090 846 5140 omnino
871 5088 1032 5140 credo
1063 5105 1075 5140 :
1109 5086 1201 5142 sed
1233 5102 1299 5141 ne
1325 5087 1376 5140 itt
1409 5087 1506 5141 hoc
1525 5096 1685 5141 totam
1709 5087 2003 5141 orationem

421 5180 817 5249 impendamus,
864 5196 960 5249 age
1005 5197 1123 5249 qua:
1167 5192 1464 5251 sequuntur
1490 5196 1549 5235 ea
1573 5197 1691 5251 qua:
1721 5182 1856 5237 dicta
1881 5189 2004 5237 sunt

419 5291 444 5323 τι
489 5274 642 5326 nobis
689 5273 800 5326 heri
835 5273 970 5340 apud
1012 5274 1286 5328 caritatem
1319 5283 1586 5337 vestram,
1616 5273 1999 5344 adjunganms,

418 5377 471 5416 et
515 5363 651 5417 hanc
692 5363 840 5414 vobis
867 5364 1122 5415 custodia:
1153 5364 1452 5418 mercedem
1487 5364 1868 5431 persnlvanms.
1901 5365 1996 5428 Qu'

417 5455 559 5507 enim
608 5454 782 5522 priora
822 5451 922 5505 sibi
959 5452 1157 5505 credita
1189 5456 1555 5516 conservavit,
1586 5454 1778 5521 dignus
1805 5454 1999 5521 estqui

417 5546 517 5597 alia
543 5560 726 5598 rursus
757 5543 999 5612 accipiat.
1028 5543 1283 5613 Quantam
1312 5543 1468 5612 igitur
1498 5544 1609 5597 lteri
1633 5545 1898 5612 proposita
1921 5554 1997 5598 est

416 5652 444 5688 ιι
470 5637 624 5690 nobis
650 5637 926 5689 narratio?
951 5637 1022 5689 lle
1047 5635 1187 5704 ligno
1213 5650 1392 5690 sermo
1419 5645 1530 5689 erat
1549 5679 1561 5697 .
1592 5644 1647 5690 ct
1674 5637 2002 5692 ostendimus

417 5729 721 5788 hominem.
763 5742 1045 5799 antequam
1088 5729 1156 5782 de
1203 5729 1346 5798 ligno
1385 5729 1601 5795 ederet,
1641 5729 1764 5784 boui
1790 5745 1850 5783 ac
1877 5730 2002 5785 mali

410 5823 772 5891 cognitionem
820 5822 1098 5886 habuisse,
1147 5822 1411 5892 multaun
1451 5824 1709 5893 repletum
1740 5824 1993 5894 sapientia

1695 373 1758 432 IN
1797 375 2094 432 ολικεδηι
2135 376 2365 435 ΞΕΒΜΟ
2406 377 2514 436 νη.

3608 389 3714 444 610

2125 491 2318 556 fuisse,
2361 506 2424 546 ex
2475 507 2541 546 eo
2570 492 2711 561 quod
2739 489 2952 547 nomina
2985 492 3173 549 bestils
3200 495 3542 565 imposuerit,-
3569 499 3713 568 quod

2123 599 2344 636 uxorem
2381 597 2530 637 suam
2571 587 2882 654 agnoverit,
2913 586 3054 655 quod
3080 585 3278 642 dixerit
3311 606 3324 640 .
3362 586 3472 642 IIoc
3498 604 3633 643 sine:
3653 609 3712 645 os

2119 690 2182 728 ea:
2202 675 2398 728 ossibus
2425 675 2546 729 meis
2569 673 2718 746 (Gen.
2748 677 2802 728 ‘2.
2826 676 2918 746 9.5)
2942 694 2957 740 ε
2981 676 3122 745 quod
3140 678 3207 731 de
3227 680 3426 748 nuptiis
3445 680 3720 737 disserue—

2119 767 2187 819 rit
2210 806 2226 830 ,
2255 763 2323 819 de
2350 768 2720 834 procreatione
2748 766 3066 834 liberorum,
3100 769 3167 824 de
3194 769 3458 842 conjugali
3483 772 3714 842 conjun-

2117 856 2295 911 ctione
2324 864 2378 910 et
2404 855 2472 911 dc
2493 865 2642 926 patre
2666 873 2728 912 ae
2757 868 2928 912 matre
2949 875 2962 922 ;
2987 859 3128 929 quod
3159 862 3461 917 mandatum
3493 875 3718 929 accepeo

2117 951 2205 1002 rit.
2234 949 2416 1020 Neque
2441 951 2584 1004 enim
2612 950 2918 1004 mandatum
2945 951 3037 1006 dat
3061 955 3339 1024 quisquam
3365 970 3426 1009 ac
3450 954 3620 1026 legem
3643 956 3710 1016 de

2117 1039 2279 1092 rebus
2319 1039 2571 1109 gerendis
2611 1051 2699 1093 aut
2741 1056 2845 1095 non
2886 1044 3139 1112 gerendis
3177 1062 3264 1111 ei,
3305 1045 3392 1115 qni
3424 1044 3620 1100 botmm
3647 1060 3712 1101 ac

2117 1131 2314 1183 malum
2359 1131 2587 1199 ignOret.
2634 1131 2804 1187 Hodie
2842 1132 3023 1188 dicere
3052 1150 3232 1204 opera:
3261 1135 3418 1190 fuerit
3442 1136 3667 1205 pretium
3692 1175 3711 1204 ,

2117 1235 2272 1290 quam
2312 1220 2382 1275 ob
2415 1237 2632 1276 causam
2652 1261 2668 1286 ,
2697 1223 2741 1276 si
2766 1237 2796 1277 a
2829 1223 2973 1294 ligno
3000 1226 3273 1279 scientiam
3302 1226 3464 1281 homo
3492 1242 3598 1282 non
3623 1242 3712 1282 ae-

2115 1314 2287 1381 Ccpit,
2339 1313 2536 1382 lignum
2580 1315 2819 1369 scicntia:
2867 1316 2992 1370 boui
3038 1333 3100 1372 ac
3141 1317 3264 1372 mali
3297 1320 3450 1373 fuerit
3476 1321 3712 1389 appella-

2118 1411 2228 1455 tum
2275 1403 2435 1473 (Ibid.
2471 1421 2518 1458 υ.
2563 1404 2618 1476 9)
2663 1425 2676 1459 :
2721 1421 2894 1476 neque
2932 1410 3072 1462 enim
3105 1410 3236 1464 levis
3265 1415 3516 1466 momenti
3544 1413 3706 1468 fuerit

2115 1491 2367 1547 didicisse
2387 1531 2403 1559 ,
2432 1510 2530 1548 cur
2560 1494 2674 1551 haec
2698 1498 2991 1566 appellatio
3019 1499 3165 1569 ligno
3189 1503 3256 1554 sit
3286 1501 3471 1556 indita.
3497 1502 3628 1557 Nam
3655 1514 3711 1558 et

2113 1583 2356 1640 diabolus
2401 1587 2533 1641 dixit
2566 1604 2578 1640 :
2611 1587 2726 1653 Qua
2769 1589 2852 1643 die
2886 1592 3306 1646 manducatvritis
3328 1593 3392 1646 de
3413 1610 3470 1648 eo
3492 1635 3507 1659 ,
3539 1596 3708 1665 aperi-

2113 1685 2258 1728 entur
2295 1678 2430 1731 oculi
2467 1679 2616 1732 vestri
2637 1719 2652 1744 ,
2693 1689 2737 1733 et
2761 1681 2900 1735 eritis
2923 1684 3050 1735 sient
3080 1683 3182 1748 dii,
3212 1683 3421 1738 scientes
3449 1684 3634 1738 bonum
3659 1696 3710 1740 et

2113 1769 2303 1821 malum
2331 1768 2493 1840 (Ibid.
2537 1770 2587 1824 3.
2625 1771 2700 1841 5).
2737 1772 3014 1837 Quomodo
3046 1773 3233 1844 igitur,
3267 1775 3456 1844 inquit,
3491 1785 3546 1830 tu
3573 1777 3711 1831 dicis

2112 1859 2390 1913 Scientiam
2439 1875 2542 1914 non
2590 1861 2880 1917 inseruisse
2930 1863 3053 1917 boni
3098 1879 3160 1918 ac
3191 1865 3354 1918 mali?
3383 1867 3514 1932 Quis
3541 1883 3705 1931 vero,

2112 1967 2323 2020 quaeso,
2367 1953 2631 2008 inseruit?
2664 1971 2790 2008 num
2822 1954 3110 2010 diabolus?
3135 1957 3314 2026 Certe,
3345 1959 3551 2029 inquit,
3581 1975 3710 2015 cum

2115 2043 2339 2111 dixerit,
2367 2042 2529 2098 Erilis
2551 2047 2681 2101 sicut
2708 2048 2800 2112 dii,
2827 2049 3038 2103 scientes
3059 2049 3242 2103 bonum
3268 2060 3315 2104 et
3335 2053 3547 2107 nminat.
3570 2051 3710 2108 Tum

2114 2146 2168 2191 tu
2213 2139 2371 2207 igitur
2414 2140 2777 2194 testimonium
2803 2142 2933 2195 tnihi
2963 2141 3133 2196 hostis
3160 2143 3320 2197 aﬂ'ers
3347 2154 3400 2200 et
3430 2145 3708 2200 insidiato-

2114 2228 2227 2282 ris?
2268 2230 2427 2300 Atqui
2468 2230 2601 2285 dixit
2645 2231 2730 2287 hic
2771 2248 2983 2304 quoque
3007 2275 3023 2300 ,
3059 2235 3218 2289 Erilis
3245 2237 3405 2291 etiam
3433 2234 3505 2292 uit
3532 2251 3554 2298 :
3581 2254 3713 2292 num

2115 2319 2274 2389 igitur
2313 2321 2384 2373 dii
2412 2331 2535 2375 sunt
2563 2323 2730 2376 facti?
2765 2322 2830 2378 Ut
2861 2324 3019 2394 igitur
3049 2325 3121 2378 dii
3154 2325 3276 2380 facti
3307 2341 3410 2381 non
3439 2337 3602 2393 sunt,
3630 2330 3710 2386 sic

2112 2426 2285 2478 neque
2325 2413 2599 2467 scientiam
2633 2414 2755 2468 boni
2797 2429 2862 2469 ac
2903 2416 3024 2470 nali
3051 2423 3160 2472 tutu
3185 2427 3526 2487 acceperunt.
3555 2419 3706 2474 Men-

2110 2501 2213 2556 dax
2253 2504 2394 2556 enim
2436 2511 2520 2558 est
2556 2504 2644 2559 ille
2667 2545 2683 2570 ,
2709 2504 2947 2575 nihilque
2974 2522 3150 2561 verum
3182 2509 3513 2578 proloquitnr
3541 2527 3555 2564 :
3585 2524 3708 2564 nam

2111 2591 2175 2648 In
2198 2596 2401 2648 veritate
2420 2637 2434 2659 ,
2465 2597 2666 2666 inquit,
2696 2613 2797 2650 non
2823 2599 2956 2653 stetit
2989 2597 3160 2669 (Joau.
3176 2600 3227 2654 8.
3255 2601 3370 2671 Η).

2182 2685 2284 2740 Cur
2303 2687 2498 2758 lignum
2517 2687 2740 2742 scientiis
2755 2688 2873 2742 boni
2897 2698 2942 2743 et
2961 2689 3086 2743 mali
3108 2691 3179 2742 sic
3205 2699 3431 2744 t'ocatiun
3448 2692 3621 2762 fuerit.
3638 2723 3707 2737 --

2109 2775 2186 2831 Nc
2236 2779 2391 2846 igitur
2438 2778 2638 2833 inimici
2693 2780 3055 2834 testimonium
3099 2781 3491 2849 producamus,
3519 2784 3613 2838 sed
3637 2799 3705 2839 ex

2114 2872 2240 2939 ipsis
2271 2873 2429 2926 rebus
2455 2874 2798 2942 colligamus,
2830 2888 2936 2945 qua
2962 2875 3029 2928 de
3055 2891 3213 2928 causa
3243 2876 3441 2946 lignum
3468 2878 3710 2932 scientias

2112 2963 2236 3016 boni
2282 2980 2344 3017 ae
2372 2965 2496 3018 mali
2530 2975 2771 3020 vocetur.
2815 2967 2892 3020 Ac
2923 2967 3067 3035 prius
3088 3005 3106 3034 ,
3133 2966 3177 3021 si
3211 2968 3416 3021 videtur
3436 3006 3452 3028 ,
3484 2967 3610 3038 quid
3639 2969 3710 3023 sit

2113 3058 2308 3110 bonum
2350 3071 2413 3110 ac
2458 3057 2658 3110 malum
2698 3057 3128 3114 consideremus.
3170 3059 3307 3125 Quid
3347 3075 3476 3130 ergo
3508 3061 3707 3116 bonum

2111 3151 2236 3204 est?
2265 3149 2600 3204 Obedieutia.
2630 3151 2767 3217 Quid
2789 3151 3034 3206 malum?
3062 3152 3446 3209 lnnbedicntia.
3477 3157 3552 3208 Ac
3578 3165 3701 3208 tau-

2113 3241 2280 3313 tisper
2317 3259 2346 3296 a
2385 3243 2538 3299 nobis
2565 3243 2680 3299 ha'c
2708 3260 2772 3298 ex
2807 3245 2936 3314 ipsis
2965 3246 3256 3316 Scripturis
3279 3257 3468 3301 exacte
3497 3247 3706 3305 citanti-

2113 3347 2307 3390 nentur
2327 3377 2340 3399 ,
2375 3352 2443 3390 ne
2469 3337 2609 3392 forte
2628 3377 2644 3403 ,
2673 3337 2802 3392 dum
2828 3337 2952 3392 boni
2973 3355 3035 3393 ac
3062 3340 3185 3394 mali
3212 3350 3454 3394 naturam
3479 3341 3707 3410 inquiri-

2112 3445 2230 3483 mus
2250 3471 2265 3495 ,
2305 3431 2637 3484 aberrenms.
2684 3430 2798 3486 Hoc
2835 3433 2978 3486 cnim
3006 3448 3127 3486 esse
3155 3433 3350 3487 bonum
3380 3447 3444 3487 ac
3472 3433 3668 3487 malum
3689 3474 3706 3500 ,

2110 3521 2233 3575 audi
2272 3537 2377 3592 quo
2420 3531 2573 3590 pacto
2599 3523 2788 3578 doceat
2817 3525 3071 3594 propheta
3099 3539 3223 3578 cum
3250 3525 3379 3580 dicit
3408 3543 3421 3579 :
3453 3524 3589 3590 Quid
3613 3527 3706 3580 ba-

2111 3630 2230 3666 uum
2251 3654 2266 3678 ,
2298 3623 2344 3667 et
2377 3615 2500 3684 quid
2529 3616 2776 3670 Dominus
2802 3615 2938 3670 Deus
2966 3619 3173 3687 requirit
3199 3635 3231 3672 α
3256 3621 3344 3674 te?
3371 3618 3466 3672 Dic
3489 3620 3614 3689 quid
3637 3621 3709 3674 sit

2111 3706 2316 3758 bonum.
2353 3705 2417 3760 Ut
2443 3707 2629 3776 diligas
2657 3706 2931 3760 Dominum
2964 3707 3125 3762 Deum
3155 3718 3296 3764 tuum
3321 3709 3509 3780 (inclt.
3529 3710 3586 3766 6.
3608 3712 3695 3780 8).

2114 3798 2274 3852 Vides
2321 3799 2514 3853 bonum
2561 3814 2681 3853 esse
2722 3800 3116 3854 obedientiam?
3157 3804 3418 3874 siquidem
3459 3819 3526 3859 cx
3566 3804 3698 3859 dile-

2109 3893 2286 3946 ctione
2309 3892 2476 3946 oritur
2499 3890 2822 3946 obedientia.
2855 3894 2917 3947 lit
2942 3910 3126 3948 rursus
3149 3913 3161 3949 :
3188 3894 3302 3950 Duo
3322 3899 3458 3951 mala
3478 3899 3596 3969 fecit
3618 3915 3708 3967 po-

2111 3984 2263 4052 pulus
2288 3999 2426 4035 meus
2447 3983 2529 4035 In‘e
2557 3997 2576 4035 :
2606 3999 2684 4036 me
2709 3983 3082 4051 dereliquerunt
3109 3989 3296 4055 [autem
3325 4002 3472 4058 aqum
3492 3989 3634 4052 victe,
3657 3999 3707 4041 et

2110 4075 2349 4145 [oderunt
2376 4076 2470 4127 sibi
2498 4078 2740 4127 cisternas
2759 4076 3002 4128 contritas
3025 4117 3040 4140 ,
3064 4092 3177 4146 qua:
3204 4094 3304 4132 non
3326 4089 3560 4147 poterunt
3579 4095 3702 4134 con-

2110 4169 2267 4220 tinere
2293 4184 2476 4233 aquam
2503 4167 2637 4238 (λεν.
2661 4166 2718 4220 2.
2752 4169 2866 4237 15).
2896 4167 3054 4224 Vides
3085 4170 3496 4226 inobedicntiam
3524 4183 3580 4228 et
3607 4173 3701 4229 de-

2111 4262 2438 4316 relictionem
2485 4263 2679 4316 malum
2727 4263 2891 4318 esse?
2938 4264 3050 4318 lloc
3096 4264 3253 4335 igitur
3281 4267 3492 4321 interim
3522 4277 3703 4324 tenea-

2111 4371 2228 4408 mus
2247 4396 2263 4420 ,
2308 4355 2662 4411 obedientiam
2701 4356 2898 4410 bonum
2917 4371 3038 4411 esse
3059 4397 3072 4418 ,
3103 4367 3262 4426 atque
3289 4358 3699 4416 inobedientiam

2112 4446 2306 4498 malutn
2333 4487 2348 4507 .
2376 4455 2430 4500 ct
2456 4447 2532 4500 sic
2563 4446 2688 4500 illud
2720 4447 2880 4502 etiam
2907 4462 3315 4517 cognoscemus.
3346 4448 3477 4504 Nam
3505 4449 3706 4506 idcirco

2112 4536 2311 4606 lignum
2356 4536 2595 4592 scientiae
2639 4537 2760 4592 boni
2791 4554 2853 4592 ac
2879 4539 3002 4593 mali
3035 4550 3284 4604 vocatur,
3313 4540 3454 4611 quod
3485 4543 3706 4597 manda-

2111 4638 2220 4683 tmn
2255 4628 2323 4684 de
2351 4630 2497 4701 ligno
2524 4631 2772 4686 traditmn
2802 4632 2982 4697 fuerit,
3009 4633 3161 4701 cujus
3181 4635 3462 4691 occasione
3510 4635 3592 4692 vel
3624 4636 3708 4692 ἰη-

2109 4722 2414 4777 oliedientia
2464 4723 2545 4778 vel
2570 4723 2871 4779 obedientia
2899 4734 3208 4780 exercetur.
3231 4724 3366 4782 Nam
3391 4736 3545 4783 antea
3567 4728 3704 4783 scie-

2111 4814 2200 4868 bat
2227 4814 2465 4869 Adamus
2488 4815 2848 4870 obedientiam
2878 4816 3074 4870 bonum
3101 4831 3255 4886 esse,
3282 4819 3698 4874 inobedientiam

2107 4914 2284 4958 autem
2316 4905 2514 4959 malmn
2545 4923 2558 4958 :
2585 4906 2922 4962 manifestius
2946 4918 3126 4962 autem
3160 4918 3342 4978 postea
3369 4923 3435 4964 es
3468 4910 3579 4978 ipsa
3611 4924 3700 4965 re-

2109 5013 2227 5050 rum
2254 4997 2582 5065 caperientia
2609 4997 2810 5052 didicit.
2835 5000 2984 5054 Sit'llf.
3003 4999 3165 5054 etiam
3188 4999 3389 5054 cmdem
3411 4997 3701 5056 fraternam

2110 5089 2306 5142 malum
2359 5103 2479 5142 esse
2523 5103 2743 5143 noverat
2791 5090 2960 5153 Cain,
3009 5091 3090 5145 vel
3143 5100 3428 5161 antequam
3480 5089 3700 5146 fratrem

2107 5196 2262 5234 suum
2291 5179 2557 5234 occideret
2595 5198 2608 5233 :
2643 5191 2698 5233 ut
2724 5183 2864 5234 enim
2893 5181 3157 5250 intelligas
3183 5197 3304 5235 cum
3330 5181 3552 5236 scivisse
3582 5198 3699 5236 ma-

2109 5273 2210 5326 lam
2248 5287 2358 5324 rem
2402 5269 2598 5332 fuisse,
2639 5270 2761 5324 audi
2807 5271 2933 5340 quid
2976 5271 3161 5324 dicat:
3201 5270 3346 5339 Veni,
3385 5288 3623 5327 exeamus
3650 5275 3702 5327 in

2108 5380 2338 5433 cmnpum
2375 5363 2523 5431 (lien.
2570 5364 2625 5417 4.
2665 5365 2742 5432 δ).
2779 5363 2971 5417 Verum
3012 5379 3114 5434 qua
3142 5363 3208 5418 de
3235 5380 3396 5419 eau~a
3428 5367 3644 5421 fratrem
3670 5384 3701 5422 a

2110 5455 2345 5524 paternis
2373 5455 2512 5509 ulnis
2535 5456 2778 5510 avulsum
2803 5457 2854 5509 in
2884 5471 3130 5526 campum
3161 5459 3329 5518 trahis
3349 5460 3372 5511 τ
3396 5475 3493 5514 cur
3523 5460 3574 5514 in
3602 5461 3701 5516 de-

2108 5555 2252 5600 serto
2291 5548 2612 5602 Constituis?
2648 5563 2746 5602 cur
2781 5548 2986 5602 auxilio
3019 5549 3328 5604 d:-stitutum
3366 5551 3584 5606 reddis?
3607 5567 3704 5608 cur

2108 5638 2265 5708 longe
2305 5653 2333 5691 a
2366 5648 2586 5707 paterno
2625 5652 2916 5710 conspecto
2952 5642 3215 5697 abducis?
3251 5658 3349 5697 cur
3376 5644 3546 5698 audax
3575 5643 3700 5700 faei-

2111 5748 2210 5786 nus
2239 5741 2496 5795 occultas,
2515 5731 2559 5785 si
2592 5744 2864 5800 peccatmn
2889 5749 2994 5789 non
3021 5732 3382 5788 reformidas“!
3406 5752 3503 5790 cur
3521 5745 3705 5792 autem

2113 5836 2165 5879 et
2212 5835 2331 5897 post
2357 5823 2555 5880 eadem
2585 5835 2941 5896 perpetratum
2975 5843 3155 5884 rursus
3187 5827 3540 5898 interrogatus
3567 5827 3708 5884 iudi-
