4134 6214
441 398 534 452 fill

429 528 615 589 gnam
656 528 718 565 ac
739 503 1020 565 mentiris?
1043 503 1173 557 Cum
1200 501 1342 554 enim
1371 499 1592 553 dixisset
1615 499 1752 550 Deus
1771 538 1784 558 ,
1817 494 1912 549 Ubi
1938 507 2014 552 est

439 612 584 666 Αιρισ
601 615 758 677 frater
783 602 941 657 tuus?
973 597 1291 666 respondisti
1325 616 1338 652 :
1371 595 1636 662 Numquid
1662 607 1827 649 cus:os
1849 595 2024 664 fratris

429 704 536 754 mei
575 716 687 753 sum
717 712 805 767 ego
830 693 982 766 (Gen.
1005 690 1195 760 4(9)?
1223 691 1297 744 Ex
1322 704 1428 760 quo
1448 689 1609 758 liquet
1632 729 1648 753 ,
1671 703 1792 741 eum
1821 702 1942 740 cum
1971 685 2022 739 id

438 794 602 862 probe
631 796 841 852 nosset,
869 783 935 839 ad
957 783 1058 838 hoc
1083 782 1286 838 facinus
1308 781 1631 850 prorupisse.
1660 778 1724 833 Ut
1747 779 1904 847 igitur
1925 779 2024 832 iste

433 891 689 944 noverat,
741 889 1025 948 antequam
1067 875 1430 942 experiretur,
1483 871 1682 925 eaedem
1739 885 1859 926 esse
1907 886 2022 924 rem

437 975 627 1030 malam
654 990 668 1037 ;
713 980 893 1041 postea
940 983 1066 1022 vero
1104 967 1287 1021 didicit
1317 965 1476 1018 etiam
1503 961 1838 1017 manifestius
1859 1003 1872 1024 ,
1901 976 2021 1015 cum

436 1082 648 1135 [uenam
689 1062 943 1118 sustinuit
979 1059 1287 1128 audivitque
1307 1100 1320 1120 ,
1362 1056 1575 1110 Gemens
1601 1072 1661 1107 ac
1688 1065 1900 1107 tremens
1927 1053 2024 1106 eris

433 1175 588 1228 super
633 1165 818 1209 terram
871 1152 1030 1222 (Ibid.
1059 1167 1106 1204 υ.
1140 1149 1230 1221 l2)
1260 1169 1274 1204 :
1299 1150 1376 1204 sic
1403 1159 1456 1203 et
1481 1148 1632 1200 istius
1662 1155 1810 1214 pater
1831 1185 1846 1210 ,
1875 1152 2025 1197 ante-

434 1265 594 1317 quam
638 1246 855 1310 ederet,
903 1242 1028 1299 boni
1069 1256 1131 1295 ac
1158 1241 1282 1295 mali
1315 1239 1615 1306 cognitione
1645 1236 1866 1306 pollebat
1893 1277 1907 1298 ,
1942 1244 2022 1287 ta-

436 1341 591 1395 metsi
635 1356 738 1392 non
767 1339 836 1391 ita
867 1336 1134 1400 evidenti,
1175 1349 1238 1388 ac
1275 1347 1397 1388 cum
1425 1331 1492 1386 de
1515 1332 1655 1400 ligno
1681 1329 2020 1384 comedisset.

435 1433 616 1487 Dicam
643 1431 899 1502 apertius.

511 1524 656 1578 Mula
704 1522 882 1576 melius
927 1519 1152 1574 novimus
1172 1559 1187 1583 ,
1226 1527 1490 1588 postquam
1516 1532 1575 1569 ea
1601 1513 2018 1584 perpetrarimus.

436 1615 665 1670 —-Mala
709 1615 906 1669 scimus
952 1625 1138 1665 omnes
1163 1653 1177 1675 ,
1221 1610 1379 1663 etiam
1415 1617 1699 1677 antequam
1722 1606 1808 1658 illa
1836 1619 2025 1674 perpe-

437 1719 676 1770 Iremus;
743 1701 1076 1757 manifestius
1118 1714 1248 1755 vero
1293 1715 1355 1752 ea
1399 1697 1688 1759 discimus,
1745 1705 2023 1764 postquam

437 1802 524 1854 illa
552 1797 972 1869 perpetravimus
996 1839 1009 1859 ,
1034 1811 1096 1850 ac
1123 1795 1290 1850 multo
1318 1795 1477 1848 etiam
1503 1791 1832 1845 manifestius
1855 1831 1870 1856 ,
1903 1805 2024 1842 cum

436 1893 704 1960 punimur.
735 1888 824 1944 Sic
850 1888 1010 1941 etiam
1038 1885 1167 1941 Cain
1191 1884 1391 1939 sciebat
1415 1883 1626 1953 quidem
1647 1891 1800 1934 antea
1823 1880 2023 1934 ets-dem

439 1983 726 2036 fraternam
771 1979 968 2034 malum
1014 1992 1134 2032 esse
1176 1993 1189 2029 :
1235 1985 1417 2045 postea
1455 1989 1580 2028 vero
1607 1970 2026 2026 didieiteviden-

438 2075 572 2136 tius,
603 2087 723 2126 eum
753 2069 1013 2140 supplicio
1058 2068 1340 2122 mulctatus
1369 2075 1486 2120 est:
1521 2080 1617 2118 nos
1646 2065 1786 2117 enim
1815 2077 2025 2131 quoque

441 2166 721 2219 sanitatem
757 2177 868 2216 rem
899 2161 1088 2213 bonam
1121 2173 1240 2214 esse
1269 2157 1512 2212 novimus
1537 2197 1552 2221 ,
1581 2166 1632 2209 et
1658 2153 2024 2224 :rgritudinem

438 2273 553 2312 rem
596 2256 904 2315 inelestam.
949 2262 1230 2324 antequam
1272 2251 1398 2307 ilud
1443 2250 1826 2319 experiamur:
1860 2247 2027 2302 multo

439 2367 566 2405 vero
590 2351 786 2405 certius
806 2392 821 2415 ,
849 2364 973 2403 cum
1003 2349 1054 2402 in
1077 2349 1322 2402 morbum
1353 2345 1696 2400 inciderimus
1713 2387 1728 2411 ,
1754 2343 2027 2415 utriusque

437 2445 514 2500 rei
546 2444 832 2497 discrimen
860 2442 1218 2511 agnoscimus.

502 2537 561 2589 3.
605 2533 804 2588 Eadem
845 2533 1094 2587 nimirum
1121 2532 1328 2586 ratione
1359 2539 1573 2583 noverat
1603 2530 1761 2583 etiam
1793 2528 2028 2583 Adamus

440 2625 797 2681 obedientiam
823 2640 934 2677 rem
958 2624 1150 2678 bonam
1174 2636 1313 2685 esse,
1341 2621 1751 2675 inobedientiam
1771 2636 1895 2674 vero
1915 2634 2028 2674 ma-

441 2718 548 2772 lam
575 2737 587 2771 :
621 2717 874 2783 deinceps
901 2731 1029 2769 vero
1053 2714 1238 2769 didicit
1265 2715 1562 2769 evidentius
1581 2756 1595 2780 ,
1625 2731 1744 2769 Clllll
1775 2715 1913 2785 ligno
1931 2727 2032 2784 gu-

440 2821 580 2866 stato
616 2825 647 2865 e
686 2811 932 2880 paradiso
960 2809 1161 2879 eiectus
1189 2820 1268 2863 est
1293 2851 1306 2868 .
1339 2817 1390 2864 et
1419 2809 1486 2863 ah
1516 2809 1601 2864 illa
1634 2811 1827 2864 excidit
1855 2809 2026 2866 felici-

443 2902 726 2959 tate-Cum
758 2903 914 2971 igitur
941 2904 990 2956 in
1020 2916 1232 2971 poenam
1256 2902 1537 2956 incurrerit
1556 2943 1570 2964 ,
1604 2904 1773 2973 quod,
1801 2903 1908 2958 Deo
1934 2921 2028 2959 ve-

442 3006 618 3058 tante,
665 2996 861 3064 lignum
911 2995 1234 3064 degustarit,
1276 2993 1609 3048 manifestius
1651 3011 1771 3049 eum
1816 3011 1911 3064 per
1939 3011 2032 3049 ex-

443 3089 755 3157 perientiam
807 3102 959 3157 pmna
989 3087 1172 3142 docuit
1191 3130 1206 3154 ,
1239 3087 1350 3142 Deo
1377 3101 1480 3141 non
1512 3087 1883 3155 obtemperare
1912 3104 2028 3142 ma-

439 3181 550 3236 lum
575 3220 592 3244 ,
615 3189 670 3234 at
698 3179 1070 3248 obtemperare
1093 3179 1296 3233 bonum
1324 3193 1442 3232 esse
1467 3196 1480 3231 :
1505 3190 1783 3247 propterea
1831 3180 2029 3248 lignum

440 3271 677 3328 scientiae
715 3271 838 3326 boni
885 3284 948 3324 ac
992 3270 1114 3324 mali
1142 3278 1384 3324 vocatur.
1425 3270 1492 3325 Et
1524 3286 1624 3339 qua
1669 3271 1736 3324 de
1763 3286 1954 3332 causa.
1986 3271 2031 3324 si

445 3379 551 3416 non
595 3362 704 3433 ipsa
734 3362 860 3431 ligni
903 3370 1089 3417 natura
1119 3362 1394 3417 scientiam
1424 3361 1609 3416 habuit
1631 3361 1756 3415 boni
1783 3371 1837 3416 et
1867 3361 2031 3426 mali,

443 3456 538 3510 sed
575 3471 638 3510 ex
680 3456 790 3525 ipsa
821 3470 975 3525 pugna
994 3464 1221 3525 propter
1248 3453 1658 3508 inohediemiam
1691 3453 1757 3508 ob
1782 3452 2032 3521 degusta-

445 3563 555 3605 tum
599 3547 799 3618 liguum
846 3546 990 3600 illata
1029 3545 1361 3600 manifestius
1402 3545 1502 3600 hoc
1541 3545 1724 3598 didicit
1746 3544 1940 3608 homo,
1971 3545 2034 3599 li-

443 3659 605 3710 gnum
644 3643 883 3698 scientiae
907 3641 1044 3696 'boni
1073 3656 1135 3696 ac
1161 3641 1285 3696 mali
1317 3640 1577 3694 vocatur?
1605 3638 1756 3706 Quod
1785 3639 2034 3694 nimirum

445 3734 531 3788 hic
583 3734 870 3804 Scriptum
918 3747 1034 3786 mos
1059 3733 1122 3786 sit
1146 3774 1159 3796 ,
1195 3732 1280 3786 tibi
1307 3746 1394 3786 res
1419 3730 1678 3801 quapiam
1708 3731 1758 3782 in
1788 3730 1919 3784 locis
1943 3738 2035 3783 aut

447 3825 776 3894 temporibus
805 3824 1124 3892 quibusdam
1143 3823 1436 3887 acciderit,
1467 3837 1497 3876 a
1523 3822 1680 3876 rebus
1710 3820 1813 3874 illis
1838 3828 1892 3874 et
1915 3820 2030 3874 loca

445 3929 497 3971 et
541 3926 780 3986 tempora
819 3931 1036 3971 vocare.
1080 3916 1185 3971 Sed
1225 3925 1275 3968 ut
1323 3915 1516 3969 clarius
1563 3913 1702 3984 quod
1741 3913 1862 3967 dico
1909 3912 2032 3977 fiat,

446 4009 573 4062 illud
601 4007 848 4078 exemplo
871 4008 1021 4062 vobis
1047 4007 1342 4062 illustrabo.
1373 4006 1564 4060 Puteos
1593 4005 1878 4074 aliquando
1902 4003 2034 4058 fodit

447 4102 593 4154 Isaac
624 4120 638 4154 :
669 4101 765 4154 hos
788 4111 964 4153 autem
998 4109 1188 4167 puteos
1217 4099 1373 4152 vicini
1396 4097 1668 4151 destruere
1695 4111 1813 4150 cum
1835 4097 2034 4166 agressi

446 4204 656 4259 essent,
708 4192 830 4246 inde
871 4191 1113 4246 simultas
1156 4189 1400 4260 quaedam
1439 4198 1520 4244 est
1564 4198 1708 4250 orta,
1741 4199 1794 4242 et
1819 4190 2038 4242 vocavit

448 4296 667 4351 puteum
722 4283 1028 4338 Inimicitias
1079 4299 1093 4335 :
1146 4298 1250 4335 non
1305 4279 1442 4347 quod
1495 4287 1683 4348 puteus
1732 4278 2036 4333 inimicitias

449 4384 757 4441 exerceret,
791 4373 884 4429 sed
913 4373 1052 4443 quod
1082 4374 1221 4428 circa
1253 4371 1396 4425 illum
1422 4371 1708 4425 inimicitiae
1730 4380 1930 4425 exorta:
1952 4384 2038 4423 es-

426 4469 565 4523 [sent
601 4467 750 4534 (Gen.
775 4467 864 4522 26.
890 4465 1002 4528 2|).
1028 4465 1116 4520 Sic
1142 4474 1193 4518 et
1215 4464 1413 4532 lignum
1436 4461 1670 4516 scicntize
1693 4461 1814 4514 boni
1837 4469 1889 4515 et
1912 4459 2035 4513 mali

452 4570 672 4613 voratur
692 4601 704 4622 .
739 4576 843 4612 non
871 4557 1011 4628 quod
1041 4559 1210 4626 ipsum
1244 4556 1459 4610 scientia
1493 4554 1748 4623 polleret,
1779 4552 1869 4607 sed
1898 4551 2038 4622 quod

449 4655 591 4708 circa
621 4651 746 4706 illud
767 4651 910 4705 facta
938 4659 1080 4705 esset
1105 4649 1341 4704 scientire
1363 4648 1484 4702 boni
1507 4662 1569 4701 ac
1587 4647 1708 4700 mali
1731 4645 2036 4700 deelaratio.

456 4747 660 4800 Rursus
699 4752 912 4814 puteum
945 4741 1078 4795 fodit
1101 4739 1368 4795 Abraham
1389 4781 1403 4804 ,
1433 4738 1651 4793 insidias
1678 4739 1880 4808 paravit
1910 4738 2039 4791 Abi-

453 4837 662 4894 melech
709 4853 723 4890 :
765 4841 1160 4893 convenerunt.
1210 4832 1512 4886 inimicitias
1559 4831 1947 4898 deposuerunt,
1979 4844 2042 4883 ac

454 4929 694 5001 prmstito
738 4937 923 4982 mutuo
957 4925 1260 4996 jnramento
1300 4935 1517 4992 puteum
1559 4923 1704 4976 illum
1748 4920 2040 4975 .luramenti

458 5034 672 5092 puteum
711 5021 1046 5091 appellarunt
1075 5017 1238 5090 (Ibid.
1263 5017 1354 5072 21.
1385 5019 1475 5072 51.
1505 5015 1594 5084 52)
1622 5032 1636 5080 ;
1667 5031 1769 5070 non
1793 5014 1933 5084 quod
1959 5014 2046 5082 ju-

456 5124 627 5168 rasset
671 5124 895 5183 puteus,
944 5111 1038 5166 sed
1077 5109 1217 5180 quod
1257 5109 1396 5164 circa
1437 5117 1650 5176 puteum
1685 5106 2045 5175 juramentum

455 5206 752 5275 prrstitum
789 5213 951 5258 esset.
1003 5202 1160 5256 Vides
1185 5201 1298 5254 loca
1329 5215 1433 5252 non
1466 5197 1578 5252 fieri
1609 5211 1796 5251 causas
1827 5211 2001 5249 rerum
2031 5237 2045 5256 ,

460 5297 583 5351 licet
631 5312 658 5348 a
705 5295 862 5349 rebus
901 5307 1093 5348 nomen
1141 5289 1447 5360 accipiant?
1476 5287 1746 5356 Siquidem
1771 5285 1922 5339 valde
1951 5301 2040 5337 ne.

459 5389 751 5444 cessarium
775 5397 857 5442 est
875 5429 891 5454 ,
920 5395 978 5440 ut
1003 5385 1355 5440 adhibeantur
1373 5381 1614 5448 exempla
1637 5421 1651 5444 ,
1684 5394 1790 5449 quo
1824 5375 2048 5430 manife-

459 5483 620 5536 stiora
656 5482 781 5534 fiant
803 5495 920 5550 quae
943 5478 1190 5532 dicimus.
1218 5476 1423 5530 Rursus
1450 5480 1796 5526 occurrentes
1825 5467 1925 5522 sibi
1955 5482 2050 5519 an-

460 5574 609 5640 gelos
638 5573 767 5626 vidit
789 5569 950 5625 Jaeob
977 5578 1032 5624 et
1054 5575 1230 5621 castra
1264 5564 1357 5620 Dei
1382 5605 1397 5628 ,
1431 5573 1537 5618 tum
1565 5560 1851 5632 appellavit
1873 5560 2050 5613 locum

461 5665 648 5718 Castra
677 5662 835 5734 (Ibid.
867 5661 955 5716 32.
985 5658 1065 5731 ‘2).
1095 5658 1330 5712 Tametsi
1355 5664 1506 5710 locus
1527 5665 1700 5708 castra
1733 5667 1838 5706 non
1867 5659 2047 5714 esset,

462 5753 809 5809 nihilominus
835 5751 1019 5807 Castra
1045 5757 1266 5802 vocatus
1285 5755 1364 5801 est
1395 5746 1575 5809 locus,
1606 5744 1726 5812 quia
1750 5742 1858 5797 illic
1879 5749 2050 5795 castra

459 5845 687 5901 viderat.
718 5835 876 5896 V‘idcs
916 5849 976 5895 ut
1002 5840 1071 5894 ab
1094 5848 1290 5895 eventu
1319 5837 1431 5905 rei,
1462 5851 1579 5908 qua:
1608 5837 1659 5889 in
1691 5834 1808 5889 loco
1829 5830 2040 5890 accide-

1112 387 1167 440 S.
1209 382 1488 440 JOANNIS
1524 375 1994 436 CHRYSOSTUKII
2037 375 2352 433 ARClllEP.
2393 377 2922 436 CONSTANTINOP.

3611 387 3720 444 612

2131 505 2234 562 rat,
2257 497 2430 550 locum
2457 497 2776 566 appellarit?
2803 499 2890 552 Sic
2912 499 3070 552 etiam
3095 496 3295 566 lignum
3319 499 3558 555 scienti.e
3587 503 3715 558 boni

2126 606 2189 643 ac
2210 590 2332 643 mali
2355 600 2604 648 vocatur.
2631 605 2734 643 non
2766 588 2907 658 quod
2931 590 3102 658 ipsum
3126 589 3249 642 boni
3278 590 3512 660 malique
3535 594 3716 646 scien-

2130 681 2198 734 tia
2224 681 2468 750 polleret,
2489 679 2581 734 sed
2603 680 2740 750 quod
2769 681 3004 734 scientia:
3032 680 3157 734 boni
3173 696 3235 735 ac
3256 681 3379 736 ntali
3403 681 3540 736 facta
3563 683 3719 740 fuerit

2127 774 2267 827 circa
2298 772 2425 826 illud
2453 771 2860 837 demonstratio,
2903 781 2956 825 et
2984 771 3358 828 inobedientia
3396 783 3559 843 atque
3588 775 3722 828 ohe-

2129 867 2341 921 dientize
2363 868 2691 920 exercitatio.
2713 866 2916 920 Rursus
2930 866 3096 921 Deum
3117 867 3245 921 vidit
3265 866 3717 937 Jacob,quantnm

2131 959 2242 1012 fieri
2274 967 2465 1025 potest,
2489 969 2546 1012 ut
2574 959 2872 1012 abhomine
2897 959 3154 1018 videatur.
3194 970 3246 1013 cl
3271 961 3476 1014 vocavit
3517 977 3714 1016 nomen

2131 1050 2232 1104 loci
2262 1051 2404 1104 illius
2441 1050 2649 1118 Species
2694 1049 2805 1104 Dei.
2838 1051 3055 1115 Quare?
3080 1051 3212 1116 Quid
3235 1051 3340 1104 tidi
3364 1049 3524 1104 Deum
3556 1052 3713 1118 (Gen.

2128 1142 2215 1196 32.
2241 1142 2354 1210 50),
2371 1141 2558 1210 inquit.
2583 1143 2913 1210 Quamquam
2940 1156 3046 1195 non
3063 1141 3212 1196 locus
3241 1140 3332 1195 Dei
3351 1140 3557 1210 species
3577 1152 3716 1208 erat,

2127 1232 2222 1286 sed
2270 1249 2298 1286 a
2346 1249 2404 1287 re
2447 1249 2566 1301 qum.
2612 1241 2861 1286 evenerat
2887 1232 2938 1286 in
2970 1232 3116 1297 loco,
3151 1241 3271 1286 nata
3295 1240 3380 1287 est
3408 1232 3717 1302 appellatio.

2129 1324 2290 1378 Vides
2330 1339 2489 1393 quam
2539 1324 2718 1378 multis
2757 1339 2821 1377 ex
2866 1323 2996 1378 locis
3043 1338 3246 1378 morem
3276 1338 3397 1378 esse
3424 1322 3717 1391 Scriptum

2127 1416 2706 1478 demonstraverimus,
2752 1424 2809 1468 ut
2850 1430 2879 1468 a
2924 1416 3087 1470 rebus
3135 1431 3253 1483 quae
3294 1415 3585 1470 acciderint
3615 1430 3716 1468 no-

2128 1509 2268 1561 mina
2319 1508 2448 1562 locis
2491 1508 2767 1575 imponat?
2804 1506 3037 1576 ldipsum
3065 1522 3275 1577 quoque
3303 1507 3353 1560 in
3385 1507 3718 1576 temporibus

2127 1617 2286 1671 agere
2335 1600 2630 1655 consuevit.
2676 1599 2781 1655 Sed
2827 1616 2894 1654 ne
2944 1600 3101 1654 ιιιιάἰο
3130 1617 3226 1653 vos
3266 1599 3589 1656 afficiamus.
3617 1616 3720 1670 age

2129 1708 2431 1748 sermonem
2499 1708 2530 1746 a
2594 1691 2916 1747 tristioribus
2963 1693 3027 1746 ad
3067 1691 3380 1761 jucundiora
3430 1693 3719 1746 transfera-

2129 1800 2267 1838 mus.
2309 1784 2517 1838 Etenim
2551 1784 2658 1854 jam
2690 1783 2971 1852 defatigata
3003 1792 3084 1837 est
3125 1799 3274 1836 mens
3309 1793 3484 1837 vestra
3544 1785 3718 1838 subti-

2131 1877 2354 1930 lioribus
2379 1876 2658 1930 sententiis
2688 1876 2965 1928 immorata
2992 1893 3006 1929 :
3036 1884 3359 1942 quapropter
3381 1889 3558 1942 opera:
3589 1890 3716 1942 prc-

2129 1967 2259 2020 tium
2283 1965 2440 2019 fuerit
2463 1967 2601 2020 illam
2629 1982 2699 2020 rei
2717 1981 2870 2019 reare
2885 1980 2946 2018 ac
2967 1965 3716 2033 siinpliciot‘ibuslzetioribus—

2128 2074 2233 2129 que
2258 2060 2538 2114 sententiis
2567 2059 2708 2112 illam
2741 2073 2975 2126 pascere.

2202 2150 2279 2204 De
2301 2151 2442 2204 bonis
2469 2153 2572 2220 agit
2603 2168 2691 2217 per
2709 2167 2906 2204 crucem
2937 2149 3161 2204 invectis.
3193 2148 3345 2202 Latro
3371 2167 3462 2203 cur
3484 2152 3536 2204 in
3559 2168 3716 2219 para-

2131 2242 2295 2296 disum
2321 2241 2653 2296 introductus.
2670 2271 2742 2282 ——
2763 2241 2840 2294 Ad
2873 2242 3103 2296 salutare
3130 2242 3287 2311 igitur
3315 2242 3513 2312 lignum
3545 2246 3720 2298 crucis

2129 2334 2432 2388 redeamus.
2482 2333 2593 2387 Iloc
2617 2333 2758 2388 enim
2792 2333 2968 2388 omnia
2998 2333 3133 2386 mala
3163 2333 3412 2398 sustulit,
3443 2349 3562 2404 qum
3587 2335 3719 2388 illud

2131 2425 2404 2480 invexerat
2449 2442 2464 2478 :
2504 2423 2588 2478 vel
2629 2422 2803 2492 potius
2831 2437 2938 2479 non
2963 2423 3088 2477 illud
3121 2424 3255 2476 mala
3285 2423 3590 2489 invexerat,
3621 2424 3719 2478 sed

2131 2517 2291 2572 homo
2333 2521 2446 2587 ipse
2482 2525 2670 2571 cuncta
2695 2557 2709 2579 ,
2733 2533 2851 2588 qua:
2879 2516 3076 2572 deinde
3101 2515 3341 2572 Christus
3364 2518 3519 2586 plane
3543 2527 3721 2571 sustu-

2132 2607 2192 2662 lit
2214 2649 2229 2672 ,
2267 2618 2431 2677 atque
2479 2609 2582 2664 illis
2605 2609 2865 2678 ampliora
2895 2609 3064 2664 multo
3092 2609 3230 2663 bona
3256 2610 3472 2665 invexit.
3504 2609 3585 2665 οι)
3613 2609 3718 2664 hoc

2133 2701 2304 2770 ipsum
2331 2701 2403 2754 ait
2429 2701 2622 2756 Paulus
2651 2720 2663 2757 :
2702 2703 2801 2757 ι’ὺὶ
2820 2703 3340 2757 nbundavitdcltctum
3360 2746 3374 2768 ,
3404 2704 3717 2773 superabun—

2132 2796 2266 2850 davit
2294 2795 2459 2865 gratia
2489 2795 2663 2864 (llam.
2696 2796 2748 2851 5.
2781 2795 2908 2866 20);
2936 2795 3038 2850 hoc
3064 2806 3145 2850 est
3167 2839 3180 2861 ,
3210 2796 3378 2865 majus
3401 2805 3480 2850 est
3505 2795 3713 2851 donum

2131 2904 2288 2958 quam
2337 2897 2629 2959 peccatum.
2672 2887 2875 2943 Idcirco
2921 2901 3106 2942 rurSuS
3132 2888 3207 2942 ait
3244 2907 3257 2942 :
3289 2887 3407 2941 Non
3433 2889 3556 2941 sicut
3581 2889 3716 2942 defi-

2132 2992 2265 3034 ctum
2291 3023 2305 3046 ,
2337 2983 2409 3033 ita
2453 2988 2500 3034 et
2528 2981 2713 3033 donum
2738 2979 2909 3047 (Rom.
2935 2979 2986 3034 5.
3020 2979 3105 3046 l5)
3135 2997 3149 3032 :
3182 2995 3287 3034 non
3309 2989 3560 3049 quantum
3587 2995 3718 3049 pee-

2132 3073 2272 3126 eavit
2311 3073 2471 3126 homo
2495 3113 2509 3137 ,
2555 3080 2756 3126 tantum
2799 3070 3015 3124 donavit
3058 3071 3198 3126 Deus
3237 3088 3252 3124 :
3285 3087 3390 3126 non
3419 3081 3611 3142 quanta
3637 3073 3718 3141 ja-

2133 3176 2306 3229 ctura,
2333 3176 2510 3223 tantus
2535 3175 2618 3222 est
2645 3173 2881 3233 qumstus
2905 3182 2918 3216 :
2947 3179 3050 3219 non
3078 3173 3331 3234 quantum
3361 3164 3714 3232 naufragium,

2136 3265 2280 3310 tanta
2323 3259 2481 3312 eti:m
2533 3256 2822 3326 negotiatio
2872 3255 2970 3310 fuit
3018 3272 3032 3309 :
3083 3255 3174 3309 sed
3222 3255 3371 3324 plura
3404 3255 3538 3310 bona
3569 3256 3718 3310 fuere

2134 3363 2295 3416 quam
2341 3348 2511 3412 mala;
2556 3357 2610 3402 et
2655 3347 2864 3402 merito.
2895 3346 3163 3417 Siquidem
3193 3346 3330 3400 mala
3357 3361 3544 3400 servus
3575 3347 3722 3400 inve—

2135 3440 2234 3507 xit,
2258 3449 2308 3494 et
2334 3440 2535 3493 minora
2568 3449 2719 3494 erant
2743 3459 2758 3494 :
2788 3439 2925 3493 bona
2949 3454 3076 3493 vero
3097 3438 3316 3507 largitus
3337 3447 3420 3493 est
3441 3437 3716 3504 Dominus,

2136 3533 2384 3603 quocirca
2413 3531 2621 3585 fuerunt
2646 3540 2700 3585 et
2720 3530 2867 3601 plura
2897 3547 2910 3583 :
2943 3537 3222 3599 propterea
3244 3528 3374 3584 dicit
3402 3547 3415 3583 :
3451 3527 3570 3583 Non
3591 3529 3721 3582 sicut

2136 3622 2372 3676 delictum
2397 3662 2410 3685 ,
2453 3622 2526 3674 ita
2563 3630 2609 3674 et
2655 3621 2862 3674 donum.
2895 3619 3094 3674 Deinde
3121 3618 3408 3674 discrimen
3439 3619 3676 3689 adjungit
3704 3637 3717 3670 :

2139 3713 2277 3767 Nam
2291 3713 2546 3783 judicium
2566 3712 2766 3780 quidem
2795 3727 2858 3764 ea:
2882 3726 2984 3764 uno
3013 3710 3064 3763 in
3086 3709 3573 3767 condemnationem.
3604 3725 3720 3779 σγα-

2138 3809 2208 3861 tia
2255 3816 2419 3860 autem
2449 3823 2514 3860 ex
2553 3806 2723 3858 multis
2764 3803 2958 3856 delictis
2985 3803 3036 3855 in
3055 3802 3496 3871 justi/icatiouem.
3523 3801 3722 3856 Obscu-

2137 3900 2250 3954 rius
2270 3909 2350 3953 est
2374 3940 2388 3965 ,
2421 3899 2560 3968 quod
2579 3897 2811 3952 diximus
2836 3913 2849 3948 :
2886 3895 3060 3965 itaque
3087 3908 3307 3948 necesse
3333 3903 3415 3948 est
3437 3934 3454 3960 ,
3478 3902 3536 3948 ut
3557 3909 3727 3962 expo-

2139 3993 2386 4047 sitionem
2414 3991 2784 4060 adjungamus.
2815 3986 2958 4041 Nam
2978 3986 3239 4056 judicium
3258 3988 3491 4056 quidem,
3513 3986 3615 4042 hoc
3644 3996 3728 4041 est

2139 4099 2293 4153 poena
2317 4126 2331 4146 ,
2375 4081 2690 4151 supplicium
2713 4121 2730 4146 ,
2767 4092 2945 4145 mors;
2977 4078 3060 4133 Ea:
3079 4094 3178 4132 uno
3196 4119 3211 4142 ,
3239 4077 3442 4133 scilicet
3463 4087 3680 4147 peccito
3711 4099 3728 4134 ε

2139 4176 2400 4244 siquidem
2449 4188 2613 4228 unum
2662 4181 2934 4241 peccatum
2984 4179 3187 4226 tantum
3238 4171 3434 4225 malum
3482 4171 3725 4234 invexit;

2138 4271 2306 4340 gratia
2349 4283 2476 4323 vero
2519 4283 2624 4322 non
2674 4267 2803 4321 illud
2852 4266 3023 4320 solum
3073 4273 3386 4334 peccatum,
3418 4261 3510 4318 sed
3542 4272 3597 4317 et
3623 4262 3726 4317 alia

2141 4361 2303 4414 multa
2349 4359 2581 4415 sustulit.
2625 4357 2829 4412 Idcirco
2867 4355 2996 4412 dicit
3026 4373 3040 4409 :
3074 4355 3254 4410 Gratia
3276 4366 3443 4409 autem
3469 4371 3532 4409 ea:
3555 4355 3728 4408 multis

2143 4453 2338 4507 delictis
2380 4452 2433 4505 iu
2471 4451 2916 4520 justiﬁcationem.
2963 4447 3250 4518 Propterea
3295 4447 3527 4502 Joannes
3569 4447 3727 4500 etiam

2143 4544 2377 4612 Baptista
2421 4542 2685 4596 clamabat
2730 4557 2745 4593 :
2786 4538 2920 4594 Ecce
2958 4555 3120 4610 agnus
3145 4536 3244 4592 Dei
3267 4580 3281 4605 ,
3306 4553 3447 4603 non,
3477 4538 3563 4607 qui
3594 4537 3731 4592 tollit

2143 4645 2417 4704 peccatum
2466 4633 2654 4687 Adami
2680 4674 2694 4697 ,
2746 4631 2874 4697 sed,
2931 4631 3033 4699 Qui
3072 4631 3202 4683 tollit
3249 4639 3508 4700 peccatum
3557 4629 3732 4682 mundi

2148 4725 2325 4796 (Joou.
2371 4727 2421 4780 l.
2455 4725 2570 4792 9.9).
2608 4723 2816 4789 Vidisti,
2849 4739 2954 4792 quo
2984 4733 3136 4792 pacto
3162 4739 3267 4776 non
3295 4723 3434 4777 sicut
3457 4721 3726 4784 delictum,

2146 4817 2215 4871 ita
2241 4825 2294 4870 ct
2322 4816 2486 4886 gratia
2509 4857 2522 4878 ,
2548 4815 2640 4872 sed
2666 4816 2813 4885 plura
2836 4816 3034 4886 lignum
3059 4813 3160 4868 hoc
3178 4814 3375 4868 imexit
3395 4812 3555 4878 bona,
3574 4828 3731 4880 quant

2146 4926 2174 4963 a
2205 4911 2464 4980 principio
2496 4910 2692 4964 fuerint
2722 4910 2927 4964 invecta
2956 4907 3132 4962 mala?

2219 5004 2271 5058 4.
2302 5003 2427 5058 Hinc
2457 5015 2632 5058 autem
2654 5018 2682 5054 a
2706 5017 2791 5056 me
2813 5001 2951 5055 dicta
2981 5008 3126 5064 sunt,
3159 5014 3226 5053 ne
3253 5013 3281 5052 a
3310 4997 3494 5067 primis
3521 4997 3623 5051 illis
3645 5011 3736 5065 pa-

2148 5096 2390 5150 rentibus
2419 5095 2615 5149 damno
2638 5103 2688 5148 te
2716 5093 2963 5146 affectum
2991 5091 3286 5145 arbitreris.
3314 5090 3566 5145 Diabolus
3592 5089 3734 5142 Ada-

2151 5203 2294 5240 ιιιιιιιι
2317 5185 2495 5255 ejecit,
2532 5186 2788 5240 latronem
2813 5183 3055 5250 Christus
3079 5182 3397 5237 introduxit.
3427 5182 3506 5236 Ac
3531 5181 3732 5236 discrco

2151 5279 2386 5348 pantiam
2413 5277 2553 5330 vide.
2585 5275 2978 5330 ille-hominem
3019 5275 3166 5328 nullo
3193 5275 3443 5329 infectum
3485 5283 3733 5343 peccato,

2152 5371 2246 5426 sed
2291 5370 2403 5424 sola
2450 5368 2822 5423 inobedieutim
2867 5365 3090 5425 macula.
3138 5365 3297 5434 ejecit
3326 5382 3339 5417 ε
3369 5364 3615 5419 Christus
3657 5363 3737 5416 la-

2154 5472 2360 5515 tronem
2405 5461 2680 5514 innumera
2729 5466 3063 5526 peccatorum
3090 5469 3284 5524 genera
3339 5461 3637 5523 gestantem
3685 5452 3737 5505 in

2158 5555 2460 5625 paradisum
2519 5551 2833 5606 introduxit.
2891 5550 2972 5604 An
3030 5549 3188 5618 igitur
3245 5547 3345 5601 hoc
3401 5553 3603 5600 tantum
3656 5551 3740 5598 est

2156 5643 2489 5705 admirabile,
2520 5643 2661 5712 quod
2694 5642 2953 5694 latronem
2996 5639 3046 5692 in
3076 5637 3381 5708 paradisum
3411 5635 3738 5698 introduxit.

2156 5735 2299 5791 aliud
2321 5748 2447 5790 vero
2476 5732 2604 5787 nihil
2623 5731 2646 5784 ?
2667 5731 2849 5786 Potest
2868 5738 2923 5784 et
2942 5727 3083 5782 aliud
3114 5726 3282 5796 majus
3301 5726 3426 5780 diei.
3457 5724 3571 5780 Non
3596 5724 3738 5779 enim

2151 5827 2333 5885 solum
2361 5822 2652 5881 introduxit
2679 5821 2961 5890 latronem,
2996 5819 3089 5874 sed
3121 5828 3173 5875 ct
3200 5826 3322 5874 ante
3348 5815 3602 5872 mundum
3627 5813 3746 5869 uni-
