4164 6224
448 329 506 382 ϐΙ
525 329 542 380 l
1677 334 1743 390 ΙΝ
1773 333 2006 391 ΘΕΝΕΒΞ

2111 335 2344 394 SERMO
2373 340 2482 397 VII.
3591 358 3694 412 61'?

447 449 554 519 γὰρ
577 447 711 502 Θεοῦ
733 451 1000 517 εἰπόντος’
1022 454 1146 508 Ποῦ
1194 456 1384 522 Ἅϐελ,
1424 460 1456 512 ὀ
1494 457 1758 528 ἁδελφός
1777 473 1926 522 σου;
1948 455 2021 510 εἴ·

447 549 556 595 παις
574 548 588 561 '
609 532 708 601 Μὴ
749 536 952 603 φύλαξ
987 538 1102 607 είμί
1140 541 1246 593 τοῦ
1281 539 1546 610 ἀδελφοῦ
1559 558 1678 610 μου
1695 540 1835 610 ἐγώ;
1861 540 2021 593 Ὅθεν

447 617 606 686 δῆλον
624 619 708 671 611
730 620 916 688 σαφῶς
935 621 1086 684 εἰδὼς
1102 617 1265 693 ἦλθεν
1286 617 1378 676 ἐπὶ
1396 625 1495 696 τήν
1513 625 1775 695 ἐργασίαν
1795 624 2017 693 ταύτην.

450 702 660 773 Ὥσπερ
694 697 786 756 οὖν
823 699 1111 774 οὖτοςῇδει
1134 705 1233 776 μὲν
1253 707 1347 761 καὶ
1366 708 1472 779 πρὸ
1488 709 1586 778 τῆς
1607 707 1801 778 πείρας
1817 709 1898 760 ὅτι
1918 724 2018 759 καο

448 785 543 838 κὸν
563 788 590 838 6
612 787 790 853 φόνος,
811 787 981 856 ἔμαθε
1002 787 1058 840 δὲ
1080 789 1408 862 σαφέστερον
1428 793 1522 844 καὶ
1543 791 1682 860 μετὰ
1698 791 1889 856 ταῦτα,
1929 792 2018 844 ὅτε

446 869 546 940 τὴν
573 872 839 941 τιμωρίαν
869 871 1105 936 ἐδέξατο,
1129 875 1221 927 καὶ
1241 875 1438 944 ήκουσε
1461 892 1474 906 ο
1498 876 1730 930 Στένων
1759 875 1858 929 καί
1888 874 2018 942 τρέ-

443 975 572 1024 μων
587 958 702 1024 ἔσῃ
724 957 822 1011 ἐπὶ
862 957 972 1026 τῆς
1007 957 1121 1028 τῆς
1141 977 1154 990 ·
1175 960 1317 1014 οὓτω
1337 964 1428 1015 καὶ
1448 962 1476 1014 6
1497 962 1676 1033 πατὴρ
1696 962 1884 1015 τούτου
1904 957 2019 1030 εἶχε

445 1039 538 1092 τοῦ
578 1039 743 1094 καλοῦ
781 1041 874 1094 καὶ
891 1040 985 1094 τοῦ
1008 1042 1176 1095 κακοῦ
1199 1046 1292 1098 καὶ
1311 1045 1416 1116 πρὸ
1435 1046 1528 1098 τοῦ
1549 1049 1742 1114 φαγεῖν
1761 1046 1858 1117 τήν
1880 1045 2020 1113 γνῶ-

447 1140 552 1185 σιν,
576 1126 624 1176 εἰ
646 1125 738 1176 καὶ⁵
764 1123 837 1195 μὴ
860 1123 1002 1178 οὕτω
1025 1126 1282 1197 σαφῆ,ὡς
1303 1129 1439 1198 μετὰ
1463 1129 1560 1201 τὴν
1577 1129 1670 1182 τοῦ
1695 1127 1850 1194 ξύλου
1878 1126 2020 1200 βρῶ-

446 1223 549 1262 σιν.
581 1207 646 1260 Τί
673 1207 817 1278 λέγω
835 1227 851 1276 ;

513 1327 594 1378 Τὰ
628 1328 736 1397 γὰρ
767 1329 912 1382 κακά
937 1331 1138 1396 πάντες
1169 1333 1391 1403 οἰδαμεν
1432 1332 1525 1387 καὶ
1564 1332 1693 1402 πρὶν
1723 1332 1758 1402 ἢ
1790 1328 2016 1402 πρᾶξαι,

444 1409 771 1481 σαφέστερον
794 1411 852 1464 δὲ
888 1413 1230 1484 μανθάνομεν
1282 1415 1421 1484 μετά
1467 1416 1528 1468 16
1577 1414 1800 1487 πρᾶξαι·
1839 1413 2018 1484 πολλῷ

440 1492 497 1545 δέ
533 1493 885 1566 σαφέστερον,
925 1498 1055 1550 ὅταν
1091 1496 1465 1568 κολαζώμεθα.
1503 1498 1659 1551 Οὕτω
1697 1502 1791 1551 καὶ
1819 1500 1846 1551 6
1878 1499 2018 1552 Κάῖν

441 1576 556 1646 ᾔδει
597 1576 695 1648 μὲν
729 1577 812 1630 ὅτι
851 1578 1019 1632 κακὸν
1059 1581 1092 1650 ή
1131 1580 1516 1648 ἀδελφοκτονία
1543 1582 1637 1634 καὶ
1668 1583 1772 1652 πρὸ
1802 1585 2014 1634 τούτου*

440 1657 608 1727 ἔμαθε
659 1658 717 1712 δέ
763 1658 989 1729 ὕστερον
1039 1660 1126 1715 616
1170 1661 1272 1731 τῆς
1324 1663 1597 1727 κολάσεως
1643 1663 2013 1735 σαφέστερον*

441 1741 564 1794 ἐπεὶ
585 1741 676 1794 καὶ
705 1741 864 1810 ἡμεῖς
887 1741 1106 1812 οἴδαμεν
1125 1744 1205 1795 ὅτι
1228 1744 1390 1796 καλὸν
1420 1747 1452 1814 ή
1487 1746 1682 1812 ὑγίεια,
1715 1747 2016 1816 1161190911-

440 1823 535 1875 κον
555 1823 589 1893 ή
609 1823 761 1886 νόσος
789 1823 879 1875 καὶ
906 1823 1009 1892 πρὸ
1027 1824 1125 1893 τῆς
1146 1826 1357 1894 πείρας·
1377 1827 1556 1896 πολλῷ
1572 1827 1627 1880 δέ
1647 1828 1866 1898 μᾶλλον,
1888 1830 2017 1881 ὅταν

439 1906 520 1968 είς
549 1905 648 1976 τήν
683 1905 835 1958 νόσον
877 1906 1226 1978 ἐμπέσωμεν,
1263 1909 1588 1980 ἀμφοτέρων
1630 1910 1727 1981 τήν
1754 1910 2016 1982 διαφορὰν

439 1987 800 2058 γινώσκομεν.

508 2097 577 2166 γ’.
615 2099 718 2152 Τὸν
742 2099 904 2152 αὑτὸν
931 2099 995 2169 δή
1025 2101 1226 2171 τρόπον
1260 2103 1352 2155 καὶ
1377 2103 1406 2155 6
1450 2103 1618 2174 Ἀδὰμ
1652 2106 1767 2176 ᾔδει
1796 2107 1894 2177 μὲν
1931 2109 2014 2161 ὅτι

438 2181 601 2236 καλὸν
634 2184 667 2251 ή
702 2181 940 2253 ὑπακοὴ,
994 2183 1087 2235 καὶ
1113 2185 1281 2237 κακὸν
1311 2187 1344 2256 ή
1371 2189 1620 2258 παρακοή
1645 2205 1657 2219 ο
1696 2190 1920 2262 ὕστερον
1957 2191 2013 2244 δὲ

438 2265 778 2335 σαφέστερον
798 2264 1023 2334 ἔμαθεν,
1055 2267 1146 2320 ὅτε
1195 2268 1289 2320 τοῦ
1325 2268 1482 2333 ξύλου
1521 2272 1860 2340 γευσάμενος
1893 2274 2012 2338 ἐξε-

436 2347 607 2417 ϐλήθη
627 2347 722 2400 τοῦ
751 2347 1104 2417 παραδείσου,
1131 2350 1224 2401 καὶ
1246 2353 1343 2421 τῆς
1381 2353 1777 2424 μακαριότητος
1800 2356 2014 2425 ἐκείνης

437 2432 715 2498 ἐξέπεσεν.
752 2429 904 2483 Ἐπεὶ
925 2427 1018 2484 οῦν
1052 2433 1132 2494 εἰς
1169 2434 1440 2505 τιμωρίαν
1472 2435 1748 2500 ἐνέπεσεν,
1788 2438 1891 2502 ὃτι,
1917 2438 2010 2492 τοῦ

434 2515 571 2569 Θεοῦ
618 2515 979 2578 κωλύσαντος,
1029 2516 1291 2584 ἐγεύσατο
1328 2519 1421 2572 τοῦ
1477 2519 1656 2584 ξύλου,
1708 2525 1740 2591 ή
1772 2524 2014 2594 τιμωρία

435 2599 596 2653 αὐτὸν
622 2598 950 2668 σαφέστερον
983 2599 1268 2654 ἐπαίδευσε
1296 2600 1383 2654 διὰ
1410 2603 1507 2672 τῆς
1532 2605 1745 2674 πείρας,
1772 2606 1894 2658 ὅσον
1916 2624 2010 2658 κα-

438 2681 532 2734 κὸν
558 2679 692 2734 Θεοῦ
730 2680 1087 2749 παρακούειν,
1112 2683 1206 2736 καὶ
1231 2683 1354 2738 ὅσον
1385 2685 1680 2738 ὑπακούειν
1701 2687 1864 2739 καλόν
1884 2707 1896 2719 ο
1922 2688 2009 2741 6131

431 2763 590 2816 τοῦτο
620 2762 860 2832 γνωστὸν
897 2763 1064 2816 καλοῦ
1095 2765 1188 2817 καὶ
1209 2767 1446 2837 πονηροῦ
1469 2767 1529 2820 16
1555 2767 1707 2832 ξύλον
1741 2770 2004 2823 καλεῖται.

432 2847 544 2900 Καὶ
570 2847 714 2910 τίνος
744 2847 953 2909 ἕνεκεν,
981 2849 1029 2901 εἰ
1066 2847 1140 2918 μὴ
1171 2849 1307 2920 αὐτὴ
1341 2851 1374 2920 ή
1414 2851 1572 2918 φύσις
1607 2852 1700 2905 τοῦ
1731 2853 1888 2917 ξύλου
1909 2855 2009 2925 τήν

431 2928 632 2996 γνῶσιν
659 2925 773 2999 εἶχε
804 2928 899 2982 τοῦ
927 2929 1093 2982 καλοῦ
1117 2932 1210 2982 καὶ
1240 2930 1332 2983 τοῦ
1369 2933 1627 3000 πονηροῦ,
1662 2934 1778 2987 ἀλλ’
1806 2938 1869 2988 ἐκ
1907 2935 2008 3004 τῆς

429 3011 698 3083 τιμωρίας
722 3012 820 3081 τῆς
853 3011 942 3065 διὰ
969 3011 1065 3083 τὴν
1087 3013 1370 3084 παρακοήν
1402 3015 1499 3086 τὴν
1522 3017 1614 3068 ἐπὶ
1639 3016 1717 3087 τῷ
1741 3017 1880 3087 ξύλῳ
1915 3035 2010 3070 σα-

433 3095 695 3164 φέστερον
741 3093 1133 3164 τοῦτονέμαθεν
1170 3098 1198 3147 6
1226 3094 1530 3166 ἄνθρωπος,
1565 3099 1807 3166 γνωστὺν
1838 3099 2006 3153 καλοῦ

431 3180 527 3232 καὶ
555 3177 792 3248 πονηροῦ
814 3178 876 3230 16
905 3177 1063 3244 ξύλον
1091 3179 1368 3242 καλεῖταις
1423 3181 1543 3233 Ὅτι
1578 3181 1698 3243 ἔθος
1722 3187 1795 3254 τῇ-
1817 3185 2004 3255 Γραφῇ

431 3259 606 3326 τοῦτο,
631 3261 849 3314 ἐπειδὰν
875 3261 936 3314 16
958 3263 1189 3332 πρᾶγμα
1218 3264 1460 3333 γένηται,
1484 3265 1601 3336 ἢέν
1622 3266 1825 3330 τόποις.
1851 3268 2004 3340 [678]

430 3343 469 3413 ή
490 3346 548 3397 ἐν
569 3343 1042 3413 καιροῖς,ἁπὺ’τῶν
1066 3346 1404 3417 πραγμάτων
1429 3346 1622 3400 καλεῖν·
1647 3350 1739 3401 καὶ
1766 3352 1890 3412 τοὺς
1917 3349 2006 3402 τό·-

430 3443 564 3489 1100;
594 3427 687 3479 καὶ
715 3430 841 3488 τοὺς
862 3426 1108 3496 καιρούς.
1145 3429 1255 3480 Καὶ
1293 3429 1388 3482 ἵνα.
1409 3430 1738 3500 σαφέστερον
1779 3431 2004 3501 γένηται

427 3509 489 3561 τὸ
509 3508 818 3578 λεγόμενον,
857 3509 950 3561 ἐπὶ
992 3509 1388 3580 ὑποδείγματπ
1437 3512 1566 3582 ὑμῖν
1601 3513 1759 3566 τοῦτο
1793 3517 2005 3586 ποιήσω

430 3591 682 3663 φανερόν.
731 3592 788 3643 '0
845 3591 1029 3645 Ἰσαάκ
1073 3610 1202 3644 ποτε
1255 3595 1466 3665 φρέατα
1499 3595 1710 3665 ὤρυξεο
1737 3596 1910 3650 ταῦτα
1935 3597 2004 3652 16

429 3675 639 3744 φρέατα
674 3673 1036 3744 ἐπεχείρησαν
1055 3676 1102 3726 οἰ
1123 3675 1360 3741 γείτονες
1386 3678 1724 3749 διαφθεῖραι·
1752 3680 2002 3734 ἐντεῦθεν

431 3755 645 3823 ἐγένετό
669 3771 750 3815 τις
779 3754 1067 3824 ἀπέχθεια,
1103 3757 1197 3808 καὶ
1219 3756 1441 3809 ἐκάλεσε
1456 3757 1517 3812 16
1540 3758 1714 3831 φρέαρ
1727 3759 1861 3830 Ἔχθ
1871 3779 1967 3831 ραν
1985 3778 1999 3793 ⁸

429 3839 530 3892 οὐκ
558 3837 744 3908 ἐπειδὴ
770 3837 902 3890 6616
922 3837 982 3891 16
1014 3839 1190 3910 φρέαρ
1212 3838 1500 3909 ήχθρανεν,
1531 3839 1643 3891 ἀλλ’
1667 3843 1853 3915 ἐπειδὴ
1878 3845 2001 3914 περί

431 3921 563 3974 6616
589 3922 622 3989 ή
654 3919 822 3992 ἔχθρα
849 3920 1090 3988 γέγονεν.
1127 3920 1282 3973 Οὕτω
1327 3921 1421 3974 καὶ
1468 3921 1530 3974 16
1576 3922 1730 3990 ξύλον
1762 3927 2001 3993 γνωστὸν

430 4003 596 4058 καλοῦ
649 4004 742 4056 καὶ
772 4001 1009 4073 πονηροῦ
1042 4002 1312 4069 καλεῖται,
1363 4004 1464 4079 οὐκ
1495 4007 1682 4078 ἐπειδὴ
1726 4007 1857 4061 αὐτὸ
1887 4004 2001 4079 εἶχε

427 4087 648 4158 γνῶσιν,
683 4086 796 4140 ἀλλ’
830 4086 1017 4157 ἐπειδὴ
1045 4087 1174 4158 περὶ
1207 4087 1338 4140 6616
1358 4074 1575 4156 ἐγένετο
1597 4091 1624 4142 6
1651 4074 1870 4161 ἐλεγχος
1903 4074 2002 4165 τῆς

426 4170 680 4240 γνώσεως
724 4168 818 4222 τοῦ
871 4169 1037 4223 καλοῦ
1069 4170 1162 4223 καὶ
1202 4170 1296 4223 τοῦ
1332 4171 1588 4243 πονηροῦ.
1634 4173 1799 4226 Πάλιν
1827 4176 2000 4246 ὤρυξε

428 4253 606 4324 φρέαρ
633 4253 663 4305 6
705 4251 974 4324 Ἀϐραὰμ,
1009 4252 1401 4306 ἐπεϐούλευσεν
1433 4257 1462 4308 6
1510 4255 1829 4328 ’Λϐιμέλεχο
1873 4277 1993 4313 συν-

427 4335 610 4406 ῆλθον,
641 4335 942 4388 κατέλυσαν
974 4335 1071 4406 τὴν
1095 4335 1315 4406 ἔχθραν,
1339 4337 1430 4389 καὶ
1477 4339 1670 4408 ὅρκους
1693 4339 1871 4404 δόντες
1907 4343 2003 4396 ἀλ-

426 4419 627 4489 λήλοις,
659 4417 922 4471 ἐκάλεσαν
955 4418 1015 4470 16
1049 4418 1226 4490 φρέαρ
1260 4420 1433 4474 ἐκεῖνο
1457 4421 1637 4493 Φρέαρ
1669 4423 1863 4494 ὅρκου·
1899 4427 2001 4480 ούκ

426 4499 616 4571 ἐπειδὴ
646 4499 708 4551 16
742 4501 919 4569 φρέαρ
949 4499 1181 4570 ὤμοσεν,
1213 4501 1329 4555 ἀλλ’
1365 4504 1550 4574 ἐπειδὴ
1578 4507 1704 4576 περὶ
1733 4505 1791 4560 16
1825 4509 2000 4580 φρέαρ

425 4583 642 4654 δ-ὃρκος
671 4582 903 4650 ἐγένετο.
949 4581 1112 4654 Ὁρᾷς
1137 4583 1254 4648 πῶς
1289 4586 1408 4656 οὐχὶ
1448 4585 1554 4640 τῶν
1588 4591 1928 4660 πραγμάτων
1951 4593 2000 4644 οἰ

425 4665 583 4718 τόποι
617 4663 778 4717 αίτιοι
801 4664 1064 4731 γίνονται,
1112 4669 1161 4719 εἰ
1199 4667 1294 4721 καὶ
1336 4669 1444 4722 τῶν
1484 4671 1825 4740 πραγμάτων
1856 4672 1998 4743 λαμο

427 4747 648 4802 ϐάνουσι
692 4747 761 4801 τά
797 4747 1038 4818 ὀνόματα
1067 4766 1082 4815 ;
1122 4751 1232 4803 Καὶ
1258 4751 1366 4821 γὰρ
1391 4752 1561 4823 πολλὴ
1591 4755 1800 4827 ἀνάγκη
1826 4775 1999 4829 παρα-

425 4835 616 4902 γαγεῖν
645 4831 1089 4903 παραδείγματα,
1118 4830 1258 4886 ὥστε
1290 4835 1624 4907 σαφέστερον
1648 4840 1898 4905 γενέσθαι
1938 4842 1999 4896 16

425 4913 735 4985 λεγόμενον.
777 4914 946 4969 Πάλιν
989 4911 1128 4969 εἶδεν
1151 4918 1180 4970 6
1215 4915 1410 4969 Ἰακὼϐ
1460 4919 1723 4986 ἀγγέλους
1747 4923 1998 4994 ἁπαντή-

429 5012 618 5058 σοντας
665 4997 816 5067 αὐτῷ
864 4999 956 5052 καὶ
1000 4999 1351 5069 παρεμϐολήν
1376 5029 1378 5032 -
1408 4999 1578 5060 Θεοῦ.
1637 5004 1727 5056 καὶ
1772 5005 1996 5060 ἐκάλεσε

424 5078 519 5131 16v
547 5081 712 5132 τόπον
754 5079 1133 5153 Παρεμϐολήν.
1183 5082 1378 5134 Καίτοι
1425 5083 1522 5152 οὐχ
1566 5085 1595 5136 6
1637 5086 1801 5150 τόπος
1851 5084 1919 5159 ἦν
1961 5092 1995 5160 ή

425 5161 768 5245 παρεμϐολὴ,
803 5164 916 5245 ἀλλ’
954 5165 1102 5234 ὅμως
1133 5164 1338 5234 ἐκλήθη
1369 5165 1397 5216 6
1431 5166 1591 5230 τόπος
1636 5167 1994 5245 Παρεμϐολή,

425 5243 615 5314 ἐπειδὴ
660 5243 776 5296 ἐκεί⁹
816 5241 921 5297 εἶδε
967 5247 1066 5316 τὴν
1105 5249 1475 5319 παρεμϐολήν.
1521 5251 1682 5321 Ὁρᾷς
1721 5241 1838 5318 πῶς
1888 5241 1996 5311 6116

422 5326 520 5380 106
565 5327 890 5397 πράγματος
933 5327 1026 5380 τοῦ
1075 5331 1379 5399 συμϐάντος
1416 5334 1474 5385 ἐν
1512 5333 1589 5404 τῷ
1616 5335 1764 5405 τόπῳ
1788 5338 1994 5394 τὸνπό-

424 5427 526 5464 πον
567 5409 884 5479 ὼνόμασεν;
933 5411 1086 5463 Οὕτω
1116 5414 1208 5465 καὶ
1244 5415 1306 5466 16
1353 5415 1508 5482 ξύλον
1541 5422 1778 5485 γνωστὸν
1829 5423 1994 5482 καλοῦ

424 5492 522 5546 καὶ
566 5491 805 5565 πονηροῦ
839 5492 1106 5557 καλεῖται,
1146 5495 1246 5548 ούκ
1270 5498 1455 5569 ἐπειδὴ
1486 5500 1617 5553 6616
1657 5497 1768 5571 εἶχε
1798 5505 1996 5572 γνῶσιν

424 5573 589 5629 καλοῦ
613 5575 703 5662 καὶ
736 5576 994 5662 πονηροῦ,
1027 5577 1141 5631 ἀλλ’
1173 5580 1356 5653 ἐπειδὴ
1389 5582 1518 5653 περὶ
1556 5584 1686 5636 6616
1718 5587 1932 5652 ἐγένετο
1959 5593 1991 5662 ή

423 5656 697 5721 ἀπόδειξις
724 5659 822 5729 τῆς
848 5658 1100 5727 γνώσεως
1143 5662 1237 5715 τοῦ
1276 5663 1442 5717 καλοῦ
1484 5667 1578 5719 καὶ
1617 5668 1710 5720 106
1743 5656 1992 5742 πονηροῦ,

424 5741 519 5794 καὶ
544 5743 576 5812 ή
602 5743 874 5813 γυμνασία
899 5743 998 5813 τῆς
1031 5745 1314 5816 παρακοῆς
1337 5749 1428 5802 καὶ
1457 5749 1556 5821 τῆς
1587 5741 1866 5821 ὑπακοῆς.
1883 5756 1991 5808 Πά-

2127 458 2208 512 λιν
2234 457 2336 514 εϊδε
2367 465 2458 518 τὸν
2487 466 2618 522 Θεὸν
2639 471 2666 523 6
2703 471 2917 537 Ἰακὼϐ,
2963 473 3037 538 ὡς
3071 474 3193 528 ἰδεῖν
3227 475 3496 547 ἀνθρώπῳ
3537 477 3698 531 δυνασ-

2124 555 2215 610 16v
2241 553 2436 628 ἧν,καὶ
2458 563 2680 618 ἐκάλεσε
2711 567 2770 620 16
2794 568 2961 638 ὄνομα
2977 570 3069 622 106
3100 572 3265 625 τόπου
3285 573 3495 626 ἐκείνου
3521 574 3693 640 Εἶδος

2125 648 2294 724 Θεοῦ.
2320 652 2418 705 A16
2443 654 2494 706 τί
2516 671 2528 683 ο
2554 656 2680 710 ’Ότι
2707 655 2872 713 εἶδον
2894 660 3001 714 τὸν
3030 663 3208 724 Θεὸν,
3252 664 3402 731 φησί.
3445 666 3554 718 Καὶ
3589 667 3694 737 μὴν

2122 737 2220 808 οὐχ
2259 741 2287 792 6
2328 741 2489 807 τόπος
2517 742 2654 810 εἶδος
2678 748 2813 801 Θεοῦ
2846 745 2934 820 ἦν,
2975 753 3092 804 ἀλλ’
3113 754 3220 806 ἀπὸ
3249 755 3342 807 106
3371 756 3694 826 πράγματος

2121 831 2215 885 τοῦ
2264 836 2567 904 συμϐάντος
2608 841 2666 893 ἐν
2700 841 2777 911 τῷ
2809 843 2958 913 τόπῳ
3001 845 3033 914 ή
3077 846 3418 916 προσηγορία
3449 847 3690 914 γέγονεν.

2135 922 2299 996 Ὁρᾷς
2325 926 2414 979 διὰ
2443 929 2623 983 πόσων
2662 932 3067 998 ἀποδέδεικται,
3101 936 3182 988 ὅτι
3227 936 3346 999 ἔθος
3391 941 3457 1008 τῇ
3502 938 3691 1010 Γραφῇ

2123 1013 2232 1068 6116
2258 1015 2367 1071 τῶν
2389 1020 2728 1090 πραγμάτων
2746 1023 2854 1075 τῶν
2877 1024 3279 1093 συμϐαινόντων
3301 1029 3358 1079 ἐν
3376 1031 3488 1091 τοῖς
3507 1030 3694 1093 τόποις

2123 1109 2318 1174 66106;
2363 1113 2492 1174 τοὺς
2523 1115 2722 1179 τόπους
2768 1117 2979 1181 καλείν;
3025 1120 3098 1171 T6
3138 1122 3269 1174 6616
3313 1122 3370 1174 δὲ
3408 1124 3565 1177 τοῦτο
3601 1126 3695 1178 καὶ

2123 1199 2214 1254 ἐπὶ
2238 1201 2445 1272 καιρῶν
2473 1208 2642 1256 ποιεῖν
2664 1206 2872 1260 εἴωθεν.
2914 1209 3051 1261 Ἀλλ’
3075 1211 3159 1263 ἴνα
3193 1213 3266 1283 μὴ
3288 1216 3693 1286 κατατείνωμεν

2124 1291 2286 1361 ὑμᾶς,
2318 1296 2447 1366 φέρε
2481 1299 2874 1369 μεταγάγωμεν
2899 1301 2991 1354 16v
3005 1301 3161 1370 λόγον
3185 1305 3291 1358 ἀπὸ
3318 1305 3425 1361 τῶν
3449 1309 3693 1380 σκυθρω-

2123 1385 2367 1456 ποτέρων
2392 1388 2484 1441 ἐπὶ
2512 1389 2581 1442 16
2612 1390 2956 1463 φαιδρότερα.
2989 1395 3096 1447 Καὶ
3123 1395 3231 1467 γὰρ
3252 1396 3454 1468 ἔκαμεν
3477 1401 3630 1470 ὑμῶν
3658 1405 3690 1472 ἡ

2120 1472 2325 1527 διάνοια
2376 1479 2488 1540 τοῖς
2538 1477 2884 1552 λεπτοτέροις
2918 1485 3184 1554 νοήμασιν
3234 1487 3644 1559 ἐνδιατρίϐουσα
3674 1509 3686 1522 ⁸

2119 1563 2306 1636 διόπερ
2333 1568 2500 1638 αὐτὴν
2517 1571 2826 1626 ἀναπαῦσαι
2854 1573 3035 1640 καλὸν,
3063 1579 3173 1639 τοῖς
3203 1578 3581 1652 άφελεστέροις
3599 1582 3691 1636 καὶ

2123 1656 2495 1732 φαιδροτέροις
2521 1662 2839 1728 διαιτῶντας
2875 1667 3160 1737 νοήμασιν.

2204 1749 2541 1822 Ἐπανίωμεν
2571 1755 2751 1808 τοίνυν
2786 1757 2880 1810 ἐπὶ
2925 1759 2985 1810 16
3015 1761 3282 1830 σωτήριον
3323 1762 3416 1814 τοῦ
3454 1763 3689 1835 σταυροῦ

2122 1839 2298 1904 ξύλον.
2352 1841 2521 1896 Τοῦτο
2553 1845 2681 1915 γὰρ,
2716 1845 2873 1899 τοῦτο
2922 1848 3098 1901 πάντα
3144 1851 3372 1903 ἀνέλυσε
3419 1853 3487 1905 τὰ
3519 1855 3689 1918 δεινὰ,

2118 1927 2218 1979 ὅσα
2249 1928 2422 1982 ἐκεῖνο
2451 1933 2711 2001 εἰσήγαγε
2736 1949 2749 1962 °
2779 1933 2979 2002 μᾶλλον
3011 1934 3067 1986 δὲ
3097 1935 3196 1988 οὐκ
3224 1939 3398 1990 ἐκεῖνο
3429 1941 3690 2010 εἰσήγαγε

2116 2017 2186 2071 τὰ
2212 2019 2378 2086 δεινά,
2403 2022 2516 2074 ἀλλ’
2543 2025 2571 2076 6
2598 2023 2880 2094 ἄνθρωπος
2909 2025 3142 2086 ἅπαντα.
3160 2027 3302 2098 ἁπερ
3333 2030 3470 2099 μετὰ
3492 2032 3693 2103 πολλῆς

2120 2110 2347 2184 ὕστερον
2381 2115 2609 2170 ἀνέλυσε
2655 2118 2755 2186 τῆς
2803 2119 3120 2189 περιουσίας
3155 2125 3181 2174 6
3229 2121 3479 2191 Χριστὸς,
3513 2127 3692 2198 πολλῷ

2122 2201 2343 2271 μείζονα
2378 2206 2555 2258 αὐτῶν
2588 2208 2897 2277 εἰσαγαγὼν
2941 2211 3140 2277 ἀγαθά.
3196 2217 3274 2266 Δι’
3309 2215 3439 2269 6616
3471 2216 3630 2271 10610
3662 2221 3692 2270 6

2119 2293 2328 2358 Παῦλός
2385 2314 2546 2366 φησιν
2579 2315 2595 2328 ⁸
2635 2301 2827 2354 ’Ὅπου
2879 2302 3252 2358 ἐπλεόνασεν
3301 2307 3339 2374 ἠ
3393 2309 3648 2376 ἁμαρτία
3672 2348 3690 2374 ,

2116 2387 2713 2456 ὑπερεπερίσσευσεν
2749 2392 2786 2458 ἡ
2837 2392 3036 2463 χάρις’
3087 2398 3351 2465 τουτέστι,
3402 2402 3586 2470 μεῖζον
3631 2401 3692 2455 16

2116 2471 2288 2546 δῶρον
2321 2479 2415 2529 τοῦ
2463 2479 2881 2550 ἁμαρτήματος.
2934 2485 3031 2537 Διά
3069 2485 3227 2540 τοῦτο
3272 2488 3431 2542 πάλιν
3479 2492 3643 2561 φησίν
3673 2509 3687 2522 ⁸

2121 2569 2243 2634 οὐχ
2275 2567 2355 2633 ὡς
2397 2568 2465 2622 τὸ
2504 2571 2906 2640 παράπτωμα,
2954 2574 3108 2628 οὕτω
3147 2577 3253 2630 καί¹
3287 2579 3352 2630 τὸ
3383 2580 3648 2651 χάρισμα
3663 2601 3686 2633 ξ

2113 2662 2210 2730 οὐχ
2241 2663 2361 2715 ὅσον
2394 2663 2644 2736 ἥμαρτεν
2668 2667 2696 2718 6
2721 2666 3026 2738 ἄνθρωπος,
3065 2671 3318 2724 τοσοῦτον
3345 2675 3638 2743 ἐχαρίσατο
3659 2678 3692 2730 6

2112 2752 2244 2816 Θεός
2263 2767 2277 2781 ’
2302 2752 2399 2823 οὐχ
2423 2755 2521 2824 ὅση
2546 2757 2578 2825 ή
2605 2755 2796 2826 ζημία,
2821 2758 3054 2830 τοσαύτη
3085 2759 3232 2832 [679]
3254 2762 3348 2815 καὶ
3373 2765 3406 2833 ή
3429 2773 3690 2836 ’πραγμα-

2111 2842 2232 2894 τεία
2251 2857 2264 2871 ’
2297 2843 2411 2912 οὐχ·
2432 2844 2560 2896 ὅσον·
2578 2845 2640 2898 16
2666 2847 2943 2915 ναυάγιον,
2966 2848 3200 2920 τοσαύτη
3223 2852 3318 2905 καὶ
3345 2855 3377 2922 ἡ
3410 2855 3648 2926 ἐμπορία
3671 2873 3686 2887 ·

2114 2930 2250 2985 ἁλλὰ
2286 2932 2454 2986 πλείω
2485 2933 2554 2986 τά
2583 2935 2760 3002 ἀγαθά
2793 2937 2902 2990 τῶν
2933 2938 3117 2992 κακῶν
3141 2956 3154 2970 ·
3198 2941 3294 2993 καὶ
3330 2944 3574 3008 εἰκότως.
3596 2946 3689 3001 Τά

2115 3020 2215 3090 μὲν
2241 3021 2350 3090 γὰρ
2379 3021 2523 3074 κακὰ
2553 3022 2746 3087 δοῦλος
2773 3025 3055 3095 εἰσήγαγε,
3087 3029 3182 3080 καὶ
3211 3029 3465 3084 ἐλάττονα
3487 3028 3585 3103 ἦν·
3618 3036 3688 3089 τά

2110 3111 2380 3180 δὲ’ἀγαθὰ
2410 3113 2685 3183 Δεσπότης
2728 3115 3041 3187 ἐχαρίσατο,
3090 3118 3170 3172 616
3212 3121 3306 3173 καὶ
3346 3121 3564 3178 πλείονα
3593 3121 3683 3195 ἦν.

2110 3203 2210 3257 Διὰ
2228 3203 2393 3256 τοῦτό
2408 3221 2570 3274 φησιν
2593 3221 2606 3234 ·
2633 3208 2756 3272 Οὐχ
2787 3206 2866 3272 ὡς
2898 3207 2965 3259 τὸ
2997 3208 3382 3280 παράπτωμα,
3406 3213 3558 3266 οὕτω
3585 3214 3686 3270 καὶ

2109 3292 2175 3347 τὸ
2203 3293 2485 3364 χάρισμα.
2511 3291 2642 3348 Εἶτα
2671 3297 2862 3365 ἐπάγει
2888 3301 2983 3351 καὶ
3009 3299 3106 3370 τήν
3129 3301 3390 3373 διαφοράν
3409 3322 3422 3335 ·
3473 3306 3542 3360 Τὸ
3566 3309 3687 3375 μὲν

2107 3385 2218 3454 γὰρ
2257 3384 2437 3455 κρῖμα
2467 3385 2535 3451 ἐξ
2563 3386 2702 3453 ἐνὸς
2747 3389 2835 3452 είς
2866 3389 3214 3459 κατάκριμα,
3239 3393 3305 3446 τὸ
3327 3393 3398 3447 δὲ·
3421 3396 3685 3467 χάρισμα

2105 3477 2174 3530 ἐκ
2228 3477 2478 3532 πολλῶν
2507 3478 2995 3547 παραπτωμάτων
3033 3482 3127 3547 εἰς’
3162 3482 3468 3556 δικαίωμα.
3520 3489 3683 3543 Ἀσα-

2109 3573 2368 3643 φέστερον
2417 3573 2478 3625 16
2527 3572 2849 3644 εἰρημένον·
2907 3574 3102 3627 ούκοῦν
3149 3576 3361 3646 ἀνάγκη
3393 3580 3492 3647 τὴν
3529 3580 3683 3634 λύσιν

2109 3663 2433 3731 ἐπαγαγεῖν.
2474 3663 2544 3716 Τὸ
2557 3663 2674 3732 μὲν
2705 3668 2816 3733 γὰρ
2845 3665 3044 3733 κρῖμα,
3075 3667 3350 3720 τουτέστιν
3380 3671 3412 3739 ή
3439 3671 3680 3734 κόλασις,

2107 3757 2142 3827 ή
2164 3754 2420 3824 τιμωρία,
2453 3756 2481 3807 ό
2501 3754 2728 3816 θάνατος
2746 3771 2760 3786 ·
2802 3755 2898 3818 Ἐξ
2923 3756 3062 3821 ἐνὸς
3082 3794 3098 3818 ,
3124 3758 3402 3812 τουτέστιν
3427 3762 3680 3834 ἀμαρτήέ

2111 3863 2280 3916 ματος
2302 3863 2316 3877 ο
2345 3843 2452 3898 Μία
2477 3845 2607 3916 γὰρ.
2640 3847 2826 3915 φησὶν,
2853 3846 3098 3916 ἁμαρτία
3133 3848 3384 3902 τοσοῦτον
3417 3853 3713 3922 εισήγαγε-

2106 3936 2274 3990 κακόν
2293 3953 2308 3968 ο
2337 3935 2398 3990 16
2437 3937 2494 3990 δέ
2522 3937 2766 4007 χάρισμα
2799 3937 2897 3990 οὐκ
2923 3936 3137 4007 ἐκείνην
3171 3939 3337 4008 μόνην
3375 3941 3470 4012 τὴν
3499 3943 3690 4016 ἁμαρ--

2103 4027 2225 4080 τίαν
2245 4027 2454 4092 ἐλυσεν,
2487 4027 2622 4080 ἁλλὰ
2651 4025 2746 4079 καὶ
2770 4027 2963 4098 ἐτέρας
2992 4027 3208 4090 πολλάς.
3260 4030 3360 4083 A16
3391 4031 3549 4086 10610
3581 4033 3676 4086 λέ-

2106 4137 2192 4188 γει
2213 4136 2229 4150 ⁸
2265 4120 2334 4174 Τὸ
2359 4117 2427 4172 δὲ
2454 4118 2718 4188 χάρισμα
2742 4119 2808 4172 ὲκ
2838 4119 3086 4174 πολλῶν
3099 4122 3582 4191 παραπτωμάτων
3593 4129 3682 4192 εἰς

2104 4210 2413 4278 δικαίωμα.
2454 4210 2553 4263 Διά
2600 4208 2759 4263 τοῦτο
2791 4212 2883 4264 καὶ
2929 4214 2958 4265 6
3011 4212 3263 4283 Ἰωάννης
3307 4217 3336 4268 6
3381 4216 3681 4290 βαπτιστὴς

2105 4301 2232 4356 ἐϐόα
2255 4319 2267 4332 ·
2304 4302 2426 4357 Ἴδε
2463 4305 2497 4356 ὀ
2527 4302 2715 4369 ἀμνὸς
2761 4303 2869 4357 τοῦ
2922 4305 3090 4369 Θεοῦ,
3144 4307 3287 4376 οὐχὶ,
3321 4309 3348 4360 6
3377 4309 3550 4380 αἴρων
3581 4313 3681 4380 τὴν

2103 4391 2376 4460 ἁμαρτίαν
2393 4391 2487 4444 τοῦ
2523 4391 2713 4463 Ἀδάμ,
2744 4393 2880 4458 ἁλλ’,
2927 4395 2989 4448 '0
3013 4395 3197 4464 αἴρων
3226 4396 3340 4464 τὴν
3387 4399 3682 4468 ἁμαρτίαν

2103 4482 2208 4536 τοῦ
2232 4484 2484 4552 κόσμου.
2512 4478 2670 4548 Erae;
2711 4485 2827 4546 πῶς
2849 4486 2946 4556 οὐχ
2967 4485 3041 4550 ὡς
3061 4488 3122 4540 16
3149 4488 3518 4560 παράπτωμα.
3536 4493 3680 4547 οὕτω

2103 4575 2198 4628 καὶ
2243 4574 2306 4627 16
2352 4575 2634 4646 χάρισμα,
2681 4575 2818 4629 ἀλλὰ
2857 4577 3076 4631 πλείονα
3109 4581 3372 4650 εἰσήγαγε
3420 4583 3579 4636 τοῦτο
3617 4586 3679 4638 16
3722 4622 3724 4624 -

2103 4665 2262 4732 ξύλον
2307 4666 2490 4736 ἀγαθά
2537 4667 2644 4721 τῶν
2694 4669 2845 4738 παρὰ
2886 4669 2987 4740 τὴν
3041 4670 3216 4742 ἀρχὴν
3261 4674 3718 4745 εἰσενεχθέντων.

2102 4758 2288 4812 κακῶν
2309 4776 2330 4823 ;·

2173 4848 2236 4902 δ’.
2259 4847 2444 4902 Ταῦτα
2461 4848 2518 4902 δὲ
2537 4843 2710 4912 εἷπον,
2733 4847 2822 4902 ἵνα
2846 4848 2918 4919 μή
2942 4851 3174 4922 νομίσῃς
3192 4824 3594 4922 ἐπηρεάζεσθαί
3616 4869 3676 4906 σε
3701 4876 3710 4888 ’-

2102 4938 2254 5011 παρὰ
2281 4938 2388 4991 τῶν
2419 4939 2672 5009 πρώτων.
2700 4938 2993 5004 Ἔξέϐαλεν
3025 4943 3329 5006 όδιάϐολος
3345 4945 3434 4997 16v
3479 4945 3675 5016 Ἀδὰμ,

2100 5031 2360 5101 εἰσήγαγε
2377 5029 2468 5083 τὸν
2495 5028 2696 5100 λῃστὴν
2721 5031 3023 5103 όΧριστός.
3045 5033 3153 5085 Καὶ
3180 5033 3370 5086 σκόπει
3399 5033 3459 5086 16
3487 5034 3677 5102 διάφο-

2105 5141 2213 5194 ρον.
2267 5123 2503 5185 Ἐκεῖνος
2529 5121 2648 5174 οὐκ
2696 5120 2887 5192 ἔχοντα
2915 5123 3191 5192 ἁμαρτίαν
3239 5121 3328 5174 τὸν
3361 5122 3671 5192 ἄνθρωπον,

2099 5211 2238 5267 ἀλλὰ
2292 5211 2418 5282 μίαν
2469 5210 2661 5281 κηλῖδα
2702 5212 3012 5281 παρακοῆς,
3058 5211 3311 5276 ἐξέϐαλεν
3335 5229 3347 5241 ·
3377 5215 3406 5265 6
3437 5213 3675 5284 Χριστος

2099 5303 2302 5374 λῃστὴν
2321 5303 2486 5374 μυρία
2502 5302 2696 5375 φορτία
2720 5304 3131 5373 ἁμαρτημάτων
3151 5302 3484 5371 βαστάζοντα
3501 5306 3673 5370 οὕτως

2099 5393 2394 5464 εἰσήγαγεν
2423 5394 2500 5455 εἰς
2526 5392 2616 5444 16v
2644 5390 2991 5461 παράδεισον.
3019 5386 3145 5462 ’Ἆρ’
3183 5389 3276 5446 οὖν
3311 5394 3468 5446 τοῦτο
3513 5395 3674 5465 μόνον

2098 5485 2160 5538 16
2191 5483 2374 5554 θαῦμά
2399 5485 2568 5548 ἐστιν,
2593 5484 2676 5536 ὅτι
2699 5481 2901 5554 λῃστὴν
2919 5482 3209 5552 εἰσήγαγεν
3227 5486 3305 5546 είς
3321 5485 3668 5555 παράδεισον,

2100 5577 2228 5631 ἄλλο
2257 5576 2313 5628 δὲ
2342 5575 2491 5628 οὐδέν
2516 5592 2529 5640 ;
2567 5577 2719 5628 Ἐστι
2742 5576 2834 5628 καὶ
2869 5573 2996 5628 ἄλλο
3032 5574 3215 5644 μεῖζον
3238 5578 3433 5630 εἰπεῖν.
3464 5579 3537 5630 06
3565 5579 3672 5651 γὰρ

2099 5667 2302 5740 λῃστὴν
2336 5667 2593 5736 εἰσήγαγε
2632 5665 2811 5736 μόνον,
2829 5663 2963 5717 ἀλλά
2985 5665 3082 5717 καὶ
3106 5665 3208 5736 1196
3226 5667 3324 5735 τῆς
3352 5667 3670 5739 οἰκουμένης

2105 5759 2342 5829 ἀπάσης,
2394 5759 2482 5811 καὶ
2534 5758 2640 5830 πρὸ
2672 5758 2779 5811 τῶν
2820 5757 3133 5812 ἀποστόλων
3149 5776 3164 5794 -ο
3223 5758 3311 5813 ἵνα
3348 5761 3532 5831 μηδεὶς
3563 5760 3672 5815 τῶν
