4134 6214
409 345 513 397 613

409 470 653 518 versum,
683 464 738 508 et
775 463 898 509 ante
941 451 1254 522 apostolos:
1289 464 1357 504 ne
1400 449 1520 519 quis
1555 456 1893 518 posterorum
1937 460 1996 503 se

409 547 614 615 ingredi
643 561 798 615 posse
828 545 1110 616 desperet,
1143 559 1315 614 neque
1341 557 1490 613 Spem
1526 558 1742 597 onmem
1772 558 1884 596 sua:
1911 555 2000 596 sa-

409 637 536 692 lutis
565 638 780 706 abjiciat
803 677 817 700 ,
846 652 967 691 cum
999 635 1294 690 innumeris
1328 642 1622 688 scatentem
1664 633 1817 687 malis
1860 646 1919 687 se
1948 632 2000 686 in

411 731 556 800 regio
587 731 788 786 versari
816 729 1018 800 palatio
1045 729 1236 784 videat.
1269 726 1376 784 Sed
1403 726 1808 783 consideremus
1827 768 1842 792 ,
1871 741 2000 779 num

413 825 623 881 labores
657 833 712 878 et
737 833 883 879 recte
908 825 1044 879 facta
1083 834 1138 879 et
1168 822 1370 878 fructus
1399 823 1697 878 exhibuerit
1739 822 1890 876 latro.
1922 819 2001 877 Ne

413 916 514 971 hoc
534 915 750 986 quidem
776 915 880 971 dici
915 926 1108 986 potest,
1140 915 1234 970 sed
1267 915 1409 969 nudo
1436 915 1600 970 verbo
1631 916 1856 984 prolato,
1887 913 2000 968 sola

413 1009 514 1064 fide
545 1008 781 1063 exhibita
813 1010 864 1063 in
897 1009 1200 1079 paradisum
1242 1017 1369 1064 ante
1395 1008 1667 1078 apostolos
1695 1009 1880 1062 insiliit
1902 1050 1916 1075 ,
1946 1016 2004 1062 ut

414 1098 679 1170 intelligas
706 1116 809 1154 non
827 1100 942 1169 ejus
964 1099 1283 1170 probitatem
1313 1109 1514 1155 tantum
1537 1099 1788 1163 valuisse,
1818 1113 2002 1153 verum

416 1192 622 1247 Domini
647 1193 1024 1261 benignitatem
1057 1203 1223 1248 totum
1256 1195 1524 1264 negotium
1548 1195 1834 1262 peregisse.
1865 1190 2003 1258 Quid

411 1284 554 1337 enim
598 1284 731 1338 latro
769 1284 939 1338 dixit?
967 1283 1092 1353 quid
1143 1285 1312 1339 fecit?
1356 1300 1482 1338 num
1528 1283 1830 1354 jejunavit?
1877 1296 2000 1335 num

413 1375 593 1428 ﬂevit?
627 1391 752 1429 num
780 1390 839 1430 se
868 1375 1096 1430 afﬂixit?
1119 1392 1242 1430 num
1275 1376 1435 1445 longo
1468 1385 1709 1444 tempore
1736 1375 2003 1443 poeniten-

413 1465 538 1518 tiam
568 1463 851 1520 exhibuit?
895 1464 1235 1536 Nequaquam
1267 1484 1280 1518 :
1314 1465 1408 1520 sed
1451 1466 1501 1519 in
1535 1465 1646 1534 ipsa
1687 1479 1846 1520 cruce
1886 1474 2005 1534 post

410 1556 731 1610 sententiam
795 1556 1022 1611 salutem
1085 1555 1333 1610 obtinuit.
1376 1556 1506 1610 Vide
1533 1556 1863 1610 celeritatem
1913 1574 1924 1608 :
1971 1571 2002 1610 ιι

411 1660 570 1700 cruce
601 1646 652 1698 iu
683 1645 893 1710 Caelum,
926 1661 956 1699 a
984 1646 1248 1716 supplicio
1289 1647 1343 1700 in
1393 1646 1643 1700 salutem.
1674 1646 1802 1713 Qum
1847 1661 2002 1714 porro

411 1744 539 1789 sunt
565 1735 651 1789 illa
679 1735 874 1790 verba?
901 1751 1059 1804 quam
1087 1736 1300 1790 tandem
1321 1737 1425 1790 vim
1452 1737 1666 1798 habent,
1692 1746 1748 1790 ut
1774 1739 1874 1792 hoc
1897 1751 2003 1792 uno

415 1837 558 1879 tanta
588 1835 1007 1896 consequeretur
1048 1827 1225 1881 bona?
1258 1825 1512 1880 Memento
1553 1828 1680 1892 inci,
1717 1827 1918 1896 inquit,
1949 1829 2002 1881 in

413 1935 567 1989 regno
593 1929 679 1972 tuo
707 1917 856 1987 (Luc.
883 1917 977 1974 ‘25.
1008 1919 1121 1988 42).
1151 1918 1286 1986 Quid
1318 1919 1419 1973 hoc
1441 1919 1516 1972 rei
1544 1918 1836 1973 est?Petiit
1862 1919 1998 1974 bona

411 2007 549 2075 dari,
601 2023 705 2063 non
750 2009 1002 2078 operibus
1045 2009 1173 2080 ipsis
1211 2009 1444 2064 studium
1496 2009 1661 2064 ulfum
1708 2009 1998 2063 adhibuit:

412 2116 596 2154 verum
635 2101 680 2156 is
723 2101 808 2155 cui
839 2116 932 2155 cor
961 2100 1077 2171 cjus
1126 2111 1307 2156 uotum
1335 2111 1484 2166 erat,
1521 2118 1624 2154 non
1668 2100 1897 2156 attendit
1935 2101 2001 2157 ad

412 2191 572 2248 verba
595 2234 610 2258 ,
642 2192 735 2247 sed
764 2192 830 2247 ad
859 2194 1054 2247 mentis
1083 2193 1355 2248 allectum.
1386 2192 1518 2248 Nam
1560 2193 1634 2248 illi
1665 2193 1880 2263 quidem
1911 2195 2003 2262 qui

415 2284 796 2354 prophetarum
829 2284 1037 2340 fuerant
1062 2283 1399 2339 documentis
1431 2286 1710 2348 instructi,
1735 2285 1823 2353 qui
1854 2284 2005 2353 signa

414 2375 677 2441 siderant,
698 2376 788 2446 qui
811 2377 1060 2431 miracula
1105 2375 1316 2431 fuerant
1361 2377 1726 2444 contemplati,
1761 2376 1829 2430 de
1859 2373 2008 2431 Chri-

412 2476 496 2520 sto
538 2465 822 2520 dicebant:
849 2465 1168 2520 Deciuonium
1211 2467 1378 2531 habet,
1423 2477 1516 2532 et,
1556 2465 1765 2520 Seducit
1807 2466 2005 2520 turbam

413 2555 626 2627 (Matth.
660 2557 744 2612 ιι.
775 2555 864 2627 l8)
896 2575 909 2610 :
939 2556 1074 2611 latro
1117 2572 1266 2622 vero,
1295 2557 1384 2626 qui
1418 2555 1703 2625 prophetas
1750 2571 1856 2610 non
1904 2570 2003 2610 au-

413 2647 604 2714 dierat,
625 2649 713 2718 qui
745 2647 982 2718 prodigia
1006 2663 1113 2702 non
1138 2647 1364 2713 viderat,
1387 2647 1478 2717 qui
1501 2649 1552 2702 in
1573 2663 1732 2704 cruce
1756 2645 2007 2703 suflixum

416 2739 642 2802 viderat,
673 2754 778 2792 non
807 2738 1031 2793 attendit
1055 2738 1120 2793 ad
1146 2739 1515 2810 ignominiam,
1547 2753 1652 2794 non
1679 2739 1916 2810 respexit
1937 2737 2008 2794 ad

415 2831 708 2897 infamiam,
739 2829 838 2886 sed
875 2830 1207 2884 divinitatem
1256 2830 1424 2900 ipsam
1466 2829 1846 2895 considerans,
1894 2829 2008 2885 Me-

414 2932 598 2985 mento,
630 2921 819 2990 inquit,
862 2921 957 2974 mei
986 2921 1039 2974 in
1063 2936 1218 2992 regno
1257 2930 1363 2974 tuo.
1405 2919 1518 2975 lloc
1550 2934 1681 2974 sane
1726 2934 1922 2974 novum
1953 2927 2009 2976 et

415 3014 744 3069 inusitatum.
778 3013 1004 3069 Crucem
1034 3013 1201 3080 vides,
1231 3021 1287 3068 et
1327 3013 1474 3083 regni
1514 3011 1838 3068 meministi?
1867 3012 2007 3080 Quid

411 3107 629 3178 dignum
675 3121 839 3178 regno
875 3107 1099 3161 vidisti?
1133 3105 1416 3162 Hominem
1454 3104 1772 3160 crucifixum
1793 3145 1810 3171 ,
1839 3105 2008 3176 alapis

413 3214 636 3266 emsum,
661 3200 896 3269 illusum,
928 3206 1239 3256 accusatum
1260 3241 1276 3267 ,
1309 3200 1478 3271 sputis
1505 3214 1874 3269 conspersum,
1903 3197 2004 3253 lla-

411 3291 665 3362 gellatum
692 3307 704 3344 :
734 3291 969 3347 hrcccine
998 3301 1144 3357 sunt,
1171 3308 1354 3362 quaeso
1374 3332 1390 3357 ,
1423 3290 1581 3361 digna
1613 3289 1818 3359 regno?
1849 3289 2007 3346 Vides

411 3400 534 3440 eum
559 3385 728 3439 oculis
765 3385 884 3440 fidei
914 3385 1223 3455 respexisse
1244 3425 1260 3450 ,
1302 3399 1409 3440 non
1436 3399 1498 3439 ea
1525 3398 1644 3454 qua:
1672 3382 2004 3452 apparebant

411 3477 769 3547 expendisse?
798 3477 1088 3547 Propterea
1120 3491 1292 3547 neque
1341 3476 1484 3531 Deus
1525 3476 1664 3531 nuda
1703 3476 1864 3530 verba
1908 3490 2004 3533 ex-

414 3567 678 3636 pendebat
700 3609 714 3631 ,
742 3567 836 3622 sed
868 3577 925 3621 ut
956 3567 1044 3621 ille
1073 3568 1125 3621 in
1157 3565 1488 3621 divinitatem
1507 3609 1523 3631 ,
1551 3566 1630 3621 sic
1661 3567 1802 3620 Deus
1829 3567 1880 3620 in
1909 3581 2006 3620 cor

416 3659 636 3713 latronis
661 3658 999 3729 respiciebat,
1027 3665 1083 3712 et
1120 3657 1195 3711 ait
1223 3673 1238 3714 :
1273 3655 1438 3711 Hodie
1463 3672 1656 3710 mecum
1685 3657 1782 3710 eris
1812 3657 1865 3710 in
1902 3672 2001 3728 pa-

415 3751 586 3804 radiso
616 3749 764 3820 (Luc.
788 3749 879 3802 23.
904 3748 1020 3816 43).

494 3841 836 3909 Objectionem
865 3840 1048 3910 refellit
1075 3837 1500 3892 Manichaeorum.
1529 3868 1602 3878 —
1629 3838 1742 3894 Hoc
1772 3838 1889 3894 loco
1917 3847 2000 3893 at-

416 3931 648 3987 tendite:
678 3929 940 4001 siquidem
961 3929 1187 4001 qutcstio
1212 3947 1317 3985 non
1336 3929 1567 4000 vulgaris
1587 3931 1844 3985 exoritur.
1868 3929 2000 3985 Nam

416 4024 717 4088 llauicbmi,
747 4038 909 4079 canes
936 4022 1067 4078 muti
1087 4032 1143 4079 et
1163 4023 1356 4089 rabidi,
1389 4023 1625 4093 speciem
1651 4023 1863 4094 quidem
1893 4039 2002 4092 prie

412 4134 473 4174 sc
502 4119 679 4174 ferunt
706 4116 1004 4182 modestiaz,
1039 4117 1182 4171 intus
1208 4131 1338 4171 vero
1366 4131 1582 4186 gravem
1627 4131 1818 4170 canum
1857 4116 2003 4170 inSa-

419 4212 563 4264 uiam
594 4208 794 4271 fovent,
825 4216 880 4262 et
909 4207 1025 4261 ovis
1056 4207 1192 4277 pelle
1226 4207 1405 4277 lupum
1433 4207 1719 4261 occultant.
1752 4208 1820 4260 At
1850 4215 1905 4260 tu
1932 4222 2001 4263 ne

411 4304 552 4374 quod
583 4310 807 4372 apparet
828 4301 1078 4372 aspicias,
1109 4316 1293 4356 verum
1326 4301 1472 4354 intus
1498 4300 1749 4354 latentem
1771 4299 1999 4355 belluam

413 4395 732 4464 pervestiga.
770 4392 858 4446 lsti
897 4408 1028 4463 ergo
1055 4392 1230 4447 locum
1273 4391 1415 4447 lmnc
1440 4391 1758 4461 arripientes
1800 4391 1948 4445 aiunt
1980 4408 1996 4446 :

415 4485 557 4539 Dixit
577 4483 840 4546 Christus,
867 4483 1045 4548 Amen,
1074 4499 1220 4536 amen
1242 4482 1354 4536 dico
1377 4482 1485 4547 tibi,
1511 4482 1660 4535 hodie
1687 4498 1878 4536 mecum
1900 4482 2000 4536 eris

411 4577 463 4628 in
494 4575 734 4644 paradiso
763 4590 780 4627 :
809 4575 966 4644 igitur
991 4575 1100 4644 jam
1144 4576 1276 4630 facta
1307 4583 1388 4630 est
1415 4575 1677 4629 bonorum
1719 4573 1999 4630 retributio

410 4675 464 4720 et
494 4664 760 4733 superﬂua
806 4665 908 4718 erit
935 4667 1279 4720 resurrectio.
1327 4665 1382 4718 Si
1419 4666 1562 4720 enim
1604 4665 1694 4720 illo
1722 4665 1810 4721 die
1862 4666 1999 4720 latro

413 4759 547 4815 bona
577 4758 801 4828 recepit,
854 4772 1050 4826 corpus
1093 4771 1272 4813 autem
1303 4759 1421 4827 ejus
1467 4758 1702 4813 nondum
1745 4759 1811 4814 ad
1857 4759 1998 4815 hunc

415 4865 583 4919 usque
613 4849 754 4904 diem
785 4849 1101 4915 resurrexit,
1135 4866 1242 4914 non
1271 4852 1376 4903 erit
1419 4849 1672 4918 deinceps
1710 4865 1994 4921 corpormn

417 4944 757 4998 resurrectio.
790 4941 1055 5012 Numquid
1089 4941 1428 4996 intellexistis
1457 4943 1597 5012 quod
1631 4943 1862 4998 diximus
1882 4985 1899 5011 ,
1926 4960 1993 4999 an

412 5046 539 5085 vero
570 5033 758 5088 iterum
788 5033 913 5088 illud
941 5034 1044 5089 dici
1085 5049 1301 5088 necesse
1324 5034 1448 5088 est?
1477 5034 1634 5088 Amen
1653 5077 1667 5100 ,
1699 5052 1847 5091 amen
1879 5037 1993 5092 diro

412 5123 520 5187 tibi,
549 5125 698 5179 hodie
721 5143 915 5179 mecum
941 5128 1038 5181 eris
1059 5127 1108 5180 in
1133 5127 1389 5197 paradiso.
1416 5125 1691 5197 Ingressus
1705 5138 1785 5182 est
1814 5128 1992 5199 igitur,

417 5212 607 5282 inquit,
659 5216 710 5268 in
750 5218 1050 5283 paradisum
1087 5219 1219 5273 latro
1264 5234 1368 5272 non
1410 5232 1530 5272 eum
1575 5234 1798 5288 Corpore
1843 5237 1994 5290 :quo

419 5306 557 5359 enim
604 5316 777 5375 parto,
809 5322 930 5361 cum
975 5310 1239 5378 sepultum
1287 5326 1393 5364 non
1433 5319 1576 5364 esset
1621 5327 1814 5379 corpus
1839 5314 1984 5381 ejus,

415 5411 589 5465 neque
633 5396 990 5465 dissolutum,
1018 5409 1070 5453 ct
1122 5400 1174 5455 in
1213 5401 1424 5457 cineres
1468 5400 1774 5457 redactum?
1823 5420 1994 5473 neque

415 5486 612 5540 dictum
662 5504 881 5558 nsquam
941 5488 1038 5544 fuit
1087 5494 1457 5546 resuscitatum
1511 5492 1657 5546 illtttn
1711 5508 1740 5546 a
1779 5492 1994 5550 Christo

418 5576 597 5632 fuisse.
623 5579 774 5646 Quod
791 5581 834 5633 si
859 5580 1117 5637 latronem
1139 5584 1448 5647 introdmit,
1471 5597 1522 5638 et
1549 5584 1748 5652 absque
1767 5602 1994 5656 corpore

414 5667 568 5722 bouis
595 5671 788 5739 potitus
814 5681 916 5736 est,
958 5675 1292 5729 manifestum
1335 5685 1416 5730 cst
1457 5677 1698 5744 corporis
1740 5694 1979 5733 resurre-

420 5758 646 5816 ctionem
678 5778 782 5818 non
811 5780 948 5819 esse.
977 5763 1108 5820 Nam
1138 5767 1181 5821 si
1213 5769 1452 5837 corporis
1477 5778 1617 5823 esset
1646 5772 1986 5836 resurrectio,

1671 332 1736 388 lN
1775 331 2070 388 GENESIM
2110 330 2341 386 SERMO
2381 329 2489 385 VII.

3589 337 3690 395 6M

2110 461 2214 501 non
2242 445 2499 501 dixisset:
2531 443 2699 500 Hodie
2736 462 2925 500 mecum
2954 449 3051 500 eris
3080 449 3132 501 in
3160 448 3398 516 paradiso
3417 489 3431 514 ,
3479 450 3594 514 sed,
3631 452 3686 507 ln

2109 547 2352 606 tempore
2393 537 2904 600 consummationis,
2952 537 3166 608 quando
3205 542 3524 594 resurrectio
3573 558 3695 596 cor-

2110 643 2298 698 porum
2327 631 2450 684 erit.
2479 630 2631 696 Quod
2660 631 2704 683 si
2731 631 2841 699 jam
2866 630 3124 686 latronem
3159 631 3470 698 introduxit,
3495 649 3692 704 corpus

2108 731 2285 775 autem
2333 721 2449 790 ejus
2491 720 2618 774 foris
2660 730 2973 790 corruptum
3019 721 3304 786 remansit,
3335 723 3490 792 plane
3533 725 3698 796 liquet

2110 825 2394 881 corporum
2424 812 2873 866 resurrectionem
2916 829 3022 867 non
3061 827 3202 868 esse.
3234 815 3406 884 Atque
3435 815 3549 870 lucc
3576 819 3696 887 qui-

2110 901 2230 957 dem
2264 902 2335 956 illi
2365 919 2379 958 :
2407 903 2517 972 jam
2549 916 2678 958 vero
2707 919 2823 972 qua:
2870 918 2898 956 a
2938 903 3091 957 nobis
3121 904 3532 975 proficiscuntur
3557 911 3697 964 acei-

2113 995 2252 1064 pite;
2289 995 2394 1050 imo
2443 1010 2571 1050 vero
2610 1011 2714 1048 non
2758 1010 2878 1064 quae
2923 1010 2952 1048 a
2993 995 3183 1062 nobis,
3224 995 3318 1051 sed
3345 1012 3462 1067 quze
3487 1013 3518 1052 a
3546 1013 3697 1054 sat-ra

2109 1086 2378 1156 Scriptura
2408 1096 2534 1142 sunt
2557 1104 2570 1141 :
2599 1101 2770 1156 neque
2791 1087 2932 1142 enim
2954 1101 3072 1156 qua:
3094 1097 3273 1142 nostra
3294 1098 3421 1142 sunt
3447 1090 3695 1157 dicimus,

2109 1179 2204 1233 Sed
2233 1197 2352 1249 qua:
2378 1180 2609 1250 Spiritus
2639 1181 2832 1234 sancti.
2864 1180 2999 1247 Quid
3031 1179 3150 1233 ais?
3178 1197 3281 1235 non
3313 1184 3455 1237 venit
3475 1184 3525 1237 in
3551 1199 3698 1240 com-

2111 1270 2420 1325 tuunionem
2465 1285 2786 1325 coronarum
2830 1271 2995 1324 caro?
3026 1271 3131 1324 Sed
3176 1272 3226 1324 in
3265 1275 3696 1341 communionem

2111 1361 2325 1431 quidem
2371 1361 2610 1416 laborum
2653 1362 2821 1428 venit,
2871 1363 3102 1431 praemiis
3152 1377 3283 1418 vero
3327 1366 3600 1434 privatur?
3646 1377 3703 1422 et

2109 1452 2325 1522 quando
2353 1454 2666 1508 certandum
2696 1453 2911 1522 quidem
2944 1452 3060 1517 fuit,
3084 1455 3342 1524 majorem
3377 1467 3580 1526 partem
3611 1473 3700 1513 su-

2109 1542 2301 1597 dorum
2327 1545 2608 1608 sustinuit;
2633 1542 2844 1613 quando
2871 1559 2996 1598 vero
3024 1558 3342 1598 coronarum
3376 1556 3584 1617 tempus
3609 1551 3703 1602 atl-

2112 1636 2232 1702 fuit,
2260 1637 2438 1692 anima
2481 1638 2594 1691 sola
2644 1639 2971 1694 Coronatur‘l
3001 1637 3114 1694 Non
3160 1639 3312 1694 audis
3355 1641 3572 1697 l‘aulum
3622 1644 3703 1698 di-

2111 1733 2364 1784 centem?
2405 1730 2558 1785 Stare
2597 1747 2689 1785 nos
2729 1741 2924 1797 oportet
2971 1743 3089 1786 ante
3128 1732 3351 1788 tn‘bunal
3393 1734 3600 1802 Christi,
3645 1750 3702 1791 ut

2110 1821 2296 1888 referat
2329 1822 2670 1892 unusquisque
2697 1823 2904 1892 prapria
2928 1825 3159 1892 corporis
3177 1865 3191 1889 ,
3227 1835 3375 1893 prout
3399 1827 3570 1896 gessit,
3601 1828 3704 1881 sire

2111 1915 2318 1981 bonum,
2349 1918 2451 1971 sive
2471 1918 2658 1970 malum
2688 1916 2862 1988 (llam.
2890 1919 2976 1972 Ν.
3009 1918 3093 1973 10.
3120 1919 3191 1984 2;
3221 1919 3337 1973 Cor.
3371 1922 3422 1977 5.
3454 1921 3563 1990 10).
3588 1921 3701 1977 Non

2110 2008 2264 2062 audis
2304 2009 2476 2076 ipsum
2526 2025 2711 2064 rursus
2754 2010 3061 2066 dicentem:
3096 2010 3310 2082 Oportet
3350 2015 3566 2068 mortale
3608 2016 3703 2070 hoc

2111 2099 2324 2154 induere
2362 2099 2824 2166 inmortalitatem,
2878 2109 2926 2154 et
2976 2103 3305 2172 corruptibile
3349 2107 3446 2157 Itoc
3493 2105 3704 2162 induere

2111 2193 2548 2262 incorruptionem
2570 2194 2615 2264 (Ι
2633 2232 2646 2246 .
2680 2192 2798 2247 Cor.
2833 2193 2919 2247 15.
2954 2193 3088 2262 53)?
3116 2193 3378 2248 Mortale?
3403 2196 3704 2264 quodnam?

2113 2285 2344 2339 aiiitnam
2372 2301 2438 2338 an
2471 2285 2705 2354 corpus?
2736 2284 2885 2338 llaud
2921 2284 3138 2338 dubium
3159 2326 3172 2348 ,
3204 2286 3329 2354 quin
3359 2301 3554 2356 corpus
3584 2307 3596 2341 :
3625 2290 3702 2344 si-

2112 2374 2329 2443 quidem
2353 2375 2527 2429 anima
2559 2383 2741 2429 natura
2769 2389 2863 2429 sua
2891 2383 2974 2429 est
2999 2374 3348 2442 immortalis;
3369 2390 3569 2447 corpus
3599 2395 3697 2434 au-

2115 2475 2221 2520 tem
2246 2476 2432 2520 natura
2459 2466 2680 2520 mortale
2704 2477 2805 2520 εδι.
2839 2467 2907 2519 At
2927 2465 3068 2518 enim
3091 2466 3258 2520 multa
3280 2482 3343 2520 ex
3376 2468 3491 2521 istis
3515 2467 3588 2522 illi
3615 2485 3704 2524 re-

2113 2565 2330 2611 secant:
2351 2566 2585 2611 attamen
2603 2571 2666 2610 ex
2688 2556 2792 2609 illis
2810 2556 2939 2625 ipsis
2953 2571 3072 2625 qua:
3094 2567 3313 2623 restant,
3329 2561 3702 2628 cognationem

2113 2664 2300 2704 eorum
2316 2665 2433 2718 qua:
2451 2656 2658 2703 resecta
2685 2655 2810 2701 sunt
2830 2646 3313 2716 deprehendemus.
3335 2649 3610 2719 Ingressus
3622 2660 3706 2708 cst

2113 2740 2250 2797 latro
2295 2742 2348 2796 in
2380 2741 2714 2812 paradisum,
2748 2741 2938 2811 inquit.
2977 2740 3115 2808 Quid
3161 2750 3271 2796 tum
3316 2744 3539 2811 postea?
3575 2760 3701 2798 num

2113 2833 2258 2890 enim
2285 2831 2400 2889 lucc
2425 2833 2510 2887 illa
2541 2841 2665 2887 sunt
2692 2831 2853 2899 bona,
2880 2847 2999 2903 qua
3029 2831 3181 2886 nobis
3211 2832 3350 2887 Deus
3381 2833 3704 2902 pollicetur?

2185 2928 2240 2983 5.
2268 2926 2384 2982 Non
2405 2926 2557 2980 audis
2581 2925 2707 2996 quid
2738 2925 2805 2980 de
2831 2925 2986 2980 bonis
3015 2923 3120 2978 illis
3151 2924 3344 2979 Paulus
3367 2924 3554 2980 dicat?
3580 2926 3707 2992 Qute

2115 3021 2294 3075 oculus
2319 3035 2421 3072 non
2448 3018 2592 3082 vidit,
2622 3027 2666 3072 et
2690 3017 2830 3071 auris
2859 3032 2961 3070 non
2983 3015 3197 3082 audivit,
3220 3025 3266 3069 et
3290 3017 3343 3070 in
3370 3031 3459 3070 cor
3488 3018 3707 3074 [taurinis

2114 3128 2218 3166 non
2254 3110 2589 3166 ascenderunt
2615 3109 2693 3180 (l.
2741 3107 2861 3162 Cor.
2903 3107 2961 3162 2.
2991 3105 3083 3178 9):
3111 3105 3257 3176 atqui
3301 3106 3605 3176 paradisum
3648 3116 3708 3164 et

2113 3205 2302 3259 oculus
2335 3204 2466 3257 vidit
2494 3202 2705 3265 Adami,
2733 3211 2787 3256 et
2812 3201 2958 3255 auris
2999 3199 3224 3265 audivit,
3260 3207 3315 3254 et
3337 3214 3432 3254 cor
3474 3199 3709 3257 hominis

2112 3297 2369 3365 excepit:
2400 3295 2582 3348 multis
2604 3295 2746 3348 enim
2780 3294 2889 3362 jam
2919 3291 3108 3346 diebus
3132 3291 3199 3346 de
3240 3290 3334 3346 illo
3373 3292 3534 3346 verba
3571 3291 3705 3348 fact-

2111 3401 2232 3442 mus
2262 3406 2274 3441 :
2307 3385 2579 3457 quomodo
2609 3384 2768 3455 igitur
2809 3384 2946 3436 bona
2977 3381 3114 3436 latro
3149 3381 3393 3451 recepit?
3417 3380 3532 3436 Non
3558 3382 3703 3438 enini

2110 3494 2170 3536 se
2197 3481 2249 3534 in
2295 3479 2593 3550 paradisum
2633 3490 2730 3532 nos
2768 3474 3190 3530 introducturum
3237 3472 3498 3542 promittit
3525 3474 3703 3540 Deus,

2110 3573 2204 3630 sed
2228 3573 2279 3627 in
2309 3574 2483 3643 ipsum
2504 3572 2693 3626 cadum
2722 3587 2737 3625 :
2767 3583 2939 3639 neque
2961 3583 3180 3638 regnum
3208 3567 3459 3638 paradisi,
3491 3568 3584 3624 sed
3612 3585 3702 3626 re-

2109 3681 2272 3738 gnum
2297 3665 2551 3720 mulorum
2585 3662 2910 3733 przcdicavit.
2942 3660 3101 3730 (ἰωρὶι
3139 3659 3303 3720 enim.
3339 3657 3544 3730 inquit,
3568 3677 3705 3731 pra:-

2110 3756 2300 3820 dicare,
2341 3765 2386 3808 et
2435 3754 2623 3816 dicere,
2657 3750 3009 3806 Paenitentiam
3049 3750 3183 3820 agite
3226 3749 3440 3817 (Matth.
3486 3751 3540 3806 4.
3573 3753 3687 3823 17)ἱ

2110 3845 2537 3918 approyinquaoit
2559 3843 2728 3908 enim,
2757 3855 2863 3895 non
2906 3854 3130 3910 regnum
3171 3839 3424 3908 paradisi,
3472 3841 3589 3906 sed,
3621 3857 3706 3898 re-

2109 3954 2267 4010 gnum
2302 3935 2564 3991 calorum.
2591 3932 2726 3989 Nam
2755 3943 2808 3986 tu
2843 3931 3061 4001 quidem
3100 3931 3404 4000 paradisum
3446 3934 3697 3999 amisisti,

2112 4030 2256 4085 Deus
2279 4038 2456 4083 autem
2497 4024 2688 4081 caelum
2713 4023 2806 4078 tibi
2836 4021 3002 4084 dedit.
3049 4029 3108 4076 ut
3136 4035 3248 4075 sua:
3294 4022 3385 4077 tibi
3424 4025 3700 4092 specimen

2110 4122 2294 4177 ederet
2331 4118 2702 4190 benignitatis,
2739 4131 2804 4171 ac
2833 4113 3049 4170 diabolo
3085 4113 3326 4169 dolorem
3356 4114 3613 4182 inureret,
3645 4128 3702 4174 et

2107 4211 2435 4274 ostenderet,
2456 4209 2663 4264 tametsi
2687 4207 2996 4262 innumeras
3022 4205 3112 4261 ille
3133 4210 3184 4259 in
3211 4221 3382 4276 genus
3403 4205 3696 4266 humanum

2111 4303 2332 4359 insidias
2373 4303 2649 4366 moliatur,
2682 4300 2814 4356 nihil
2866 4308 3044 4354 tamen
3082 4298 3184 4353 hoc
3212 4299 3291 4353 illi
3333 4300 3693 4368 profuturum,

2106 4410 2228 4451 cum
2257 4395 2396 4449 Deus
2431 4407 2645 4463 semper
2668 4392 2926 4461 majorem
2952 4390 3019 4445 ad
3060 4390 3314 4445 honorem
3360 4404 3460 4445 nos
3481 4393 3694 4449 evehat.

2105 4486 2346 4541 Amisisti
2394 4499 2524 4556 ergo
2567 4484 2904 4555 paradisum,
2951 4492 3007 4538 et
3048 4482 3240 4537 cadum
3286 4481 3380 4537 tibi
3426 4483 3567 4539 Deus
3605 4495 3694 4536 re.-

2104 4579 2348 4633 seravit:
2397 4575 2720 4646 temporario
2772 4574 2954 4630 labore
3001 4573 3285 4628 damnatus
3334 4588 3425 4640 es,
3478 4585 3532 4629 et
3580 4577 3692 4632 vita

2104 4679 2303 4725 {eterna
2328 4669 2632 4725 decoratus.
2663 4665 2924 4737 Praecepit
2952 4673 3112 4720 terra:
3141 4673 3199 4719 ut
3218 4665 3400 4734 spinas
3428 4667 3696 4736 proferret

2103 4776 2167 4816 ac
2197 4760 2455 4827 tribulos,
2485 4771 2541 4816 et
2585 4758 2812 4814 fructum
2859 4755 2952 4812 tibi
3000 4755 3232 4825 Spiritus
3271 4756 3447 4811 anima
3473 4759 3694 4824 germi-

2103 4855 2249 4909 navit
2277 4852 2429 4925 (ϐαι.
2460 4853 2514 4907 5.
2559 4851 2673 4922 18).
2707 4849 2870 4905 Vides
2899 4857 2957 4902 ut
3001 4849 3232 4918 tnajores
3261 4851 3370 4902 sint
3407 4848 3578 4916 pinnis
3608 4848 3691 4902 fa-

2103 4949 2356 5010 cultates,
2387 4954 2445 5000 ut
2473 4944 2765 5012 ampliores
2789 4942 2898 4998 siut
2929 4940 3164 4997 divitiae?
3192 4939 3429 5009 Exempli
3473 4953 3632 4996 ausa
3658 4953 3692 4998 is

2105 5041 2354 5094 formavit
2380 5039 2522 5092 Deus
2561 5036 2830 5091 hominem
2860 5049 2893 5090 e
2923 5044 3063 5089 terra
3103 5043 3159 5088 et
3207 5046 3366 5102 aqua,
3410 5031 3693 5103 ipsumque

2103 5133 2281 5204 posuit
2306 5131 2357 5185 in
2385 5127 2652 5199 paradiso.
2681 5127 2800 5182 Non
2822 5125 2992 5182 evasit
3034 5124 3187 5178 homo
3232 5123 3397 5193 frugis
3416 5161 3431 5185 ,
3460 5123 3549 5192 qui
3581 5124 3692 5179 for-

2103 5235 2276 5280 matus
2301 5222 2491 5287 fuerat,
2519 5219 2612 5274 sed
2639 5220 2959 5289 depravatus
2987 5225 3069 5270 est
3093 5233 3104 5267 :
3141 5230 3244 5269 non
3267 5215 3377 5284 jam
3404 5230 3437 5271 e
3463 5223 3605 5271 terra
3623 5229 3694 5274 =ct

2101 5330 2235 5382 aqua
2263 5313 2434 5383 ipsum
2467 5310 2695 5378 relingit,
2724 5308 2816 5364 sed
2844 5324 2908 5362 ex
2935 5321 3070 5378 aqua
3098 5317 3152 5360 et
3177 5307 3376 5376 Spiritu
3408 5324 3421 5360 :
3451 5323 3554 5361 non
3576 5308 3688 5378 jam

2102 5407 2174 5460 illi
2220 5403 2557 5476 paradisum,
2587 5402 2679 5457 sed
2721 5416 2939 5470 regnum
2981 5400 3233 5454 ctclorum
3273 5399 3575 5468 pollicetur.
3621 5399 3692 5456 Et

2100 5514 2208 5567 quo
2234 5507 2386 5565 pacto
2409 5495 2458 5549 id
2483 5495 2590 5559 liat,
2618 5494 2763 5547 audi.
2792 5491 2923 5546 Cum
2945 5492 3086 5546 enim
3115 5491 3360 5561 princeps
3378 5487 3688 5547 Judzcorum

2107 5590 2426 5645 Nicodemus
2461 5589 2638 5656 lapsus
2663 5595 2835 5649 esset,
2865 5594 2916 5639 ct
2949 5584 3105 5654 lmjus
3139 5585 3260 5637 vita:
3293 5583 3485 5638 natalia
3518 5581 3692 5652 inquio

2103 5692 2267 5745 reret,
2319 5680 2646 5748 diceretque,
2697 5678 2809 5732 lieri
2855 5694 2958 5731 non
3008 5693 3194 5745 posse,
3227 5684 3281 5729 ιιι
3319 5690 3484 5730 senex
3513 5673 3691 5728 denuo

2106 5781 2432 5835 nasceretur,
2455 5770 2572 5826 vide
2591 5785 2698 5840 quo
2720 5779 2873 5840 pacto
2891 5769 3136 5827 Christus
3159 5766 3231 5818 illi
3258 5766 3453 5821 clarius
3475 5763 3694 5820 modqu
