4164 6224
427 343 530 397 615

428 458 645 528 detegat
671 455 944 510 natalium.
973 450 1088 504 Nisi
1125 450 1234 518 quis
1250 457 1398 501 natus
1413 447 1560 516 fuerit
1583 460 1645 499 ex
1665 460 1796 514 aqua
1817 452 1860 496 et
1887 440 2013 508 Spi-

432 549 555 612 ritu,
573 564 672 599 non
685 553 841 615 potest
854 541 1122 596 introirein
1133 555 1338 610 regnum
1352 539 1590 593 cwlorum
1606 535 1762 606 (Joan
1778 535 1836 588 .5
1847 535 1899 588 ,4
1917 532 2017 600 .5).

443 639 497 693 Si
551 637 712 707 igitur
760 648 977 703 regnum
1017 630 1272 686 cwlorum
1312 628 1584 699 promisit,
1620 629 1670 680 in
1717 625 2018 696 paradisum

435 743 611 784 autem
629 729 889 782 latronem
914 723 1228 788 introduxit,
1249 722 1482 776 uondttm
1505 721 1578 774 illi
1599 720 1734 774 bona
1753 716 2019 772 retribuit.

508 818 646 887 Quid
681 817 882 870 nomine
915 815 1142 885 paradisi
1180 815 1244 869 sit
1286 813 1691 884 intelligendum.
1727 841 1798 850 ——
1829 809 2018 864 Verum

433 909 572 963 aliud
627 917 884 977 praeterea
925 904 1176 976 quiddam
1219 904 1494 974 objiciunt.
1547 903 1878 962 Paradisnm.
1939 902 2019 954 in-

432 1001 642 1070 quiunt,
677 997 776 1052 hoc
806 997 961 1064 loco,
991 1012 1097 1050 non
1129 997 1430 1066 paradisum
1461 996 1632 1060 dixit,
1665 994 1760 1049 sed
1794 994 2020 1063 paradisi

437 1091 652 1144 nomine
695 1103 918 1158 regnum
947 1087 1202 1143 caelorum
1249 1086 1568 1157 designavit.
1599 1085 1732 1141 Nam
1781 1086 1900 1154 quia
1945 1085 2022 1137 Ia—

435 1190 642 1235 tronent
695 1179 1096 1248 alloquebatur,
1133 1177 1402 1234 hominem
1445 1177 1538 1248 qui
1569 1175 1882 1232 sublimibus
1933 1177 2024 1227 do.

433 1270 701 1342 gmatibns
741 1270 972 1325 imbutus
1004 1284 1112 1324 non
1155 1269 1360 1336 fuerat,
1408 1283 1582 1339 neque
1627 1268 1695 1322 de
1748 1267 2024 1337 prophetia

435 1363 724 1434 quidquam
755 1372 996 1429 noverat,
1029 1361 1121 1418 sed
1142 1375 1305 1417 etnne
1333 1369 1544 1430 tempus
1564 1360 1618 1414 in
1647 1359 1874 1414 desertis
1899 1357 2026 1412 locis

437 1462 797 1524 transegerat,
823 1452 1105 1523 caedesque
1135 1459 1394 1522 patrarat,
1420 1465 1594 1520 neque
1622 1448 1686 1503 ad
1715 1448 2026 1504 concionem

438 1561 690 1616 umquam
715 1547 767 1600 in
797 1546 1025 1602 transitu
1051 1544 1367 1610 declinarat,
1394 1557 1568 1612 neque
1588 1557 1754 1597 sacra:
1781 1541 2028 1596 lectionis

441 1636 710 1705 particeps
744 1636 950 1699 fuerat,
994 1649 1168 1704 neque
1209 1631 1337 1703 quid
1384 1633 1596 1687 tandem
1627 1640 1770 1687 esset
1808 1646 2028 1701 regnum

441 1727 691 1782 rtelorum
720 1735 967 1791 noverat,
1000 1726 1102 1782 hoc
1137 1721 1351 1780 dicebat
1381 1741 1395 1776 :
1433 1722 1600 1778 Hodie
1625 1739 1818 1776 mecum
1853 1722 1950 1776 eris
1976 1723 2031 1775 in

442 1819 686 1888 paradiso
718 1818 871 1887 (Luc.
901 1817 992 1874 23.
1030 1818 1158 1889 45);
1190 1815 1384 1871 notiori
1413 1824 1464 1870 et
1509 1816 1769 1870 usitatiori
1815 1816 2032 1870 nomine

441 1911 671 1982 paradisi
703 1927 925 1982 regnum
952 1909 1206 1964 caelorum
1235 1909 1527 1978 signiﬁcat,
1554 1917 1607 1961 et
1644 1907 1712 1962 de
1742 1907 1834 1962 illo
1873 1907 2029 1962 Chri-

445 2012 562 2058 stus
603 2002 674 2056 ad
732 2001 907 2072 ipsum
949 1999 1108 2056 verba
1165 1998 1312 2054 facit.
1367 1998 1626 2053 Admitte.
1675 1997 1828 2054 Unde
1873 1999 2031 2069 igitur

442 2101 655 2148 constat
695 2093 868 2163 ipsum
912 2093 964 2147 in
999 2107 1220 2162 regnum
1247 2091 1500 2146 ca-lorum
1551 2091 1844 2162 ingressum
1876 2093 2032 2147 esse?

443 2188 528 2244 Ex
554 2203 620 2242 eo
645 2187 787 2256 quod
831 2186 1047 2250 dixerit,
1085 2185 1254 2240 Hodie
1299 2201 1493 2238 mecum
1535 2187 1635 2240 eris
1672 2185 1724 2238 in
1765 2185 2026 2255 paradiso.

441 2279 595 2347 Quod
621 2281 666 2335 si
696 2280 978 2335 violentior
999 2278 1116 2334 hate
1143 2278 1338 2333 solutio
1368 2277 1633 2344 videatur,
1661 2278 2031 2333 dilucidiorcm

438 2371 810 2443 adiungemus.
852 2372 1106 2438 Quaenam
1134 2370 1223 2424 illa
1264 2384 1424 2439 porro
1452 2371 1570 2424 est?
1594 2369 1840 2424 Christus
1877 2370 2030 2438 dixit,

445 2466 546 2530 Qui
590 2481 692 2519 non
727 2464 886 2518 credit
926 2465 981 2518 in
1029 2462 1245 2527 Filium,
1267 2465 1382 2533 jam
1420 2463 1688 2531 judicatus
1734 2474 1806 2518 est
1854 2463 2030 2534 (Joan.

438 2555 493 2608 5.
525 2555 638 2621 18).
674 2553 811 2621 Quid
853 2553 1046 2623 igitur?
1069 2553 1254 2624 jamne
1270 2553 1538 2623 judicatus
1563 2555 1682 2608 est?
1713 2555 1870 2624 Atqui
1897 2571 2032 2610 non-

441 2647 568 2699 dum
597 2653 682 2698 est
709 2644 1034 2699 resurrectio
1054 2683 1070 2709 ,
1098 2642 1333 2696 nondum
1377 2643 1695 2712 supplicium
1739 2656 1788 2699 et
1821 2660 1990 2714 ptume
2021 2665 2034 2702 :

439 2735 710 2807 quomodo
738 2750 869 2805 ergo
892 2735 1000 2804 jam
1029 2734 1296 2804 judicatus
1321 2736 1439 2789 est?
1467 2736 1690 2804 Propter
1726 2747 2033 2806 peccatum.

442 2830 509 2884 Et
539 2841 772 2883 rursus:
818 2826 920 2893 Qui
960 2826 1119 2880 credit
1161 2826 1212 2879 in
1241 2823 1456 2891 Filium,
1502 2826 1695 2896 inquit,
1719 2829 1948 2882 transivit
1975 2829 2038 2884 de

443 2930 602 2975 morte
629 2921 698 2974 ad
725 2921 879 2974 vitam
903 2917 1082 2992 (Joan.
1114 2918 1167 2974 5.
1198 2916 1314 2990 24).
1340 2917 1518 2988 Neque
1543 2918 1705 2985 dixit,
1732 2919 2033 2990 Transibit,

442 3012 538 3070 sed
559 3055 575 3080 ,
593 3013 704 3084 jam
739 3011 1012 3076 Trausivit,
1036 3020 1091 3067 et
1119 3011 1204 3066 hic
1221 3025 1408 3067 rursus
1431 3021 1644 3082 propter
1665 3015 1859 3068 bonum
1878 3029 2034 3085 opus,

443 3117 500 3163 et
528 3107 616 3162 ille
661 3121 846 3162 rursus
886 3115 1106 3176 propter
1150 3115 1442 3175 peccatum.
1484 3105 1551 3160 Ut
1579 3106 1739 3177 igitur
1773 3122 1910 3163 unus
1949 3108 2034 3178 ju-

444 3197 654 3253 dicatus
686 3206 788 3258 est,
820 3211 939 3251 cum
974 3195 1208 3250 nondum
1241 3195 1397 3250 fuerit
1422 3195 1710 3265 judicatus,
1740 3199 1878 3253 alter
1904 3215 2035 3268 quo-

445 3302 552 3358 que
580 3286 826 3342 transivit
862 3285 931 3340 ad
959 3287 1122 3340 vitam
1145 3327 1160 3352 ,
1201 3302 1320 3341 cum
1370 3288 1606 3342 nondum
1656 3291 1954 3356 transierit,
1985 3301 2040 3346 et

445 3391 554 3437 tam
596 3379 666 3436 ad
708 3394 871 3434 unum
921 3377 992 3434 ob
1035 3380 1234 3435 bonum
1282 3394 1453 3447 Opus,
1499 3395 1657 3450 quam
1706 3381 1770 3434 ad
1812 3382 2036 3438 alterum

409 3525 412 3528 .
446 3474 516 3531 ob
540 3481 840 3544 peccatum,
871 3470 1024 3542 quasi
1046 3471 1154 3541 jam
1183 3485 1270 3525 res
1294 3471 1607 3537 acciderint,
1636 3487 1757 3526 eum
1801 3472 2037 3528 nondum

446 3565 761 3631 acciderint,
794 3564 956 3620 verba
1002 3563 1167 3618 facit:
1207 3563 1284 3618 sic
1324 3572 1378 3618 et
1409 3562 1474 3618 ad
1520 3563 1776 3618 latronem
1808 3565 2037 3622 dicebat.

449 3656 580 3712 Nam
607 3665 662 3711 et
689 3655 882 3711 medici
914 3664 1192 3726 postquam
1221 3654 1450 3724 aliquem
1470 3654 1807 3724 desperatum
1838 3657 2038 3723 vident,

452 3765 573 3804 eum
590 3747 813 3818 periisse
828 3747 935 3818 jam
959 3756 1014 3802 et
1040 3755 1306 3802 mortuum
1331 3761 1450 3802 esse
1468 3747 1675 3815 dicunt,
1699 3749 1911 3804 tametsi
1933 3752 2041 3820 spi-

452 3850 660 3897 rantem
687 3840 864 3896 adhuc
911 3840 1202 3894 intuentur.
1235 3838 1342 3895 Sed
1378 3850 1435 3894 ttt
1466 3841 1575 3908 ille,
1605 3843 1856 3911 quoniam
1894 3844 2038 3899 nulla

451 3942 701 4004 superest
728 3948 852 4004 spes
875 3932 992 4003 ejus
1017 3933 1227 4001 salutis,
1255 3933 1393 4002 apud
1417 3934 1652 3989 medicos
1667 3935 1775 4006 jam
1799 3946 2042 3993 mortuus

454 4037 538 4084 est
565 4045 581 4082 :
609 4027 689 4082 sic
727 4027 889 4082 etiam
921 4027 1088 4094 latro,
1135 4028 1386 4098 quoniam
1428 4028 1721 4098 periculum
1767 4045 1924 4084 omne
1952 4045 2040 4085 re-

452 4119 716 4174 versionis
743 4118 810 4172 ad
839 4117 1190 4188 perditionem
1213 4117 1326 4187 jam
1357 4129 1618 4184 evaserat,
1651 4121 1701 4174 in
1733 4121 1922 4176 caelum
1957 4123 2039 4175 in-

455 4210 634 4265 travit.
659 4209 750 4264 Sic
780 4208 942 4263 etiam
983 4207 1188 4262 audivit
1214 4207 1384 4261 Adam
1420 4226 1432 4259 :
1467 4208 1580 4275 Quo
1607 4210 1688 4265 die
1725 4220 1892 4266 autent
1927 4212 2044 4266 ede-

461 4302 576 4359 ritis
600 4317 664 4356 ea:
688 4316 768 4367 eo,
796 4309 958 4354 morte
979 4299 1264 4353 moriemini
1289 4298 1440 4371 (Gen.
1471 4300 1525 4352 2.
1562 4301 1668 4372 l7).
1693 4303 1827 4370 Quid
1853 4303 2044 4374 igitur'l

455 4413 524 4452 an
569 4396 661 4450 illo
687 4395 804 4464 ipso
837 4394 925 4449 die
967 4403 1209 4447 mortuus
1249 4391 1368 4447 est?
1399 4391 1764 4463 Nequaquam,
1799 4395 1892 4450 sed
1923 4405 2045 4467 post

453 4487 600 4540 illum
626 4484 769 4540 diem
795 4493 1095 4554 nongentos
1118 4482 1248 4537 vixit
1267 4490 1322 4536 et
1339 4484 1518 4552 plures
1541 4499 1730 4540 annos.
1756 4487 1862 4542 Cur
1885 4489 2044 4558 igitur

456 4578 593 4633 dixit
617 4577 784 4639 Deus,
817 4576 909 4632 Illa
954 4576 1064 4645 ipsa
1099 4573 1188 4629 die
1225 4575 1564 4629 moriemini?
1591 4576 1884 4644 Sententia,
1936 4596 2041 4635 non

461 4666 814 4738 experientia.
847 4666 938 4722 Sic
972 4665 1133 4720 etiam
1164 4665 1302 4719 latro
1333 4664 1382 4719 in
1413 4665 1602 4720 caelum
1641 4668 1910 4738 ingressus
1938 4682 2040 4727 est.

462 4760 600 4817 Audi
623 4771 774 4821 sane,
801 4756 924 4826 quid
954 4755 1094 4811 dicat
1121 4755 1337 4822 Paulus,
1369 4765 1427 4810 ut
1455 4757 1721 4812 neminem
1749 4758 1920 4816 adhuc
1949 4761 2042 4817 bo-

460 4864 652 4906 norum
691 4845 1094 4902 retributionem
1135 4847 1407 4915 accepisse
1453 4846 1728 4903 declaret:
1775 4859 1894 4904 nam
1921 4866 2040 4907 eum

455 4942 525 4996 de
551 4938 830 5012 prophetis
855 4953 918 4992 ac
935 4937 1095 5006 juStis
1114 4937 1423 5003 dissereret,
1447 4939 1641 5010 adjecit
1670 4938 1870 4995 :Jumta
1890 4943 2044 5012 ﬁdem

461 5034 688 5099 defuncti
715 5038 836 5084 sunt
864 5029 946 5083 isti
971 5043 1161 5094 omnes,
1189 5044 1302 5081 cum
1332 5030 1743 5098 repromissiones
1769 5048 1866 5086 non
1896 5051 2042 5089 acce-

457 5127 665 5193 pissent,
693 5122 782 5177 sed
810 5139 841 5175 a
869 5122 1016 5192 longe
1041 5137 1124 5175 eas
1153 5121 1483 5191 aspexissent,
1512 5132 1559 5176 et
1586 5125 1903 5190 salutassent,
1937 5127 2044 5182 Deo

457 5216 635 5271 melius
671 5213 864 5284 aliquid
902 5229 994 5282 pro
1021 5211 1164 5266 nobis
1199 5212 1488 5281 providente
1507 5255 1521 5276 ,
1553 5225 1606 5267 ut
1641 5231 1741 5269 non
1767 5217 1873 5271 sine
1905 5220 2046 5274 nobis

454 5317 925 5364 consummarentur
962 5305 1146 5374 (Hebr.
1180 5305 1267 5360 Η.
1308 5306 1396 5360 15.
1427 5306 1541 5374 40).
1587 5306 1711 5361 Ιιτιιε
1741 5319 1939 5376 notate,
1983 5327 2045 5368 ac

459 5399 718 5454 memoria
756 5405 954 5462 tenete,
983 5411 1182 5467 eosque
1208 5397 1294 5467 qui
1337 5412 1444 5452 non
1475 5397 1788 5465 audierunt,
1819 5402 2042 5469 docete;

455 5499 617 5560 atque
657 5490 773 5544 haec
813 5488 866 5542 in
909 5487 1166 5552 ecclesia,
1207 5487 1260 5542 in
1306 5487 1424 5542 foro
1469 5504 1532 5542 ac
1574 5490 1715 5544 domi
1761 5496 2046 5565 unusquis-

457 5597 558 5647 que
589 5580 895 5635 meditetur.
934 5577 1074 5632 Nihil
1111 5579 1252 5632 enim
1289 5593 1439 5634 sacra
1473 5580 1700 5637 lectione
1734 5583 2038 5652 jucundius.

461 5673 620 5737 Audi,
649 5687 852 5740 ([08:80,
875 5671 1001 5741 qttid
1031 5670 1096 5726 de
1121 5671 1205 5724 illa
1233 5672 1374 5726 dicat
1406 5673 1662 5742 propheta
1691 5693 1701 5727 :
1736 5676 1899 5742 Quam
1929 5679 2045 5731 dul-

457 5764 538 5820 cia
582 5763 814 5832 [attribus
864 5763 985 5816 meis
1030 5763 1228 5833 eloquia
1271 5774 1393 5832 tua,
1443 5781 1595 5836 super
1635 5767 1731 5822 mel
1777 5779 1820 5822 et
1873 5773 2046 5840 [arum

1142 336 1195 390 S.
1239 333 1514 390 JO.\NNIS
1544 321 2018 386 CliliYSOSTOMl
2061 321 2374 378 ARCHIEP.
2417 321 2948 379 CONSTA'NTINOP.

3617 324 3729 375 lilii

2128 437 2204 491 ori
2230 453 2339 491 meo
2367 436 2539 490 lPsaI.
2574 435 2697 491 MS.
2733 437 2878 508 105).
2915 435 3068 490 llune
3108 434 3285 505 itaque
3312 434 3485 489 favum
3535 435 3586 489 in
3627 450 3727 488 ve-

2128 535 2365 600 spertina
2413 548 2600 587 mensa
2655 547 2892 602 appone,
2943 539 3000 584 ut
3056 537 3219 583 totam
3271 529 3414 582 illam
3445 527 3727 599 spirituaii

2128 624 2339 694 repleas
2388 624 2683 694 voluptate.
2718 624 2833 678 Non
2876 622 3068 677 videtis
3114 621 3360 676 homines
3409 622 3726 690 opulentos,

2128 715 2402 787 quomodo
2432 725 2554 785 post
2592 716 2777 784 epulas
2804 712 3130 769 cithartedos
3170 726 3235 766 ac
3281 711 3526 766 tibicines
3553 712 3730 765 intro-

2131 805 2366 862 ducunt?
2413 807 2489 861 llli
2535 821 2662 860 snas
2692 805 2838 860 sedes
2885 806 3150 859 theatrum
3193 803 3462 869 efﬁciunt;
3507 813 3570 859 tua
3607 814 3731 859 tuas

2129 899 2274 954 mdes
2323 899 2513 954 caelum
2562 898 2716 955 efﬁce
2751 917 2764 954 :
2795 899 2844 952 id
2889 913 3018 953 vero
3049 897 3272 960 efﬁcies.
3329 913 3435 952 non
3485 899 3732 968 parietes

2131 995 2438 1058 immutans,
2458 1001 2550 1046 ant
2571 989 2896 1046 transferens
2914 990 3277 1055 fundamenta,
3301 989 3393 1045 sed
3417 990 3461 1044 si
3487 989 3555 1045 ad
3576 999 3728 1044 tuam

2129 1098 2370 1138 mensam
2414 1083 2696 1136 Dominum
2730 1081 2900 1151 ipsum
2948 1081 3205 1134 curiarum
3233 1095 3410 1135 voces.
3444 1079 3558 1134 Non
3595 1096 3730 1135 cru—

2133 1175 2304 1229 hescit
2347 1172 2611 1243 ejusmodi
2659 1172 2902 1227 wnvivia
2954 1172 3113 1226 Deus.
3158 1170 3259 1228 Ubi
3295 1187 3522 1242 namque
3564 1172 3729 1242 spiri-

2131 1267 2290 1319 tualis
2317 1265 2583 1330 doctrina,
2615 1267 2687 1320 ibi
2734 1274 2788 1320 et
2836 1265 3209 1334 temperantia,
3257 1273 3312 1318 et
3359 1265 3642 1328 modestia,
3670 1275 3729 1319 et

2133 1359 2324 1416 lenitas
2353 1377 2370 1412 ι
2396 1359 2484 1414 tibi
2513 1359 2593 1413 vir
2637 1369 2689 1413 et
2721 1373 2855 1413 uxor
2883 1372 2945 1413 ac
2976 1357 3149 1423 liberi,
3193 1357 3478 1412 concordia
3505 1367 3560 1412 et
3583 1359 3725 1412 ami-

2134 1451 2256 1505 cilia
2303 1461 2356 1506 et
2402 1449 2616 1506 virtutis
2649 1449 2876 1505 vinculis
2928 1448 3129 1504 fuerint
3168 1449 3423 1518 colligati,
3467 1447 3575 1503 illic
3600 1465 3728 1505 vcr-

2134 1551 2284 1597 satnr
2311 1543 2362 1596 in
2391 1541 2569 1596 medio
2598 1539 2860 1596 Christus.
2891 1538 3008 1593 Non
3039 1539 3180 1594 enim
3212 1555 3434 1593 aureum
3470 1543 3728 1610 laqueare

2135 1634 2348 1704 quterit,
2379 1648 2478 1687 nec
2505 1633 2876 1687 columnarum
2911 1631 3168 1702 fulgorem
3192 1673 3205 1692 .
3237 1644 3410 1700 neque
3440 1632 3728 1687 marmoris

2135 1726 2626 1796 pulchritudinem,
2654 1725 2745 1779 sed
2781 1725 2974 1779 animte
3017 1724 3265 1778 (lectiretn
3293 1738 3357 1777 ac
3391 1725 3582 1778 mentis
3609 1723 3727 1776 for-

2135 1837 2298 1886 mam,
2342 1831 2397 1876 et
2440 1835 2680 1876 tnensam
2716 1820 2923 1890 justitia
2966 1818 3248 1882 refertam,
3279 1828 3334 1874 et
3367 1820 3727 1889 clecmosynte

2137 1914 2398 1969 fructibus
2452 1912 2832 1968 abundantem.
2883 1911 3035 1980 Quod
3080 1912 3124 1964 si
3177 1926 3417 1965 mensam
3461 1910 3728 1980 ejusmodi

2137 2007 2350 2073 viderit,
2382 2006 2662 2060 conchtim
2705 2005 2966 2074 ejusmodi
2995 2013 3294 2058 conventus
3333 2004 3390 2057 ﬁt
3422 2003 3728 2072 particeps,

2136 2100 2266 2154 etin
2295 2113 2418 2153 eum
2450 2113 2509 2152 se
2555 2098 2732 2151 infert.
2782 2097 2896 2165 Ipse
2922 2097 3064 2150 enim
3111 2103 3212 2160 est,
3258 2094 3347 2165 qui
3390 2095 3526 2148 dixit
3553 2113 3566 2147 :
3593 2093 3734 2148 Εεν-

2137 2195 2346 2248 rientem
2376 2208 2455 2245 me
2493 2191 2718 2259 vidistis,
2750 2201 2797 2244 et
2828 2191 3029 2244 aluistis
3061 2189 3271 2258 (Matth.
3301 2188 3389 2243 25.
3440 2188 3551 2256 55).
3593 2186 3729 2241 Cum

2137 2283 2297 2354 igitur
2327 2281 2552 2337 inferius
2582 2295 2770 2351 magna
2800 2295 2930 2335 voce
2956 2281 3275 2334 clamantem
3308 2279 3574 2333 audiveris
3600 2294 3730 2348 pan-

2139 2389 2343 2444 perem,
2373 2372 2569 2429 deinde
2603 2371 2876 2440 quidpiam
2923 2385 3108 2426 eorum
3160 2387 3280 2439 quae
3327 2370 3571 2439 apposita
3602 2379 3732 2423 sunt

2139 2465 2209 2523 de
2238 2482 2423 2523 mensa
2455 2481 2627 2536 egeno
2669 2465 2904 2530 dederis,
2938 2464 3220 2518 Dominum
3253 2463 3318 2518 ad
3349 2478 3590 2517 mensam
3630 2479 3730 2517 vo-

2140 2557 2270 2613 casti
2305 2572 2399 2628 per
2431 2572 2666 2623 servum,
2690 2565 2745 2610 et
2770 2556 2914 2610 illaut
2945 2564 3106 2608 totam
3138 2555 3228 2610 Dei
3262 2553 3733 2609 benedictionibus

2141 2647 2433 2719 replevisti,
2463 2648 2764 2718 oblatisque
2796 2647 3042 2716 primitiis
3073 2646 3356 2700 maximam
3388 2647 3730 2700 occasionem

2140 2751 2226 2796 tua
2259 2741 2619 2811 promptuaria
2650 2740 2891 2810 plurimis
2914 2737 3215 2808 complendi
3245 2738 3400 2793 bonis
3425 2737 3731 2807 praabuisti.

2142 2833 2282 2889 Deus
2308 2842 2486 2888 autem
2512 2833 2656 2903 pacis
2677 2841 2732 2887 et
2753 2830 3014 2897 caritatis,
3037 2831 3127 2900 qui
3155 2829 3246 2884 dat
3274 2845 3464 2899 panem
3487 2831 3552 2882 ad
3579 2843 3735 2882 man-

2140 2924 2471 2992 ducandum,
2511 2934 2565 2980 et
2590 2939 2773 2979 semen
2805 2921 3126 2988 seminanti,
3156 2931 3386 2976 vestram
3429 2928 3732 2975 sementem

2141 3019 2486 3088 multiplicet,
2519 3029 2573 3073 et
2595 3025 2788 3088 augeat
2825 3017 3154 3070 incrementa
3186 3014 3399 3083 frugum
3425 3013 3644 3080 justitia-
3675 3012 3732 3066 in

2141 3112 2391 3167 omnibus
2431 3109 2602 3175 vobis,
2645 3124 2796 3165 suam
2837 3107 2971 3163 dans
3014 3107 3263 3178 gratiam,
3314 3120 3516 3176 vosque
3564 3120 3734 3176 regno

2138 3204 2393 3259 etelorum
2434 3202 2681 3273 dignetur
2729 3199 2807 3273 (2.
2854 3199 2971 3254 Cor.
3011 3198 3064 3254 9.
3110 3197 3248 3269 10):
3288 3197 3441 3267 cujus
3482 3212 3580 3250 nos
3609 3212 3735 3266 parb

2143 3299 2330 3368 ticipes
2361 3297 2478 3351 ﬁeri
2519 3296 2793 3364 contingat
2815 3333 2829 3358 ,
2854 3293 3020 3364 gratia
3052 3301 3106 3347 et
3148 3290 3473 3361 benignitate
3522 3291 3739 3344 Domini

2141 3388 2312 3442 nostri
2341 3387 2467 3442 Jesu
2500 3385 2734 3451 Christi,
2770 3399 2867 3455 per
2889 3399 3047 3453 quem
3077 3391 3130 3438 et
3159 3397 3278 3437 cum
3304 3399 3409 3452 quo
3433 3381 3598 3451 gloria
3628 3381 3733 3435 Pa-

2143 3480 2240 3546 tri,
2273 3488 2326 3533 et
2355 3478 2575 3548 Spiritui
2603 3485 2811 3540 sancto,
2841 3491 2984 3531 nunc
3009 3484 3062 3532 et
3091 3491 3340 3545 semper,
3368 3483 3422 3530 et
3451 3473 3504 3528 in
3532 3474 3731 3529 smcula

2143 3572 2481 3626 saeculorum.
2513 3571 2704 3626 Amen.

2731 3662 2963 3720 SERMO
3004 3661 3137 3718 Vlll.

2147 3756 2209 3810 In
2253 3757 2385 3812 diem
2427 3755 2743 3822 nimbosum,
2772 3765 2817 3810 et
2858 3757 2911 3809 in
2957 3765 3251 3809 conventum
3280 3753 3654 3823 episeOporum,
3684 3761 3739 3806 es

2216 3849 2278 3902 de
2319 3848 2560 3902 mandato
2609 3847 2745 3919 quod
2775 3847 3014 3900 traditum
3065 3854 3136 3899 est
3190 3845 3408 3910 Adamo,
3441 3859 3736 3915 magnasque

2217 3939 2540 4008 providentia:
2565 3939 2720 4009 fuisse
2747 3938 2880 4008 quod
2904 3938 3063 4007 legem
3091 3936 3357 4005 acceperit.

2218 4033 2271 4085 ι.
2303 4031 2527 4085 Nubittm
2561 4029 2774 4100 quidem
2813 4042 3105 4082 concursus
3133 4027 3273 4083 diem
3305 4026 3460 4082 nobis
3504 4025 3737 4081 reddidit

2147 4125 2435 4180 tristiorem
2469 4144 2482 4179 :
2513 4121 2771 4178 adventus
2817 4130 2992 4176 autem
3033 4121 3269 4176 doctoris
3313 4120 3388 4193 (a)
3424 4120 3732 4174 hilariorem

2148 4217 2294 4272 illum
2326 4215 2520 4270 elTecit.
2556 4213 2669 4268 Non
2696 4213 2836 4267 enim
2867 4213 2936 4266 ita
2964 4211 3067 4276 sol,
3109 4226 3227 4266 cum
3258 4211 3325 4265 dc
3367 4211 3544 4264 medio
3570 4209 3734 4263 cado-

2147 4323 2263 4361 rum
2293 4305 2501 4376 fastigio
2544 4303 2722 4359 radios
2770 4303 2987 4369 emittit,
3016 4319 3240 4374 corpora
3291 4302 3544 4370 illustrat,
3586 4310 3735 4355 tttcx

2147 4397 2327 4453 medio
2369 4411 2468 4452 suo
2499 4393 2691 4449 throno
2737 4393 2895 4448 facies
2946 4402 3180 4463 patet-me
3223 4392 3458 4447 caritatis
3485 4391 3738 4446 amittens

2145 4487 2348 4553 radios,
2380 4487 2586 4541 animas
2607 4494 2816 4540 nostras
2843 4485 3120 4541 illuminat.
3149 4485 3299 4552 Quod
3321 4499 3442 4538 cum
3467 4485 3578 4553 ipsc
3597 4499 3735 4552 quo-

2147 4596 2252 4652 que
2284 4580 2448 4650 probe
2496 4589 2699 4644 nosset,
2745 4595 2848 4634 non
2895 4580 3049 4634 nobis
3092 4577 3238 4632 solus
3277 4579 3512 4645 advenit,
3545 4578 3636 4632 sed
3680 4586 3737 4632 et

2149 4671 2490 4728 luminarium
2520 4681 2660 4726 coetu
2686 4671 2969 4725 comitatus
2999 4671 3220 4740 appulit,
3252 4680 3311 4725 ut
3339 4671 3427 4726 lux
3459 4671 3614 4726 nobis
3640 4685 3732 4724 eo-

2154 4764 2356 4836 piosior
2383 4762 2676 4832 aiiolgeret.
2703 4762 2820 4828 Quo
2850 4762 2904 4816 ﬁt
2935 4771 2989 4816 ut
3016 4764 3168 4818 nobis
3201 4764 3409 4818 laetetur
3437 4762 3662 4817 ecclesia
3683 4773 3739 4817 et

2149 4854 2416 4910 exsultent
2463 4869 2672 4924 greges,
2707 4868 2908 4922 nosque
2955 4855 3142 4922 majori
3173 4870 3291 4908 cum
3322 4853 3594 4908 alacritate
3623 4867 3740 4907 scr-

2149 4962 2364 5003 moncm
2406 4947 2760 5001 instituamus.
2809 4946 2908 5001 Ubi
2953 4947 3096 5001 enim
3143 4955 3414 5016 pastorum
3445 4961 3744 5000 concursus

2149 5053 2252 5108 est,
2284 5041 2391 5096 illic
2418 5049 2472 5096 et
2502 5040 2680 5095 ovium
2711 5051 2794 5094 est
2835 5040 3112 5095 securitas.
3161 5039 3232 5094 Ita
3265 5049 3441 5094 nautae
3469 5039 3738 5103 laetantur,

2151 5151 2270 5191 cum
2321 5134 2501 5203 plures
2555 5133 2659 5188 illis
2722 5133 2916 5187 adsunt
2961 5131 3544 5202 gubernatores:dum
3595 5131 3738 5186 enim

2154 5227 2316 5281 maris
2343 5224 2696 5293 tranquillitas
2722 5234 2776 5278 et
2819 5225 2960 5278 aeris
2990 5234 3069 5277 est
3094 5225 3376 5290 serenitas,
3403 5222 3741 5293 gubernacu-

2154 5319 2327 5372 lorum
2358 5315 2597 5371 subsidio
2643 5315 2878 5369 laborem
2921 5313 3022 5368 illis
3053 5313 3414 5384 remigationis
3459 5313 3659 5374 levant,
3687 5319 3742 5366 et

2152 5409 2281 5464 dum
2337 5421 2485 5462 mare
2531 5405 2778 5476 procellis
2825 5406 3075 5475 agitatur,
3121 5413 3236 5458 arte
3284 5419 3347 5459 ac
3399 5402 3744 5458 multitudine

2154 5514 2435 5570 operarum
2461 5497 2704 5569 przelinm
2729 5496 2985 5550 undarmn
3008 5494 3213 5549 sedant.
3239 5494 3440 5549 Idcirco
3463 5509 3560 5549 nos
3581 5495 3741 5550 etiam

2155 5593 2488 5648 conﬁdenter
2529 5589 2750 5644 docendi
2781 5605 2938 5645 causa
2970 5603 3274 5643 sermonem
3305 5588 3664 5659 aggredimur.
3689 5597 3742 5641 et

2157 5689 2397 5758 ipsorum
2461 5683 2706 5753 precibus
2755 5695 2942 5737 cuneta
2993 5679 3393 5736 committimus.
3447 5679 3512 5736 Ut
3565 5691 3744 5734 autem

2221 5781 2294 5844 (tt)
2329 5785 2398 5828 De
2416 5776 2634 5826 flaviano
2658 5773 2884 5837 loquitur.
