4164 6224
421 327 524 383 615

419 447 661 502 δύναται
681 446 976 501 είσελθεῖν
990 449 1075 512 εἰς
1093 445 1208 515 τὴν
1222 447 1548 511 βασιλείαν
1563 445 1680 500 τῶν
1691 432 1965 514 οὐρανῶν

418 540 480 593 El
500 539 678 590 τοίνυν
710 538 989 608 βασιλείαν
1026 539 1267 608 οὐρανῶν
1319 538 1707 609 ἐπηγγείλατο,
1759 540 1838 600 εἰς
1884 553 1989 590 πα-

421 628 662 698 ράδεισον
706 629 762 681 δὲ
796 629 1054 699 εἰσήγαγε
1084 627 1175 680 τὸν
1200 627 1424 701 λῃστὴν,
1455 628 1668 681 οὐδέπω
1711 627 1990 682 ἀπέδωκεν

419 718 564 787 αὐτῷ
591 718 656 772 τά
691 718 889 786 ἀγαθά.

501 809 638 862 Ἀλλ’
670 808 855 879 ἐτερόν
883 826 935 861 τι
958 809 1095 879 πρὸς
1135 807 1293 861 τοῦτο
1321 808 1559 878 λέγουσι.
1597 810 1700 862 Τὸν
1729 810 1990 881 παράδει-

420 916 532 962 σον,
577 899 757 966 φασὶν,
787 898 1040 964 ἐνταῦθα,
1083 900 1143 951 οὐ
1175 900 1264 952 τὸν
1299 901 1626 970 παράδεισον
1659 897 1833 962 εἶπεν,
1858 901 1996 954 ἀλλά

419 988 495 1059 τῷ
520 987 614 1042 τοῦ
651 988 978 1059 παραδείσου
1006 988 1229 1054 ὀνόματι
1263 989 1360 1058 τὴν
1391 988 1664 1058 βασιλείαν
1694 989 1801 1041 τῶν
1830 991 1995 1060 οὐρα·-

419 1079 525 1132 νῶν
552 1079 854 1149 ὠνόμασεν.
905 1079 1122 1150 Ἐπειδὴ
1151 1079 1259 1151 γάρ
1289 1081 1423 1152 πρὸς
1458 1081 1659 1152 λῃστὴν
1704 1079 1992 1148 διελέγετο,

421 1170 701 1240 ἄνθρωπον
747 1169 896 1223 οὐδὲν
943 1170 1216 1239 ἀκηκοότα
1265 1171 1373 1225 τῶν
1417 1171 1636 1242 ὑψηλῶν
1690 1170 1994 1241 δογμάτων,

419 1261 541 1312 οὐδέ
563 1261 736 1314 εἰδότα
768 1261 895 1331 περὶ
929 1260 1285 1331 προφητείας,
1317 1261 1453 1314 ἀλλά
1481 1261 1658 1314 πάντα
1689 1261 1782 1314 τὸν
1808 1261 1998 1332 χρόνον

420 1347 478 1396 ἐν
495 1345 746 1416 ἐρημίαις
769 1346 1142 1418 διατρίψαντα,
1161 1348 1256 1400 καὶ
1275 1347 1466 1416 φόνους
1488 1350 1886 1420 ἐργασάμενον,
1905 1352 1998 1404 καὶ

427 1436 559 1506 μηδὲ
599 1437 997 1508 παρακύψαντά
1025 1456 1155 1493 ποτε
1199 1442 1278 1503 εἰς
1309 1440 1628 1510 ἐκκλησίαν,
1665 1441 1798 1510 μήτε
1837 1456 1998 1510 μετα-

425 1529 618 1598 σχόντα
648 1529 793 1592 θείας
818 1533 1155 1602 ἀκροάσεως,
1179 1532 1254 1604 μὴ
1275 1534 1452 1586 εἰδότα
1478 1534 1531 1586 τί
1553 1533 1682 1588 ποτέ
1709 1535 1822 1586 ἐστι
1848 1533 1998 1604 βασιο

423 1618 540 1672 λεία
572 1619 680 1674 τῶν
706 1621 973 1692 οὐρανῶν,
1009 1621 1166 1676 τοῦτο
1195 1622 1377 1692 ἔλεγε·
1408 1623 1676 1694 Σήμερον
1699 1624 1825 1694 μετ’
1855 1626 2000 1695 ἐμοῦ

422 1709 538 1778 ἔσῃ
561 1711 630 1764 ἐν
651 1710 731 1776 τῷ
751 1712 1115 1780 παραδείσῳ·
1150 1712 1226 1783 τῷ
1246 1716 1648 1787 γνωριμωτέρῳ
1667 1719 1760 1771 καὶ
1785 1718 2002 1789 συνηθεο

426 1802 601 1872 στέρῳ
632 1801 782 1872 [682]
810 1802 1032 1873 ὀνόματι
1063 1802 1158 1856 τοῦ
1197 1806 1527 1876 παραδείσου
1575 1808 1674 1879 τὴν
1722 1809 1999 1879 βασιλείαν

424 1893 532 1946 τῶν
555 1893 797 1962 οὐρανῶν
829 1894 996 1964 δηλοῖ,
1021 1897 1113 1949 καὶ
1145 1897 1271 1969 περὶ
1290 1900 1502 1968 ἐκείνης
1529 1900 1675 1970 αὐτῷ
1694 1901 1997 1971 διαλέγεται

424 1984 453 2034 6
481 1981 732 2053 Χριστός.
781 1983 1036 2053 Δέχομαι.
1066 1983 1296 2050 Οὐκοῦν,
1330 1991 1515 2059 φησὶν,
1546 1991 1759 2060 εἰσῆλθε
1794 1996 1872 2057 εἰς
1901 1994 1999 2063 τὴν

428 2076 701 2145 βασιλείαν
730 2078 836 2130 τῶν
884 2079 1148 2150 οὐρανῶν.
1189 2080 1360 2134 Πόθεν
1392 2082 1580 2152 δῆλον;
1629 2083 1714 2150 Ἐξ
1743 2077 1816 2137 ὧν
1854 2080 1996 2150 εἶπε,

424 2163 691 2232 Σήμερον
719 2167 845 2234 μετ’
881 2165 1026 2234 ἐμοῦ
1068 2169 1180 2237 ἔσῃ
1219 2169 1288 2221 ἐν
1313 2168 1392 2234 τῷ
1423 2170 1783 2237 παραδείσῳ.
1831 2172 1892 2223 Εἰ
1941 2171 2000 2224 δέ

429 2255 706 2328 βιαιοτέρα
737 2259 768 2328 ή
800 2257 954 2321 λύσις
983 2258 1119 2329 αῦτη
1143 2302 1157 2325 ,
1202 2261 1299 2332 τὴν
1337 2263 1671 2335 σαφεστέραν
1704 2263 1996 2333 ἐπάξομεν.

429 2347 492 2398 Τί
538 2343 630 2399 οὖν
679 2349 824 2400 ἐστιν
865 2348 1038 2420 αῦτης
1086 2347 1253 2404 Εἶπεν
1298 2353 1326 2404 6
1370 2354 1624 2424 Χριστὸς,
1671 2355 1724 2406 '0
1767 2355 1852 2424 μὴ
1907 2372 2002 2408 πι-

428 2438 660 2490 στεύων
695 2440 781 2503 εις
815 2439 926 2518 τὸν
966 2440 1120 2505 ΥΙὸν,
1170 2442 1285 2511 ἤδη
1315 2443 1599 2513 κέκριται.
1629 2446 1692 2498 Τί
1727 2443 1851 2512 οὐν;
1899 2448 2000 2518 ήδη

429 2529 709 2600 κέκριται;
739 2516 930 2584 Κᾶίτοι
958 2530 1110 2585 οὔπω
1144 2534 1460 2598 ἀνάστασις,
1491 2535 1642 2590 ούπω
1669 2538 1884 2601 κόλασις
1909 2516 2003 2591 καί

429 2622 666 2692 τιμωρία
684 2638 698 2651 ·
729 2621 844 2685 πῶς
865 2620 958 2676 οὖν
986 2623 1082 2695 ήδη
1113 2625 1397 2696 κέκριται;
1428 2625 1561 2679 Ἀπὸ
1587 2628 1684 2698 τῆς
1705 2629 1996 2700 ἁμαρτίας.

430 2713 540 2767 Καὶ
568 2713 745 2778 πάλιν,
777 2713 836 2767 '0
853 2716 1155 2770 πιστεύων
1181 2719 1268 2783 εἰς
1283 2716 1390 2771 τὸν
1416 2718 1572 2783 Υίὸν,
1593 2719 1744 2788 φησὶ,
1758 2719 2001 2788 μεταϐέ-

428 2807 609 2873 ϐηκεν
630 2805 696 2859 ἐκ
728 2805 834 2861 τοῦ
865 2807 1121 2863 θανάτου
1151 2811 1238 2876 εἰς
1265 2810 1380 2878 τὴν
1410 2810 1578 2877 ζωήν.
1608 2811 1717 2866 Καὶ
1734 2813 1834 2864 οὐκ
1858 2808 1999 2878 εἶπε,

434 2895 835 2966 μεταϐήσεται,
875 2897 1009 2961 ἀλλ’,
1065 2899 1166 2969 ήδη
1233 2900 1596 2968 μεταϐέϐηκε
1629 2915 1642 2930 ·
1704 2902 1796 2953 καὶ
1850 2895 2003 2964 οὗτος

431 2987 591 3039 πάλιν
615 2987 722 3041 ἀπὸ
743 2987 832 3040 τοῦ
864 2987 1302 3059 κατορθώματος,
1327 2991 1573 3052 κάκεῖνος
1593 2989 1752 3043 πάλιν
1777 2991 1884 3043 ἀπὸ
1908 2989 2002 3044 τοῦ

435 3079 845 3150 ἁμαρτήματος.
879 3079 1087 3149 Ὥσπερ
1111 3076 1203 3134 οὖν
1237 3081 1442 3145 ἐκεῖνος
1477 3082 1749 3153 κέκριται,
1776 3083 2004 3154 μηδέπω

435 3169 770 3240 κρινόμενος,
805 3171 1052 3235 κάκεῖνος
1075 3171 1448 3242 μεταϐέϐηκεν
1478 3174 1557 3236 είς
1583 3173 1680 3243 τὴν
1700 3172 1866 3244 ζωὴν,
1903 3190 2006 3245 μη-

433 3261 581 3317 δέπω
630 3262 902 3334 μεταϐὰς.
955 3264 1046 3318 καὶ
1083 3265 1218 3334 πρὸς
1272 3266 1476 3318 ἐκεῖνον
1527 3265 1634 3318 ἀπὸ
1680 3265 1770 3318 τοῦ
1813 3282 2006 3336 κατορ·

437 3353 702 3426 θώματος,
751 3357 844 3410 καὶ
883 3357 1018 3428 πρὸς
1055 3358 1242 3411 τοῦτον
1288 3359 1396 3412 ἀπὸ
1451 3359 1547 3412 τοῦ
1587 3360 2003 3431 ἁμαρτήματος,

434 3446 509 3511 ὡς
542 3450 918 3520 γεγενημένων
960 3452 1024 3523 δὴ
1075 3452 1414 3524 πραγμάτων
1450 3451 1600 3505 οὔπω
1627 3453 2006 3524 γεγενημένων

436 3537 773 3608 διαλέγεται·
812 3541 954 3595 οὐτω
998 3543 1091 3594 καὶ
1129 3543 1265 3612 πρὸς
1293 3544 1384 3597 τὸν
1438 3542 1642 3615 λῃστὴν
1687 3545 1863 3612 ἐλεγε.
1896 3545 2006 3598 Καὶ

437 3627 546 3699 γάρ
575 3629 625 3682 ot
656 3630 848 3699 ἰατροὶ,
877 3630 1094 3684 ἐπειδὰν
1117 3631 1266 3684 ῐδωσί
1293 3648 1414 3684 τινα
1450 3632 1894 3702 ἀπεγνωσμένον,
1922 3633 2008 3686 λέ-

439 3735 645 3786 γουσιν,
679 3721 760 3772 δτι
799 3720 899 3789 ήδη
935 3721 1163 3790 τέθνηκε
1199 3723 1292 3774 καὶ
1331 3723 1522 3792 νεκρός
1567 3724 1702 3785 ἐστι,
1734 3724 1908 3776 καίτοι
1945 3741 2008 3792 γε

442 3808 522 3861 ἔτι
543 3807 846 3878 ἐμπνέοντα
865 3809 1173 3878 βλέποντες.
1200 3809 1337 3862 Ἀλλ’
1360 3809 1548 3880 ὥσπερ
1569 3812 1795 3875 ἐκεῖνος,
1821 3814 2008 3885 ἐπειδὴ

441 3897 628 3952 ἐλπίδα
647 3898 916 3969 σωτηρίας
937 3900 1036 3952 οὐκ
1056 3899 1188 3969 ἔχει,
1209 3900 1436 3972 τέθνηκε
1466 3900 1618 3971 παρά
1641 3904 1752 3964 τοῖς
1783 3901 2006 3972 ἰατροῖς·

441 3989 584 4043 οὕτω
610 3989 705 4042 καί⁵
745 3990 773 4041 6
797 3989 1014 4061 λῃστὴς,
1048 3992 1234 4062 ἐπειδὴ
1285 3992 1612 4062 προσδοκίαν
1639 3991 1820 4044 οὐκέτι
1865 3987 2010 4063 εῖχεν

442 4081 789 4153 ὑποστροφῆς
803 4083 878 4141 είς
895 4081 1189 4149 ἀπώλειαν,
1203 4083 1546 4154 εἰσελήλυθεν
1563 4085 1642 4146 εἰς
1656 4083 1745 4134 τὸν
1761 4083 2008 4154 οὐρανόν.

442 4175 597 4229 Οὕτω
626 4175 719 4228 καὶ
744 4176 773 4228 6
815 4176 985 4248 Ἀδὰμ
1014 4177 1266 4247 ήκουσεν,
1303 4168 1376 4251 *ῌ
1405 4177 1456 4230 δ’
1482 4176 1558 4231 ἂν
1579 4177 1770 4246 ᾑμέρᾳ
1787 4175 2012 4247 φάγητε

439 4266 556 4323 ἀπὸ
583 4266 688 4321 τοῦ
715 4267 923 4333 ξύλου,
948 4267 1180 4334 θανάτῳ
1202 4269 1616 4324 ἀποθανεῖσθε.
1643 4269 1706 4320 Τί
1731 4265 1845 4333 οὖν,
1873 4270 2009 4340 αὐτῇ

439 4361 505 4429 τῇ
539 4358 722 4429 ἡμέρᾳ
741 4359 1006 4412 ἀπέθανεν
1025 4377 1040 4426 ;
1063 4359 1327 4430 Οὐδαμῶς
1347 4377 1360 4390 ·
1386 4360 1497 4414 ἀλλ’
1513 4360 1705 4430 ἔζησεν
1721 4360 1814 4431 ἐτη
1837 4363 2014 4414 ἐννεα-

444 4449 599 4500 κόσια
617 4448 708 4500 καὶ
734 4447 988 4502 ἐπέκεινα
1013 4447 1149 4518 μετὰ
1168 4449 1265 4520 τὴν
1285 4449 1496 4521 ἡμέραν
1516 4450 1746 4520 ἐκείνην.
1776 4449 1899 4512 Πῶς
1919 4446 2013 4502 οὖν

443 4537 626 4605 ἔλεγεν
679 4537 703 4588 6
755 4537 1026 4604 Θεὸς,ὃτι
1057 4544 1136 4612 Τῇ
1184 4541 1319 4612 αὐτῇ
1375 4542 1559 4612 ἡμέρᾳ
1608 4540 2009 4606 ἀποθανεῖσθε;

445 4631 524 4702 Τῇ
575 4629 871 4698 ἀποφάσει,
926 4632 982 4684 οὐ
1033 4634 1099 4702 τῇ
1157 4632 1345 4704 πείρᾳ.
1401 4633 1557 4688 Οὐτω
1606 4635 1700 4687 καὶ
1738 4635 1766 4685 6
1810 4631 2012 4704 λῃστὴς

445 4719 690 4789 εἰσῆλθεν
724 4721 802 4783 εἰς
829 4719 921 4772 τὸν
945 4721 1189 4792 οὐρανόν.
1226 4725 1490 4776 Ἄκουσον
1516 4722 1644 4790 γοῦν
1691 4721 1743 4774 τί
1787 4740 1950 4793 φησιν
1984 4724 2012 4775 6

446 4810 675 4876 Παῦλος,
709 4809 883 4881 δηλῶν
927 4811 1008 4863 ὅτι
1041 4811 1216 4874 οὐδεὶς
1251 4811 1460 4867 οὐδέπω
1490 4812 1597 4865 τῶν
1631 4812 1848 4880 ἀγαθῶν
1879 4813 2012 4866 ἀπέ-

446 4900 576 4954 λαϐε
602 4902 700 4974 τὴν
718 4901 984 4956 ἀντίδοσιν
1003 4917 1016 4931 ·
1048 4903 1176 4972 περὶ
1203 4902 1312 4972 γὰρ
1337 4901 1444 4956 τῶν
1474 4905 1768 4973 προφητῶν
1792 4904 2012 4957 καὶτῶν

448 4991 666 5044 δικαίων
706 4993 1082 5064 διαλεγόμενος
1127 4993 1398 5063 ἐπήγαγε·
1433 4997 1594 5047 Κατα
1617 4995 1825 5047 πίστιν
1871 4995 2002 5048 ἁπέ-

450 5085 635 5136 θανον
654 5079 816 5138 οὗτοι
836 5085 1059 5152 πάντες
1087 5084 1172 5156 μὴ
1205 5083 1590 5154 κομισάμενοι
1635 5086 1740 5151 τὰς
1767 5088 2015 5158 ἐπαγγε-

449 5176 784 5240 λίας,ωῶ
816 5180 1117 5246 ,πορῤωθεν
1137 5179 1361 5246 εἰδότες
1388 5176 1574 5244 αὑτὰς
1613 5180 1708 5232 καί
1732 5181 2012 5236 dou-mad-

445 5285 638 5337 μενοι,
666 5267 959 5322 τοῦ.Θεοῦ
991 5269 1276 5337 κρεῖσσόν
1307 5289 1361 5323 τι
1401 5271 1535 5339 περὶ
1569 5270 1736 5340 ἡμῶν
1767 5277 2013 5340 πρόελε»

452 5357 748 5429 ⁴φαμένου,
778 5359 879 5412 ἵνα
903 5359 988 5428 μὴ
1012 5361 1190 5427 χωρὶς
1220 5361 1388 5430 ἡμῶν
1413 5361 1784 5416 τελειωθῶσι.
1831 5362 2018 5416 Ταῦτα

453 5452 735 5521 κατέχετε,
773 5451 868 5503 καὶ
919 5450 1219 5520 μέμνησθε,
1278 5454 1371 5505 καὶ
1408 5455 1532 5515 τοὺς
1577 5453 1677 5507 οὐκ
1715 5453 2018 5520 ἀκηκοότας

453 5551 758 5604 διδάσκετε·
789 5546 959 5602 ταῦτα
978 5549 1073 5601 καὶ
1097 5547 1156 5599 ἐν
1185 5547 1468 5618 ἐκκλησίᾳ,
1499 5549 1588 5600 καὶ
1618 5549 1674 5601 ἐν
1703 5549 1898 5619 ἀγορᾷ,
1923 5549 2019 5602 καὶ

455 5647 512 5696 ἐν
567 5641 712 5712 οἰκίᾳ
771 5641 1044 5712 μελετάτω
1091 5639 1341 5702 ἕκαστος.
1390 5638 1554 5692 Οὐδὲν
1606 5639 1714 5711 γάρ
1762 5639 2019 5712 ήδύτερον

457 5735 770 5806 ἀκροάσεως
805 5732 970 5796 θείας.
1013 5733 1276 5787 ’Ἄκουσον
1299 5731 1427 5802 γοῦν
1460 5732 1511 5786 τί
1551 5751 1680 5803 φησι
1725 5736 1851 5805 περὶ
1889 5733 2018 5788 ταύ-

1604 323 1671 377 IN
1713 321 2010 378 GENESIM
2058 321 2288 381 SERMO
2333 325 2464 384 VIII.

3557 327 3661 384 616

2095 463 2195 517 της
2220 448 2248 499 6
2277 448 2598 520 Προφήτης·
2650 449 2744 514 Ὠς
2781 448 3004 520 γλυκέα
3038 449 3116 515 τῷ
3152 450 3406 520 λάρυγγί
3430 467 3549 520 μου
3592 451 3663 504 τὰ

2090 528 2265 596 λόγιά
2296 545 2432 594 σου,
2458 531 2608 598 ὑπὲρ
2634 531 2772 600 μέλι
2797 532 2892 584 καί
2918 533 3130 599 κηρίον
3158 532 3236 598 τῷ
3251 532 3507 601 στόματί
3519 550 3660 601 μου.

2092 610 2260 663 Τοῦτο
2286 612 2460 666 τοίνυν
2494 613 2785 684 παρατίθει
2829 615 2890 667 τὸ
2918 615 3107 684 κηρίον
3139 615 3232 667 ἐπὶ
3256 618 3354 686 τῆς
3388 613 3666 685 τραπέζης

2091 693 2188 763 τῆς
2218 695 2530 767 ἐσπερινῆς,
2564 695 2702 748 ὥστε
2741 698 2917 750 πᾶσαν
2954 697 3124 766 αὐτὴν
3163 697 3350 768 ἡδονῆς
3378 697 3664 766 πληρῶσαι

2093 784 2487 854 πνευματικῆς.
2520 785 2630 853 Οὐχ
2659 787 2818 854 ὁρᾶτε
2853 787 2978 849 τοὺς
3014 785 3276 855 εὐπόρους
3304 785 3412 837 τῶν
3451 784 3664 854 ἀνθρώ-

2095 885 2232 933 πων,
2266 870 2382 934 πῶς
2429 871 2567 941 μετά
2619 872 2682 925 τὰ
2730 872 2870 924 σιτία
2916 872 3246 943 κιθαρῳδοὺς
3289 873 3382 925 καὶ
3426 872 3664 940 αὐλητὰς

2096 961 2475 1030 ἐπεισάγουσι;
2533 961 2767 1032 Θέατρον
2825 964 3020 1016 ἐκεῖνοι
3070 962 3279 1016 ποιοῦσι
3316 964 3416 1034 τὴν
3463 963 3668 1015 ἑαυτῶν

2095 1048 2290 1101 οἰκίαν·
2323 1049 2386 1101 σύ
2411 1050 2632 1120 ποίησον
2656 1049 2752 1119 τὴν
2779 1050 2954 1103 οἰκίαν
2981 1049 3079 1120 τὴν
3113 1050 3210 1120 σὴν
3243 1050 3482 1120 οὐρανόν·
3518 1051 3671 1116 ποιή-

2099 1151 2212 1197 σεις
2243 1135 2322 1200 δὲ,
2367 1136 2486 1205 οὐχὶ
2511 1137 2634 1199 τοὺς
2671 1135 2881 1204 τοίχους
2916 1137 3180 1206 ἀμείϐων,
3213 1135 3332 1188 οὐδέ
3374 1135 3670 1206 μεταλλάτο

2097 1237 2204 1273 των
2229 1221 2296 1274 τά
2319 1221 2562 1292 θεμέλια,
2598 1222 2712 1274 ἀλλ’
2744 1223 2905 1275 αὐτὸν
2931 1223 3022 1276 τὸν
3056 1223 3164 1275 τῶν
3195 1223 3435 1293 οὐρανῶν
3464 1221 3672 1274 Δεσπό-

2097 1324 2197 1378 την
2229 1308 2322 1360 ἐπὶ
2351 1309 2449 1379 τὴν
2481 1309 2757 1380 τράπεζαν
2795 1308 2973 1362 καλῶν
2989 1308 3084 1379 τὴν
3120 1311 3236 1379 σήν.
3271 1310 3384 1362 Οὐκ
3412 1308 3674 1378 ἐπαισχύ-

2102 1410 2250 1446 νεται
2275 1394 2342 1448 τὰ
2364 1395 2586 1450 τοιαῦτα
2609 1396 2796 1449 δεῖπνα
2825 1397 2853 1448 6
2877 1396 3203 1458 Θεός.”Ενθα
3232 1396 3340 1466 γάρ
3361 1397 3673 1450 διδασκαλία

2102 1483 2466 1552 πνευματικὴ,
2499 1484 2614 1536 ἐκεῖ
2646 1485 2738 1536 καὶ
2764 1481 3103 1554 σωφροσύνη,
3137 1484 3229 1535 καὶ
3263 1484 3543 1553 σεμνότης.
3579 1483 3674 1538 καὶ

2100 1569 2388 1622 ἐπιείκεια·
2430 1569 2556 1623 ἔνθα
2583 1570 2723 1641 ἀνὴρ
2755 1571 2850 1622 καὶ
2880 1569 3132 1640 γυνὴμαὶ
3160 1569 3362 1634 παιδία,
3396 1569 3541 1641 [685]
3581 1570 3674 1623 καὶ

2101 1656 2320 1726 ὁμόνοια
2353 1659 2448 1710 καὶ
2469 1657 2638 1725 φιλία,
2682 1659 2775 1711 καὶ⁸
2803 1660 2918 1720 τοῖς
2944 1659 3041 1727 τῆς
3079 1658 3277 1728 ἀρετῆς
3309 1656 3675 1727 συνδεδεμένοι

2100 1744 2340 1813 δεσμοῖς,
2391 1746 2507 1797 ἐκεῖ
2553 1745 2715 1815 μέσος
2764 1747 2792 1798 6
2845 1745 3097 1814 Χριστός.
3155 1745 3231 1796 Οὐ
3284 1743 3394 1814 γὰρ
3443 1743 3675 1814 χρυσοῦν

2100 1830 2295 1902 ὄροφον
2325 1831 2496 1902 ζητεῖ,
2518 1832 2638 1885 οὐδὲ
2655 1831 2937 1900 ἀστραπὰς
2962 1831 3174 1890 κιόνων,
3189 1831 3308 1883 οὐδὲ
3332 1830 3500 1899 κάλλη
3535 1847 3676 1900 μαρ-

2103 1917 2316 1988 μάρων,
2350 1917 2485 1970 ἀλλὰ
2517 1918 2694 1988 ψυχῆς
2727 1917 2895 1988 ὥραν,
2927 1917 3020 1970 καὶ
3064 1916 3302 1979 διανοίας
3355 1916 3674 1986 εὐμορφίαν,

2101 2005 2194 2057 καὶ
2225 2005 2498 2076 τράπεζαν
2531 2003 2876 2073 δικαιοσύνης
2893 2003 3169 2075 γέμουσαν
3199 2004 3291 2056 καὶ
3310 2002 3678 2074 ἐλεημοσύνης

2101 2095 2344 2164 καρποὺς
2359 2093 2606 2163 ἔχουσαν.
2636 2093 2752 2147 Κάν
2771 2092 2854 2164 ἴδῃ
2878 2092 3131 2162 τοιαύτην
3152 2091 3450 2162 τράπεζαν,
3470 2091 3678 2160 ταχέως

2100 2183 2346 2233 κοινωνεῖ
2375 2180 2468 2232 τοῦ
2507 2179 2788 2248 συλλόγου,
2836 2181 2930 2234 καὶ
2976 2179 3354 2250 παραγίνεται.
3405 2181 3507 2233 Καὶ
3573 2179 3678 2249 γὰρ

2101 2266 2262 2329 αὐτός
2309 2268 2456 2319 ἐστιν
2503 2267 2533 2319 6
2579 2265 2839 2338 εἰρηκώς·
2883 2266 3181 2320 Πεινῶντά
3208 2285 3283 2336 με
3318 2267 3526 2329 εἴδετε,
3577 2265 3678 2319 καί

2102 2353 2408 2422 ἐθρέψατε.
2441 2354 2607 2408 Ὅταν
2656 2350 2747 2407 οὖν
2775 2355 3014 2427 ἀκούσῃς
3047 2353 3275 2424 πένητος
3306 2353 3547 2407 κάτωθεν
3583 2369 3683 2422 μεο

2103 2441 2242 2509 γάλα
2275 2441 2524 2511 βοῶντος,
2561 2437 2681 2496 εἶτα
2726 2443 2834 2496 ἀπὸ
2879 2445 2977 2514 τῆς
3009 2442 3287 2513 τραπέζης
3315 2441 3422 2494 τῶν
3462 2457 3681 2511 προκει-

2105 2528 2282 2598 μένων
2333 2528 2438 2598 δῴς
2463 2547 2514 2581 τι
2566 2529 2644 2600 τῷ
2670 2529 2926 2600 δεομένῳ,
2973 2529 3063 2581 τὸν
3100 2527 3374 2598 Δεσπότην
3419 2527 3680 2590 ἐκάλεσας

2100 2616 2188 2670 διὰ
2216 2617 2309 2668 τοῦ
2337 2617 2523 2670 δούλου
2546 2619 2681 2689 πρὸς
2705 2619 2805 2685 τὴν
2831 2619 3106 2688 τράπεζαν
3126 2617 3221 2688 τὴν
3247 2617 3368 2687 σὴν,
3389 2618 3568 2670 πᾶσαν
3591 2615 3682 2668 αὐ-

2100 2705 2199 2775 τὴν
2229 2704 2488 2774 εὐλογιῶν
2522 2706 2843 2777 ἐνέπλησας,
2876 2708 2966 2760 καὶ
2988 2707 3076 2759 διά
3105 2706 3204 2776 τῆς
3229 2705 3483 2775 ἁπαρχῆς
3514 2704 3683 2775 ἀφορ-

2105 2791 2211 2862 μὴν
2245 2793 2506 2864 μεγίστην
2534 2793 2626 2847 τοῦ
2656 2793 3021 2864 πληθύνεσθαι
3041 2811 3122 2846 σοι
3147 2793 3214 2846 τά
3241 2795 3438 2863 ταμεῖα
3461 2791 3682 2860 ἀγαθῶν

2103 2878 2314 2932 πολλῶν
2362 2880 2803 2952 παρεσκεύασας.
2870 2880 2927 2932 Ὀ
2953 2880 3008 2933 δὲ
3053 2879 3183 2943 Θεὸς
3217 2880 3316 2950 τῆς
3370 2880 3615 2950 εἰρήνης,
3649 2879 3679 2931 6

2102 2964 2276 3028 διδοὺς
2312 2965 2473 3036 ἄρτον
2518 2967 2597 3028 εἰς
2630 2966 2852 3036 βρῶσιν,
2881 2966 2974 3020 καὶ
3012 2965 3230 3036 σπέρμα
3267 2965 3344 3036 τῷ
3379 2965 3676 3036 σπείροντι,

2107 3049 2367 3121 πληθύνοι
2394 3052 2484 3106 τὸν
2513 3053 2711 3124 σπόρον
2745 3052 2920 3124 ὐμῶν,
2966 3053 3059 3106 καὶ
3097 3052 3352 3121 αὐξήσειε
3395 3052 3462 3106 τὰ
3489 3053 3683 3121 γεννή-

2107 3153 2253 3206 ματα
2281 3137 2379 3206 τῆς
2406 3138 2748 3210 δικαιοσύνης
2776 3143 2834 3192 ἐν
2864 3141 3026 3193 πᾶσιν
3055 3141 3200 3210 ὑμῖν,
3231 3139 3328 3210 τὴν
3355 3140 3482 3210 παρ’
3515 3137 3683 3192 αὐτοῦ

2106 3223 2265 3294 χάριν
2302 3224 2494 3290 διδοὺς,
2531 3226 2624 3279 καὶ
2649 3225 3001 3292 καταξιώσειε
3032 3227 3130 3296 τῆς
3151 3225 3426 3295 βασιλείας
3454 3224 3564 3277 τῶν
3591 3225 3684 3278 οὐ-

2109 3311 2302 3384 ρανῶν·
2336 3309 2403 3385 ἧς
2436 3312 2645 3380 γένοιτο
2703 3314 2909 3375 πάντας
2961 3315 3112 3383 ἡμᾶς
3167 3314 3463 3382 ἐπιτυχεῖν,
3503 3312 3686 3384 χάριτι

2107 3401 2200 3454 καὶ
2231 3400 2610 3473 φιλανθρωπίᾳ
2649 3401 2742 3454 τοῦ
2772 3401 2974 3471 Κυρίου
3019 3402 3177 3472 ήμῶν
3211 3401 3384 3471 Ἰησοῦ
3425 3399 3685 3472 Χριστοῦ,

2105 3487 2172 3540 δι’
2189 3483 2248 3543 οὗ
2276 3491 2367 3544 καὶ
2389 3490 2505 3559 μεθ’
2521 3485 2583 3544 οὐ
2600 3489 2722 3554 δόξα
2750 3489 2824 3560 τῷ
2841 3488 3034 3560 Πατρὶ,
3053 3490 3147 3542 καὶ
3173 3487 3251 3558 τῷ
3282 3488 3420 3558 ἁγίῳ
3437 3487 3690 3557 Πνεύμαο

2107 3594 2178 3643 τι,
2191 3577 2284 3632 νῦν
2301 3580 2395 3632 καὶ
2412 3579 2518 3643 ἀεὶ,
2535 3581 2626 3632 καὶ
2643 3580 2724 3642 εἰς
2740 3580 2864 3640 τοὺς
2895 3577 3094 3642 αἰῶνας
3122 3576 3230 3630 τῶν
3245 3577 3474 3631 αἰώνων.
3495 3576 3684 3644 Ἀμήν.

2737 3733 2955 3787 ΛΟΓΟΣ
2981 3731 3060 3786 H"

2110 3838 2214 3900 Εἰς
2225 3835 2359 3912 ,τὴν
2379 3835 2603 3912 ἡμέραν
2619 3839 2911 3912 χειμέριον
2936 3832 3286 3912 οὖσανηκαξ
3301 3834 3386 3912 είς
3411 3831 3528 3911 τὴν
3541 3834 3688 3912 σόν..

2179 3901 2323 3958 οδον
2356 3901 2474 3957 τῶν
2488 3901 2859 3965 ἐπισκόπων,
2893 3906 2988 3957 καὶ
3011 3906 3096 3967 εὶς
3113 3901 3227 3969 τὴν
3252 3902 3422 3954 δόσιν
3455 3901 3564 3968 τῆς
3591 3903 3688 3954 ἐν·

2179 3973 2364 4043 τολῆς
2389 3974 2538 4041 πρὸς
2562 3975 2668 4027 τὸν
2697 3973 2897 4041 Ἀδὰμ,
2930 3973 3026 4026 καὶ
3049 3972 3137 4025 ὅτι
3164 3971 3404 4040 πολλῆς
3435 3971 3685 4041 κηδεμο-

2179 4045 2313 4110 νίας
2344 4045 2448 4098 τὸν
2486 4045 2671 4113 νόμον
2687 4046 2913 4097 λαϐεῖν.

2181 4159 2248 4208 α’.
2275 4154 2339 4205 Ἦ
2360 4153 2456 4223 μέν
2475 4152 2581 4205 τῶν
2605 4152 2780 4222 νεφῶν
2801 4151 3068 4224 συνδρομή
3085 4153 3180 4222 τὴν
3201 4150 3307 4223 ήμέ
3315 4169 3412 4223 ραν
3436 4152 3565 4222 ήμῖν
3586 4169 3686 4204 κα-

2109 4240 2448 4311 τηφεστέραν
2475 4240 2746 4310 ἐποίησεν·
2781 4239 2895 4309 ήδέ
2929 4240 3198 4311 παρουσία
3238 4240 3332 4292 τοῦ
3368 4239 3686 4292 διδασκάλου

2112 4328 2466 4396 φαιδροτέραν
2501 4326 2668 4396 αὐτὴν
2718 4325 3026 4396 εἰργάσατο.
3069 4325 3144 4378 Οὐ
3199 4325 3306 4397 γὰρ
3339 4323 3508 4387 οὕτως
3539 4324 3688 4393 ἣλιος

2113 4414 2176 4465 ἐκ
2238 4413 2406 4482 μέσης
2464 4411 2572 4465 τῶν
2614 4412 2855 4482 οὐρανῶν
2890 4412 2990 4481 τῆς
3024 4415 3270 4483 κορυφῆς
3318 4412 3416 4474 τάς
3467 4413 3688 4474 ἀκτῖνας

2111 4505 2310 4573 ἀφιεὶς,
2364 4504 2706 4575 καταλάμπει
2739 4504 2806 4556 τά
2860 4503 3104 4573 σώματα,
3135 4503 3208 4566 ὼς
3255 4503 3375 4572 ὄψις
3416 4502 3688 4575 πατρικῆς

2113 4593 2490 4665 φιλοστοργίας
2517 4593 2742 4656 ἀκτῖνας
2791 4593 3014 4661 ἀφιεῖσα
3055 4594 3119 4645 ἐκ
3157 4592 3321 4662 μέσου
3347 4591 3441 4646 τοῦ
3470 4592 3685 4663 θρόνου,

2113 4683 2443 4751 καταυγάζει
2468 4682 2564 4746 τάς
2597 4684 2869 4754 ήμετέρας
2895 4682 3091 4751 ψυχάς.
3120 4683 3297 4753 Ὅπερ
3338 4679 3430 4735 οὖν
3457 4683 3549 4734 καὶ
3592 4683 3688 4734 αὐεν

2111 4773 2200 4834 τὸς
2234 4771 2479 4832 συνιδὼν,
2516 4771 2635 4840 οὐχὶ
2665 4771 2823 4840 μόνος
2846 4772 2975 4840 ἡμῖν
3006 4769 3401 4840 παραγέγονεν.
3426 4769 3559 4822 ἀλλά
3592 4767 3688 4820 καὶ

2114 4861 2299 4930 φωστή
2311 4877 2416 4929 ρων
2447 4860 2603 4929 χορὸν
2621 4860 2756 4928 έχων
2788 4853 2917 4927 ἦλθε
2950 4857 3069 4926 μεθ’
3100 4857 3311 4919 ἐαυτοῦ,
3341 4857 3480 4909 ὥστε
3526 4854 3688 4908 πλέον

2112 4946 2362 5015 γενέσθαι
2399 4945 2458 4997 τὸ
2489 4945 2622 5013 φῶς.
2681 4944 2771 4996 Διὸ
2799 4944 2892 4996 καὶ
2927 4945 2960 5013 ή
2995 4943 3258 5012 ἐκκλησία
3298 4943 3429 5011 ἡμῖν
3457 4939 3686 5007 ἀγάλλε-

2111 5052 2224 5099 ται,
2258 5034 2351 5087 καὶ
2377 5033 2572 5102 σκιρτᾷ
2604 5031 2674 5083 τά
2705 5032 2949 5101 ποίμνια,
2979 5033 3071 5083 καὶ
3097 5033 3254 5100 ἡμεῖς
3277 5028 3415 5097 μετά
3446 5027 3684 5091 πλείονος

2113 5122 2421 5195 προθυμίας
2447 5121 2554 5173 τῶν
2581 5121 2752 5188 λόγων
2792 5119 3091 5189 ἁπτόμεθα.
3133 5120 3303 5172 Ὅπου
3329 5119 3438 5188 γὰρ
3466 5116 3686 5186 συνδρο-

2115 5213 2186 5281 ςιὴ
2238 5210 2532 5278 ποιμένων,
2567 5209 2683 5261 ἐκεῖ
2728 5211 2821 5261 καὶ
2862 5207 3148 5276 προϐάτων
3194 5203 3476 5271 ἀσφάλεια.
3528 5201 3688 5255 Οὕτω

2113 5297 2204 5348 καὶ
2237 5296 2428 5348 ναῦται
2478 5295 2748 5364 χαίρουσι,
2797 5290 3141 5363 κυϐερνητῶν
3187 5291 3364 5353 αὐτοῖς
3407 5292 3688 5361 παρόντων

2114 5382 2347 5434 πολλῶν·
2400 5383 2493 5434 καὶ
2543 5382 2650 5452 γάρ
2679 5381 2920 5450 γαλήνης
2949 5377 3115 5448 οὐσης
3154 5377 3247 5430 καὶ
3285 5378 3566 5446 νηνεμίας,
3598 5377 3688 5428 τὸν

2115 5471 2213 5540 τῆς
2239 5469 2593 5540 κωπηλασίας
2615 5468 2773 5522 πόνον
2804 5468 2988 5530 αὐτοῖς
3029 5465 3438 5533 ἐπικουφίζουσι
3464 5465 3550 5517 διὰ
3578 5463 3688 5516 τῶν

2116 5557 2338 5610 οἰάκων·
2393 5559 2486 5610 καὶ¹
2534 5556 2628 5625 τῆς
2657 5553 2931 5624 θαλάσσης
2978 5551 3391 5620 στασιαζούσης,
3426 5554 3492 5622 τῇ
3523 5552 3688 5624 τέχνῃ

2121 5649 2214 5700 καὶ
2245 5649 2309 5717 τῇ
2372 5646 2686 5716 πολυχειρίᾳ
2719 5646 2818 5715 τὴν
2865 5646 2970 5697 τῶν
3013 5644 3222 5698 ὑδάτων
3267 5643 3688 5696 καταστέλλουσι

2127 5735 2322 5807 μάχην.
2359 5736 2456 5789 Διά
2510 5735 2664 5790 τοῦτο
2701 5737 2793 5789 καὶ
2824 5736 2983 5807 ἡμεῖς
3012 5732 3363 5806 θαρροῦντες,
3393 5733 3482 5786 τὸν
3524 5733 3689 5803 λόγον
