4134 6214
343 311 450 368 617

345 426 552 482 lacilius
582 443 643 483 ac
672 427 957 482 dilucidius
982 443 1099 498 qute
1123 428 1350 483 audietis
1394 428 1666 498 percipere
1695 425 1927 496 possitis,

341 536 525 574 eorum
556 537 674 589 qua:
705 521 852 573 vobis
885 524 1136 574 hesterno
1163 521 1249 575 die
1279 521 1419 576 dicta
1462 530 1584 574 sunt
1615 520 1928 574 memoriam

344 611 524 680 paucis
551 612 938 666 refricabinius.
979 612 1090 666 Dixi
1120 611 1414 678 hominem,
1455 622 1740 680 antequam
1765 611 1832 664 de
1861 612 1928 665 li-

340 719 446 768 gno
497 704 826 764 comedet-ct,
862 703 1058 759 bonum
1109 720 1170 758 ac
1220 706 1414 758 malum
1468 706 1700 770 novisse,
1757 720 1930 773 neque

343 807 622 864 postquam
659 804 947 866 gustasset,
981 797 1116 849 lianc
1158 796 1302 850 illum
1349 797 1627 850 scientiam
1675 796 1927 864 adeptum

339 901 479 941 esse.
513 887 648 953 Dixi,
680 903 846 956 quare
892 887 1091 957 lignum
1124 888 1360 942 scientia:
1386 888 1510 943 booi
1538 899 1590 942 et
1636 889 1757 942 mali
1785 889 1930 942 dicc-

341 987 507 1040 retur,
541 985 596 1031 et
634 995 739 1048 quo
767 989 918 1048 pacto
945 979 1112 1033 soleat
1142 979 1435 1049 Sei-iptura,
1467 991 1746 1050 postquam
1787 981 1928 1035 circa

340 1077 554 1139 tempus
595 1071 807 1141 aliquod
852 1071 1096 1125 locumve
1137 1087 1224 1126 res
1268 1074 1528 1142 quzepiam
1556 1072 1814 1138 evenerit,
1860 1071 1928 1127 ab

342 1160 427 1214 illa
480 1178 538 1216 re
587 1162 803 1220 ductum
851 1163 968 1218 loco
1008 1164 1089 1218 vel
1139 1167 1364 1233 tempori
1414 1180 1607 1219 nomen
1651 1165 1924 1219 tribuere:

338 1267 519 1318 operai
558 1255 784 1323 pretium
831 1255 988 1310 hodie
1019 1256 1180 1311 fuerit
1225 1256 1394 1325 ipsum
1439 1258 1746 1311 mandatum
1793 1259 1928 1311 reci—

338 1350 470 1405 tare,
505 1344 656 1411 cujus
687 1345 982 1399 interventu
1027 1347 1236 1401 arboris
1268 1347 1410 1402 illius
1461 1357 1541 1402 est
1572 1363 1696 1403 esus
1744 1348 1928 1416 probi-

340 1433 503 1486 bitus.
531 1435 806 1501 Quodnam
833 1437 990 1506 igitur
1017 1437 1142 1492 illud
1169 1439 1295 1493 est?
1323 1438 1390 1494 Et
1418 1441 1652 1509 prwcepit
1682 1439 1927 1494 Dominus

342 1522 475 1578 Deus
497 1526 659 1582 Adam
686 1528 856 1582 dicens
887 1545 905 1582 :
939 1528 1021 1584 Ex
1039 1530 1176 1584 omni
1202 1531 1340 1600 ligno
1364 1532 1498 1600 quod
1526 1541 1599 1585 est
1619 1531 1672 1585 in
1689 1533 1927 1601 paradiso

336 1632 450 1669 esca
499 1619 728 1673 comedes
768 1619 919 1688 (Gen.
975 1622 1029 1674 2.
1074 1623 1187 1693 lli).
1239 1623 1422 1676 Divina
1479 1624 1561 1678 lex
1607 1633 1710 1690 est,
1741 1641 1922 1679 verum

336 1708 692 1764 attendamus.
723 1711 776 1765 Si
807 1712 947 1764 enim
995 1711 1239 1768 homines
1285 1713 1410 1774 dum
1455 1716 1627 1785 regias
1657 1716 1834 1786 legunt
1865 1716 1930 1770 li-

337 1805 500 1862 teras,
531 1799 834 1862 universum
865 1811 1228 1870 spectatorum
1255 1815 1452 1860 emtum
1477 1805 1665 1874 jubent
1701 1823 1925 1861 consur-

335 1902 462 1955 gere
496 1909 509 1944 :
541 1889 706 1943 multo
748 1892 917 1961 magis
965 1909 1062 1948 nos
1090 1895 1177 1964 qui
1226 1912 1333 1952 non
1367 1895 1660 1961 hominum,
1690 1898 1781 1952 sed
1829 1899 1922 1953 Dei

335 1978 482 2049 leges
523 1980 714 2037 lecturi
754 1998 959 2051 sumus,
1004 1987 1210 2044 animos
1251 1998 1459 2058 Oportet
1487 1990 1716 2062 erigere,
1764 2001 1923 2060 atque

336 2071 400 2126 iis
425 2089 544 2141 qua:
568 2073 819 2134 dicuntur
845 2079 1142 2134 attendere.

407 2165 483 2216 An
512 2153 594 2218 lix
621 2169 686 2218 sit
713 2182 868 2222 causa
890 2169 1098 2236 peccati.
1129 2199 1199 2209 —
1222 2169 1346 2225 Scio
1377 2171 1661 2225 nonnullos
1685 2171 1922 2242 Legisla-

335 2261 504 2307 torem
533 2270 809 2321 accusare,
841 2274 904 2311 ac
933 2263 1101 2329 legem
1125 2275 1340 2319 causam
1373 2261 1549 2329 lapsus
1572 2279 1692 2318 esse
1720 2265 1918 2319 dicere.

333 2346 608 2401 Adversus
637 2348 738 2413 hoc
768 2349 925 2419 igitur
952 2367 1177 2420 primum
1218 2353 1524 2408 certandum
1551 2366 1652 2421 est,
1679 2371 1741 2410 ac
1762 2356 1922 2412 rebus

335 2439 467 2507 ipsis
494 2441 905 2504 ostendendum,
931 2458 1038 2498 non
1066 2444 1207 2513 quod
1239 2443 1509 2500 hominem
1532 2446 1654 2500 odio
1676 2446 1918 2513 haberet,

330 2539 424 2583 aut
470 2541 712 2588 naturam
751 2544 987 2588 nostrain
1031 2535 1312 2605 ignominia
1360 2548 1546 2591 notare
1595 2539 1776 2605 vellet,
1824 2540 1920 2597 sed

335 2621 477 2688 quod
507 2633 710 2677 anrarct
752 2623 971 2695 ejusque
999 2642 1181 2680 curam
1209 2636 1436 2696 gereret,
1474 2629 1641 2698 legem
1681 2629 1917 2685 dedisse.

333 2711 398 2766 lli
429 2715 573 2768 enim
601 2715 781 2769 discas
809 2716 860 2768 in
907 2716 1203 2776 subsidium
1229 2719 1383 2773 nobis
1412 2733 1528 2772 eain
1559 2719 1736 2773 datam
1776 2736 1918 2790 esse,

329 2803 450 2857 anili
479 2805 603 2874 quid
633 2805 778 2869 dicat
809 2807 966 2863 ls;iias
998 2828 1012 2864 :
1041 2808 1222 2878 Legem
1249 2810 1380 2863 enim
1401 2810 1454 2863 in
1493 2811 1738 2867 auxilium
1782 2812 1920 2867 dedit

330 2894 483 2961 (Isai.
517 2896 567 2950 8.
597 2896 712 2968 20).
756 2900 824 2951 At
853 2898 944 2968 qui
974 2899 1100 2953 odio
1146 2903 1503 2969 prosequitur,
1535 2917 1640 2955 non
1681 2905 1780 2957 fert
1825 2920 1922 2957 au-

331 2986 533 3039 xilium.
572 2989 775 3043 Itin-sus
823 2989 1143 3045 vociferatur
1173 2992 1429 3061 propheta
1463 3011 1475 3046 :
1507 2993 1738 3049 Lucerna
1775 2998 1918 3066 pedi-

329 3075 420 3130 bus
465 3079 586 3132 meis
627 3080 828 3132 verbum
877 3089 1038 3147 luunt,
1071 3091 1117 3134 et
1165 3082 1333 3136 lumen
1358 3084 1546 3138 sentitis
1584 3086 1704 3140 nuis
1743 3088 1916 3157 (l’sal.

330 3171 452 3225 118.
490 3171 634 3240 105).
673 3173 847 3241 Atqui
880 3173 1006 3227 odio
1031 3175 1389 3244 prosi-quitur,
1421 3177 1667 3232 tenebras
1706 3181 1918 3234 lucerna

330 3278 436 3315 nou
478 3262 712 3325 discutit,
745 3279 844 3317 nec
883 3274 1151 3319 errantem
1182 3280 1304 3318 cum
1351 3266 1468 3322 luce
1498 3268 1730 3323 deducit.
1765 3269 1918 3325 Salo-

329 3367 452 3404 mon
481 3367 698 3406 rursus:
732 3350 958 3406 Lucerna
982 3355 1276 3408 mandatum
1304 3356 1458 3428 legis,
1489 3367 1538 3410 et
1566 3358 1656 3411 tua:
1674 3401 1687 3422 ,
1712 3372 1758 3412 et
1779 3361 1876 3414 vita
1899 3401 1915 3428 ,

328 3453 374 3496 et
415 3445 692 3513 correptio,
743 3455 790 3498 et
835 3445 1103 3515 disciplina
1147 3445 1329 3513 (Prov.
1366 3447 1563 3518 6.23).
1623 3449 1759 3504 Ecce
1813 3467 1917 3505 non

327 3535 582 3588 auxilium
634 3535 809 3590 solum
836 3577 851 3602 ,
885 3551 982 3591 nec
1014 3536 1227 3590 lucerna
1254 3538 1426 3592 solum
1450 3579 1466 3603 ,
1499 3539 1592 3593 sed
1624 3551 1676 3594 et
1705 3542 1790 3594 lux
1838 3553 1920 3596 cst

328 3636 383 3678 et
410 3625 513 3678 vita
541 3643 552 3678 :
587 3626 699 3679 lucc
745 3642 906 3694 porro
937 3643 1042 3680 non
1072 3637 1194 3681 sunt
1221 3627 1347 3681 odio
1380 3631 1750 3699 prosequentis
1771 3673 1786 3695 ,
1821 3649 1917 3687 ne-

327 3731 430 3782 que
460 3714 683 3783 perdere
711 3715 937 3769 volentis
959 3757 972 3779 ,
1013 3716 1106 3770 sed
1135 3732 1348 3771 manuni
1382 3720 1702 3789 porrigentis
1728 3731 1781 3774 et
1810 3724 1918 3776 eri-

328 3804 525 3872 geuiis.
560 3804 683 3858 Ideo
713 3805 906 3859 Paulus
933 3821 1145 3876 quoque
1188 3808 1315 3862 dum
1348 3809 1398 3862 in
1442 3809 1681 3864 .Iiidannn
1714 3811 1920 3868 invehi-

329 3906 451 3962 tur,
491 3908 544 3951 et
571 3905 820 3965 quantam
853 3898 932 3953 lex
981 3900 1239 3955 invexerit
1284 3902 1598 3967 utilitatem,
1649 3905 1914 3973 ostendit,

330 4002 556 4058 eamque
599 4004 702 4043 non
726 4004 946 4059 gravare
977 3999 1217 4045 naturain
1242 4001 1474 4047 nostrain
1497 4033 1510 4056 ,
1539 3995 1633 4048 sed
1663 3994 1882 4050 reficere
1901 4036 1916 4061 ,

328 4080 576 4135 dicebat:
611 4079 744 4135 Ecce
770 4091 821 4134 tu
847 4079 1063 4137 Indicus
1107 4085 1512 4154 cognominat-is,
1564 4095 1610 4140 ct
1647 4087 1919 4156 requiescis

328 4171 380 4223 in
407 4171 516 4242 lege
545 4169 720 4243 (Itoni.
741 4171 795 4224 9..
823 4171 932 4242 l7).
970 4171 1132 4227 Vides
1175 4189 1282 4228 non
1314 4185 1369 4228 ut
1401 4184 1642 4229 naturain
1683 4187 1918 4232 nostrain

327 4270 605 4332 gravaret,
658 4261 750 4316 sed
792 4271 847 4316 iit
906 4277 1024 4318 eam
1065 4275 1374 4329 recrearet,
1421 4266 1583 4320 Deum
1615 4267 1785 4338 legem
1825 4271 1921 4325 de-

327 4353 514 4408 disse?
545 4353 703 4408 Visue
751 4353 958 4411 discere
978 4395 994 4420 ,
1028 4355 1079 4409 id
1107 4358 1265 4411 etiam
1296 4357 1442 4412 illum
1469 4359 1643 4429 egisse
1664 4400 1680 4426 ,
1713 4371 1767 4415 iit
1819 4361 1918 4414 ho-

329 4460 514 4499 norem
542 4444 818 4501 deferret?
848 4445 976 4502 Nam
1006 4457 1246 4517 potciant
1275 4458 1329 4504 et
1359 4451 1455 4506 ista
1483 4453 1613 4506 satis
1638 4454 1922 4512 ostendere

328 4545 383 4589 et
406 4536 658 4590 honorem
689 4538 958 4607 delatum,
991 4554 1046 4596 et
1073 4556 1258 4598 curam
1301 4544 1634 4616 impensam:
1673 4548 1766 4603 sed
1819 4549 1919 4606 hoc

331 4627 504 4696 ipsmn
531 4628 648 4682 aliis
668 4629 914 4684 adhibitis
942 4633 1669 4692 10›ιί111011118ἀειιιοηδιΐὶώυ.
1700 4639 1879 4696 Lauda
1901 4685 1916 4711 ,

331 4721 519 4791 inquit,
540 4719 824 4776 Jerusalem
845 4763 860 4787 ,
886 4723 1155 4778 Dominum
1172 4743 1189 4786 ;
1207 4728 1360 4781 lauda
1378 4729 1534 4783 Deum
1552 4741 1692 4785 tuum
1716 4777 1731 4801 ,
1757 4736 1920 4791 Sion:

327 4812 567 4880 quoniam
604 4814 923 4882 con/irritavit
974 4827 1130 4869 sectas
1176 4828 1433 4886 portarunt
1479 4831 1711 4884 tuarum,
1769 4827 1920 4880 bene-

329 4904 457 4958 dixit
477 4904 598 4971 [iliis
617 4907 714 4960 tuis
735 4907 788 4960 in
807 4916 856 4960 te
874 4921 893 4960 :
915 4907 1002 4978 qui
1026 4908 1166 4977 ponit
1186 4909 1311 4976 ﬁnes
1335 4927 1451 4964 suos
1475 4930 1682 4981 pacem,
1706 4927 1750 4969 et
1771 4918 1857 4970 adi
1862 4935 1924 4988 pe

332 4995 572 5065 frumenti
595 4998 746 5051 saliat
767 4999 851 5067 ιε(
882 4995 1025 5052 Psal.
1056 4999 1174 5054 H7.
1219 4998 1288 5053 ιε
1310 5031 1332 5041 -
1357 5003 1474 5073 Il).
1527 5005 1726 5061 Deinde
1774 5020 1918 5076 post-

329 5100 491 5153 quam
519 5086 620 5138 alia
647 5087 779 5141 dixit
807 5089 1062 5146 beneficia
1092 5107 1185 5161 per
1223 5092 1356 5147 alias
1385 5107 1662 5151 creaturas
1689 5101 1879 5155 collata
1901 5145 1916 5168 ,

331 5175 605 5245 sulijiiaxit
647 5180 966 5250 praecipuum
1006 5193 1060 5237 et
1110 5185 1318 5238 caiteris
1359 5191 1560 5255 majus,
1617 5188 1700 5245 his
1744 5195 1921 5246 verbis

333 5278 488 5322 utens
513 5286 526 5322 :
559 5269 659 5336 Qui
679 5274 947 5326 annuntiat
970 5277 1167 5328 verbum
1187 5293 1332 5330 situm
1354 5274 1516 5331 Iacob
1536 5319 1552 5345 ,
1601 5282 1892 5353 iustiﬁcata.

332 5375 419 5413 sies
439 5371 485 5414 et
495 5361 699 5430 judicia
722 5378 816 5416 sua
844 5360 1027 5420 Israel.
1058 5363 1177 5420 Non
1205 5369 1321 5438 fecit
1350 5370 1516 5422 taliter
1536 5374 1672 5425 omni
1693 5376 1918 5442 nationi,

331 5463 377 5505 et
391 5454 592 5526 judicia
635 5472 726 5510 sua
780 5473 881 5511 non
933 5459 1266 5528 manifistacit
1308 5463 1378 5515 eis
1419 5461 1580 5531 (Ibid.
1605 5481 1650 5518 υ.
1679 5467 1765 5522 19.
1801 5470 1917 5539 20).

337 5545 468 5602 \‘ide
510 5564 670 5619 quain
715 5550 876 5604 multa
907 5552 1234 5606 enumerarit
1285 5553 1446 5610 bona.
1473 5555 1630 5612 Urbis
1659 5561 1916 5615 securita-

335 5647 439 5692 tem
471 5657 484 5693 :
528 5639 851 5704 COHﬁftltal’ll
878 5643 1052 5707 enim,
1085 5641 1286 5712 inquit,
1319 5657 1475 5700 vectes
1509 5659 1767 5717 portarum
1808 5663 1919 5706 tua-

332 5735 477 5790 rum;
502 5725 758 5780 bellorum
800 5725 1163 5796 depulsionem
1191 5745 1204 5780 :
1241 5728 1338 5796 Qui
1359 5731 1498 5800 pauit
1524 5732 1691 5800 enim,
1714 5735 1883 5806 inquit
1899 5777 1916 5804 ,

1597 313 1660 368 IN
1701 307 1998 366 CENESlM
2038 307 2270 364 SER-MO
2303 309 2430 367 \‘lli.

3527 321 3635 379 618

2042 421 2166 491 ﬁnes
2199 431 2310 476 tuos
2346 440 2522 492 pacem
2543 442 2562 478 :
2586 427 2880 486 ubertatem
2927 445 3157 487 annona:
3197 448 3210 486 :
3243 432 3310 488 Et
3329 435 3482 505 adipe
3529 443 3640 504 [ru-

2039 517 2191 575 menti
2232 520 2381 570 satiat
2424 529 2488 572 te.
2535 522 2782 577 Attamen
2833 523 2916 579 his
2963 527 3210 582 omnibus
3256 531 3633 599 pretiosiorem

2040 608 2168 678 legis
2218 609 2556 672 donationem
2613 630 2732 669 esse
2768 616 3074 671 declaravit.
3111 617 3239 673 Nam
3285 623 3533 690 quoniam
3587 635 3642 678 et

2035 703 2321 758 securitate
2350 715 2403 761 et
2425 721 2550 774 pace
2569 748 2585 770 ,
2614 717 2668 762 et
2689 709 3000 778 depulsione
3031 712 3327 780 bellorum,
3356 723 3409 768 et
3434 716 3636 769 libero-

2036 806 2153 846 riiin
2186 793 2505 851 fecunditate
2547 813 2610 851 ae
2652 799 2988 854 multitudine
3008 841 3023 865 ,
3048 814 3205 872 atque
3230 819 3455 858 annome
3480 807 3548 860 ub
3570 824 3638 860 er-

2037 891 2143 936 tate
2174 886 2340 939 multo
2371 887 2540 956 majus
2584 899 2665 944 est
2693 891 2890 944 donum
2929 892 3098 960 legem
3130 897 3430 966 accepisse,
3455 914 3516 952 ac
3541 901 3625 955 llei

2029 973 2432 1042 jiistilicationes
2475 978 2759 1044 didiChSC,
2801 997 2922 1036 eum
2968 984 3094 1038 illud
3142 986 3379 1040 omnium
3427 1004 3633 1058 postre-

2037 1083 2181 1121 miiiii
2225 1079 2491 1139 tamquam
2520 1083 2678 1140 caput
2721 1083 2772 1128 et
2801 1075 3103 1145 congeriem
3154 1078 3413 1135 bonorum
3461 1082 3630 1136 collo-

2032 1169 2235 1227 casset,
2277 1163 2473 1230 adjecit
2499 1165 2681 1219 dicens
2710 1184 2723 1221 :
2755 1165 2872 1220 Non
2897 1168 3013 1237 fecit
3057 1171 3224 1223 taliter
3247 1174 3382 1225 omni
3411 1175 3627 1230 nationi.

2033 1249 2261 1317 Taliter,
2313 1270 2417 1322 quo
2473 1256 2663 1323 pacto?
2693 1259 2852 1327 Atqui
2881 1275 3109 1315 annona:
3155 1264 3430 1329 ubertate,
3470 1274 3632 1336 atque

2032 1342 2172 1408 aliis,
2200 1359 2317 1412 qnic
2348 1355 2471 1398 sunt
2496 1359 2804 1404 enumerata
2827 1390 2840 1412 ,
2873 1351 3022 1404 multi
3055 1354 3248 1422 siepius
3278 1357 3428 1423 potiti
3460 1366 3623 1412 sunt:

2032 1446 2396 1494 verumtamen
2429 1439 2495 1493 de
2525 1440 2626 1494 illis
2653 1457 2770 1510 qua:
2798 1443 2935 1497 dicta
2967 1455 3090 1498 sunt
3122 1462 3226 1499 non
3274 1449 3490 1516 loquor,
3541 1451 3625 1504 iii-

2032 1526 2178 1594 quit,
2208 1527 2302 1582 sed
2333 1530 2398 1582 de
2430 1531 2544 1599 lege
2564 1573 2578 1596 ,
2603 1533 2743 1602 quod
2771 1534 2915 1587 omni
2938 1536 3137 1590 nationi
3171 1538 3248 1592 sic
3279 1556 3383 1594 non
3418 1540 3626 1598 fecerit.

2033 1618 2318 1688 Propterea
2342 1624 2652 1691 sulijiinxit:
2684 1625 2748 1678 Et
2784 1628 2984 1696 judicia
3011 1647 3102 1683 sua
3135 1648 3237 1684 nan
3287 1635 3627 1706 manifesturit

2030 1711 2120 1763 eis.
2147 1710 2308 1770 Vides
2341 1717 2574 1768 omnium
2602 1716 2862 1772 bonorum
2888 1735 3005 1788 qua:
3031 1734 3154 1776 sunt
3178 1735 3484 1780 enumerata
3515 1744 3627 1781 ma-

2029 1801 2228 1862 ximum
2277 1819 2395 1857 esse
2441 1805 2627 1874 legem.

2097 1893 2152 1946 2.
2191 1895 2302 1950 lloc
2352 1897 2510 1954 etiam
2557 1898 2816 1955 Jereinias
2847 1903 3128 1958 indicavit:
3181 1907 3306 1960 dum
3347 1909 3488 1962 enim
3530 1925 3625 1965 eos

2027 1986 2114 2054 qui
2141 1987 2190 2040 in
2217 1989 2521 2056 captivitate
2543 1993 2890 2048 vers:ibantur
2913 1995 3116 2066 lugeret
3138 2039 3152 2061 ,
3175 1999 3419 2054 dicebat:
3448 2003 3585 2069 Quid
3602 2045 3618 2068 ,

2026 2078 2162 2147 quod
2184 2081 2237 2133 in
2262 2090 2396 2135 terra
2422 2085 2739 2138 inimicorum
2759 2089 2850 2141 es?
2877 2089 3196 2159 Dereliquisti
3219 2097 3620 2166 fontemsapien-

2027 2168 2112 2222 tiae
2148 2169 2393 2239 (Barucli.
2427 2176 2478 2228 5.
2516 2176 2599 2230 10.
2650 2177 2739 2244 12)
2779 2195 2791 2231 :
2825 2178 2990 2248 legem
3027 2180 3094 2232 ita
3126 2197 3342 2236 vocans.
3391 2184 3456 2239 Ut
3481 2188 3622 2240 enim

2030 2260 2146 2315 fons
2167 2264 2359 2318 inultos
2381 2267 2613 2337 undique
2637 2269 2784 2323 rivos
2803 2273 2995 2325 emittit
3021 2315 3036 2336 ,
3058 2274 3134 2328 sie
3155 2277 3312 2329 etiam
3349 2277 3428 2331 lex
3459 2281 3620 2334 multa

2028 2351 2258 2422 undique
2306 2356 2550 2410 mandata
2582 2360 2889 2426 profundit,
2911 2363 3105 2431 quibus
3128 2365 3357 2420 animam
3383 2380 3618 2424 nosti-ain

2027 2441 2228 2512 irrigat.
2261 2445 2463 2501 Deinde
2492 2449 2814 2518 pr.eeipumn
2847 2452 3012 2508 decus
3067 2454 3316 2522 honoris,
3351 2461 3436 2528 qui
3470 2462 3622 2516 nobis

2025 2547 2054 2585 a
2086 2533 2201 2601 lege
2225 2534 2495 2603 defertur,
2523 2541 2812 2594 ostendens
2839 2543 3052 2599 aiebat:
3103 2546 3224 2600 Non
3257 2560 3327 2601 est
3353 2553 3527 2605 audita
3570 2557 3624 2608 iis

2025 2621 2268 2677 Chanaan
2321 2626 2427 2679 liazc
2469 2629 2718 2697 sapientia
2739 2672 2753 2695 ,
2805 2649 2965 2702 neque
3014 2638 3116 2688 visa
3142 2647 3215 2691 est
3244 2640 3295 2692 in
3339 2639 3616 2709 Thaemon,

2025 2729 2181 2784 neque
2228 2714 2326 2783 lilii
2351 2717 2487 2788 Agar
2513 2731 2811 2776 mercatores
2832 2764 2847 2789 ,
2876 2733 2923 2777 et
2965 2727 3289 2795 exquisitares
3340 2733 3469 2785 uiam
3514 2736 3622 2806 ejus

2025 2815 2265 2860 noverunt
2285 2848 2298 2871 ,
2323 2824 2479 2879 neque
2507 2812 2794 2866 scmitarum
2823 2815 2934 2884 ejus
2962 2829 3076 2870 sunt
3107 2821 3358 2875 recordati
3380 2823 3540 2895 (Ibid.
3571 2843 3617 2880 ιν.

2023 2895 2112 2949 22.
2141 2895 2256 2968 25).
2287 2900 2459 2967 Atque
2481 2911 2535 2953 ut
2565 2902 2857 2971 spiritalem
2889 2921 2951 2960 ac
2981 2907 3211 2964 divinam
3241 2929 3360 2968 esse
3386 2916 3617 2971 demon-

2024 2997 2220 3045 straret
2243 3031 2258 3055 ,
2291 2991 2418 3058 Quis
2460 2995 2686 3048 ascendit
2712 3037 2726 3060 ,
2761 2997 2960 3067 inquit,
2990 3001 3039 3053 in
3068 3004 3246 3057 cwlum
3278 3048 3292 3070 ,
3335 3021 3380 3060 et
3410 3007 3619 3064 deduxit

2025 3079 2166 3133 illam
2190 3079 2349 3149 (Ibid.
2374 3098 2419 3135 υ.
2441 3084 2569 3153 9.9)?
2590 3085 2722 3140 Tum
2746 3088 2985 3158 adjiiiixit
3009 3109 3021 3144 :
3050 3091 3148 3146 llic
3178 3106 3249 3149 est
3273 3096 3609 3166 Deusnoster,

2025 3186 2124 3223 non
2144 3173 2472 3226 mstintabitur
2492 3177 2624 3229 alius
2648 3179 2715 3230 ad
2757 3195 2890 3233 eum.
2947 3183 3211 3238 Adinreiiit
3249 3205 3445 3242 omnem
3489 3194 3619 3248 viam

2023 3262 2244 3315 scientia:
2271 3273 2318 3316 et
2349 3265 2487 3318 dedit
2509 3282 2616 3320 eam
2644 3267 2804 3322 Iacob
2836 3289 2991 3340 puero
3012 3291 3102 3328 suo
3121 3317 3136 3341 ,
3167 3289 3212 3330 et
3246 3276 3408 3334 Israel
3431 3284 3614 3338 dilecto

2025 3367 2115 3404 suo
2144 3351 2303 3424 (Ibid.
2337 3372 2382 3409 ιο.
2410 3355 2497 3411 56.
2523 3357 2638 3426 57).
2675 3359 2959 3430 Propterea
2984 3365 3192 3420 dicebat
3219 3370 3378 3424 etiam
3411 3373 3572 3429 David
3599 3395 3612 3430 :

2026 3443 2147 3499 Non
2183 3450 2300 3517 fecit
2326 3450 2492 3502 taliter
2517 3455 2654 3506 omni
2677 3455 2869 3508 nationi
2888 3499 2902 3522 ,
2931 3468 2976 3510 et
2988 3459 3190 3528 judicia
3216 3479 3308 3515 sua
3329 3481 3431 3518 non
3453 3470 3617 3522 mani-

2024 3540 2221 3606 festavit
2245 3541 2503 3610 eis(Psal.
2540 3544 2657 3598 H7.
2687 3545 2804 3615 20).
2834 3547 2942 3601 lloc
2961 3550 3208 3605 nimirum
3232 3563 3286 3608 et
3314 3555 3510 3612 Paulus
3537 3560 3619 3613 iu-

2025 3643 2196 3684 nuens
2223 3633 2529 3689 scribebat:
2574 3636 2709 3702 Quid
2735 3655 2852 3709 ergo
2894 3643 3114 3710 amplius
3160 3643 3344 3698 Iudico
3377 3651 3484 3702 est?
3528 3663 3619 3706 aut

2023 3727 2140 3782 qua:
2181 3717 2371 3770 utilitas
2417 3720 2810 3777 circunicisionis
2838 3725 3014 3792 (lieni.
3047 3728 3100 3782 3.
3141 3731 3232 3799 l)?
3275 3732 3492 3788 Multum
3524 3753 3620 3806 per

2024 3821 2236 3857 omnem
2259 3808 2494 3862 modum.
2519 3811 2753 3867 Primum
2772 3816 2982 3884 quidem
3002 3823 3249 3887 quoniam
3269 3826 3466 3882 credita
3489 3841 3616 3886 sunt

2027 3893 2127 3946 illis
2151 3897 2356 3962 eloquia
2383 3899 2488 3952 Dei.
2527 3899 2683 3955 Vides
2704 3919 2808 3973 quo
2831 3915 2985 3973 pacto
3012 3908 3096 3963 hic
3121 3911 3280 3966 etiam
3308 3924 3618 3986 exposocrit

2025 3986 2150 4041 illud
2172 4030 2186 4053 ,
2215 3989 2332 4042 Non
2355 3993 2471 4060 fecit
2497 3993 2664 4047 (aliter
2699 4000 2832 4050 omni
2857 4001 3050 4054 nationi
3073 4044 3088 4064 ,
3122 4014 3168 4056 et
3181 4006 3384 4073 judicia
3403 4028 3495 4064 sua
3517 4031 3619 4068 non

2025 4079 2359 4148 manifestavit
2380 4084 2486 4137 eis?
2512 4084 2568 4139 Si
2595 4087 2736 4142 enim
2777 4088 2878 4144 hoc
2904 4093 3030 4147 illud
3057 4107 3138 4150 est
3171 4100 3396 4168 amplius
3431 4103 3620 4159 Judaro

2025 4172 2164 4241 quod
2189 4173 2260 4226 illi
2313 4175 2410 4228 soli
2429 4193 2492 4230 ex
2520 4179 2636 4232 aliis
2662 4179 2965 4240 hominibus
2989 4187 3118 4258 legis
3140 4192 3349 4260 scripta:
3373 4195 3621 4252 donatio-

2025 4278 2092 4315 ne
2108 4275 2230 4316 sunt
2256 4267 2495 4321 honorati
2522 4310 2536 4334 ,
2565 4287 2668 4326 non
2695 4274 2854 4343 igitur
2875 4287 2931 4330 iit
2959 4288 3202 4335 naturain
3229 4298 3464 4340 nostrain
3495 4304 3619 4359 gra-

2023 4365 2203 4418 viiret,
2234 4357 2326 4410 sed
2369 4371 2421 4412 ut
2470 4361 2672 4418 honore
2718 4364 2986 4434 afliccret,
3039 4370 3180 4426 dedit
3235 4375 3405 4446 li-geiii
3453 4357 3617 4439 Deus.

2023 4443 2205 4516 Neque
2234 4447 2332 4502 hoe
2355 4459 2556 4506 tantum
2590 4454 2792 4511 honore
2830 4459 3004 4514 allerit
3023 4503 3038 4525 ,
3065 4466 3206 4532 quod
3235 4443 3402 4538 legem
3429 4471 3570 4527 dedit
3604 4518 3620 4537 ,

2025 4537 2119 4592 sed
2149 4539 2308 4594 etiam
2337 4543 2475 4611 quod
2527 4560 2621 4614 per
2653 4549 2884 4617 seipsum
2912 4552 3060 4608 dedit
3085 4575 3094 4607 :
3143 4557 3243 4611 line
3279 4537 3422 4616 enim
3450 4581 3622 4634 genus

2027 4626 2243 4683 honoris
2269 4642 2348 4685 est
2371 4639 2658 4691 maximum
2692 4641 2831 4709 quod
2863 4661 2964 4696 non
2994 4646 3162 4700 solum
3191 4650 3325 4705 bona
3373 4658 3619 4726 praebue-

2025 4719 2091 4773 rit
2114 4762 2126 4784 ,
2165 4722 2255 4776 sed
2290 4739 2382 4792 per
2408 4729 2640 4796 seipsum
2675 4732 2978 4799 [.irzebuerii.
3011 4737 3122 4792 lloc
3147 4741 3342 4812 quippe
3371 4763 3620 4817 magnum

2026 4830 2148 4868 esse
2191 4816 2424 4882 donum,
2479 4821 2598 4874 audi
2642 4825 2910 4891 quomodo
2954 4827 3148 4884 l’aiiliis
3173 4837 3435 4891 ostendat.
3467 4816 3616 4893 Cum

2026 4906 2167 4960 enim
2191 4907 2401 4963 inflatos
2431 4927 2549 4965 esse
2578 4911 2791 4967 ludii-os
2822 4932 3096 4988 cerneret,
3119 4925 3260 4991 qttod
3285 4927 3350 4979 ad
3373 4941 3466 4980 eos
3490 4944 3618 4997 pro-

2029 4999 2204 5066 pheta:
2245 5003 2546 5066 venissent,
2591 5016 2646 5057 ut
2691 5021 2875 5062 eorum
2930 5019 3284 5080 arrogantiam
3336 5031 3612 5089 cocrieat,

2026 5106 2228 5161 nosque
2269 5093 2457 5161 majori
2501 5108 2619 5148 esse
2658 5097 2875 5154 affectos
2907 5101 3106 5157 honore
3131 5105 3494 5175 demonstret,
3527 5115 3617 5182 qui

2025 5197 2131 5234 non
2166 5185 2340 5247 servi,
2369 5184 2463 5237 sed
2497 5185 2705 5242 Domini
2737 5206 2896 5258 opera
2936 5193 3164 5248 delatam
3196 5198 3491 5255 doctrinam
3525 5222 3612 5258 ac-

2024 5275 2264 5342 cepimus
2281 5316 2295 5340 ,
2324 5275 2404 5330 bis
2424 5278 2602 5331 verbis
2623 5278 2786 5334 utitur
2801 5282 2865 5335 ad
2893 5283 3143 5340 llebneos
3166 5290 3406 5346 scribens
3433 5312 3444 5346 :
3475 5293 3617 5349 Mul—

2026 5367 2249 5433 ti/ariam
2292 5369 2560 5439 multisque
2595 5372 2757 5424 modis
2795 5373 2918 5426 oliui
2955 5374 3090 5431 Deus
3133 5379 3345 5450 loquens
3391 5389 3618 5454 patribus

2025 5459 2229 5519 nostiis,
2250 5461 2414 5512 noviss
2437 5461 2529 5514 mis
2559 5461 2732 5515 diebus
2758 5463 2866 5518 istis
2890 5466 3126 5536 loquutus
3144 5483 3216 5525 cst
3242 5474 3384 5528 nobis
3406 5478 3456 5530 in
3483 5477 3621 5534 Filio

2028 5548 2210 5620 (llebr.
2243 5551 2287 5603 l.
2318 5553 2362 5604 1.
2384 5551 2464 5622 2).
2493 5553 2557 5606 Et
2581 5571 2763 5610 rursus
2795 5558 2920 5613 alibi
2949 5577 2962 5613 :
2991 5559 3113 5616 Non
3135 5564 3299 5618 solum
3319 5580 3509 5635 autem,
3532 5575 3621 5626 sed

2025 5655 2069 5696 et
2116 5645 2390 5714 gloriamur
2440 5648 2489 5700 in
2537 5645 2678 5712 Deo,
2735 5667 2824 5717 per
2859 5651 3127 5709 Dominum
3180 5671 3406 5714 nostinm
3444 5661 3620 5719 Iesum

2027 5736 2304 5804 Christum,
2326 5755 2416 5809 per
2427 5757 2572 5812 quem
2591 5753 2636 5795 et
2660 5746 3116 5802 rccmiciliutioneni
3140 5757 3423 5822 accepimus
3445 5754 3618 5827 (Rom.
