4134 6214
507 317 614 375 619

506 435 559 488 5.
607 431 718 502 11).
756 428 916 487 Vides
952 446 1074 487 eum
1104 445 1208 484 non
1256 431 1326 486 ob
1367 431 1848 487 reconciliationem
1889 440 2092 486 tantum

509 529 762 598 gloriari,
792 523 884 578 sed
915 521 1074 578 etiam
1099 521 1242 590 quod
1282 536 1378 591 per
1400 522 1667 577 Christum
1704 524 2091 577 reconciliatio-

515 633 631 674 nem
672 616 968 683 acceperit?
1021 615 1088 669 Et
1115 630 1301 670 rursus
1347 631 1467 669 cum
1495 616 1940 672 resurrectionem
1981 630 2092 668 ma-

511 709 699 780 gnifice
743 707 1077 771 celebraret,
1131 707 1242 760 ait:
1284 707 1406 777 Ipse
1449 707 1695 761 Dominus
1732 707 1994 761 descendet
2031 707 2094 760 de

507 800 631 855 caelo
666 800 740 868 (1.
763 798 946 852 Thess.
975 801 1027 853 4.
1057 798 1171 864 15).
1196 799 1326 854 Vide
1347 800 1453 854 illic
1468 815 1678 869 quoque
1699 815 1792 870 per
1814 800 2091 853 Dominum

508 899 674 946 totum
722 889 946 960 perﬁci:
985 898 1042 945 et
1082 890 1169 945 hic
1218 905 1322 944 non
1375 907 1470 960 per
1511 892 1741 961 aliquem
1798 891 2049 944 famulum
2073 933 2090 958 ,

508 999 611 1037 non
637 999 732 1053 per
750 983 996 1052 angelum
1022 991 1078 1038 et
1103 984 1476 1053 archangelum
1496 1025 1510 1048 ,
1535 984 1630 1038 sed
1657 985 1770 1054 ipse
1804 999 1898 1053 per
1922 1000 1980 1038 se
2011 983 2090 1054 ip-

495 1091 621 1133 sum
665 1074 833 1129 Adam
878 1075 1159 1144 praecepit,
1205 1074 1399 1144 duplici
1423 1076 1692 1131 hominem
1741 1080 1941 1132 honore
1968 1076 2090 1132 affi-

506 1167 676 1232 ciens,
707 1165 921 1236 etquod
944 1166 1116 1235 legem
1139 1165 1378 1230 dederit,
1407 1177 1462 1222 et
1481 1167 1624 1236 quod
1656 1168 1862 1223 dederit
1891 1184 1984 1238 per
2008 1183 2094 1224 se-

511 1257 708 1325 ipsum.
730 1257 1010 1325 Quomodo
1035 1258 1194 1327 igitur
1218 1258 1398 1328 lapsus
1425 1268 1508 1314 est
1546 1260 1672 1314 ille?
1713 1261 1793 1315 0b
1831 1261 2092 1331 ignaviam

505 1362 657 1401 suam
688 1364 706 1405 ι
736 1347 896 1417 idque
932 1347 1222 1402 ostendunt
1259 1358 1517 1420 quotquot
1547 1350 1716 1420 legem
1741 1363 2088 1421 acceperunt,

511 1454 609 1493 nec
637 1439 769 1508 lapsi
793 1451 951 1504 sunt,
991 1440 1084 1494 sed
1114 1448 1169 1494 et
1202 1440 1351 1507 plura
1380 1457 1537 1511 quam
1563 1443 1815 1511 imperata
1848 1443 2086 1511 fuerant,

510 1530 891 1598 praestiterunt.
932 1529 1037 1584 Sed
1065 1531 1318 1599 quoniam
1352 1531 1453 1586 hoc
1491 1541 1697 1597 tempus
1722 1534 1877 1588 video
1907 1549 2003 1588 nos
2037 1535 2089 1588 in

508 1630 790 1689 angustum
819 1619 1080 1690 redigere,
1113 1621 1164 1675 in
1195 1622 1414 1676 alteram
1434 1623 1860 1679 dissertationem
1889 1640 2094 1680 sermo-

511 1725 633 1764 nem
663 1710 964 1779 rejiciemus
988 1728 1000 1764 :
1030 1726 1124 1768 vos
1144 1727 1271 1766 vero
1295 1729 1414 1782 qua:
1442 1713 1582 1769 dicta
1609 1723 1731 1770 sunt
1757 1725 2090 1781 conservate,

507 1815 570 1854 ac
610 1801 866 1855 memoria
911 1810 1119 1870 tenete,
1148 1803 1371 1873 illosque
1396 1804 1484 1874 qui
1515 1821 1618 1858 non
1645 1806 1958 1872 audierunt,
1989 1808 2090 1862 do-

509 1900 659 1957 cete,
695 1903 853 1962 atque
883 1893 998 1946 haec
1037 1894 1089 1947 in
1129 1895 1354 1969 ecclesia
1376 1937 1390 1959 ,
1424 1896 1475 1949 in
1504 1896 1639 1962 foro,
1669 1913 1730 1951 ac
1754 1898 1898 1952 domi
1927 1915 2090 1954 unus-

508 1982 732 2052 quisque
758 1983 1043 2038 meditetur
1072 1983 1168 2057 (a).
1197 1985 1335 2039 Nihil
1372 1989 1515 2041 enim
1551 2003 1699 2042 saera
1752 1990 1978 2044 lectione
2005 1993 2093 2058 ju—

507 2071 753 2126 cundius.
782 2071 918 2128 Audi
946 2087 1075 2129 sane
1099 2075 1223 2144 quid
1249 2076 1315 2131 de
1339 2077 1424 2130 illa
1445 2077 1589 2131 dicat
1608 2078 1863 2147 propheta
1889 2099 1902 2132 :
1925 2081 2091 2147 Quam

509 2163 678 2217 dulcia
707 2163 938 2231 faucibus
961 2166 1082 2219 meis
1105 2167 1302 2236 eloquia
1324 2177 1430 2234 tua,
1452 2185 1603 2237 super
1623 2171 1720 2222 mel
1747 2179 1791 2224 et
1816 2172 1986 2240 [avum
2015 2173 2093 2227 ori

507 2271 618 2308 meo
645 2254 817 2323 (I‘sal.
859 2257 969 2312 118.
1002 2257 1150 2327 105).
1184 2259 1332 2314 IIunc
1371 2261 1545 2329 itaque
1575 2261 1753 2316 favum
1789 2264 1839 2316 in
1872 2279 2091 2334 vesper-

507 2347 614 2399 tina
653 2363 837 2402 mensa
862 2365 1099 2419 appone,
1134 2361 1190 2405 ut
1231 2361 1393 2406 totam
1425 2354 1569 2407 illam
1598 2355 1854 2423 spirituali
1884 2358 2091 2425 repleas

505 2437 794 2506 voluptate.
835 2438 952 2493 Non
979 2440 1168 2495 videtis
1213 2441 1456 2498 homines
1494 2447 1793 2513 opulentos,
1825 2447 2092 2515 quomodo

504 2538 625 2600 post
663 2532 847 2599 epulas
885 2533 1212 2588 citharacdos
1239 2551 1302 2588 ac
1329 2536 1570 2590 tibicines
1599 2538 1972 2593 introducunt?
2013 2541 2089 2596 Illi

508 2636 634 2674 suas
662 2622 805 2677 mdes
836 2624 1098 2678 theatrum
1124 2625 1378 2691 efficiunt,
1409 2637 1462 2681 tu
1491 2638 1604 2682 tuas
1630 2632 1771 2684 (edes
1795 2635 1985 2686 emlum
2014 2633 2089 2687 ef-

507 2712 606 2766 fice
632 2730 645 2764 :
672 2712 723 2766 id
768 2729 895 2768 vero
938 2715 1173 2784 efficies,
1221 2733 1326 2771 non
1372 2721 1597 2790 parietes
1643 2723 1954 2789 immutans,
1998 2737 2091 2780 aut

569 2819 898 2900 ςφ-
921 2837 986 2900 ex
1031 2828 1350 2889 sequentibus
1391 2829 1451 2878 ad
1496 2831 1701 2881 verbum
1747 2833 1939 2884 homilia
1965 2851 2088 2900 prze-

507 2881 702 2931 cedenti
728 2882 976 2947 leguntur.

1227 315 1284 372 S.
1322 314 1602 372 JOANNIS
1639 314 2110 372 CllRYSOSTOSII
2149 315 2463 371 AllClIlEi’.
2504 315 3035 372 CONSTANTINOP.

3677 324 3785 381 6‘20

2203 431 2532 486 transferens
2557 432 2893 488 fundamenta
2910 477 2924 500 ,
2957 433 3050 489 sed
3082 434 3126 488 si
3152 434 3217 489 ad
3243 445 3383 490 tuam
3411 453 3649 493 mensam
3675 440 3783 493 Do.

2199 525 2398 579 minum
2425 525 2595 596 ipsum
2617 526 2866 580 caelorum
2888 542 3064 581 voces.
3097 527 3211 582 Non
3233 530 3497 583 erubescit
3515 535 3781 598 ejusmodi

2199 617 2440 670 convivia
2471 618 2631 672 Deus.
2662 617 2760 672 Ubi
2791 633 3018 687 namque
3043 619 3329 688 spiritualis
3349 620 3610 687 doctrina,
3637 624 3702 676 ibi
3725 636 3782 678 et

2205 708 2578 776 temperantia,
2609 717 2665 762 et
2693 707 2972 772 modestia,
2998 718 3052 763 et
3089 708 3313 773 lenitas;
3344 711 3429 764 ubi
3463 712 3541 764 vir
3569 723 3620 765 et
3649 730 3781 768 uxor

2197 813 2260 852 ac
2281 799 2449 861 liberi,
2473 800 2757 854 concordia
2778 809 2834 854 et
2853 799 3085 853 amicitia
3113 809 3168 853 et
3189 799 3399 853 virtutis
3424 802 3645 855 vinculis
3669 805 3784 857 fuc-

2200 889 2304 942 rint
2331 889 2600 958 colligati,
2640 891 2746 944 illic
2769 899 3008 944 versatur
3049 890 3100 944 in
3145 890 3320 944 medio
3349 891 3612 946 Christus.
3660 893 3777 948 Non

2197 982 2339 1035 enim
2367 998 2586 1035 aureum
2618 983 2862 1050 laqueare
2888 981 3107 1050 qumrit,
3141 996 3240 1034 nec
3279 981 3643 1037 columnarum
3674 983 3779 1037 ful-

2197 1085 2402 1140 gorem,
2437 1087 2606 1138 neque
2641 1071 2922 1124 marmoris
2959 1070 3401 1140 pulchritudinem
3433 1088 3444 1124 :
3471 1074 3562 1126 sed
3588 1075 3782 1128 anima:

2197 1161 2446 1214 decorem
2469 1177 2530 1214 ac
2550 1160 2742 1215 mentis
2765 1160 3009 1225 formam,
3035 1171 3089 1215 et
3113 1177 3351 1215 mensam
3383 1162 3582 1232 justitia
3615 1164 3781 1218 reler-

2198 1261 2306 1305 tam
2330 1291 2344 1312 ,
2379 1263 2434 1305 et
2473 1252 2825 1323 eleetnosymc
2854 1251 3111 1308 fructibus
3146 1252 3520 1308 abundantem.
3548 1255 3702 1319 Quod
3731 1257 3778 1308 si

2199 1357 2436 1397 mensam
2477 1342 2735 1410 ejusmodi
2767 1342 2986 1404 viderit,
3028 1342 3307 1398 confestim
3349 1344 3608 1412 ejusmodi
3643 1362 3779 1400 cen-

2198 1445 2386 1489 ventus
2415 1437 2472 1487 lit
2499 1435 2782 1503 particeps,
2814 1443 2868 1488 ct
2909 1435 2959 1488 in
2992 1450 3114 1491 eum
3154 1449 3213 1488 se
3256 1434 3432 1489 infert.
3478 1437 3592 1505 Ipse
3634 1439 3775 1491 enim

2197 1533 2300 1586 est,
2323 1525 2411 1590 qui
2433 1525 2585 1590 dixit,
2614 1523 2926 1578 Esunentem
2949 1540 3032 1577 me
3054 1526 3246 1578 vidistis
3270 1535 3315 1578 et
3341 1525 3537 1579 aluistis
3557 1526 3772 1596 (Matth.

2195 1615 2285 1670 25.
2318 1616 2430 1684 55).
2458 1614 2592 1668 Cum
2624 1614 2782 1683 igitur
2806 1615 3026 1670 inferius
3061 1631 3250 1685 magna
3292 1632 3420 1671 voce
3456 1618 3776 1674 clamantem

2195 1707 2464 1761 audiveris
2490 1725 2795 1779 pauperem,
2823 1709 3016 1765 deinde
3043 1710 3310 1780 quidpiam
3339 1727 3522 1765 eorum
3543 1729 3660 1782 qua:
3689 1730 3777 1782 ap—

2196 1798 2365 1866 posita
2411 1808 2534 1852 sunt
2571 1801 2639 1854 de
2687 1815 2870 1855 mensa
2914 1816 3083 1870 egeno
3121 1801 3353 1866 dederis,
3396 1802 3669 1856 Dominum
3709 1805 3776 1857 ad

2195 1905 2432 1944 mensam
2455 1893 2653 1946 vocasti
2682 1909 2774 1962 per
2801 1908 3046 1960 servum,
3076 1903 3130 1949 et
3169 1894 3310 1949 illam
3345 1905 3508 1949 totam
3553 1896 3644 1950 Dei
3684 1897 3777 1951 be-

2197 1980 2586 2036 nedictionibus
2611 1984 2898 2052 replevisti,
2917 1985 3208 2054 oblatisquc
3232 1986 3475 2056 primitiis
3492 1989 3773 2040 maximam

2195 2073 2528 2125 occasionem
2558 2082 2643 2127 tua
2674 2078 3030 2144 promptuaria
3065 2076 3306 2145 plurimis
3342 2078 3638 2152 complendi
3679 2079 3775 2132 bo-

2196 2164 2281 2216 nis
2312 2165 2599 2232 praebuisti.
2643 2166 2783 2220 Deus
2811 2178 2987 2222 autem
3016 2169 3158 2237 pacis
3189 2178 3242 2224 et
3275 2170 3510 2224 caritatis
3529 2212 3543 2233 ,
3569 2172 3656 2239 qui
3686 2171 3779 2225 dat

2197 2271 2388 2324 panem
2436 2257 2500 2310 ad
2547 2259 2972 2315 manducandum
3007 2261 3092 2332 (2.
3122 2261 3240 2315 Cor.
3269 2262 3322 2317 9.
3359 2263 3482 2332 l0),
3511 2272 3563 2317 et
3591 2279 3778 2318 semen

2197 2347 2479 2400 seininanti
2507 2389 2521 2410 ,
2550 2357 2782 2402 vestram
2822 2360 3114 2404 sementem
3145 2351 3479 2420 multiplicet,
3509 2362 3561 2407 et
3586 2362 3779 2422 augeat

2197 2436 2522 2491 incrementa
2556 2438 2765 2508 frugum
2801 2439 3019 2510 justitizu
3049 2440 3100 2495 in
3134 2443 3380 2497 omnibus
3412 2443 3562 2496 vobis
3583 2485 3596 2505 .
3625 2459 3774 2497 suam

2197 2526 2330 2580 dans
2350 2528 2594 2597 gratiam,
2619 2544 2819 2598 nosque
2848 2546 3014 2600 regno
3041 2532 3291 2585 czelorum
3319 2531 3566 2602 dignetur
3591 2551 3604 2584 :
3625 2533 3775 2601 cujus

2197 2634 2295 2672 nos
2340 2621 2621 2690 participes
2670 2622 2784 2676 ﬁeri
2827 2625 3117 2694 contingat,
3145 2626 3312 2694 gratia
3356 2635 3406 2680 et
3450 2625 3772 2695 benignitale

2197 2711 2405 2765 Domini
2433 2716 2598 2767 nostri
2623 2714 2749 2770 Jesu
2777 2715 2994 2782 Christi,
3018 2733 3137 2771 cum
3166 2733 3272 2785 quo
3301 2719 3440 2772 Patri
3458 2719 3646 2787 gloria,
3671 2718 3767 2770 ho-

2197 2817 2314 2868 nor,
2349 2804 2647 2873 imperium,
2672 2823 2771 2861 una
2799 2822 2918 2861 eum
2943 2808 3139 2877 Spiritu
3167 2819 3371 2875 sancto,
3397 2825 3534 2864 nunc
3558 2819 3612 2866 et
3635 2823 3776 2865 sem-

2200 2909 2313 2964 per,
2343 2905 2399 2951 et
2428 2896 2479 2950 in
2509 2899 2700 2952 sarcula
2728 2900 3068 2955 sat-culorum.
3093 2900 3282 2955 Amen.

1658 3599 2011 3662 MONITUM
2064 3602 2164 3663 AD
2219 3603 2642 3666 SERMONEM

595 3851 694 3906 Hic
725 3867 926 3919 sermo,
964 3853 1127 3925 longo
1176 3862 1295 3923 post
1353 3861 1476 3909 octo
1509 3854 1645 3910 alios
1696 3855 1953 3925 temporis
1988 3855 2274 3912 intervallo
2306 3857 2547 3924 habitus,
2593 3862 2646 3915 in
2691 3861 2792 3918 hac
2846 3863 2989 3919 serie
3037 3865 3249 3934 positus
3303 3866 3423 3934 fuit,
3459 3885 3568 3924 non
3618 3873 3780 3926 modo

522 3970 650 4042 quia
678 3969 728 4022 in
757 3969 846 4024 illo
878 3970 944 4024 de
974 3970 1247 4026 Abraham
1281 3981 1337 4026 et
1367 3971 1435 4026 de
1469 3971 1583 4026 Noe
1614 3973 1862 4040 pluribus
1907 3973 2110 4043 agitur,
2159 3975 2252 4029 sed
2303 3976 2466 4030 etiam
2514 3980 2641 4047 quia
2697 3995 2804 4035 non
2873 3998 3041 4052 pauca
3108 3985 3195 4040 hic
3243 3986 3508 4043 habentur
3557 3991 3778 4058 similia,

525 4092 636 4146 imo
660 4091 850 4144 eadem
889 4104 1024 4160 pene
1050 4107 1170 4161 quae
1197 4089 1249 4144 in
1280 4089 1532 4144 Homiliis
1569 4091 1623 4144 in
1673 4090 1948 4146 Genesim.
2002 4091 2155 4148 Hunc
2202 4108 2372 4162 porro
2414 4095 2731 4152 Sermonem
2779 4103 2970 4155 eodem
3026 4101 3214 4156 habuit
3248 4119 3392 4158 anno
3436 4121 3543 4175 quo
3589 4106 3780 4160 I'louiio

525 4205 625 4259 lias
653 4205 872 4275 triginta
903 4206 1037 4258 duas
1077 4206 1287 4274 priores
1316 4205 1370 4259 in
1401 4204 1681 4270 Genesim.
1717 4216 1904 4276 etquo
1937 4205 2198 4264 llomilias
2247 4210 2302 4264 in
2350 4211 2674 4282 principium
2720 4216 3003 4282 Actorum,
3043 4227 3096 4272 et
3142 4217 3210 4273 de
3257 4220 3557 4273 mutatione
3602 4223 3778 4274 nomi-

523 4339 674 4377 num.
703 4323 871 4394 Cujus
905 4323 1271 4394 chronologia:
1316 4323 1584 4378 rationem
1633 4325 1959 4394 explicatam
2012 4327 2182 4382 habes
2215 4328 2268 4383 in
2329 4327 2538 4385 Monito
2582 4331 2649 4384 ad
2701 4329 2964 4388 llomilias
3022 4334 3077 4387 in
3130 4333 3457 4403 principium
3519 4336 3776 4389 Actorum

523 4434 694 4492 Tomo
725 4437 759 4491 5
783 4437 909 4507 (col.
945 4436 1058 4507 63),
1092 4442 1331 4510 itemque
1354 4441 1407 4495 in
1436 4439 1638 4496 blonito
1661 4442 1726 4497 ad
1751 4442 2016 4500 Homilias
2049 4445 2115 4501 de
2144 4447 2445 4503 mutatione
2471 4450 2751 4504 nominum
2775 4451 2965 4506 eodem
2991 4451 3164 4505 Tomo
3193 4450 3319 4521 (col.
3356 4451 3501 4522 111).
3527 4452 3645 4518 Quo
3680 4465 3778 4503 au-

529 4560 636 4606 tem
663 4567 809 4607 anno
839 4553 956 4608 haec
985 4562 1130 4606 tanta
1170 4554 1514 4608 homiliarum
1555 4572 1981 4628 sermonumque
2027 4575 2198 4616 series
2247 4561 2598 4630 pronuntiata
2637 4563 2823 4631 fuerit,
2866 4565 3106 4621 nondum
3150 4569 3429 4637 potuimus
3469 4569 3771 4639 deprehen-

526 4667 676 4726 dere.
708 4668 835 4725 Illud
870 4671 1043 4727 solum
1074 4688 1172 4742 pro
1202 4685 1353 4727 certo
1385 4676 1774 4748 exploratoque
1820 4680 2098 4754 habemus,
2131 4695 2320 4737 omnes
2366 4692 2486 4752 post
2538 4698 2742 4740 annum
2791 4685 2897 4740 587
2955 4687 3166 4742 habitas
3215 4685 3405 4743 fuisse.
3464 4687 3543 4742 Ea
3593 4687 3661 4742 de
3714 4699 3774 4739 re

1117 5190 1348 5248 SERMO
1385 5191 1476 5247 IX.

511 5290 773 5358 Quomodo
792 5295 1020 5359 oporteat
1039 5289 1258 5357 fratrum
1281 5295 1483 5354 peccata
1501 5301 1733 5356 arguere,
1768 5293 1815 5338 et
1840 5284 1973 5355 quod
1997 5301 2087 5340 eo-

571 5397 686 5434 rum
710 5379 885 5433 salutis
916 5395 1092 5432 curam
1118 5376 1298 5430 habere
1321 5378 1615 5441 conveniat,
1643 5387 1690 5429 et
1718 5392 1875 5445 quare
1900 5376 2088 5428 Abram

573 5483 773 5527 vocatus
799 5471 861 5525 sit
885 5471 1158 5535 Abraham,
1201 5479 1248 5524 et
1282 5469 1346 5522 de
1386 5470 1587 5522 nomine
1629 5466 1752 5521 Νοέ
1777 5483 1796 5521 :
1817 5469 1952 5537 quod
1986 5483 2086 5521 non

573 5566 761 5632 [rustra
787 5572 872 5615 aut
900 5562 1006 5617 sine
1028 5578 1183 5615 causa
1211 5561 1341 5630 justi
1375 5561 1450 5614 illi
1487 5560 1673 5631 fuerint
1701 5560 1779 5614 his
1803 5559 2087 5613 nominibus

571 5654 840 5721 appellati,
864 5652 952 5706 sed
975 5653 1044 5704 ita
1067 5652 1393 5720 dispensante
1413 5649 1508 5704 Dei
1537 5651 1870 5720 providentia.

577 5744 624 5798 1.
643 5745 788 5798 Haud
803 5745 1012 5800 difficile
1029 5744 1160 5800 foret
1177 5759 1240 5799 ex
1259 5743 1632 5814 consequentia
1650 5741 2088 5813 nupcrdictorum

2195 5197 2470 5267 praesentis
2491 5199 2752 5254 sermonis
2772 5213 2990 5256 sumere
3005 5202 3341 5270 prooemium,
3362 5204 3619 5276 siquidem
3641 5206 3776 5262 scire

2195 5289 2423 5357 possetis
2449 5290 2572 5359 quid
2603 5306 2772 5360 nuper
2799 5307 2827 5344 a
2858 5292 3010 5346 nobis
3037 5292 3260 5358 dictum,
3288 5306 3339 5350 et
3362 5297 3628 5366 quomodo
3659 5298 3773 5352 lini—

2195 5385 2278 5432 tus
2307 5377 2464 5432 fuerit
2492 5395 2690 5434 sermo.
2733 5379 2928 5434 Verum
2959 5383 3081 5451 quia
3111 5383 3344 5454 plerique
3373 5403 3435 5440 ex
3466 5387 3532 5441 iis
3559 5387 3648 5456 qui
3674 5404 3777 5440 num

2195 5483 2290 5538 per
2313 5469 2513 5524 afluere
2531 5511 2546 5535 ,
2579 5470 2734 5527 hodie
2764 5487 2866 5525 non
2894 5472 3115 5540 adsunt,
3144 5484 3197 5527 et
3218 5491 3279 5529 ex
3316 5476 3378 5529 iis
3406 5479 3494 5548 qui
3517 5494 3655 5533 nunc
3678 5478 3772 5532 ad¢

2194 5569 2338 5623 sunt,
2363 5576 2532 5630 nuper
2555 5561 2790 5629 abluere,
2817 5565 2960 5634 Cogit
2987 5565 3285 5620 auditorum
3316 5569 3566 5632 varietas,
3601 5580 3655 5623 ut
3686 5584 3772 5623 re-

2196 5651 2421 5720 petenda
2447 5653 2585 5717 sin't,
2617 5667 2736 5722 qua:
2773 5670 2944 5724 nuper
2981 5655 3120 5709 dicta
3157 5675 3170 5710 :
3202 5657 3341 5712 unde
3370 5669 3421 5713 et
3451 5660 3485 5713 ii
3513 5661 3598 5729 qui
3632 5661 3773 5729 prius

2195 5756 2499 5797 sermonem
2553 5742 2864 5810 audierant,
2917 5746 3104 5800 melius
3151 5746 3408 5802 dictorum
3462 5751 3780 5804 memoriam
