4164 6224
443 287 545 342 621

447 416 600 454 σεται
634 398 839 453 τούτοιν
887 400 919 472 ή
964 399 1152 470 μνήμη
1177 437 1193 462 ,
1242 398 1402 452 πάλιν
1452 396 2025 469 ἀναμιμνῃσκομένοις

1126 287 1181 340 S.
1218 284 1501 341 JOANNIS
1535 282 2027 340 CIIRYSOSTOHI
2065 282 2388 339 ARCHIEP.
2423 280 2973 341 CONSTANTINOP.

3601 270 3718 331 δτι

2130 397 2523 470 ἀμαρτήσαντα
2582 398 2757 468 λέγων
2777 438 2793 464 ,
2853 396 2989 452 ἀλλά
3037 394 3127 449 τδν
3185 392 3559 458 σπουδάζοντα
3608 398 3714 463 μιν

446 476 523 534 ῶν
573 481 844 551 ἧκουσανο
898 479 991 533 καὶ
1050 482 1162 542 τοῖς
1214 478 1618 547 ἀπολειφθεῖσιν
1673 480 1734 533 οὐ
1790 479 2027 549 τοσαύτη
2128 480 2470 552 κατορθῶσαι
2495 521 2511 546 ,
2546 481 2651 535 ὑπὸ
2694 480 3064 551 περιστάσεως
3103 477 3161 531 δὲ
3213 476 3527 549 διαῦολικῆς
3574 479 3715 532 ὑπο-

446 564 598 618 ἔσται
630 564 823 635 βλάϐη,
851 563 942 617 τοῦ
973 564 1131 632 λόγου
1158 565 1590 637 γνωριμωτέραν
1619 563 1803 627 αὐτοῖς
1824 561 2029 618 ἀνωθεν

448 645 727 708 ποιοῦντος
761 647 860 715 τήν
887 645 1256 701 διδασκαλίαν.
1291 645 1402 700 Καὶ
1433 647 1540 718 μὴν
1568 648 1700 710 ῖσως
1731 645 1797 700 ἀν
1826 646 2028 698 εἴποιεν

449 728 498 780 οί
531 727 616 780 ἀεὶ
653 728 1097 799 παραγινόμενοι,
1127 731 1207 783 ὅτι
1236 730 1303 783 δι’
1336 728 1469 782 αὐτὸ
1500 729 1599 799 μέν
1625 724 1717 782 οῦν
1746 725 1903 781 τοῦτο
1931 726 2032 780 οὐκ

447 811 614 881 ἐχρῆν
645 810 935 865 ἀναλαϐεῖν
964 813 1034 866 τὰ
1061 812 1349 884 εἰρημένα,
1382 811 1468 865 ἵνα
1493 811 1912 881 ἀπολειφθέντες
1937 807 2033 862 καὶ

447 892 556 945 τῶν
604 892 877 958 συνάξεων
905 897 1419 967 καταφρονήσαντες
1440 934 1456 960 ,
1503 895 1650 966 ἔργῳ
1694 893 1793 965 τὴν
1830 890 2033 962 βλάϐην

448 974 841 1044 ὑπομείναντες
863 1019 878 1043 ,
916 976 1158 1049 βελτίους
1202 978 1488 1046 γένωνται,
1519 980 1587 1049 τῇ
1632 976 1805 1048 ζημίᾳ
1845 971 2031 1047 [688]

450 1060 938 1131 σωφρονιζόμενοι.

534 1140 678 1210 Ἐγὼ
708 1142 766 1195 δὲ
794 1144 1003 1197 ἐπαινῶ
1026 1142 1123 1214 μὲν
1150 1144 1316 1214 ὑμᾶς,
1338 1142 1423 1195 ὅτι
1453 1142 1596 1196 οὑτω
1614 1139 1875 1196 δάκνεσθε
1895 1139 2035 1213 ὑπὲρ

451 1223 553 1293 τῆς
587 1225 859 1298 ῥᾳθυμίας
885 1227 995 1280 τῶν
1026 1227 1295 1297 ἀδελφῶν,
1320 1227 1414 1280 καὶ
1443 1227 1535 1280 τὸν
1562 1225 1721 1297 ζῆλον
1750 1223 2033 1297 θαυμάζω

455 1304 717 1379 βούλομαι
749 1309 806 1363 δέ
835 1310 930 1363 καὶ
959 1309 1338 1381 φιλανθρωπίᾳ
1373 1309 1466 1364 τὸν
1500 1308 1662 1380 ζῆλον
1692 1309 1836 1378 ὑμᾶς
1873 1306 2037 1379 κερά-

456 1404 548 1443 σαι
591 1390 795 1445 τοῦτον.
848 1393 1017 1464 Ζῆλος
1049 1394 1158 1466 γὰρ
1192 1393 1523 1465 συγγνώμης
1574 1391 2037 1463 ἀπεστερημένος,

455 1472 518 1523 οὑ
562 1471 756 1543 ζῆλος,
801 1475 939 1528 ἀλλὰ
972 1475 1143 1547 θυμὸς
1180 1476 1381 1547 μᾶλλόν
1412 1478 1564 1540 ἐστι,
1614 1476 1709 1530 καὶ
1750 1473 2038 1539 νουθεσία,

457 1553 870 1625 φιλανθρωπίαν
896 1558 997 1612 οὐκ
1024 1559 1244 1628 ἔχουσα,
1281 1559 1550 1629 βασκανία
1593 1576 1678 1623 τις
1714 1555 1852 1613 εἶναι
1871 1558 2037 1611 δοκεῖ.

456 1636 557 1689 Διά
593 1637 750 1692 τοῦτο
796 1640 943 1711 ὑμᾶς
977 1641 1177 1710 μᾶλλον
1226 1641 1551 1713 παρακαλῶ,
1610 1642 1685 1713 μὴ
1720 1640 1931 1713 πικρῶς
1971 1639 2043 1694 τὰ

457 1718 568 1773 τῶν
620 1720 850 1793 πλησίον
900 1724 1108 1796 κρίνειν
1159 1725 1550 1797 ἁμαρτήματα.
1605 1726 1816 1797 Ὠσπερ
1850 1723 1960 1796 γὰρ
2013 1724 2045 1777 6

458 1803 629 1873 χωρὶς
658 1806 988 1878 συγγνώμης
1023 1806 1166 1879 ὁρῶν
1199 1809 1266 1862 τά
1307 1807 1417 1861 τῶν
1456 1806 1700 1876 ἀδελφῶν
1727 1806 2043 1877 τραύματα,

459 1884 514 1937 εῐ
539 1902 668 1939 ποτε
693 1888 788 1941 καὶ
819 1890 980 1953 αὐτὸς
1017 1890 1275 1962 ἁμάρτοι,
1322 1890 1514 1943 οὐδένα
1545 1890 1769 1962 εὑρήσει
1795 1890 1889 1942 τὸν
1914 1904 2046 1956 συγ-

460 1967 685 2039 γνώμην
713 1970 862 2039 αὐτῷ
896 1970 1150 2041 νέμονταο
1196 1972 1368 2036 οὑτως
1395 1974 1424 2026 ό
1454 1974 1571 2043 μετ’
1615 1972 1765 2025 ἐλέου
1809 1972 2045 2036 δικάζων

458 2056 573 2116 τοῖς
595 2055 704 2107 τῶν
732 2056 956 2127 πλησίον
989 2056 1433 2129 παραπτώμασιν
1452 2098 1466 2119 ,
1512 2058 1565 2110 εί
1591 2074 1721 2111 ποτε
1762 2056 2047 2109 ὑποσκελι-

463 2135 616 2207 σθείη
640 2177 654 2199 ,
691 2138 917 2203 πολλοὺς
960 2139 1149 2209 ὄψεται
1202 2141 1327 2205 τοὺς
1380 2142 1539 2212 χεῖρα
1578 2138 1890 2211 ὀρέγοντας.
1938 2139 2048 2192 Καὶ

459 2218 630 2274 ταῦτα
651 2219 793 2289 λέγω
820 2220 935 2285 νῦν,
964 2222 1025 2275 οὐ
1053 2222 1151 2294 τὴν
1183 2220 1456 2294 ρᾳθυμίαν
1475 2223 1583 2275 τῶν
1607 2221 2045 2287 ἀπολειφθέντων

459 2302 693 2372 αὐξῆσαι
724 2302 1070 2374 βουλόμενος,
1111 2304 1248 2359 ἀλλά
1280 2304 1379 2377 τὴν
1410 2305 1685 2377 ἡμετέραν
1718 2304 2046 2376 κηδεμονίαν

459 2386 723 2441 ἐπιτεῖναι
769 2387 1123 2451 σπουδάζων,
1181 2387 1270 2440 ἵνα
1321 2390 1459 2458 μετά
1496 2386 1654 2456 λόγου
1697 2388 1916 2459 γίνηται
1950 2387 2047 2440 καὶ⁸

460 2468 859 2540 φιλοστοργίας.
902 2470 1055 2523 Ἐπεὶ
1088 2470 1181 2524 καὶ
1211 2472 1373 2540 ἡμεῖς
1406 2470 1637 2534 πολλοὺς
1670 2472 1765 2524 καὶ
1802 2471 2047 2542 μακροὺς

460 2554 527 2621 τῇ
570 2553 873 2623 προτεραίᾳ
919 2552 1042 2605 κατ’
1084 2551 1263 2605 αὐτῶν
1306 2551 1669 2622 ἀπετείναμεν
1698 2550 1924 2619 λόγους,
1954 2551 2048 2623 καὶ

460 2634 585 2687 οὐδὲ
610 2635 928 2705 ἀνθρώπους
964 2636 1161 2697 αὐτοὺς
1207 2629 1347 2688 εἶναι
1383 2634 1616 2704 ἔφαμεν,
1655 2634 1905 2705 καθάπερ
1950 2633 2049 2704 μέ-

467 2716 694 2786 μνησθε,
725 2718 1063 2787 κατηγόρους
1091 2716 1276 2778 αὐτοῖς
1297 2717 1689 2787 ἐπιστήσαντες
1713 2715 1805 2769 δύο
1833 2717 2049 2787 προφή-

463 2814 561 2861 τας
590 2800 716 2862 τους
744 2798 1073 2871 κορυφαίους
1094 2815 1105 2828 ·
1136 2797 1226 2851 τὸν
1260 2798 1360 2867 μὲν
1392 2798 1641 2867 λέγοντα,
1670 2795 1925 2863 Ἦλθον,
1950 2798 2049 2853 καὶ

466 2884 578 2935 οὐκ
599 2877 679 2950 ἦν
701 2882 1043 2950 ἄνθρωπος’
1067 2881 1353 2945 ἐκάλεσα,
1374 2882 1471 2938 καὶ
1496 2884 1608 2937 οὐκ
1631 2879 1710 2952 ἦν
1731 2886 1764 2936 ό
1784 2885 2050 2937 ὑπακου-

466 2967 728 3034 σόμενος
749 2980 763 2993 ⁸
805 2965 896 3019 τὸν
925 2966 982 3018 δὲ
1012 2964 1363 3018 καταδοῶντα
1398 2965 1559 3019 πάλιν
1592 2967 1685 3019 καὶ
1710 2965 2052 3038 πυνθανόμε-

466 3064 587 3103 νον·
617 3048 771 3116 Πρύς
801 3049 933 3100 τίνα
955 3047 1210 3116 λαλήσω
1237 3047 1337 3100 καί
1364 3048 1861 3118 διαμαρτύρομαι;
1892 3052 2051 3103 Ἄπε-

462 3134 716 3201 ρίτμητα
736 3132 809 3185 τὰ
834 3127 955 3186 ὦτα
981 3131 1203 3196 αὐτῶν,
1234 3131 1334 3185 καί
1360 3134 1432 3186 οὐ
1460 3131 1750 3185 δύνανται
1782 3133 2048 3190 ἀκούειν.

469 3215 581 3267 Καὶ
634 3214 838 3285 σφόδρα
886 3214 1068 3267 αὐτῶν
1109 3213 1196 3269 διὰ
1246 3214 1452 3269 τούτων
1499 3214 1594 3268 καὶ
1644 3214 1753 3268 τῶν
1795 3214 2053 3269 τοιούτων

470 3298 736 3368 ἐδάκομεν
765 3298 864 3369 τὴν
907 3296 1165 3351 διάνοιαν.
1210 3297 1374 3353 Ἀλλά
1410 3298 1506 3352 νῦν
1533 3298 1728 3363 αὐτοὺς
1762 3298 1923 3352 πάλιν
1952 3316 2055 3351 πα-

473 3380 851 3453 ρακαλοῦμεν·
898 3379 1042 3433 οὑτω
1089 3379 1198 3451 γὰρ
1243 3381 1338 3434 καὶ
1391 3382 1421 3435 ό
1472 3380 1679 3444 Παῦλος
1733 3382 2049 3435 ἐκέλευσεν·

476 3464 771 3535 Ἕλεγξον
809 3463 938 3534 γάρ,
974 3463 1159 3534 φησὶν,
1188 3463 1565 3534 ἐπιτίμησον,
1601 3462 2050 3531 παρακάλεσον.

474 3548 614 3602 Οῦτε
662 3548 770 3617 γάρ
802 3546 962 3600 τοῦτο
1000 3546 1087 3600 ἀεὶ
1126 3545 1234 3617 χρὴ
1279 3549 1453 3599 ποιεῖν
1496 3543 1676 3617 μόνον,
1708 3544 1831 3599 οὐτε
1879 3547 2055 3600 ἐκεῖνο

478 3632 656 3703 μόνον,
685 3630 799 3684 ἀλλ’
836 3629 1072 3701 ἑκάτερα
1115 3628 1343 3700 μίξαντα
1373 3629 1792 3701 ἀπηρτισμένην
1821 3630 2049 3700 ἐργάζει

477 3716 602 3769 σθαι
629 3713 725 3784 τὴν
746 3713 1147 3782 ώφέλειαν.”Λν
1175 3730 1233 3765 τε
1257 3713 1365 3785 γὰρ
1395 3713 1688 3776 διαπαντὸς
1718 3712 2052 3785 ἐλέγχωμεν,

474 3796 991 3869 ἀναισχυντοτέρους
1022 3796 1219 3860 αὐτοὺς
1245 3795 1671 3868 ἀπεργαζόμεθα
1690 3813 1704 3827 ·
1748 3795 1815 3850 ἄν
1844 3813 1906 3849 τε
1942 3796 2057 3850 δια-

477 3884 675 3946 παντὸς
718 3879 1124 3952 παρακαλῶμεν
1144 3921 1158 3941 ,
1192 3879 1598 3952 ρᾳθυμοτέρους
1642 3878 1924 3950 ποιοῦμεν.
1958 3880 2056 3935 Διὰ

473 3967 634 4020 τοῦτο
686 3966 781 4018 καὶ
829 3964 1004 4035 ἰατροὶ
1049 3964 1170 4034 οὐχὶ
1215 3964 1471 4034 τέμνουσι
1529 3962 1720 4033 μόνον,
1773 3962 1910 4016 ἀλλά
1961 3962 2056 4017 καὶ

474 4047 766 4119 τραύματα
797 4044 1215 4117 ἐπιδεσμοῦσιν⁸
1261 4044 1383 4098 οὐδὲ
1429 4044 1516 4097 ἀεὶ
1564 4043 1830 4114 φάρμακα
1884 4043 2056 4113 πικρά

477 4125 880 4188 ἐπιδάλλουσιν,
924 4124 1062 4177 ἀλλά
1088 4123 1183 4176 καὶ
1226 4123 1471 4193 προσηνῆ
1507 4121 1766 4185 πολλάκις
1786 4138 1800 4153 ’
1829 4121 1895 4174 δι’
1920 4122 2058 4175 ἐκεί·-

476 4222 584 4258 νων
614 4204 711 4274 μὲν
733 4203 841 4255 τῶν
884 4202 1164 4274 προτέρων
1211 4201 1273 4253 τὸ
1306 4201 1543 4270 σεσηπδς
1572 4200 2056 4272 ἀποκαθαίροντες,

476 4289 567 4343 διὰ
598 4288 800 4341 τούτων
836 4286 893 4339 δὲ
921 4284 1029 4339 τῶν
1056 4283 1323 4356 δευτέρων
1351 4284 1451 4355 τὴν
1497 4283 1558 4349 ἐξ
1597 4285 1820 4339 ἐκείνων
1863 4284 2057 4357 ὀδύνην

480 4369 980 4441 παραμυθούμενοι.
1031 4369 1131 4421 Διά
1177 4367 1335 4421 τοῦτο
1375 4368 1467 4421 καὶ
1522 4368 1757 4438 ἀλλαχοῦ
1807 4386 1972 4440 φησιν
2029 4372 2059 4424 ό

482 4455 725 4517 Παῦλος·
765 4453 1031 4522 Ἀδελφοί
1056 4492 1072 4517 ,
1107 4452 1217 4507 ἐὰν
1253 4452 1351 4505 καί
1384 4451 1708 4521 προληφθῇ
1748 4452 2059 4521 ἄνθρωπος

481 4538 552 4592 ἐν
573 4555 688 4591 τινι
710 4533 1153 4605 παραπτώματι,
1172 4533 1340 4603 ὑμεῖς
1355 4536 1409 4587 οι
1437 4535 1824 4603 πνευματικοί
1853 4552 2061 4606 καταρ-

481 4621 661 4681 τίζετε
694 4620 799 4673 τὸν
840 4618 1129 4681 τοιοῦτον,
1169 4614 1417 4671 σκοπῶν
1444 4617 1706 4672 σεαυτὸν
1735 4618 1823 4687 μὴ
1853 4619 1954 4673 καί
1975 4622 2058 4675 σὺ

482 4700 830 4769 πειρασθῇς.
877 4699 1097 4771 ’Δρίστη
1128 4698 1469 4771 παραίνεσις,
1502 4699 1887 4773 ἀπηρτισμένη
1920 4719 2059 4775 συμ-

482 4787 648 4855 δουλὴ
672 4825 687 4848 ,
742 4782 939 4853 πολλὴν
994 4782 1191 4852 ἔχουσα
1233 4782 1333 4854 τὴν
1374 4782 1726 4854 κηδεμονίαν,
1776 4783 2059 4857 σπλάγχνα

483 4865 864 4937 ἐνδεικνυμένη
907 4865 1183 4936 πατρικάο
1229 4865 1398 4929 ὅντως
1427 4866 1527 4937 τῆς
1565 4864 1779 4919 Παύλου
1812 4867 2059 4941 γλώττης

483 4954 549 5006 τά
576 4952 819 5023 ῥήματα,
844 4948 1085 5019 ἀδελφοί.
1108 4947 1324 5013 Εὐθέως
1350 4948 1459 5002 ἀπὸ
1486 4947 1581 5002 τοῦ
1618 4949 1718 5020 τῆς
1741 4951 2059 5019 συγγενείας

481 5036 745 5106 ὀνόματος
789 5033 925 5104 πρὸς
962 5032 1064 5102 τὴν
1099 5029 1312 5085 εὐνοιαν
1359 5031 1705 5085 ἐπεσπάσατο
1728 5031 1820 5086 τὸν
1858 5034 2061 5108 ἀκροαο

482 5122 600 5187 τήν.
657 5116 768 5179 Τάς
818 5116 991 5178 αὐτάς
1033 5114 1227 5177 ὠδῖνας
1276 5113 1468 5178 ἔλυσας
1512 5112 1693 5184 αὐτῷ,
1738 5114 1840 5180 τάς
1890 5119 2061 5185 αὐτάς

482 5200 726 5272 ἐτράφης
750 5199 977 5271 τροφάς,
1008 5198 1100 5251 τὸν
1127 5197 1288 5251 αὐτὸν
1320 5196 1477 5269 ἔσχες
1505 5197 1738 5270 πατέρα,
1769 5199 2060 5274 ἐκοινώνηο

484 5300 585 5347 σας
612 5282 762 5353 αὐτῷ
792 5283 931 5336 κατὰ
955 5282 1048 5336 τὸν
1079 5282 1238 5336 τόκον
1258 5281 1366 5339 τὸν·
1385 5282 1750 5352 πνευματικόν
1772 5299 1785 5314 ·
1814 5283 1914 5355 τὴν
1939 5303 2063 5355 συγ-

482 5367 698 5437 γένειαν
732 5366 907 5420 τοίνυν
930 5365 1133 5435 ταύτην
1160 5365 1255 5419 καὶ
1279 5365 1337 5418 ἐν
1372 5366 1440 5436 τῇ
1469 5364 1577 5417 τῶν
1609 5365 1918 5436 πτωμάτων
1941 5371 2062 5423 ἐπιο

483 5450 732 5505 δείκνυσο
758 5447 1058 5519 διορθώσει.
1103 5450 1238 5504 Ἐὰν
1265 5447 1603 5518 προληφθῂἵ
1621 5446 2060 5518 Οὑκεῖπεν,Ἐάν

486 5535 738 5605 ἁμάρτῃ,
764 5531 879 5585 ἀλλ’
909 5532 1001 5586 ἐπὶ
1032 5526 1174 5595 εἶδος
1203 5532 1473 5604 ἁμαρτίας
1511 5531 1785 5603 κατέφυγε
1816 5536 2059 5605 συγγνὼ-

489 5633 597 5687 μην
626 5615 765 5686 ἕχον.
798 5612 872 5667 Τὸ
907 5615 1035 5686 γάρ,
1079 5616 1219 5671 Ἐὰν
1249 5613 1571 5684 προληφθῇ
1588 5657 1604 5681 ,
1633 5617 1934 5680 τουτέστιν.
1964 5621 2060 5678 ἐὰν

488 5696 640 5770 ί68θι
673 5699 989 5769 ὲπηρεασθῇ
1013 5740 1029 5767 ,
1059 5697 1155 5753 ἐὰν
1193 5697 1480 5772 ἀπατηθῇ,
1504 5699 1565 5752 οὐ
1600 5699 1690 5755 τὸν
1724 5703 1787 5754 ἐκ
1827 5701 2056 5773 μελέτης

2129 562 2525 635 σκελιζόμενον.
2571 567 2628 619 '0
2659 566 2768 636 γάρ
2803 563 3040 628 τοιοῦτος
3073 562 3137 615 οὐ
3175 559 3429 615 τοσοῦτον
3458 578 3711 633 κατηγο-

2133 647 2253 718 ρίας
2285 649 2408 702 ὅσον
2436 650 2765 720 συγγνώμης
2793 648 2941 701 ἐστὶν
2974 646 3143 713 ἄξιος.
3183 645 3325 699 ἐὰν
3354 644 3453 699 καί
3485 648 3722 712 προλη-

2130 734 2252 806 φθῇ
2277 736 2607 806 ἅνθρωπος.
2652 737 2824 792 Πάλιν
2864 735 2951 805 ἐφ’
2979 734 3164 805 ἱτερον
3199 728 3336 796 εἶδος
3382 732 3720 804 συγγνώμης

2133 821 2429 891 κατέφυγε,
2473 822 2575 893 τῆς
2616 820 2830 891 φύσεως
2865 818 2964 890 τὴν
3003 815 3308 880 ἀσθένειαν,
3359 815 3427 888 ἢν
3474 814 3564 870 διά
3613 814 3722 885 τῆς

2134 905 2505 975 προσηγορίας
2563 903 2801 976 ᾐνίξατο.
2840 900 3110 971 Καθάπερ
3152 894 3247 954 οῦν
3299 900 3329 952 ὁ
3373 898 3545 969 μέγας
3593 895 3722 951 Ἰὼϐ

2134 985 2543 1041 ἐπισπάσασθαι
2566 984 2826 1059 παράτοῦ
2840 983 2975 1040 Θεοῦ
3006 980 3339 1053 συγγνώμην
3366 979 3720 1051 βουλόμενος.

2134 1066 2319 1136 ἐλεγεο
2364 1070 2426 1122 Τί
2453 1070 2624 1124 ἐστιν
2648 1070 2982 1138 ἄνθρωπος,
3029 1065 3121 1119 ὅτι
3148 1063 3354 1135 λογίζῃ
3382 1062 3591 1127 αὑτὸν,
3616 1061 3724 1115 καί

2132 1151 2479 1219 ἐπισκοπὴν
2533 1150 2800 1219 ἐποιήσω
2850 1150 2971 1204 τῶν
3014 1145 3445 1217 ἁμαρτημάτων
3492 1144 3724 1209 αὐτοῦ;

2135 1232 2277 1287 οὕτω
2298 1233 2393 1288 καὶ
2420 1235 2582 1305 ἡμεῖς
2605 1234 2868 1304 ποιῶμεν,
2895 1232 3023 1286 ὅταν
3041 1229 3163 1285 τινά
3181 1228 3292 1283 τῶν
3320 1226 3726 1299 ἡμαρτηκότων

2136 1312 3257 1390 ἐξαιτώμεθα,’Δνθρωπός,ὲστι,συνεχῶς
3302 1311 3581 1380 λέγοντες,
3626 1310 3727 1365 καὶ

2137 1400 2237 1472 τῆς
2271 1400 2483 1470 φύσεως
2519 1399 3048 1471 ἀναμιμνήσκοντες,
3080 1396 3179 1450 καὶ
3205 1393 3377 1466 ταύτῃ
3405 1394 3543 1464 πρὸς
3572 1392 3726 1445 ἔλεον

2139 1483 2490 1554 ἐφελκόμενοι
2548 1483 2640 1536 τὸν
2697 1481 3128 1552 ἀγανακτοῦντα.
3182 1479 3281 1533 Διά
3331 1478 3490 1531 τοῦτο
3542 1477 3640 1530 καὶ
3693 1477 3728 1530 ὁ

2141 1566 2354 1629 Παῦλος
2381 1566 2474 1619 ἐπὶ
2491 1565 2589 1637 τὴν
2613 1564 2773 1636 φύσιν
2807 1565 2900 1617 καὶ
2925 1564 3022 1635 τὴν
3049 1561 3325 1616 εὐτέλειαν
3358 1561 3531 1632 αὐτῆς
3559 1558 3727 1613 κατέ-

2143 1666 2315 1721 φυγεν
2337 1648 2528 1713 είπὼν,
2555 1650 2697 1704 Ἐὰν
2720 1648 2818 1702 καί
2844 1644 3163 1716 προληφθῇ
3186 1644 3494 1714 ἅνθρωπος
3517 1641 3588 1696 ἐν
3607 1653 3729 1696 τινι

2142 1734 2583 1805 παραπτώματι.
2625 1733 2739 1804 Οὐχ
2773 1724 2957 1795 ἁπλῶς
2994 1729 3062 1783 τά
3109 1727 3317 1801 μεγάλα
3343 1727 3491 1795 λέγει
3538 1726 3727 1797 ἀμαρ-

2141 1818 2208 1887 τή
2218 1833 2385 1887 ματα,
2403 1817 2472 1870 τὰ
2496 1814 2827 1885 συγγνώμης
2850 1813 3069 1883 μείζονα
3093 1810 3188 1864 καὶ
3214 1809 3283 1863 τά
3312 1807 3729 1879 φιλανθρωπίας

2144 1900 2243 1953 οὐκ
2273 1898 2418 1965 ἀξια,
2449 1899 2586 1953 ἀλλά
2620 1899 2691 1952 τά
2732 1897 2904 1969 μικρά
2941 1896 3036 1949 καὶ
3080 1892 3508 1964 κατεσταλμένα.
3538 1891 3729 1960 Ὑμεῖς

2145 1984 2200 2037 οἱ
2227 1983 2635 2052 πνευματικοί.
2676 1981 2737 2034 '0
2782 1980 2884 2052 μὲν
2923 1976 3205 2051 ἁμαρτὼν,
3245 1976 3559 2047 ἄνθρωπος,
3586 1974 3642 2052 οί
3668 1972 3730 2026 δέ

2146 2051 2559 2136 κατορθοῦντες,
2601 2063 2985 2133 πνευματικοί.
3024 2060 3173 2114 Ἐκεῖ
3212 2059 3317 2129 τῆς
3348 2058 3563 2128 φύσεως
3603 2051 3730 2109 εἶπε

2145 2148 2208 2201 τὸ
2246 2147 2446 2218 ὄνομα,
2491 2145 2729 2201 ἐνταῦθα
2767 2146 2867 2216 τῆς
2902 2144 3102 2217 ἀρετῆς
3132 2143 3296 2214 ἔθηκε
3320 2142 3419 2213 τὴν
3454 2154 3731 2212 προσηγοα

2187 2230 2293 2284 ίαν.

2149 2248 2360 2367 “iam
2392 2312 2451 2367 δὲ
2478 2312 2539 2366 τὸ
2567 2311 2734 2383 μέσον
2757 2309 2852 2363 τοῦ
2895 2307 3185 2379 ἀνθρώπου
3220 2309 3316 2361 καὶ
3343 2305 3438 2361 τοῦ
3482 2320 3718 2383 πνευμα-

2145 2396 2321 2451 τικοῦ.
2364 2394 2548 2465 Ὑμεῖς
2569 2376 2630 2449 .οί
2675 2376 3085 2464 πνευματικοί.
3133 2393 3195 2445 Et
3243 2387 3609 2461 πνευματικὸς
3657 2376 3732 2450 εἶ,

2145 2481 2315 2548 δεῖξόν
2344 2498 2433 2551 μοι
2464 2480 2565 2550 τὴν
2598 2478 2751 2550 ἰσχύν
2773 2494 2889 2543 σου,
2921 2477 2993 2547 μὴ
3020 2475 3129 2529 ἀπὸ
3159 2474 3263 2545 τῆς
3296 2473 3398 2543 σῆς
3430 2469 3730 2542 σωτηρίας,

2148 2565 2283 2619 ἀλλά
2323 2565 2418 2617 καὶ
2446 2562 2555 2616 ἀπὸ
2582 2562 2680 2632 τῆς
2709 2560 2851 2631 ἐμῆς
2879 2559 3173 2630 σωτηρίας,
3215 2557 3351 2610 ἀλλά
3375 2558 3470 2610 καὶ
3496 2554 3603 2608 ἀπὸ
3630 2554 3733 2624 τῆς

2151 2646 2400 2719 βοηθείας
2429 2645 2527 2715 τῆς
2555 2645 2634 2708 είς
2659 2644 2784 2706 τοὺς
2811 2641 3185 2702 πεπτωκότας.
3216 2638 3387 2692 Τοῦτο
3418 2637 3527 2707 γάρ
3567 2652 3733 2689 πνευ-

2153 2729 2404 2802 ματικοῦ,
2457 2729 2530 2800 μὴ
2568 2728 2830 2799 περιορᾷν
2878 2726 2947 2780 τά
2989 2727 3165 2779 οἰκεῖα
3204 2725 3338 2795 μέλη
3386 2722 3727 2794 ἠμελημένα.

2150 2809 2527 2881 Καταρτίζετε
2589 2812 2695 2864 τὸν
2752 2809 3042 2863 τοιοῦτον.
3114 2807 3436 2877 Ἀχείρωτον
3491 2807 3731 2867 ποιεῖτε,

2151 2896 2336 2968 φησὶν,
2366 2892 2827 2963 ἀκαταγώνιστον,
2854 2893 3064 2963 ἄμαχον
3091 2891 3170 2963 τῷ
3196 2891 3447 2962 διαϐόλῳ.
3480 2887 3734 2944 Σκοπῶν

2150 2980 2429 3044 σεαυτὸν,
2449 2978 2536 3049 μὴ
2564 2978 2662 3031 καὶ
2697 2977 2778 3032 σὺ
2808 2973 3160 3044 πειρασθῇς.

2222 3067 2287 3138 β’.
2310 3066 2460 3137 Αὕτη
2493 3066 2720 3137 μεγίστη
2746 3063 3044 3136 συμϐουλὴ,
3064 3059 3442 3131 ἀναγκαστικὴ
3469 3057 3730 3129 παραίνε-

2152 3171 2256 3218 σις.
2286 3154 2402 3208 Κᾶν
2435 3153 2579 3216 λίθος
2671 3153 2700 3205 ὀ
2732 3150 2965 3214 ἀκούων,
2992 3148 3176 3203 ίκανὸν
3210 3147 3372 3201 αὐτὸν
3402 3145 3637 3215 φοϐῆσαι
3671 3138 3734 3195 τδ

2154 3240 2327 3313 ῥῆμα,
2358 3240 2454 3293 καὶ
2485 3239 2622 3310 πρὸς
2656 3237 2924 3307 ἀνάληψιν
2943 3236 3205 3307 διεγεῖραι
3238 3234 3332 3288 τοῦ
3360 3231 3732 3293 πεπτωκότος.

2152 3327 2229 3384 Οὐ
2262 3327 2460 3398 βούλει,
2488 3326 2674 3397 φησὶν,
2701 3325 2776 3387 ῶς
2797 3324 3024 3390 ἀδελφὸς
3062 3323 3283 3394 ἐλεῆσαι
3308 3338 3323 3388 ;
3352 3321 3412 3375 οὐ
3446 3319 3626 3391 βούλει
3656 3319 3734 3382 ώς

2152 3414 2425 3486 ἀνθρώπῳ
2476 3415 2591 3467 ὖντι
2640 3412 2824 3466 δοῦναι
2891 3410 3259 3483 συγγνώμην;
3308 3410 3365 3463 οὐ
3424 3408 3603 3479 βούλει
3653 3408 3734 3470 ώς

2155 3502 2525 3575 πνευματικὸς
2566 3503 2724 3575 χεῖρα
2760 3499 2980 3573 ὁρέξαι;
3013 3498 3092 3551 Ta
3123 3499 3264 3552 κατά
3300 3497 3493 3550 σαυτὸν
3527 3494 3735 3564 σκόπηο

2156 3608 2269 3656 σον,
2298 3590 2392 3643 καὶ
2421 3589 2483 3641 οὐ
2514 3587 2678 3659 δεήσῃ
2706 3587 2799 3640 τοῦ
2834 3585 3295 3656 συμὸουλεύοντος
3317 3624 3331 3645 ,
3357 3583 3496 3636 ὥστε
3528 3581 3732 3653 βοηθῆ-

2157 3692 2247 3731 σαι
2274 3677 2352 3748 τῷ
2383 3676 2639 3746 κειμένῳ,
2671 3673 2784 3727 ἀλλ’
2813 3673 3025 3727 οἴκοθεν
3052 3673 3145 3725 καὶ
3172 3673 3322 3744 παρὰ
3352 3669 3551 3725 σαυτοῦ
3580 3670 3732 3733 δέξαι

2153 3767 2251 3839 τὴν
2290 3764 2631 3837 παραίνεσιν.
2660 3762 2783 3827 Πῶς
2807 3764 2901 3815 καὶ
2931 3761 3039 3814 τίνι
3069 3760 3258 3832 τρόπῳ
3283 3776 3298 3825 ;
3350 3757 3600 3813 Σκοπῶν
3626 3772 3730 3810 σεο

2154 3854 2362 3920 αυτὸν,
2411 3851 2573 3921 φησι,
2612 3850 2697 3919 μὴ
2744 3850 2838 3903 καὶ
2884 3849 2966 3903 σὺ
3009 3846 3360 3917 πειρασθῇς.
3424 3848 3537 3900 Οὐκ
3584 3842 3729 3908 εἷπε,

2149 3950 2373 4013 Πάντως
2403 3941 2511 4012 γάρ
2540 3941 2632 3995 καὶ
2661 3943 2724 3993 ab
2767 3939 3083 4009 ἁμαρτήσῃ,
3113 3938 3201 3990 ἵνα
3227 3937 3302 4007 μὴ
3327 3933 3730 4005 φορτικώτερον

2156 4032 2360 4103 ποιήσῃ
2382 4030 2470 4082 τὸν
2498 4029 2654 4097 λόγον
2675 4043 2690 4058 δ
2718 4026 2855 4079 ἀλλά
2894 4027 3039 4090 πῶς;
3069 4028 3125 4078 Μ
3132 4024 3164 4090 ἠ
3198 4041 3324 4077 ποτε
3352 4022 3449 4076 καί
3489 4021 3570 4075 σὺ
3607 4035 3732 4074 πει·

2148 4117 2406 4189 ρασθῇς.
2435 4117 2594 4177 Ἴσως
2619 4113 2674 4165 δὲ
2705 4114 3020 4184 ἁμαρτήσῃ,
3044 4114 3173 4175 ἴσως
3200 4112 3256 4164 δὲ
3281 4111 3381 4181 οὐχ
3411 4110 3728 4182 ἁμαρτήσῃ·

2170 4204 2321 4259 Ἐπεὶ
2348 4201 2442 4256 οὖν
2473 4201 2667 4273 ἄδηλον
2695 4202 2754 4253 τὸ
2790 4200 2983 4271 μέλλον
3005 4239 3021 4262 ,
3056 4196 3373 4271 προαπόθου
3415 4214 3497 4250 σοι
3540 4195 3732 4263 φιλανθ

2158 4293 2400 4365 θρωπίας
2442 4289 2651 4362 ἔρανον,
2699 4289 2765 4341 δι’
2791 4282 2865 4342 ὧν
2895 4290 2974 4351 είς
3002 4288 3094 4341 τὸν
3144 4286 3370 4358 πλησίον
3425 4286 3614 4347 ποιεῖς,
3662 4284 3733 4354 ἦν

2159 4398 2286 4436 ποτε
2338 4377 2773 4451 περιτραπείης,
2827 4375 3025 4445 πολλὴν
3083 4375 3335 4448 εὑρήσεις
3398 4371 3732 4442 συγγνώμης

2157 4467 2440 4540 ἀποθήκην
2479 4462 2871 4533 ἀποκειμένην.
2913 4463 3027 4515 Οὐκ
3054 4455 3196 4526 εἷπε,
3233 4462 3322 4532 Μή
3360 4476 3491 4513 ποτε
3534 4461 3627 4513 καὶ
3663 4460 3730 4511 σὺ

2158 4558 2431 4629 ἁμάρτῃς,
2465 4555 2539 4623 μή
2565 4566 2697 4605 ποτε
2727 4552 2820 4603 καὶ
2847 4552 2911 4603 σύ
2936 4549 3107 4620 πέσῃς
3125 4564 3137 4577 ·
3161 4549 3460 4620 προσέχετε
3485 4546 3730 4618 ἀκριϐῶς

2158 4648 2223 4717 τῇ
2251 4643 2477 4712 δυνάμει
2508 4639 2617 4693 τῶν
2644 4639 2903 4710 ῥημάτων
2923 4637 3102 4689 αὐτῶν
3122 4652 3137 4669 ·
3167 4636 3324 4697 ἀλλά,
3355 4633 3450 4700 Μή
3476 4650 3605 4687 ποτε
3628 4633 3731 4687 καί

2158 4735 2240 4788 σὺ
2267 4726 2616 4798 πειρασθῇς.
2642 4724 2881 4789 Ἔδειξεν
2902 4725 2982 4777 ὅτι
3008 4724 3272 4795 πειρατὴν
3296 4722 3493 4791 ἔχομεν
3512 4720 3727 4791 ἐχθρόν·

2156 4827 2185 4877 ό
2215 4822 2271 4874 δὲ
2300 4815 2565 4888 πειρατὴς
2594 4816 2692 4884 οὐχ
2719 4812 3138 4884 ὡμολογημένον
3176 4811 3276 4881 τῆς
3312 4809 3613 4870 ἐπιθέσεως
3637 4807 3730 4860 τὸν

2159 4909 2347 4979 καιρὸν
2376 4907 2511 4977 ἔχει,
2547 4903 2681 4957 ἀλλά
2717 4901 2976 4965 πολλάκις
3003 4901 3134 4971 ἡμῖν
3166 4900 3258 4952 καὶ
3283 4896 3602 4950 καθεύδουσι
3630 4895 3729 4947 καὶ

2160 4996 2494 5073 ῥᾳθυμοῦσιν
2519 4992 2817 5047 ἐπιτίθεται
2836 5006 2851 5021 ’
2880 4989 2967 5043 διά
2994 4989 3153 5042 τοῦτο
3193 4989 3440 5049 κάκεῖνος
3464 4984 3726 5073 όῌπρολη-

2158 5071 2311 5162 φθεὶς
2340 5082 2671 5153 συγγνώμης
2698 5080 2847 5145 ἄξιος
2865 5118 2880 5142 ,
2910 5076 3096 5148 ἐπειδὴ
3123 5076 3228 5129 ὑπὸ
3267 5071 3539 5162 πειρατοῦ

2159 5160 2234 5231 οι
2267 5175 2374 5244 γάρ
2398 5169 2467 5245 ἦν
2507 5168 2658 5242 [σου]
2683 5165 2833 5236 αὐτῷ
2856 5164 3071 5235 φανερά
3097 5166 3130 5234 ή
3164 5164 3332 5233 μάχη,
3363 5162 3483 5216 οὐδὲ
3514 5160 3722 5232 ώμολοο

2158 5266 2394 5335 γημένος
2424 5263 2454 5314 ὁ
2478 5258 2666 5329 καιρὸς
2693 5256 2785 5309 τοῦ
2821 5252 3078 5321 πολέμου,
3116 5251 3251 5306 ἀλλά
3286 5251 3570 5319 ἀγνοοῦντι
3599 5251 3731 5304 ὲπέ-

2160 5353 2283 5407 θετο
2299 5394 2313 5413 ,
2348 5351 2445 5405 καὶ
2467 5348 2556 5402 διά
2579 5345 2738 5400 τοῦτο
2766 5341 3129 5415 περιεγένετο.
3154 5339 3311 5395 Οὕτω
3337 5341 3431 5394 καὶ
3459 5342 3509 5393 οἱ
3541 5339 3731 5394 πλέονα

2158 5453 2250 5503 τες
2278 5437 2378 5508 τὴν
2411 5433 2680 5490 θάλατταν
2704 5429 2804 5499 τὴν
2835 5426 3076 5497 μεγάλην
3102 5426 3306 5496 ταύτην
3352 5426 3447 5478 καὶ
3494 5423 3733 5495 εὐρύχω-

2163 5542 2254 5599 ρον
2280 5519 2512 5576 ποιοῦσι.
2527 5517 2646 5599 Κᾶν
2672 5511 2930 5599 ἐξουρίων
2951 5512 3134 5599 αὐτοῖς
3156 5513 3389 5599 φέρηται
3414 5510 3475 5599 τί)
3499 5509 3728 5599 σκάφος,

2160 5592 2264 5665 κᾶν
2307 5603 2488 5673 πάσης
2516 5596 2859 5655 ἀπολαύωσιν
2884 5594 3202 5662 ἀσφαλείας,
3234 5593 3385 5647 ἴδωσι
3412 5592 3479 5671 δὲ’
3512 5592 3732 5663 πόρρω-

2162 5694 2254 5749 θεν
2278 5668 2690 5760 ναυαγήσαντας
2721 5682 2937 5753 ἐτέρους
2958 5720 2973 5745 ,
3006 5679 3066 5732 οὐ
3102 5680 3237 5751 πρὸς
3263 5681 3360 5751 τὴν
3403 5668 3608 5734 quam,
3638 5678 3731 5733 εὖ-
