4134 6214
351 325 456 380 (Si

360 440 579 494 iirment
605 455 616 489 :
649 447 705 493 et
729 439 793 492 iis
817 438 905 506 qui
935 437 1242 502 abfucrunt,
1268 453 1370 490 non
1399 445 1502 490 tam
1527 436 1841 489 damnosum
1867 435 1935 488 sit

359 532 614 594 abfuisse,
635 531 678 584 si
700 540 752 585 et
774 531 902 598 ipsis
928 531 1220 584 innotescat
1246 531 1485 584 doctrina
1509 529 1708 599 pridem
1740 527 1936 579 Ιιειιιὶιι.

365 621 429 674 Et
458 619 698 674 fortassis
735 621 913 674 dicent
943 620 1029 690 qui
1062 635 1273 690 seraper
1302 629 1424 674 sunt
1461 629 1751 690 praesentes
1771 659 1785 680 ,
1818 633 1940 686 pro-

365 720 482 780 pter
510 711 628 765 illos
656 725 821 780 nuper
845 710 985 764 dicta
1018 727 1120 764 non
1151 726 1270 765 esse
1295 710 1610 764 resumenda
1635 749 1651 774 ,
1690 719 1746 762 ut
1786 709 1817 761 ii
1853 707 1942 776 qui

363 819 482 856 cum
505 804 622 858 aliis
641 803 925 858 convenire
949 813 1401 872 contempserunt,
1425 805 1523 858 hoc
1545 805 1739 858 damno
1760 816 1944 856 emen-

365 892 577 956 tlttttlttr,
609 904 661 947 et
690 893 818 947 fiant
847 892 1066 961 posthac
1091 893 1472 964 diligentiores.

436 985 586 1041 Zelus
623 985 973 1054 temperandus
1002 985 1358 1039 misericordia.
1389 1010 1458 1026 -—
1509 984 1761 1053 Equidem
1819 984 1935 1036 Iau-

365 1073 452 1132 ιιι),
481 1074 622 1143 quod
663 1074 884 1129 fratrum
931 1074 1125 1130 doletis
1165 1076 1448 1144 ignaviam,
1479 1085 1532 1128 et
1561 1075 1796 1128 admiror
1846 1089 1937 1128 ze-

365 1164 473 1218 lutn
507 1183 519 1219 :
554 1167 747 1220 vellem
777 1175 950 1220 autem
979 1182 1074 1219 vos
1093 1168 1262 1221 zelum
1290 1167 1427 1220 hunc
1458 1176 1756 1236 temperare
1786 1167 1946 1219 mise-

366 1256 614 1311 ricordia.
645 1257 798 1312 Zelus
823 1259 961 1312 enint
1004 1259 1208 1313 veniam
1236 1273 1452 1329 negans,
1484 1261 1660 1328 potius
1695 1257 1840 1311 furor
1866 1265 1947 1310 est

363 1361 521 1414 quam
554 1348 716 1412 zelus,
744 1357 800 1403 et
826 1349 1138 1413 admonitio,
1174 1351 1390 1405 lenitate
1429 1351 1712 1414 destituta,
1751 1349 1946 1402 invidia

363 1438 604 1504 qua-dam
632 1447 730 1493 est.
760 1440 1092 1511 QuaprOpter
1117 1443 1283 1511 magis
1310 1456 1404 1494 vos
1430 1441 1674 1500 obsecro,
1707 1457 1773 1493 ne
1801 1456 1948 1494 ama-

376 1543 433 1581 re
459 1529 525 1582 de
549 1532 908 1599 proximorum
931 1532 1179 1599 judicetis
1232 1533 1482 1601 peccatis.
1528 1530 1658 1585 Nam
1715 1531 1854 1584 sicut
1903 1531 1946 1586 is

363 1622 451 1688 qui
479 1622 678 1692 absque
720 1625 1182 1678 commiseratione
1202 1625 1416 1677 vulnera
1447 1623 1667 1677 fratrum
1699 1631 1902 1693 spectat
1928 1664 1941 1686 ,

366 1714 564 1765 nullum
602 1714 833 1767 inveniet
876 1714 965 1783 qui
1006 1730 1063 1767 se
1101 1714 1347 1784 dignetur
1374 1714 1549 1774 venia.
1577 1714 1621 1767 si
1650 1712 1862 1782 quando
1893 1722 1946 1766 et

365 1805 478 1870 ipse
501 1805 796 1873 precavcrit
829 1822 841 1857 :
872 1804 942 1857 ita
985 1805 1070 1873 qui
1118 1819 1238 1858 cum
1284 1803 1645 1858 misericordia
1686 1803 1752 1856 de
1796 1803 1945 1869 lapsu

366 1895 591 1964 proximi
618 1895 839 1962 jndieat,
867 1895 911 1949 si
934 1897 1143 1964 quando
1162 1906 1215 1951 et
1237 1898 1349 1966 ipse
1375 1897 1737 1966 supplantatus
1769 1897 1942 1956 fuerit.

366 1986 560 2040 multos
586 1987 779 2040 videbit
808 2003 1018 2041 manum
1052 1989 1401 2056 porrigentes.
1452 1988 1518 2042 Et
1544 1987 1655 2041 lucc
1684 2002 1821 2040 nunc
1861 1986 1945 2041 di-

363 2093 428 2130 eo
450 2119 466 2144 ,
499 2095 604 2132 non
624 2079 763 2148 quod
796 2079 955 2134 velim
982 2095 1163 2134 eorum
1207 2080 1294 2149 qui
1321 2095 1443 2135 raro
1489 2080 1592 2135 huc
1623 2078 1948 2134 conveniunt

362 2172 735 2240 negligentiam
763 2173 968 2242 augeri,
1002 2171 1095 2225 sed
1122 2171 1261 2242 quod
1306 2173 1563 2240 majorem
1616 2187 1799 2226 curam
1845 2185 1945 2224 no-

360 2274 524 2317 Stram
551 2279 674 2333 erga
705 2264 823 2318 illos
853 2265 1080 2332 cupiam,
1103 2265 1170 2318 ita
1198 2276 1254 2318 ιιι
1284 2280 1402 2319 cum
1433 2266 1638 2318 ratione
1667 2273 1722 2318 et
1749 2263 1946 2317 amoris

361 2353 555 2407 allietu
582 2364 810 2420 geratur.
871 2354 1116 2422 Alioquin
1154 2365 1208 2409 et
1251 2369 1349 2408 nos
1370 2355 1732 2424 superioribus
1754 2354 1943 2409 diebus

361 2445 560 2499 multos
585 2454 638 2498 et
668 2444 858 2513 longos
879 2461 1153 2500 sermones
1183 2445 1460 2500 adversum
1487 2447 1602 2500 illos
1632 2446 1940 2516 pronuntia-

363 2537 554 2596 vimus,
587 2545 643 2590 et
687 2553 854 2605 neque
885 2537 1151 2590 hominum
1185 2539 1399 2592 nomine
1441 2537 1632 2606 dignos
1670 2536 1897 2590 diximus
1925 2551 1943 2591 :

363 2627 504 2680 sicut
533 2628 851 2682 meministis
879 2627 956 2700 (α)
983 2645 1080 2682 nos
1103 2629 1155 2683 in
1185 2628 1282 2683 hoc
1311 2629 1626 2698 produxisse
1660 2628 1944 2698 prophetas

353 2716 494 2771 duos
544 2717 838 2787 pratcipum
883 2728 1068 2774 contra
1121 2719 1238 2774 illos
1270 2739 1282 2772 :
1313 2736 1544 2790 quorum
1592 2735 1728 2774 unus
1776 2719 1943 2773 dicit:

375 2807 496 2860 γειιί
521 2850 534 2870 ,
567 2819 614 2861 et
639 2827 737 2862 non
761 2821 868 2862 erat
896 2811 1044 2864 homo
1078 2827 1097 2865 :
1127 2812 1384 2871 vocari,-et
1415 2828 1515 2865 non
1543 2821 1648 2865 erat
1677 2811 1764 2880 qui
1791 2811 1942 2863 andi-

359 2909 433 2950 ret
463 2897 615 2968 (lsai.
641 2900 731 2954 50.
771 2900 862 2967 ‘2);
895 2901 1029 2953 alius
1068 2910 1242 2955 autem
1283 2903 1514 2963 clamat,
1548 2910 1600 2956 et
1645 2902 1773 2954 dicit
1805 2919 1816 2954 :
1850 2899 1943 2954 Cui

359 2991 538 3056 loquar
567 3000 616 3043 et
667 2992 970 3057 testiﬁcabor
992 2992 1018 3044 ?
1072 2990 1446 3045 lnrircumcisw
1490 3007 1639 3044 aures
1674 3007 1870 3056 eorum,
1898 2999 1943 3044 et

357 3098 457 3133 non
477 3095 684 3150 possunt
710 3083 891 3136 audire
920 3083 1054 3147 (λεν.
1074 3085 1127 3138 6.
1158 3084 1246 3153 ill)
1286 3084 1485 3152 Quibus
1509 3085 1684 3139 verbis
1707 3094 1942 3140 tuentem

357 3188 543 3227 eorum
572 3175 701 3228 satis
725 3176 926 3230 acriter
955 3177 1375 3245 perstrinximus.
1420 3175 1570 3232 Nunc
1593 3193 1721 3232 vero
1751 3179 1941 3232 iterum

362 3265 707 3318 obsecramus
736 3283 748 3318 :
790 3267 868 3320 sic
905 3268 1048 3321 enim
1075 3276 1130 3320 et
1169 3268 1361 3321 Paulus
1385 3267 1544 3336 jussit
1577 3285 1589 3319 :
1625 3269 1789 3338 Argue
1811 3309 1824 3332 ,
1859 3269 1940 3322 irt-

357 3355 491 3423 quil,
517 3357 741 3424 increpa,
759 3357 963 3410 obsecra
999 3357 1072 3427 (2.
1100 3357 1230 3411 Tim.
1258 3359 1312 3414 4.
1347 3358 1424 3428 2).
1458 3358 1640 3429 Neque
1666 3360 1806 3414 enim
1842 3361 1941 3414 hoc

359 3462 571 3514 semper
596 3447 767 3501 solum
807 3464 967 3518 agere
991 3460 1222 3518 oportet,
1257 3466 1426 3520 neque
1453 3466 1665 3519 semper
1696 3451 1821 3506 illud
1846 3469 1936 3505 so-

357 3537 468 3590 lum
495 3555 505 3588 :
530 3537 620 3591 sed
644 3549 924 3610 utrumque
948 3541 1168 3594 alternis
1194 3541 1394 3595 vicibus
1411 3581 1427 3605 ,
1471 3557 1578 3610 quo
1623 3543 1794 3611 major
1819 3543 1940 3599 inde

361 3640 612 3700 sequntur
636 3633 851 3686 util'tis.
889 3633 1019 3687 Nam
1048 3633 1091 3685 si
1121 3647 1331 3701 semper
1358 3650 1697 3703 argueremus
1716 3677 1731 3696 ,
1763 3635 1940 3702 impu-

359 3722 628 3776 dentiorcs
669 3723 742 3776 illi
784 3724 1057 3776 tierentzsi
1084 3739 1296 3792 semper
1335 3723 1764 3791 obsecraremns,
1796 3728 1937 3795 igua-

361 3815 535 3868 viores
565 3815 931 3870 redderentur.
973 3816 1308 3885 Quapropter
1335 3823 1390 3870 et
1421 3817 1610 3872 medici
1639 3834 1744 3872 non
1765 3820 1936 3874 solum

359 3915 562 3967 secant,
595 3905 691 3958 sed
725 3916 774 3959 et
799 3907 1011 3960 vulnera
1040 3907 1271 3975 obligant
1300 3924 1311 3958 :
1347 3922 1518 3974 neque
1553 3925 1761 3977 semper
1787 3925 1936 3963 ama-

359 4011 436 4059 ra,
458 3997 548 4049 sed
576 4015 969 4068 nonnumquam
991 4000 1151 4053 etiam
1170 4000 1304 4053 lenia
1320 3993 1600 4068 ph'artnaca
1624 4002 1932 4058 infundunt:

359 4099 414 4142 ut
447 4105 540 4157 pi-r
564 4091 735 4158 priora
765 4092 854 4145 illa
886 4093 1232 4160 pitriliceutur
1255 4094 1436 4147 sanies
1462 4104 1516 4148 et
1558 4096 1776 4163 putredo
1796 4139 1810 4164 ,
1843 4113 1937 4166 per

357 4183 648 4249 posteriora
692 4191 869 4238 autem
909 4183 1177 4253 mitigetur
1205 4184 1412 4238 inustus
1435 4184 1502 4238 ab
1531 4185 1631 4238 illis
1667 4185 1835 4239 dolor.
1869 4187 1940 4242 Et

355 4270 552 4326 idcirco
580 4272 700 4327 alibi
721 4288 935 4343 quoque
959 4273 1127 4344 inquit
1161 4273 1353 4330 Paulus
1385 4292 1399 4328 :
1431 4275 1661 4340 Fratres,
1683 4277 1726 4328 si
1748 4294 1935 4344 prteoc-

353 4374 565 4429 eupatus
594 4363 746 4430 fuerit
771 4365 920 4417 homo
944 4364 996 4417 in
1025 4366 1195 4432 aliqua
1225 4366 1425 4429 delicto,
1460 4383 1544 4420 vos
1586 4368 1671 4434 qui
1690 4368 1932 4436 spiritua-

353 4449 426 4503 les
446 4451 584 4516 estis,
611 4454 848 4521 corripite
874 4455 1041 4519 illum,
1067 4456 1394 4511 considerans
1415 4457 1769 4527 temetipsum,
1803 4477 1866 4514 ne
1888 4470 1938 4514 et

350 4549 404 4592 tu
427 4542 834 4612 tenteris((.'ntat.
861 4545 916 4599 6.
953 4547 1026 4615 l).
1060 4548 1276 4616 Optima
1297 4549 1610 4614 admonitio,
1645 4551 1932 4618 perfectum

352 4631 631 4684 consilium
654 4676 667 4692 ,
693 4633 831 4701 quod
859 4644 1076 4702 paterna
1100 4639 1306 4692 viscera
1329 4639 1597 4702 declarat,
1627 4649 1680 4692 et
1707 4643 1824 4708 ejus
1843 4643 1932 4710 qui

351 4737 595 4793 magnam
625 4725 788 4778 nostri
815 4741 995 4780 curam
1015 4737 1172 4796 gent.
1207 4728 1342 4782 Vere
1370 4729 1560 4797 lingua:
1584 4729 1727 4784 Pauli
1753 4733 1932 4800 verba,

351 4814 561 4869 fratres.
592 4817 731 4872 Satis
761 4818 960 4872 eximio
988 4820 1203 4872 nomine
1231 4819 1543 4874 benevolum
1581 4823 1805 4878 reddidit
1835 4841 1932 4878 au-

349 4906 576 4961 ditorctn
615 4910 806 4979 :quasi
871 4909 1430 4978 dicturnszEjusdetn
1481 4914 1614 4967 uteri
1666 4927 1817 4983 partu
1878 4928 1932 4969 et

349 4996 624 5052 doloribus
651 5013 942 5071 prognatos
966 5018 1046 5063 es,
1064 5002 1312 5056 eumdem
1339 5002 1562 5058 habuisti
1591 5019 1818 5074 patrem,
1839 5009 1930 5064 iiI-

349 5087 470 5141 dem
495 5089 761 5143 alimentis
784 5092 1038 5146 educatus
1060 5108 1137 5154 cs,
1165 5095 1568 5149 communicasti
1619 5099 1664 5150 ei
1696 5098 1747 5150 in
1778 5109 1932 5166 partu

349 5179 643 5248 spirituali;
674 5184 1040 5252 cognationem
1063 5194 1115 5238 et
1143 5183 1526 5241 fraternitatem
1551 5188 1684 5241 banc
1703 5190 1860 5242 etiam
1880 5192 1931 5245 ιιι

349 5271 677 5338 corrigendis
702 5275 923 5342 proximi
953 5277 1142 5330 erratis
1166 5276 1404 5332 declara.
1457 5278 1517 5331 Si
1543 5292 1927 5349 prtcoccrtpntus

349 5363 520 5428 fuerit.
551 5361 663 5416 Non
694 5365 847 5426 dixit.
877 5366 930 5419 Si
959 5377 1160 5434 peccet,
1188 5370 1280 5422 sed
1303 5368 1366 5421 ad
1384 5384 1551 5437 genus
1579 5370 1776 5438 peccati
1804 5386 1932 5425 con-

351 5453 480 5521 fugit
501 5495 515 5516 ,
539 5454 678 5523 quod
708 5456 960 5525 majorem
993 5468 1225 5512 meretur
1250 5461 1480 5516 veniam.
1510 5461 1569 5514 Si
1601 5477 1928 5532 pra'occttpa-

349 5555 430 5594 tus
457 5547 610 5612 fuerit
639 5561 655 5598 :
692 5545 793 5599 boc
814 5557 917 5612 ast,
951 5548 992 5601 si
1025 5548 1254 5614 graviter
1283 5558 1514 5603 tentatus
1556 5552 1890 5605 succubuerit
1912 5593 1928 5618 ,

401 5678 482 5744 .(a)
514 5681 595 5727 llic
615 5679 810 5748 denotat
829 5693 1104 5748 sermonem
1124 5684 1169 5732 ia
1212 5682 1346 5738 illud.
1372 5685 1542 5733 Saulus
1559 5686 1721 5734 adhuc
1743 5685 1932 5748 spiram

340 5750 514 5803 mutas,
538 5750 652 5802 etc...
676 5747 758 5804 qui
777 5751 851 5792 est
872 5746 1052 5806 jrimus
1073 5745 1136 5792 dc
1159 5748 1414 5794 xttttnticme
1438 5749 1699 5797 turiniiitun.

1559 323 1626 378 IN
1665 318 1958 378 (ιιςιιιιςςιιι
1997 320 2227 376 SERMO
2259 319 2346 375 ιιι.

3531 323 3633 376 6‘23

2049 437 2092 489 si
2123 436 2398 498 erraverit,
2423 450 2594 506 neque
2613 451 2734 491 eum
2757 439 2847 508 qni
2883 438 3058 493 dedita
3091 452 3252 508 Opera
3285 439 3518 504 peecivit
3547 440 3630 492 di-

2048 528 2140 591 cit,
2167 527 2259 580 sed
2300 542 2420 580 cum
2461 529 2548 596 qui
2599 529 2800 583 studuit
2848 531 2986 584 bene
3035 545 3220 599 agere,
3264 537 3633 598 supptamatus

2049 627 2226 672 tamen
2254 627 2388 672 esta
2422 627 2681 688 potestate
2725 621 2982 676 diabolica
3010 635 3063 677 et
3107 623 3293 675 victus.
3340 622 3467 675 Nam
3512 625 3631 674 ιςιιὶς

2051 723 2159 762 non
2201 719 2307 762 tam
2365 711 2756 765 accusationem
2801 727 2958 782 quam
3010 713 3216 766 veniam
3264 724 3517 767 meretur.
3572 714 3631 766 Si

2052 813 2434 871 praeoccupatus
2461 805 2614 873 fuerit
2663 804 2832 857 homo.
2890 804 3085 858 lterum
3136 803 3201 856 ad
3251 805 3410 856 aliam
3464 806 3629 858 venia:

2050 893 2283 960 speciem
2308 892 2562 964 confugit,
2594 911 2786 963 nempe
2812 905 3013 947 natura:
3044 893 3404 948 inﬁrmitatem
3427 933 3444 958 ,
3473 909 3631 964 quam

2053 986 2266 1039 nomine
2291 984 2523 1040 ltominis
2545 987 2797 1041 insinuat.
2832 985 2979 1039 Sicut
3016 985 3174 1053 igitur
3208 993 3263 1039 et
3287 999 3508 1054 magnus
3535 985 3637 1040 iob

2054 1075 2262 1128 veniam
2311 1090 2341 1129 a
2395 1077 2504 1130 Deo
2560 1077 2845 1145 impetrare
2896 1077 3098 1138 volt-ns.
3127 1074 3544 1141 dicebatzLinit!
3563 1085 3638 1128 est

2052 1171 2200 1222 homo
2244 1169 2378 1238 quod
2422 1179 2623 1238 reputas
2669 1186 2781 1220 eum
2804 1209 2816 1230 ,
2847 1179 2894 1221 et
2939 1169 3269 1222 visitationem
3310 1179 3625 1236 peccatorum

2051 1263 2160 1331 ejus
2190 1262 2350 1330 fecisti
2381 1261 2518 1330 (Job.
2547 1262 2600 1314 7.
2631 1262 2750 1324 17)?
2780 1262 2854 1314 sic
2884 1270 2937 1314 et
2967 1275 3063 1314 nos
3103 1260 3356 1314 faciamus
3376 1301 3390 1324 ,
3423 1262 3634 1328 quando

2052 1366 2172 1405 cum
2202 1360 2476 1420 peccatore
2502 1352 2678 1419 aliquo
2698 1350 3350 1419 expostulatnr.coiitinne
3368 1349 3628 1406 dicamus.

2053 1442 2224 1496 llomo
2245 1450 2324 1494 est
2357 1459 2372 1494 :
2400 1451 2454 1495 et
2484 1452 2687 1494 natura:
2719 1440 3084 1494 recordatione
3121 1440 3186 1492 ad
3216 1439 3636 1493 misericordiam

2054 1531 2415 1601 indignantem
2449 1546 2820 1599 provocemus.
2869 1530 2933 1583 Et
2959 1545 3020 1584 ea
3053 1529 3120 1583 de
3148 1544 3304 1582 causa
3351 1529 3545 1583 Paulus
3571 1528 3637 1581 ad

2051 1634 2290 1678 naturam
2321 1629 2373 1675 et
2399 1622 2513 1692 ejus
2551 1622 2908 1676 infirmitatem
2935 1621 3201 1692 confugit,
3224 1636 3346 1676 cum
3375 1620 3508 1674 dixit
3533 1635 3545 1672 :
3577 1619 3638 1674 Si

2051 1725 2099 1768 et
2148 1726 2534 1784 praeoccupatus
2575 1715 2725 1784 fuerit
2763 1716 2911 1766 homo
2958 1714 3012 1766 in
3038 1713 3209 1782 aliqua
3257 1711 3464 1764 delicto.
3523 1711 3636 1764 Non

2051 1804 2367 1873 simpliciter
2408 1819 2595 1874 magna
2627 1812 2844 1873 peccata
2873 1802 3032 1863 dicit,
3067 1817 3186 1871 qua:
3227 1801 3428 1870 majora
3478 1815 3638 1869 quam

2053 1907 2110 1952 ut
2149 1899 2354 1952 veniam
2403 1907 2458 1951 et
2505 1895 2928 1950 misericordiam
2973 1894 3164 1948 mereri
3211 1893 3512 1955 videantur,
3540 1891 3635 1946 sed

2053 2004 2210 2058 parva
2239 1998 2293 2043 et
2320 1988 2549 2057 objecta.
2614 1986 2712 2041 Vos
2738 1987 2824 2057 qui
2852 1986 3162 2056 spirituaies.
3191 1983 3243 2038 ls
3284 1984 3373 2054 qui
3416 1991 3635 2053 peccat.

2051 2081 2248 2146 homo;
2276 2081 2363 2150 qui
2396 2095 2528 2134 vero
2547 2079 2683 2134 bene
2712 2087 3019 2150 operantur,
3049 2074 3348 2144 spirituales
3369 2073 3636 2127 dicuntur.

2054 2174 2149 2229 llic
2193 2173 2403 2228 virtutis
2443 2172 2758 2227 vocabulum
2798 2170 3008 2242 posuit,
3051 2171 3162 2225 illic
3199 2177 3402 2224 natura:
3444 2179 3642 2222 nomen

2051 2266 2211 2320 dixit.

2123 2357 2422 2428 Spiritnalis
2477 2357 2626 2409 homo
2670 2356 2802 2424 quis.
2842 2383 2913 2394 —
2949 2353 3170 2408 Multum
3226 2360 3403 2405 autem
3462 2349 3636 2404 differt

2052 2448 2229 2509 homo.
2263 2459 2315 2503 et
2341 2448 2651 2518 spiritualis.
2693 2446 2790 2499 Vos
2812 2446 2898 2515 qui
2919 2444 3229 2514 spirituum.
3263 2442 3319 2497 Si
3350 2441 3639 2510 spiritualis

2049 2558 2128 2607 es,
2157 2542 2379 2595 ostende
2404 2542 2532 2595 mihi
2555 2544 2801 2594 virtutem
2831 2548 2996 2602 tuam,
3030 2552 3136 2590 non
3158 2551 3185 2588 a
3212 2545 3318 2598 tua,
3350 2534 3444 2590 sed
3466 2551 3496 2587 a
3521 2549 3638 2588 mea

2048 2635 2239 2696 salute,
2271 2634 2364 2688 sed
2388 2649 2416 2685 a
2448 2632 2686 2686 subsidio
2706 2629 2846 2697 quod
2875 2630 3026 2697 lapso
3053 2630 3176 2681 fers.
3207 2627 3318 2680 Hoc
3346 2625 3486 2679 enim
3525 2625 3638 2694 spi-

2049 2727 2256 2783 ritualis
2279 2735 2358 2779 est
2381 2766 2394 2788 ,
2429 2740 2532 2778 non
2555 2723 2831 2792 despicere
2856 2736 2950 2775 sua
2976 2720 3216 2774 membra
3266 2717 3636 2787 periclitantia.

2050 2817 2295 2870 lustruire
2321 2816 2489 2869 talem.
2525 2815 2726 2878 Facite,
2755 2813 2849 2877 ait,
2880 2826 2948 2865 ne
2976 2811 3092 2879 capi
3123 2810 3310 2879 possit,
3332 2825 3398 2864 ne
3421 2817 3636 2862 certan-

2051 2910 2121 2964 do
2149 2909 2489 2978 defatigetur,
2519 2923 2583 2958 ne
2607 2904 2898 2974 pra-liando
2923 2904 3180 2957 adversus
3199 2900 3468 2955 diabolum
3511 2914 3636 2953 suc-

2051 2999 2283 3054 cumbat.
2313 2998 2650 3052 Considerans
2680 2996 3014 3064 temetipsum,
3047 3010 3109 3048 ne
3140 3005 3186 3048 et
3210 3004 3261 3046 tu
3287 2993 3510 3046 tenteris.

2117 3091 2171 3144 2.
2215 3089 2324 3143 [loc
2351 3103 2614 3143 summum
2637 3087 2918 3142 consilium
2948 3093 3050 3152 est,
3067 3095 3120 3139 et
3140 3083 3431 3138 admOnitiu
3459 3083 3636 3136 maxi-

2049 3197 2134 3236 me.
2157 3196 2370 3250 cogens.
2406 3180 2622 3234 Etiamsi
2646 3194 2837 3233 saxeus
2870 3178 3051 3241 fueris,
3083 3186 3136 3231 et
3157 3176 3342 3231 audias
3364 3217 3380 3240 ,
3411 3176 3636 3231 verbum

2050 3272 2150 3327 hoc
2177 3273 2403 3326 Sufficiet
2426 3271 2490 3324 ad
2521 3269 2826 3324 terreudmn
2853 3310 2868 3330 ,
2894 3279 2947 3324 et
2975 3267 3397 3338 provocandam,
3425 3283 3532 3336 quo
3557 3265 3634 3320 fc-

2049 3379 2136 3417 ras
2164 3365 2419 3418 auxilium
2451 3363 2618 3432 lapso.
2651 3361 2764 3416 Non
2793 3362 2870 3415 vis
2890 3402 2904 3425 ,
2938 3361 3044 3425 ait,
3075 3369 3129 3414 ιιι
3163 3361 3328 3413 frater
3356 3357 3634 3413 misereri?

2049 3471 2153 3508 non
2179 3455 2256 3508 vis
2287 3464 2341 3506 ut
2367 3453 2672 3507 hcinioibus
2697 3451 2993 3506 concedere
3029 3450 3280 3504 veniam?
3309 3464 3413 3503 non
3452 3451 3534 3502 vis
3576 3459 3634 3502 ιιι

2045 3547 2337 3618 spiritualis
2367 3562 2580 3600 manum
2611 3545 2922 3614 porrigere?
2950 3543 3239 3598 Considera
3269 3540 3630 3595 conditionem

2046 3652 2231 3695 tuam:
2264 3651 2448 3694 etnon
2503 3639 2759 3708 indigebis
2802 3637 3126 3700 consiliario,
3172 3635 3265 3691 sed
3299 3651 3394 3704 per
3441 3643 3631 3688 temet-

2045 3732 2216 3800 ipsmn
2245 3735 2508 3799 jacentem
2532 3731 2757 3799 juvabis.
2789 3738 2841 3783 et
2863 3744 2892 3781 a
2916 3728 3196 3795 temetipso
3233 3725 3626 3780 admoneberis.

2043 3824 2160 3889 Quo
2189 3832 2360 3892 pacto,
2391 3830 2444 3875 et
2472 3837 2577 3889 quo
2608 3821 2802 3873 modo?
2827 3817 3512 3884 ConsideranstemeJipsnm,
3531 3817 3626 3880 ait,

2043 3933 2107 3969 ne
2132 3926 2177 3968 et
2203 3925 2256 3968 tu
2278 3918 2497 3968 (cureris.
2529 3913 2641 3968 Non
2663 3913 2794 3966 dixit
2819 3930 2830 3964 :
2863 3913 2992 3966 Nam
3021 3912 3239 3964 omnino
3267 3922 3319 3964 et
3347 3922 3401 3964 tu
3436 3927 3626 3981 pecca-

2043 4008 2143 4073 bis,
2177 4025 2243 4062 lie
2273 4009 2544 4061 molestior
2567 4017 2708 4060 esset
2733 4024 2744 4058 :
2769 4003 2862 4058 sed
2884 4004 3146 4073 quomodo
3176 4003 3345 4057 dixit?
3370 4003 3628 4074 Nequan-

2041 4100 2110 4153 do
2136 4111 2180 4153 et
2205 4110 2256 4152 tu
2282 4099 2503 4152 tenteris.
2553 4097 2690 4151 Fit-ri
2741 4095 2880 4150 enim
2913 4104 3089 4164 potest
3135 4103 3190 4147 ιιι
3238 4109 3425 4162 pecces
3458 4109 3472 4147 :
3508 4093 3623 4147 fieri

2041 4192 2200 4246 etiam
2230 4200 2402 4261 potest
2432 4199 2487 4243 ut
2538 4205 2644 4242 non
2672 4204 2876 4258 pecces.
2911 4188 2973 4242 Et
3003 4187 3123 4257 quia
3154 4188 3412 4241 incertum
3436 4197 3517 4242 est
3540 4186 3626 4240 fu-

2043 4292 2237 4342 turum,
2273 4295 2400 4350 pata
2449 4281 2540 4334 tibi
2587 4279 2966 4333 misericordia:
3016 4277 3310 4346 sportulas,
3363 4293 3496 4347 quas
3550 4278 3625 4331 illi

2039 4373 2073 4428 d
2099 4389 2230 4438 rues,
2261 4382 2315 4426 ιιι
2355 4388 2449 4442 per
2476 4372 2562 4426 illa
2591 4387 2709 4441 que
2759 4375 3000 4440 proximo
3043 4371 3130 4437 im;
3152 4369 3306 4423 endis
3327 4409 3343 4433 ,
3375 4368 3416 4421 si
3465 4378 3519 4420 et
3569 4376 3626 4422 tu

2040 4465 2322 4535 aliquando
2346 4465 2522 4533 lapsus
2543 4463 2743 4526 fueris,
2779 4461 3018 4516 invenias
3070 4458 3428 4529 promptuaria
3465 4457 3628 4512 mitto-

2042 4559 2246 4612 ratione
2287 4557 2503 4611 referta.
2555 4555 2669 4610 Non
2700 4555 2855 4617 dixit,
2901 4553 2976 4608 Ne
3004 4553 3219 4622 quando
3244 4562 3297 4605 et
3325 4560 3379 4603 tu
3409 4565 3626 4621 pecces,

2042 4663 2110 4702 ne
2137 4649 2346 4716 quando
2372 4661 2421 4701 et
2452 4657 2506 4702 tu
2538 4648 2696 4701 cadas
2726 4665 2739 4699 :
2773 4646 3031 4699 attendite
3076 4645 3364 4714 diligenter
3399 4642 3465 4697 ad
3514 4643 3626 4697 vim

2044 4739 2326 4794 verborum
2369 4740 2606 4808 ipsortnn
2635 4757 2647 4791 :
2674 4737 2765 4792 sed
2789 4778 2804 4801 ,
2861 4735 2944 4790 Ne
2997 4736 3211 4806 quando
3241 4746 3286 4789 et
3315 4746 3368 4789 tu
3397 4736 3619 4789 (emeris.

2039 4831 2158 4898 Quo
2188 4833 2343 4886 simul
2391 4832 2688 4894 indicatur,
2718 4844 2816 4883 nos
2847 4830 3045 4883 habere
3082 4830 3354 4883 inimicum
3393 4835 3622 4881 tentato-

2040 4938 2150 4977 rctn
2182 4939 2195 4975 :
2227 4933 2277 4976 et
2316 4930 2544 4976 tentatur
2567 4937 2670 4974 non
2697 4928 2949 4973 statutum
2981 4919 3258 4973 insidiandi
3289 4928 3495 4986 tempus
3522 4914 3620 4969 lla-

2040 5014 2164 5075 bct;
2199 5016 2507 5083 plerumque
2533 5013 2673 5066 enim
2699 5013 2751 5065 in
2781 5029 2878 5066 nos
2909 5011 3238 5066 dormientes
3264 5017 3314 5062 et
3344 5006 3620 5076 negligen-

2041 5115 2120 5159 tes
2151 5108 2401 5173 impetum
2433 5103 2556 5156 facit
2580 5121 2592 5156 :
2618 5112 2672 5157 et
2700 5103 2895 5157 idcirco
2920 5108 3316 5172 prmoccujmtus
3344 5098 3430 5151 ille
3451 5097 3621 5165 magis

2038 5197 2227 5265 dignus
2253 5203 2335 5248 est
2354 5235 2367 5254 ,
2392 5196 2474 5248 cui
2507 5194 2840 5248 eondonetur
2860 5234 2874 5256 ,
2898 5192 3149 5261 quoniam
3183 5205 3211 5242 a
3245 5197 3505 5241 tentatore
3530 5201 3619 5240 ea-

2041 5296 2160 5356 plus
2190 5294 2291 5338 est.
2352 5284 2466 5338 Non
2509 5287 2650 5338 enim
2676 5294 2792 5337 erat
2821 5284 2869 5337 ei
2909 5280 3185 5334 manifesta
3211 5294 3415 5349 pugna,
3447 5292 3620 5347 neque

2039 5377 2317 5431 condictus
2345 5375 2460 5429 dies
2488 5374 2648 5438 belli,
2680 5374 2772 5428 sed
2796 5375 2847 5427 in
2879 5373 3149 5426 incautum
3178 5371 3427 5440 impetum
3453 5369 3578 5423 fecit
3601 5407 3622 5433 ,

2038 5478 2194 5536 atque
2224 5467 2422 5521 idcirco
2449 5466 2737 5533 superavit.
2781 5464 2870 5520 Sic
2917 5472 3090 5518 nautae
3146 5475 3359 5532 quoque
3398 5459 3620 5522 faciunt,

2037 5577 2158 5615 cum
2191 5575 2286 5629 per
2313 5574 2564 5629 magnum
2591 5568 2645 5613 et
2666 5559 2960 5627 spatiosum
2992 5571 3140 5611 mare
3170 5555 3436 5625 navigant.
3473 5553 3618 5608 Licet

2041 5653 2190 5704 navis
2215 5650 2453 5705 secundo
2476 5659 2636 5704 vento
2662 5648 2898 5715 feratur,
2931 5650 3054 5704 licet
3088 5645 3231 5701 omni
3263 5644 3504 5699 fruantur
3535 5659 3615 5700 sc-

2043 5743 2291 5808 curitatc,
2319 5754 2440 5795 cum
2467 5750 2644 5795 tamen
2674 5739 2900 5796 viderint
2927 5739 3060 5795 alios
3083 5736 3164 5793 vel
3192 5735 3375 5810 procul
3408 5733 3616 5790 naufra-
