4134 6214
460 311 565 367 θιὶό

459 428 647 498 Σύρων
674 429 827 498 φωνῇ
856 427 918 480 τὸ
960 425 1152 496 πέραν
1194 423 1429 492 λέγεται.
1462 423 1557 476 καὶ
1584 422 1764 478 ίσασιν
1791 424 1906 478 ὅσοι
1931 423 2032 493 τῆς

463 511 645 585 φωνῆς
671 508 877 576 ταύτης
917 509 1059 561 είσὶν
1087 507 1361 577 ἔμπειροι.
1409 505 1589 576 Πολλὴ
1636 505 1694 559 δὲ
1737 508 1805 576 τῇ
1851 505 2037 576 Σύρων

465 594 614 664 φωνῇ
645 591 779 662 πρὸς
808 589 906 660 τὴν
942 588 1052 642 τῶν
1088 585 1354 659 Ἐϐραίων
1379 587 1626 656 γλῶτταν
1656 590 1690 658 ή
1725 588 2033 656 συγγένεια.

460 674 572 729 Καὶ
595 674 683 727 διά
704 673 754 726 τί
783 672 1029 743 περάτης
1046 671 1284 739 ἐλέγετο,
1306 670 1469 741 φησίν
1487 688 1503 736 ;
1520 671 1585 724 'H
1614 671 1843 724 Ἰουδαία
1862 669 2037 742 χώρα,

462 744 758 819 τουτέστιν,
787 755 821 824 ή
848 754 1179 824 Παλαιστίνη
1210 755 1381 817 πᾶσα,
1418 756 1452 824 ή
1477 755 1590 808 ἀπὸ
1618 755 1717 824 τῆς
1757 752 2037 821 Αἰγύπτου

466 838 625 908 μέχρι
652 835 745 888 τοῦ
772 837 1077 909 Εὐφράτου,
1110 837 1230 890 κατ’
1258 836 1485 908 ἀντικρὺ
1532 838 1710 889 κεῖται
1736 838 1835 905 τῆς
1860 836 2039 888 80.60-

462 920 681 984 λωνίας,
709 918 832 972 ὅθεν
859 914 927 990 ἦν
954 921 983 972 0
1021 918 1296 989 Ἀϐραάμ·
1331 919 1425 971 καὶ
1465 917 1627 988 μέσος
1670 919 1756 989 ῥεῖ
1777 918 1844 970 δι’
1870 920 2040 988 ἀμφοο

461 1001 681 1074 τέρωνό
713 1001 958 1078 ποταμὸς
980 1040 997 1065 ,
1036 999 1212 1054 κοινὸν
1247 997 1497 1070 μεθόριον
1537 998 1612 1052 ὢν
1641 999 1903 1070 ἑκατέρας
1939 999 2041 1070 τῆς

461 1084 582 1154 γῆς.
601 1085 753 1138 Ἐπεὶ
785 1081 878 1138 οὖν
899 1085 1000 1138 οὑκ
1026 1083 1135 1137 ἀπὸ
1164 1082 1266 1152 τῆς
1291 1082 1658 1152 Παλαιστίνης
1688 1078 1777 1152 ἦν,
1799 1083 1916 1137 ἀλλ’
1932 1083 2042 1136 ἀπὸ

460 1168 556 1221 τοῦ
589 1167 759 1239 πέραν
790 1164 955 1240 ἦλθεν
980 1167 1089 1221 άπὸ
1108 1166 1209 1236 τῆς
1232 1165 1603 1232 Βαϐυλωνίας,
1632 1166 1722 1220 διὰ
1752 1165 1914 1218 τοῦτο
1932 1165 2044 1220 ἀπὸ

458 1250 557 1304 τοῦ
590 1251 755 1304 τόπου
788 1252 884 1305 καὶ
934 1248 1029 1306 τοῦ
1071 1247 1395 1320 πράγματος
1427 1248 1488 1301 τὸ
1523 1248 1692 1318 ὄνομα
1733 1248 1913 1310 ἔλαϐε,
1947 1248 2043 1302 καὶ

464 1334 707 1405 περάτης
734 1334 973 1402 ἐλέγετο,
1004 1331 1193 1403 ἐπειδὴ
1219 1331 1329 1385 ἀπὸ
1359 1330 1454 1384 τοῦ
1480 1331 1654 1402 πέραν
1684 1326 1837 1403 ἦλθε.
1860 1334 1958 1385 Διά
1988 1330 2042 1384 τί

460 1415 517 1468 δὲ
551 1416 660 1468 ἀπὸ
691 1413 786 1468 τοῦ
821 1415 992 1485 πέραν
1026 1410 1226 1484 ἦλθεν;
1280 1413 1498 1485 Ἐπειδὴ
1543 1416 1572 1467 0
1608 1413 1740 1477 Θεὸς
1767 1413 2041 1468 ἐκέλευσε.

462 1498 575 1550 Καὶ
602 1497 691 1550 διὰ
719 1497 773 1549 τί
797 1497 827 1549 0
846 1497 979 1558 Θεὸς
1006 1497 1323 1563 ἐκέλευσεν;
1347 1497 1464 1550 Ἵνα
1492 1495 1642 1569 δείξῃ
1668 1494 1767 1567 τὴν
1797 1496 2044 1567 ὑπακοὴν

461 1580 557 1632 τοῦ
590 1579 821 1634 δικαίου.
869 1580 980 1634 Καὶ
1024 1578 1142 1643 πῶς
1190 1578 1397 1632 ἐδείκνυ
1426 1578 1526 1650 τὴν
1560 1578 1807 1650 ὑπακοὴν
1851 1577 1948 1632 τοῦ
1976 1578 2047 1630 δι-

463 1662 654 1726 καίου;
703 1663 827 1716 ’Ὁτι
871 1662 960 1715 διά
1006 1662 1067 1716 τὸ
1120 1660 1284 1715 αὑτοῦ
1321 1662 1653 1733 πρόσταγμα
1695 1663 1794 1733 τὴν
1836 1660 2046 1715 οἰκείαν

463 1747 654 1815 ἀφεὶς,
694 1747 796 1818 τὴν
840 1745 1128 1816 ἀλλοτρίαν
1158 1746 1278 1801 ἀντὶ
1316 1745 1532 1816 ἐκείνης
1573 1745 1859 1815 ἠλλάξατο.
1894 1740 2047 1807 Εἶδες

464 1827 606 1898 πόση
655 1828 915 1881 πλέκεται
943 1827 1105 1899 σειρά
1142 1828 1251 1880 ἀπὸ
1285 1828 1382 1899 τῆς
1410 1827 1503 1881 τοῦ
1531 1827 1740 1879 δικαίου
1770 1842 2045 1897 προσηγο-

469 1910 623 1982 ρίαςς
671 1910 995 1980 ὐλόκληρον
1035 1911 1168 1980 ἡμῖν
1210 1909 1445 1977 πέλαγος
1493 1909 1736 1980 ἱστορίας
1782 1908 1842 1961 τὸ
1877 1909 2047 1977 ὄνομα

464 1991 641 2063 ηνοιξε
667 1991 842 2054 τοῦτο.
859 1991 1014 2046 Μάθε
1038 1993 1219 2044 τοίνυν
1240 1991 1404 2045 αὑτοῦ
1426 1991 1488 2043 τὸ
1507 1990 1680 2061 ὄνομα
1704 1991 1766 2043 τὸ
1792 1990 2047 2054 παλαιὸν,

467 2074 554 2128 ἵνα
580 2075 707 2127 ὅταν
736 2073 850 2146 ἴδῃς
881 2073 1044 2129 αὑτὸν
1083 2073 1183 2145 τὴν
1220 2072 1589 2144 Παλαιστίνην
1632 2072 1920 2135 οἰκοῦντα,
1961 2071 2049 2125 διά

466 2156 564 2227 τῆς
597 2159 968 2230 προσηγορίας
1014 2157 1179 2212 αὑτοῦ
1225 2158 1361 2229 πρὸς
1408 2158 1505 2228 τὴν
1549 2158 1784 2228 ἀρχαίαν
1815 2156 2049 2224 πατρίδα

468 2241 976 2312 χειραγωγούμενος
997 2281 1012 2302 ,
1046 2242 1141 2295 καὶ
1184 2240 1471 2313 μανθάνων
1508 2241 1605 2311 τὴν
1635 2240 1837 2299 αἰτίαν,
1882 2239 1949 2292 δι’
1982 2240 2048 2309 ἣν

468 2323 639 2392 αὑτὴν
669 2324 1044 2391 ἐγκατέλιπεν,
1078 2325 1270 2395 ἱκανὴν
1302 2323 1438 2394 πρὸς
1464 2323 1555 2377 τὸν
1577 2322 1741 2377 αὑτὸν
1768 2322 1931 2393 ζῆλον
1954 2321 2048 2375 λά-

468 2405 569 2476 ϐῃς
604 2406 969 2479 παράκλησιν.

542 2487 861 2560 Ἀνθρωπος
894 2489 1003 2561 7&9
1042 2490 1149 2560 πρὸ
1196 2490 1360 2559 νόμου
1386 2487 1480 2542 καὶ
1512 2487 1611 2559 τῆς
1641 2488 1869 2559 ἐννόμου
1899 2485 2049 2539 πολι-

467 2571 621 2633 τείας
651 2570 747 2633 ὢν,
779 2572 879 2642 τὴν
912 2573 970 2623 ἐν
1015 2574 1084 2641 τῇ
1128 2570 1313 2641 χάριτι
1360 2570 1680 2639 φιλοσοφίαν
1714 2569 2047 2633 ἐπεδείξατο,

472 2652 567 2705 καὶ
592 2653 728 2723 ὅπερ
753 2654 936 2722 ἔλεγεν
970 2652 1196 2724 ὕστερον
1240 2654 1269 2704 ό
1299 2651 1533 2722 Χριστὸς
1563 2653 1677 2712 τοῖς
1698 2651 2045 2713 ἀποστόλοις

485 2734 664 2803 Ἀμὴν
699 2735 856 2805 λέγω
889 2734 1059 2804 ὑμῖν,
1091 2736 1180 2788 ὅτι
1226 2737 1335 2788 οὐκ
1380 2733 1581 2799 ἔστιν,
1613 2733 1782 2799 ὅστις
1813 2732 2053 2802 ἀφῆκεν

472 2819 687 2883 οὶκίαν,
712 2818 752 2886 ἢ
778 2817 1103 2887 ἀδελφοὺς,
1126 2818 1165 2885 ἢ
1191 2816 1481 2886 ἀδελφὰς,
1516 2815 1555 2885 ἢ
1583 2815 1829 2884 πατέρα,
1868 2816 1908 2884 ἢ
1936 2834 2052 2886 μη-

472 2900 644 2967 τέρα,
692 2900 762 2966 ὃς
798 2902 913 2970 οὐχ
954 2899 1555 2954 ἑκατονταπλασίονα
1602 2898 1864 2968 λήψεται
1886 2941 1901 2964 ,
1950 2900 2049 2953 καί

474 2980 629 3050 ζωὴν
672 2982 916 3037 αἰώνιον
967 2981 1411 3052 κληρονομήσει
1431 2998 1446 3012 ·
1501 2982 1659 3036 τοῦτο
1705 2983 1912 3047 ἐκεῖνος
1964 2982 2053 3037 διά

473 3065 586 3119 τῶν
624 3066 804 3137 ἔργων
833 3067 939 3138 πρὸ
965 3068 1066 3138 τῆς
1091 3070 1311 3139 χάριτος
1340 3066 1616 3139 ἐποίησεν.
1653 3068 1769 3122 οὑκ
1799 3067 1907 3120 ἀπὸ
1930 3067 2052 3120 τού-

476 3168 570 3217 του
606 3151 664 3204 δέ
698 3152 858 3221 μόνον
887 3150 983 3221 τὴν
1010 3151 1333 3220 φιλοσοφίαν
1361 3150 1509 3204 ἐστιν
1545 3150 1673 3204 ίδεῖν
1700 3150 1793 3204 τοῦ
1819 3150 2051 3214 δικαίου,

476 3231 616 3285 ἀλλά
677 3232 772 3285 καὶ
812 3232 920 3284 ἀπὸ
964 3232 1065 3302 τῆς
1120 3232 1466 3303 ὑποσχέσεως
1521 3232 1692 3301 αὑτῆς
1740 3230 1834 3285 τοῦ
1894 3231 2050 3286 Θεοῦ.

477 3313 658 3382 Δεῦρο
696 3314 802 3386 γάρ
824 3356 840 3381 ,
872 3319 1058 3386 φησιν,
1084 3318 1173 3381 εις
1205 3315 1320 3384 τὴν
1345 3314 1479 3385 γῆν,
1512 3314 1595 3383 ἦν
1617 3316 1696 3369 ἄν
1727 3330 1825 3369 σοι
1855 3314 2050 3378 δείξω.

379 3401 388 3411 '
480 3397 546 3451 Εί
575 3395 681 3469 7&9
708 3396 801 3449 καὶ
826 3397 1132 3469 ἀμφότεραι
1171 3398 1426 3467 αἰσθηταὶ
1456 3399 1511 3450 αἱ
1542 3396 1798 3468 πατρίδες
1816 3436 1832 3459 ,
1875 3395 1989 3448 ἀλλ’
2018 3400 2051 3467 ή

483 3478 582 3549 μὲν
604 3479 778 3531 οἰκεία
800 3475 887 3550 ἦν,
920 3481 955 3549 ὴ
993 3479 1051 3533 δὲ
1090 3479 1377 3550 ἀλλοτρία·
1419 3479 1514 3532 καὶ
1541 3481 1575 3549 ή
1620 3480 1717 3548 μὲν
1744 3478 1975 3549 φανερά,
2021 3481 2055 3547 ή

478 3559 535 3613 δέ
564 3558 756 3631 άδηλος
775 3577 791 3591 ο
821 3561 917 3615 καὶ
948 3562 982 3632 ή
1015 3562 1114 3631 μὲν
1146 3565 1204 3616 ἐν
1237 3565 1455 3632 χερσὶν,
1490 3563 1524 3632 ή
1551 3560 1608 3614 δέ
1640 3563 1697 3614 ἐν
1726 3560 1932 3615 ἐλπίσι·
1962 3561 2057 3614 καὶ

480 3645 630 3714 ὅμως
658 3644 727 3696 τά
758 3645 968 3716 φανερά
1013 3645 1107 3698 καὶ
1149 3645 1287 3713 δῆλα
1340 3646 1434 3698 καὶ
1461 3644 1531 3697 τά
1558 3645 1615 3697 ἐν
1645 3645 1833 3715 χερσὶν
1861 3643 2021 3713 ἀφεὶς
2039 3684 2054 3709 ,

485 3724 634 3799 [695]
663 3727 798 3800 πρὸς
829 3728 898 3781 τά
925 3728 1105 3799 ἀφανῆ
1139 3728 1232 3781 καὶ
1260 3727 1451 3799 ἄδηλα,
1492 3729 1585 3781 καὶ
1611 3719 1686 3780 ὧν
1716 3728 1815 3780 οὑκ
1850 3722 1919 3798 ἦν
1957 3726 2051 3781 κύο

487 3826 599 3878 ριος
624 3810 863 3882 ἔτρεχεν,
895 3813 981 3865 ἵνα
1015 3828 1075 3864 σε
1106 3811 1271 3884 πείσῃ
1301 3812 1395 3865 καὶ
1417 3810 1704 3884 παιδεύσῃ,
1728 3812 1856 3865 ὅταν
1875 3815 1904 3864 0
1925 3812 2059 3877 Θεὸς

484 3894 551 3945 τά
580 3892 680 3962 μὲν
708 3894 841 3965 δῆλα
873 3895 1089 3965 ἀφεῖναι
1118 3894 1315 3965 κελεύῃ
1340 3936 1355 3957 ,
1392 3895 1527 3965 πρὸς
1553 3894 1610 3948 δὲ
1637 3894 1706 3948 τά
1733 3894 1902 3967 ἄδηλα
1936 3894 2056 3965 βλέ-

484 3994 641 4039 πειν,
704 3978 779 4049 μὴ
836 3977 1160 4047 ἀντιλέγειν,
1213 3976 1347 4047 μηδὲ
1393 3976 1774 4048 ἀμφισϐητεῖν.
1825 3979 1900 4030 Οὑ
1954 3978 2059 4050 7&9

485 4059 626 4111 οὑτω
653 4059 789 4129 δῆλά
821 4062 935 4113 ἐστι
959 4061 1028 4113 τά
1055 4062 1112 4112 ἐν
1142 4059 1330 4129 χερσὶν
1350 4098 1364 4120 ,
1390 4058 1465 4121 ὼς
1509 4060 1692 4112 ἐκεῖνα
1717 4058 1786 4112 τά
1822 4061 1880 4113 ἐν
1906 4060 2059 4112 ἐλπί-

487 4156 572 4192 σιν
592 4157 607 4170 ·
637 4141 735 4210 οὑχ
762 4140 904 4193 οὕτω
928 4141 1060 4211 δήλη
1090 4143 1238 4194 ἐστὶν
1262 4142 1296 4211 ἡ
1327 4138 1577 4211 παροῦσα
1606 4140 1742 4211 ζωὴ,
1771 4141 1846 4204 ὡς
1879 4141 2059 4211 ἐκείνη

489 4224 522 4291 ή
558 4222 846 4291 μέλλουσα.
876 4224 1094 4294 Ταύτην
1119 4224 1219 4293 μὲν
1242 4225 1351 4291 γάρ
1392 4223 1608 4294 ὁρῶμεν
1637 4225 1748 4287 τοῖς
1775 4224 2061 4295 ἡμετέροις

489 4304 808 4376 ὀφθαλμοῖς,
834 4306 1050 4375 ἐκείνην
1073 4306 1290 4377 ὁρῶμεν
1319 4306 1434 4367 τοῖς
1469 4305 1569 4375 τῆς
1597 4305 1833 4369 πίστεως
1864 4305 2063 4376 ὀφθαλ-

495 4392 614 4459 μοῖς
634 4405 648 4419 ·
684 4388 887 4459 ταύτην
911 4389 1131 4460 δρῶμεν
1157 4391 1215 4442 ἐν
1241 4391 1362 4451 ταῖς
1406 4387 1705 4459 ἡμετέραις
1748 4390 1904 4460 χερσὶ
1948 4407 2066 4444 κεια-

496 4470 688 4539 μένην,
706 4472 920 4541 ἐκείνην
948 4472 1164 4542 ὁρῶμεν
1184 4472 1279 4523 καὶ
1297 4472 1419 4533 ταῖς
1441 4470 1797 4539 ἐπαγγελίαις
1817 4469 1912 4524 τοῦ
1928 4470 2064 4525 Θεοῦ

496 4552 923 4622 φυλαττομένην.

565 4635 625 4688 δ’.
666 4636 733 4688 Δί
761 4636 818 4688 δέ
847 4635 1170 4704 ἐπαγγελίαι
1205 4635 1301 4689 τοῦ
1326 4634 1462 4688 Θεοῦ
1487 4634 1668 4705 πολλῷ
1701 4634 2069 4708 δυνατώτεραι

495 4719 606 4771 τῶν
629 4718 910 4789 ήμετέρων
941 4718 1159 4789 χειρῶν.
1201 4718 1388 4774 Βούλει
1417 4718 1607 4789 μαθεῖν
1643 4718 1762 4782 πῶς
1788 4719 1930 4790 αὕτη
1967 4722 2067 4791 μὲν

497 4805 535 4874 ἡ
563 4802 677 4874 ζωὴ
702 4802 736 4872 ή
760 4798 1009 4872 παροῦσα
1035 4802 1093 4854 ἐν
1127 4801 1310 4873 ἀδήλῳ
1342 4804 1520 4855 κεῖται
1547 4801 1859 4866 διαπαντὸς,
1887 4804 2072 4874 ἐκείνη

498 4885 555 4939 δέ
585 4884 618 4955 ή
648 4884 938 4956 μέλλουσα,
974 4884 1009 4955 ή
1041 4883 1273 4938 δοκοῦσα
1300 4885 1495 4957 ἄδηλος
1522 4878 1684 4947 εἶναι,
1721 4884 2074 4957 φανερωτέρα

498 4968 598 5040 τῆς
622 4967 900 5040 παρούσης
923 4968 1039 5021 ἐστὶ⁵
1063 4968 1155 5021 καὶ
1177 4968 1496 5039 βεϐαιοτέρα
1518 4969 1613 5021 καὶ
1636 4967 1861 5038 μόνιμος
1886 4983 1900 5032 ;
1931 4967 2077 5033 Ἐξε-

500 5053 775 5121 τάσωμεν,
810 5051 859 5103 εί
884 5049 1051 5114 δοκεῖ,
1080 5050 1151 5105 τά
1193 5051 1422 5122 λαμπρά
1466 5051 1566 5120 τῆς
1595 5050 1878 5122 παρούσης
1906 5050 2073 5120 ζωῆς.

501 5134 593 5186 τὸν
627 5133 886 5200 πλοῦτον,
915 5134 1015 5205 τήν
1044 5133 1231 5201 δόξαν,
1256 5134 1355 5204 τὴν
1398 5133 1718 5190 δυναστείαν
1739 5172 1754 5196 ,
1782 5132 1881 5197 τάς
1911 5132 2078 5203 τιμάς

502 5216 602 5279 τὶς
625 5215 776 5287 παρὰ
806 5215 1109 5287 ἀνθρώπων
1131 5235 1144 5248 ·
1189 5216 1283 5271 καὶ
1311 5216 1429 5287 ϐψει
1460 5217 1667 5272 τούτων
1698 5216 1852 5269 οὐδὲν
1884 5214 2080 5285 ἀδηλό-

502 5314 681 5371 τερον.
717 5299 782 5351 Τί
818 5300 928 5371 γάρ
955 5300 1309 5372 ἀπιστότερον
1344 5300 1597 5364 πλούτου,
1631 5296 1724 5352 τοῦ
1755 5298 1888 5370 μηδέ
1920 5298 2080 5369 μέχρι

505 5384 602 5453 τῆς
626 5384 861 5453 ἑσπέρας
892 5383 1153 5448 πολλάκις
1178 5387 1311 5455 ἡμῖν
1341 5384 1785 5455 παραμένοντοςς
1819 5381 2083 5451 Καθάπερ

507 5465 616 5537 γάρ
639 5465 914 5535 δραπέτης
948 5466 1218 5536 ἀγνώμων
1246 5468 1355 5520 ἀπὸ
1382 5467 1572 5520 τούτου
1604 5468 1684 5530 εἰς
1722 5467 1927 5518 ἐκεῖνον
1963 5482 2081 5516 συν·

513 5548 652 5617 εχῶς
684 5547 1022 5618 μεθίσταται,
1056 5552 1151 5603 καὶ
1188 5550 1350 5603 πάλιν
1386 5551 1495 5605 ἀπὸ
1517 5549 1705 5603 τούτου
1746 5548 1881 5621 πρὸς
1907 5547 2083 5603 ἄλλον.

513 5631 764 5683 τοιοῦτόν
793 5647 844 5683 τι
866 5634 961 5685 καὶ⁵
985 5635 1018 5703 ή
1042 5632 1167 5700 δόξα
1189 5632 1361 5687 ἐστίν.
1383 5633 1441 5685 '0
1468 5632 1578 5704 7&9
1602 5634 1708 5708 πρὸ
1733 5632 1920 5687 τούτου
1949 5632 2087 5703 λαμο

1147 309 1205 366 S.
1246 307 1534 365 JOANNIS
1569 304 2065 363 CHRYSOS'I'OIH
2109 307 2430 366 ARCHIEP.
2469 309 3021 367 CONSTANTINOP.

3603 320 3717 379 626

2137 425 2349 495 γίνεται
2373 441 2390 455 ·
2436 426 2531 479 καὶ
2577 426 2639 479 τὸ
2686 427 2926 481 ἐναντίον
2956 425 3138 480 πάλιν.
3178 426 3288 481 Καὶ
3319 426 3574 502 καθάπερ
3619 436 3719 489 τὸν

2136 508 2327 578 τροχὸν
2356 507 2596 578 συνεχῶς
2625 510 2989 579 στρεφόμενον
3015 510 3117 562 οὑκ
3147 507 3297 563 ἐστιν
3318 512 3456 582 όρᾷν
3492 512 3589 567 ἐπι
3622 518 3720 571 τοῦ

2136 590 2303 644 αὑτοῦ
2334 592 2435 663 τῆς
2471 592 2701 661 ἄντυγος
2740 592 2939 663 μέρους
2963 610 2977 623 ·
3030 594 3096 664 τῇ
3141 590 3249 664 γὰρ
3290 595 3591 667 πυκνότητι
3617 599 3724 670 τῆς

2137 674 2287 747 δίνης
2309 677 2602 740 διαπαντὸς
2622 678 2691 731 τὰ
2713 678 2826 732 ἄνω
2854 678 3005 731 κάτω
3032 677 3264 747 γίνεται,
3296 678 3392 731 καὶ
3411 680 3724 739 τούναντίον

2140 760 2301 814 πάλιν
2319 776 2332 790 ·
2369 759 2515 813 οὑτω
2548 760 2640 813 καὶ
2686 761 2721 831 ή
2769 759 2875 813 τῶν
2910 761 3251 833 πραγμάτων
3290 761 3400 815 τῶν
3431 764 3724 837 ἡμετέρων

2139 842 2280 914 φορά
2305 842 2542 913 συνεχῶς
2573 843 2937 915 στρεφομένη,
2962 842 3031 896 τά
3053 844 3165 898 ἀνω
3192 843 3345 897 κάτω
3365 848 3543 899 ποιεῖ’
3578 847 3723 901 οὑτω

2141 926 2236 978 καὶ
2264 926 2358 978 ἐπὶ
2378 924 2474 978 τοῦ
2507 924 2738 978 πλούτου
2767 925 2861 978 καὶ
2900 926 2994 977 ἐπὶ
3024 925 3123 996 τῆς
3152 925 3468 990 δυναστείας
3501 928 3600 981 καὶ
3628 930 3724 983 ἐπὶ

2139 1008 2248 1060 τῶν
2273 1007 2448 1061 ἀλλων
2470 1008 2742 1062 ἁπάντων.
2766 1006 3033 1061 Οὐδέποτε
3058 1009 3151 1060 ἐπὶ
3174 1009 3271 1079 τῆς
3297 1011 3467 1081 αὑτῆς
3488 1012 3723 1082 ἔστηκεν

2140 1090 2322 1161 ἔδρας,
2354 1089 2489 1143 άλλά
2515 1090 2585 1143 τά
2613 1090 2722 1142 τῶν
2748 1089 3009 1159 ποταμῶν
3041 1092 3289 1160 μιμεῖται
3320 1092 3591 1163 ῥεύματα,
3619 1112 3723 1166 μη-

2140 1171 2313 1242 δαμοῦ
2348 1189 2475 1225 ποτε
2503 1171 2792 1242 ἱστάμενα.
2822 1171 2889 1224 Τί
2911 1167 3005 1225 οὖν
3038 1171 3242 1225 τούτων
3271 1172 3469 1241 γένοιτ’
3502 1175 3571 1228 ἂν
3594 1177 3720 1246 ἀδη-

2141 1253 2258 1306 λότε
2267 1271 2378 1325 ρον,
2393 1254 2501 1308 τῶν
2522 1253 2667 1308 οὕτω
2687 1254 2929 1325 συνεχῶς
2952 1254 3461 1326 μεταϐαλλομένων,
3480 1258 3574 1311 καὶ
3594 1261 3720 1330 πρὶν

2142 1337 2176 1408 ἢ
2203 1339 2438 1406 φανῆναι
2466 1337 2884 1407 άφιπταμένων,
2912 1338 3043 1408 πρὶν
3069 1337 3103 1407 ἢ
3152 1338 3558 1408 παραγενέσθαι
3585 1342 3720 1394 ἀπο·

2143 1419 2438 1491 πηδώντων
2465 1437 2480 1484 ;
2516 1420 2614 1473 Διά
2642 1418 2800 1473 τοῦτο
2834 1421 2927 1473 καὶ
2958 1421 2987 1472 0
3020 1422 3306 1490 προφήτης
3352 1423 3482 1492 περὶ
3511 1424 3719 1494 τρυφῆς

2144 1503 2236 1555 καὶ
2257 1502 2489 1556 πλούτου
2517 1504 2609 1555 καὶ
2633 1501 2743 1555 τῶν
2762 1501 3018 1555 τοιούτων
3035 1502 3437 1573 διαλεγόμενος,
3461 1506 3554 1558 καὶ
3580 1505 3720 1559 σκώ-

2145 1602 2295 1639 πτων
2321 1587 2401 1648 είς
2429 1589 2556 1650 τοὺς
2596 1584 2733 1658 πρὸς
2767 1585 2907 1637 αὑτά
2937 1585 3232 1653 κεχηνότας
3264 1587 3340 1649 ὼς
3381 1587 3715 1657 διαμένοντα,

2147 1668 2340 1738 φησίν·
2389 1668 2496 1734 Ὧς*
2541 1667 2770 1724 ἑστῶτα
2805 1668 3164 1737 ἐλογίσαντο
3205 1668 3428 1732 ταῦτα,
3466 1672 3559 1725 καὶ
3600 1675 3715 1742 οὐχ

2144 1753 2225 1818 ὡς
2247 1752 2566 1822 φεύγοντα.
2612 1750 2727 1803 υὺκ
2754 1745 2930 1810 εἶπεν,
2978 1751 3039 1803 οὑ
3090 1751 3507 1823 παρερχόμενα,
3544 1755 3652 1808 ἀλλ’
3686 1755 3716 1808 0

2148 1832 2325 1903 πολλῴ
2356 1834 2541 1903 μεῖζόν
2572 1835 2742 1895 ἐστιν,
2775 1834 2873 1897 Ὠς
2896 1832 3194 1900 φεύγοντα
3213 1850 3226 1864 ε
3260 1834 3382 1888 οὑδέ
3406 1836 3514 1903 7&9
3542 1838 3719 1907 ἡρέμα

2147 1918 2440 1988 ἀναχωρεῖ,
2466 1916 2600 1971 ἀλλά
2630 1915 2769 1988 μετά
2800 1915 2996 1969 πολλοῦ
3027 1915 3122 1969 τοῦ
3145 1917 3362 1986 τάχους.
3404 1918 3542 1970 Ἀλλ’
3576 1919 3671 1990 οὑχ
3695 1923 3723 1972 0

2148 2003 2495 2071 πατριάρχης
2535 2000 2711 2063 οὕτως
2733 2037 2749 2062 ,
2782 1998 2918 2053 ἀλλά
2963 2000 3140 2053 πάντα
3171 2000 3346 2054 ταῦτα
3381 2001 3561 2069 ἀφεὶς,
3591 2002 3723 2073 πρὸς

2146 2084 2245 2147 τὰς
2278 2082 2612 2151 ἐπαγγελίας
2656 2082 2758 2145 τὰς
2796 2082 2946 2150 παρά
2985 2080 3079 2133 τοῦ
3123 2081 3262 2135 Θεοῦ
3309 2085 3470 2150 μόνον
3510 2083 3721 2147 ἐϐλεπε,

2151 2165 2515 2235 προώοποιῶν
2561 2166 2692 2235 ἡμῖν
2727 2164 2864 2236 πρὸς
2910 2164 3008 2234 τὴν
3046 2164 3156 2217 τῶν
3192 2164 3495 2235 μελλόντων
3524 2167 3724 2228 πίστιν,

2148 2247 2239 2309 ἵν’,
2274 2247 2403 2301 ὅταν
2433 2245 2839 2316 ἐπαγγέλληταί
2875 2263 2956 2299 σοι
2992 2247 3020 2298 0
3069 2246 3200 2309 Θεὸς
3233 2246 3303 2300 τά
3334 2248 3595 2318 μέλλοντα
3633 2249 3727 2301 καὶ

2146 2331 2246 2402 οὑχ
2274 2331 2550 2403 ὁρώμενα,
2578 2328 2652 2400 μὴ
2687 2329 2873 2400 λέγῃς,
2914 2329 2997 2382 ὅτι
3030 2328 3205 2400 ἄδηλά
3237 2332 3387 2383 ἐστιν
3421 2332 3603 2384 ἐκεῖνα
3634 2332 3729 2384 καὶ

2148 2414 2351 2483 ἀφανῆ.
2377 2414 2458 2466 Τὰ
2485 2413 2594 2483 γάρ
2630 2412 2803 2483 ἄδηλα
2828 2415 3010 2466 ἐκεῖνα
3040 2412 3245 2465 τούτων
3275 2412 3396 2465 ἐστὶ
3424 2412 3730 2481 σαφέστερα

2148 2496 2257 2548 τῶν
2288 2494 2605 2567 ὁρωμένων,
2629 2495 2723 2548 ἐὰν
2751 2496 2878 2557 τοὺς
2914 2496 3013 2564 τῆς
3038 2494 3269 2557 πίστεως
3298 2493 3511 2564 ἔχωμεν
3531 2494 3731 2563 ὀφθαλ-

2152 2577 2309 2648 μούς.
2342 2577 2405 2629 Εἰ
2434 2576 2543 2648 γὰρ
2571 2578 2664 2630 καὶ
2697 2576 2772 2647 μὴ
2805 2576 3133 2646 ἑωράκαμεν
3177 2575 3338 2639 αὑτά,
3384 2574 3499 2629 ἀλλ’
3532 2579 3563 2628 0
3597 2574 3733 2638 Θεὸς

2149 2661 2290 2716 αὑτά
2320 2661 2684 2731 ἐπηγγείλατο
2718 2661 2812 2713 καὶ
2834 2660 3120 2730 ὑπέσχετο.
3149 2661 3314 2713 Ὅταν
3341 2661 3370 2712 0
3400 2659 3532 2722 Θεὸς
3555 2661 3734 2728 ἐπαγ-

2150 2744 2429 2814 γέλληται,
2459 2744 2683 2813 οὐδεμία
2726 2742 2996 2813 μεταϐολὴ
3039 2741 3149 2795 τῶν
3175 2741 3512 2810 ὑποσχέσεων
3551 2741 3729 2795 ἀπτε-

2148 2843 2240 2880 ται
2262 2842 2278 2857 σ
2312 2825 2453 2878 ὥστε
2491 2827 2674 2879 ἐκεῖνα
2709 2826 2944 2896 μάλιστα
2978 2826 3128 2894 μένει
3164 2825 3256 2878 καὶ
3291 2824 3537 2893 πέπηγεν
3567 2824 3627 2876 ἐν
3656 2827 3735 2895 τῇ

2149 2909 2293 2979 χειρὶ
2321 2907 2414 2961 τοῦ
2449 2902 2606 2962 Θεοῦ.
2655 2910 2755 2962 Ἐκ
2788 2908 2898 2976 γὰρ
2930 2906 3040 2974 τῆς
3072 2908 3269 2975 χειρὸς
3297 2904 3403 2959 τοῦ
3443 2905 3593 2960 Θεοῦ
3623 2905 3733 2973 dp-

2151 2991 2356 3052 πάζειν
2385 2990 2587 3056 οὐδεὶς
2626 2992 2875 3044 δύναται
2901 3030 2916 3051 ,
2955 2990 3134 3059 φησίν.
3187 2988 3483 3060 Ἀρπάζειν
3526 2989 3592 3041 ἐκ
3631 2987 3733 3059 τῆς

2152 3075 2335 3145 χειρὸς
2360 3072 2456 3126 τοῦ
2490 3073 2704 3144 Πατρός
2727 3090 2827 3144 μου
2863 3071 3038 3135 οὐδεὶς
3062 3071 3305 3124 δύναται.
3341 3071 3493 3124 Ἐπεὶ
3520 3066 3613 3124 οὖν
3642 3070 3735 3123 οὑ-

2151 3156 2262 3220 δεὶς
2291 3156 2513 3210 δύναται
2540 3156 2803 3228 ἁρπάζειν
2840 3157 2903 3209 ἐκ
2937 3156 3036 3224 τῆς
3066 3155 3248 3225 χειρὸς
3271 3153 3367 3208 τοῦ
3395 3154 3551 3216 Θεοῦ,
3580 3153 3733 3225 [694]

2151 3240 2209 3290 ἐν
2248 3238 2393 3309 δήλῳ
2425 3239 2575 3308 μένει
2614 3238 2872 3308 θησαυρῷ
2910 3237 3221 3301 διαπαντός.
3265 3236 3452 3290 Ταῦτα
3498 3237 3554 3289 δέ
3600 3254 3735 3290 παν-

2152 3320 2325 3382 τοίαις
2361 3320 2683 3390 μεταϐολαῖς
2729 3320 3012 3373 ὑπόκειται
3042 3318 3136 3373 καὶ
3171 3321 3400 3390 τροπαῖς
3419 3335 3432 3346 ·
3463 3316 3550 3371 διὰ
3578 3316 3735 3370 τοῦτο

2154 3401 2415 3466 πολλάκις
2478 3396 2570 3456 τὸν
2621 3404 2718 3473 μὲν
2782 3402 2943 3455 πόνον
2988 3401 3166 3455 αὑτῶν
3220 3402 3584 3473 ὑπομένομεν,
3636 3399 3734 3452 τοῦ

2154 3487 2211 3540 δέ
2242 3487 2429 3549 τέλους
2466 3486 2647 3539 αὐτῶν
2678 3484 3149 3556 ἀποστερούμεθα.
3204 3483 3329 3537 Ἐπὶ
3358 3484 3416 3536 δὲ
3445 3484 3551 3537 τῶν
3588 3482 3736 3535 ἐλπί-

2154 3571 2260 3624 δων
2285 3570 2510 3623 ἐκείνων
2539 3570 2638 3624 οὑκ
2667 3570 2746 3623 ἐνι
2773 3569 2952 3633 τοῦτο,
2977 3568 3115 3622 ἀλλά
3142 3568 3235 3621 τὸν
3270 3567 3574 3621 πονέσαντα
3599 3567 3737 3619 πάν-

2156 3668 2265 3716 τως
2291 3651 2371 3705 δεῖ
2411 3653 2505 3706 καὶ
2534 3652 2643 3705 τῶν
2679 3652 2958 3721 στεφάνων
2985 3653 3281 3720 ἐπιτυχεῖν.
3311 3650 3376 3705 Ἦ
3415 3649 3525 3720 γὰρ
3560 3649 3734 3712 ἐλπὶς

2157 3738 2230 3789 οὐ
2260 3737 2669 3805 καταισχύνει.
2693 3733 2828 3787 Θεοῦ
2858 3734 2968 3805 γάρ
2998 3735 3145 3786 ἐστιν
3174 3721 3488 3802 ὑπόσχεσις,
3523 3731 3618 3784 καὶ
3643 3731 3733 3782 τὸν

2159 3820 2528 3890 ὑποσχόμενον
2589 3822 2837 3889 μιμεῖται
2872 3818 2939 3870 τά
2990 3816 3159 3888 δῶρα.
3218 3817 3403 3884 Ἀφεὶς
3449 3813 3624 3868 τοίνυν
3669 3812 3736 3865 τά

2157 3902 2359 3973 ἄδηλα,
2396 3902 2591 3972 κάτεχε
2634 3902 2701 3954 τά
2740 3901 3071 3972 φαινόμενα·
3108 3900 3175 3953 τά
3209 3900 3317 3971 γάρ
3350 3898 3648 3969 φαινόμενα
3677 3896 3735 3949 οὑ

2158 3985 2229 4037 τὰ
2259 3985 2499 4056 παρόντα
2534 3984 2702 4046 ἐστὶν,
2747 3984 2885 4038 άλλά
2923 3985 2989 4037 τά
3034 3983 3317 4053 μέλλοντα.
3361 3983 3424 4035 Εἰ
3465 3981 3524 4034 δέ
3572 3994 3735 4041 τινες,

2160 4069 2296 4139 πρὸς
2323 4069 2391 4121 τά
2436 4070 2680 4138 παρόντα
2715 4066 3063 4137 ἐπτοημένοι,
3094 4065 3204 4119 τῶν
3242 4064 3545 4137 μελλόντων
3572 4064 3739 4130 ὑπερο

2160 4150 2381 4222 ορῶσιν,
2409 4150 2597 4223 ἐπειδὴ
2618 4149 2997 4220 ἀσθενέστεροί
3024 4150 3130 4202 εἰσι
3158 4148 3254 4201 τοῦ
3279 4148 3446 4217 ὕψους
3466 4147 3564 4217 τῆς
3592 4144 3739 4199 ἐλπίς

2161 4235 2251 4298 δος
2274 4234 2508 4307 ἐκείνης,
2530 4233 2619 4287 διὰ
2643 4234 2804 4286 τοῦτο
2828 4232 3194 4303 ὑπερορῶσιν,
3222 4232 3321 4284 οὑκ
3346 4229 3533 4301 ἐπειδὴ
3556 4228 3738 4298 ἀφανῆ

2163 4315 2335 4372 ταῦτά
2372 4319 2486 4370 ἐστι
2519 4316 2611 4369 καὶ
2643 4314 2835 4383 ἄδηλα.
2866 4314 3064 4367 Σκόπει
3107 4313 3239 4381 γοῦν
3271 4315 3372 4384 τὴν
3417 4311 3737 4381 φιλοσοφίαν

2164 4401 2257 4454 τοῦ
2298 4400 2527 4454 δικαίου.
2581 4398 2641 4450 '0
2697 4398 2831 4462 Θεὸς
2885 4397 3251 4468 ἐπηγγείλατο
3298 4395 3448 4466 αὑτῷ
3508 4393 3740 4461 αἰσθητά

2166 4482 2485 4553 πράγματα,
2525 4480 2620 4533 καὶ
2647 4478 2808 4542 αὑτὸς
2839 4479 3006 4550 νοητά
3040 4478 3242 4549 ἐζήτει.
3284 4480 3393 4532 Καὶ
3422 4475 3523 4530 ποῦ
3547 4479 3577 4529 ό
3612 4475 3741 4537 Θεὸς

2167 4564 2401 4636 αίσθητά
2430 4562 2579 4634 αὑτῷ
2614 4562 3002 4632 ἐπηγγείλατο,
3038 4563 3201 4626 αὑτὸς
3231 4562 3287 4614 δέ
3326 4561 3492 4633 νοητά
3522 4559 3738 4630 malev;

2172 4650 2435 4714 Ἔξελθε,
2464 4648 2649 4718 φησὶν,
2680 4647 2747 4699 ἐκ
2777 4645 2891 4713 τῆς
2921 4644 3037 4715 γῆς
3057 4660 3196 4709 σου,
3227 4646 3325 4698 καί
3355 4646 3426 4698 ἐκ
3459 4643 3570 4711 τῆς
3597 4656 3738 4708 (rvr—

2171 4727 2403 4800 γενείας
2432 4742 2571 4788 σου,
2611 4725 2708 4778 καὶ
2750 4725 2820 4778 ἐκ
2859 4722 2967 4778 τοῦ
2999 4725 3170 4778 οικου
3200 4722 3308 4776 τοῦ
3342 4724 3565 4789 πατρός
3603 4735 3738 4775 σου.

2173 4811 2271 4866 καί
2295 4807 2472 4877 δεῦρο
2506 4810 2595 4873 είς
2628 4805 2766 4876 γῆν,
2801 4806 2883 4874 ἢν
2921 4806 2999 4860 ἄν
3030 4823 3129 4860 σοι
3156 4806 3352 4868 δείξω.
3388 4802 3628 4873 Δίσθητὴ
3652 4803 3742 4855 καὶ

2172 4898 2206 4966 ή
2238 4892 2479 4964 προτέρα
2510 4893 2603 4962 γῆ,
2633 4891 2728 4943 καὶ
2766 4891 2801 4961 ἡ
2834 4888 3106 4960 μέλλουσα
3132 4888 3369 4941 δίδοσθαι
3409 4887 3655 4958 ὕστερον.
3681 4884 3745 4936 Τί

2173 4972 2268 5031 οὖν
2314 4974 2511 5039 αὑτός;
2562 4972 2777 5027 Μᾶλλον
2813 4972 2870 5026 δέ
2918 4971 2994 5043 μὴ
3032 4971 3196 5024 αὑτοῦ
3233 4970 3579 5041 ἀκούσωμεν,
3613 4967 3747 5022 ἀλλά

2180 5057 2552 5128 Παύλουλρπερὶ
2602 5055 2767 5108 αὑτοῦ
2815 5054 3084 5123 λέγοντος,
3134 5054 3223 5106 ἵνα
3253 5054 3514 5124 μάθωμεν
3554 5053 3636 5105 ὅτι
3685 5049 3744 5102 οὑ

2180 5141 2314 5212 πρὸς
2344 5138 2547 5209 ταύτην
2577 5138 2767 5191 ἐϐλεπε
2792 5137 2890 5208 τὴν
2918 5139 3039 5205 γῆν,
3073 5137 3122 5188 εί
3149 5137 3243 5188 καὶ
3265 5134 3468 5205 ταύτην
3494 5132 3747 5204 ἐπηγγεί-

2180 5223 2310 5277 λατο
2335 5225 2365 5277 0
2389 5221 2542 5285 Θεὸς,
2572 5220 2707 5275 ἀλλά
2741 5220 2810 5274 τά
2842 5217 3080 5289 παρόντα
3120 5217 3299 5285 ἀφεὶς,
3338 5217 3473 5287 πρὸς
3504 5216 3571 5269 τά
3611 5215 3749 5286 μέλ-

2181 5304 2343 5359 λοντα
2368 5305 2635 5375 ἐκεχήνει.
2666 5303 2731 5356 Τί
2752 5298 2844 5355 οὖν
2873 5304 2902 5354 0
2926 5298 3136 5362 Παῦλός
3162 5315 3325 5370 φησις
3358 5300 3518 5352 Κατὰ
3549 5298 3752 5350 πίστιν·

2182 5386 2487 5443 ἀπέθανον
2510 5382 2674 5442 οὗτοι
2703 5383 2945 5449 πάντες,
2987 5383 3116 5453 περὶ
3154 5382 3404 5452 Ἀϐραὰμ
3431 5381 3627 5450 λέγων,
3662 5379 3755 5432 καὶ

2198 5473 2403 5535 Ὶσαάκ,
2433 5471 2529 5524 καὶ
2564 5468 2777 5528 Ἰακὼϐ.
2808 5469 2903 5521 καὶ⁸
2933 5467 3043 5519 τῶν
3061 5466 3289 5520 δικαίων
3318 5465 3593 5518 ἀπάντων.
3620 5462 3757 5515 υύδέ

2186 5555 2296 5625 γάρ
2347 5552 2598 5624 ’Δϐραάμ
2640 5552 2831 5623 μόνος,
2860 5549 2995 5603 ἀλλά
3022 5548 3223 5612 πάντες
3263 5548 3364 5617 τῆς
3400 5547 3574 5615 αὑτῆς
3617 5541 3761 5625 ἦσαν

2189 5624 2506 5707 φιλοσοφίας
2526 5634 2789 5688 κοινωνοί.
2820 5634 2979 5688 Κατὰ
3014 5633 3221 5687 πίστιν
3259 5630 3561 5685 ἀπέθανον
3592 5624 3761 5683 οὗτοι

517 5714 653 5786 πρὸς
698 5715 792 5767 καὶ
825 5715 1127 5786 ἐπίσημος,
1161 5716 1353 5785 ἄτιμος
1383 5716 1476 5769 καὶ
1520 5717 1802 5788 ἀνώνυμος
1833 5715 2089 5788 ἐξαίφνης
2194 5720 2435 5785 πάντες,
2474 5718 2561 5788 μὴ
2607 5716 2986 5786 κομισάμενοι
3032 5714 3139 5781 τὰς
3171 5714 3561 5784 ἐπαγγελίας,
3600 5711 3767 5766 ἀλλὰ
