4134 6214
385 313 489 369 6'25

377 437 635 507 Syrorum
650 448 773 489 eum
804 432 1024 488 Hebnea
1052 431 1229 501 lingua
1254 427 1499 499 cognatio
1523 434 1626 481 est.
1648 422 1753 480 Sed
1782 422 1917 479 dicis
1936 462 1953 485 ,

377 542 544 599 quare
580 526 858 582 Transitor
895 522 1224 580 vocabatur?
1270 520 1454 577 Judzea
1501 520 1677 590 regio,
1707 519 1809 574 hoc
1851 527 1955 584 est,

380 620 659 675 Palaestina
685 620 880 683 omnis,
905 634 1025 687 qua:
1054 617 1124 672 ab
1150 615 1382 687 Egypto
1410 628 1577 685 usque
1596 612 1663 669 ad
1707 613 1956 683 Euphra—

381 724 487 767 tem
518 728 550 767 e
579 712 795 779 regione
810 712 957 779 jacet
981 708 1305 779 Babylonia,
1334 705 1475 761 unde
1496 715 1609 761 erat
1636 703 1903 760 Abraham
1938 719 1953 756 :

376 816 430 860 et
451 806 641 860 fluvius
679 802 981 859 communis
1004 802 1262 856 terminus
1300 800 1583 869 utriusque
1610 808 1767 854 terra:
1788 838 1803 861 ,
1836 812 1954 851 me-

376 896 497 951 dius
526 908 803 965 utramque
825 904 991 949 secat.
1026 894 1090 948 Et
1113 895 1234 962 quia
1262 892 1531 946 Abraham
1566 906 1673 945 non
1714 890 1957 944 Palaesti-

376 1005 475 1042 nus
498 996 633 1049 erat,
652 988 743 1041 sed
768 986 837 1040 ab
853 986 1087 1042 ulteriori
1109 985 1219 1055 ripa
1249 984 1482 1038 fluminis
1502 991 1741 1047 venerat,
1764 996 1956 1050 nempe

373 1094 404 1133 a
438 1078 721 1150 Babylonia
749 1096 761 1131 :
795 1078 915 1132 ideo
940 1094 966 1131 a
996 1078 1112 1132 Ιοου
1143 1087 1194 1131 et
1240 1075 1379 1131 facto
1418 1090 1610 1129 nomen
1638 1074 1875 1142 accepit,
1902 1082 1957 1127 et

373 1168 546 1223 dictus
592 1177 679 1224 est
716 1168 992 1223 Transitor
1019 1185 1031 1220 :
1062 1167 1182 1236 quia
1214 1182 1242 1219 a
1273 1167 1389 1220 loco
1419 1165 1657 1220 ulteriori
1704 1164 1949 1219 ﬂuminis

376 1261 545 1315 venit.
600 1262 775 1328 Quare
830 1270 1007 1313 autem
1062 1260 1278 1313 fluvium
1340 1258 1593 1313 transiit?
1634 1257 1766 1325 Quia
1811 1257 1954 1311 Deus

366 1353 620 1423 jusserat.
656 1354 717 1408 Et
743 1368 908 1423 quare
941 1351 1294 1421 Deusjussit?
1322 1350 1389 1406 Ut
1411 1350 1785 1405 ostenderetur
1824 1348 1950 1402 obc-

370 1444 569 1499 dientia
594 1443 744 1514 justi.
778 1444 844 1499 Et
868 1443 1136 1513 quomodo
1157 1452 1369 1496 ostensa
1399 1442 1495 1496 fuit
1538 1440 1841 1496 obcdientia
1866 1439 1953 1508 ju-

370 1536 437 1589 sti
455 1539 479 1587 τ
502 1536 633 1604 Quia
658 1546 874 1605 propter
893 1544 1216 1605 praeceptum
1244 1534 1333 1588 Dei
1365 1534 1587 1602 patriam
1617 1549 1765 1587 suam
1789 1548 1946 1601 quam

369 1625 615 1694 reliquit,
644 1640 738 1694 pro
764 1625 935 1678 aliena
970 1623 1333 1677 commutavit.
1355 1622 1514 1677 Vides
1536 1632 1731 1692 quanta
1762 1631 1946 1675 catena

368 1732 544 1771 rerum
574 1717 625 1769 iu
652 1715 1005 1785 appellatione
1029 1713 1156 1779 justi
1183 1715 1461 1768 neclatur?
1480 1712 1671 1783 lugens
1698 1713 1948 1766 historia-

368 1823 485 1861 rum
517 1807 732 1877 pelagus
765 1821 957 1859 nomen
1005 1804 1105 1859 hoc
1140 1804 1293 1859 nobis
1316 1804 1545 1875 aperuit.
1586 1803 1741 1858 Disce
1788 1803 1948 1872 igitur

364 1897 482 1966 ejus
510 1913 702 1951 nomen
737 1898 983 1966 primum,
1013 1904 1072 1949 ut
1094 1912 1216 1950 eum
1241 1895 1436 1950 videris
1457 1910 1577 1951 eum
1610 1894 1944 1949 Palmstiuam

364 1987 706 2050 incolentem,
734 1987 1088 2056 appellatione
1129 1986 1361 2041 nominis
1389 1986 1442 2040 in
1473 1985 1781 2041 memoriam
1803 1984 1945 2039 anti-

362 2092 481 2145 qua:
510 2078 692 2147 patria:
718 2078 868 2146 ejus,
900 2087 954 2131 et
979 2091 1153 2131 causa:
1186 2086 1403 2146 prepter
1453 2091 1612 2147 quam
1663 2091 1782 2131 eam
1822 2076 1945 2131 reli-

361 2170 475 2239 quit
496 2211 511 2235 ,
540 2170 914 2225 manuducaris
935 2210 950 2235 ,
981 2180 1036 2224 et
1064 2170 1133 2223 ita
1159 2168 1222 2223 ad
1248 2168 1565 2224 imitandum
1605 2185 1729 2224 cum
1756 2168 1940 2223 admo-

360 2278 545 2317 neare.

431 2352 686 2405 Abraham
732 2352 993 2422 discipulis
1034 2352 1218 2406 Christi
1260 2368 1371 2421 par.
1398 2381 1472 2394 —
1516 2352 1657 2408 Ecce
1703 2352 1845 2407 enim
1886 2362 1943 2407 ut

359 2443 449 2498 ille
484 2453 607 2498 ante
654 2443 824 2513 legem
864 2452 919 2498 et
958 2443 1057 2499 sub
1094 2444 1212 2514 lege
1249 2445 1415 2498 vitam
1452 2458 1654 2514 agens,
1699 2445 1938 2514 philoso-

357 2534 535 2604 phiam
562 2549 773 2604 quoque
802 2544 1041 2604 tempore
1069 2535 1254 2604 gratite
1288 2534 1534 2589 traditam
1573 2536 1809 2603 suscepit
1834 2537 1935 2589 im-

358 2628 604 2699 plendam
625 2669 639 2692 ,
672 2638 724 2683 et
750 2636 874 2683 aute
903 2636 1111 2697 tempus
1152 2629 1336 2697 gratia:
1376 2626 1539 2694 fecit,
1582 2628 1722 2699 quod
1756 2636 1938 2697 postea

355 2718 627 2788 discipulis
646 2719 890 2773 Christus
915 2718 1049 2773 dixit
1077 2736 1092 2773 :
1118 2718 1276 2771 Amen
1300 2718 1412 2772 dico
1432 2718 1587 2784 vobis,
1605 2718 1742 2790 quod
1769 2717 1939 2772 nullus

352 2822 427 2867 est
453 2813 541 2881 qui
575 2812 772 2881 reliquit
800 2811 1004 2864 danaum
1030 2852 1045 2877 ,
1093 2821 1182 2864 aut
1218 2813 1421 2882 fratres,
1464 2821 1552 2863 aut
1586 2828 1804 2871 sorores,
1848 2820 1937 2862 aut

356 2912 584 2969 patrem,
634 2912 721 2953 aut
761 2910 969 2953 matrem
988 2940 1003 2965 ,
1050 2900 1137 2967 qui
1166 2916 1265 2953 non
1294 2901 1583 2968 centuplum
1616 2900 1863 2968 accipiet,
1892 2910 1937 2953 et

354 2992 504 3045 vitam
538 3001 775 3044 attentam
796 2991 1063 3059 possidebit
1089 2990 1301 3059 (Matth.
1327 2990 1415 3046 l9.
1439 2990 1529 3045 28.
1553 2989 1670 3061 29).
1702 2990 1814 3045 Non
1842 3005 1935 3045 so-

354 3082 465 3137 lum
505 3093 683 3138 autem
740 3084 862 3139 hinc
910 3092 1166 3154 apparet,
1217 3099 1378 3154 quam
1427 3084 1697 3153 sapienter
1744 3085 1936 3140 vixerit

346 3176 556 3245 justus,
594 3175 689 3230 sed
730 3176 890 3229 etiam
921 3176 1009 3230 Dei
1057 3175 1341 3245 promissio
1369 3176 1471 3230 hoc
1508 3175 1769 3231 declarat.
1814 3175 1935 3229 Veni

349 3268 494 3323 enim
521 3309 535 3332 ,
568 3269 736 3339 inquit
760 3310 773 3331 ,
802 3270 854 3321 in
880 3278 1084 3333 terram,
1116 3285 1267 3338 quam
1296 3279 1636 3321 monstravere
1665 3268 1753 3321 tibi
1779 3268 1933 3337 (Gen.

352 3358 439 3414 η.
476 3360 547 3429 Ι).
591 3358 721 3414 Nam
750 3360 958 3414 tametsi
991 3369 1229 3428 utraeque
1271 3360 1373 3413 illa:
1407 3360 1650 3430 regiones
1678 3359 1931 3414 Chalda-a

349 3458 402 3505 et
442 3450 717 3505 l‘almstina
756 3458 907 3504 erant
943 3450 1281 3517 corporales,
1333 3449 1424 3503 illa
1464 3458 1640 3504 tamen
1670 3464 1762 3504 sua
1792 3458 1928 3515 erat,

351 3538 463 3595 lucc
493 3540 664 3595 aliena
696 3557 712 3593 :
745 3540 829 3596 illa
858 3552 1023 3597 certa.
1054 3540 1166 3595 haec
1196 3540 1396 3595 incerta
1423 3555 1435 3592 :
1468 3541 1553 3594 illa
1584 3541 1634 3595 in
1660 3542 1929 3607 manibus,

349 3630 465 3687 hare
499 3634 551 3687 in
581 3648 675 3702 spe
704 3651 715 3684 :
752 3633 865 3701 ipse
908 3643 1083 3686 autem
1130 3632 1327 3687 relictis
1361 3634 1523 3687 certis
1544 3674 1558 3696 ,
1610 3633 1928 3699 manifestis,

348 3730 401 3776 ct
436 3722 499 3775 iis
525 3738 640 3790 qua:
683 3721 734 3775 in
776 3738 933 3776 manu
971 3732 1156 3787 erant,
1207 3722 1475 3776 festinavit
1513 3733 1567 3777 et
1614 3725 1824 3777 transiit
1861 3724 1928 3780 ad

350 3814 572 3878 incerta,
601 3813 888 3881 incognita,
916 3822 968 3867 et
990 3813 1056 3866 ad
1084 3829 1145 3867 ea
1175 3813 1226 3867 in
1253 3812 1446 3883 quibus
1472 3813 1573 3868 sibi
1604 3829 1708 3868 non
1738 3814 1932 3869 licebat

346 3903 645 3967 dominari,
690 3913 746 3957 ut
787 3903 1102 3974 persuadeat
1138 3903 1485 3975 erudiatque,
1516 3921 1686 3976 neque
1712 3914 1929 3961 eontra-

347 3996 630 4051 diceudum
656 4035 670 4057 ,
713 4010 886 4065 neque
913 3994 1269 4051 cunctandum
1290 4035 1306 4061 ,
1353 3996 1567 4067 quando
1600 3997 1737 4052 Deus
1762 3999 1931 4052 mani-

346 4086 477 4142 festa
523 4087 824 4155 relinquere
858 4086 1045 4154 jubet,
1096 4095 1149 4141 et
1172 4086 1238 4141 ad
1274 4102 1337 4143 ea
1377 4104 1496 4159 qua:
1538 4104 1641 4141 non
1672 4097 1932 4158 apparent

344 4178 633 4248 respicere.
663 4177 777 4232 Non
807 4180 951 4233 enim
979 4188 1084 4232 tam
1104 4188 1248 4233 certa
1269 4194 1388 4248 qua:
1414 4180 1465 4233 iu
1484 4181 1750 4246 manibus,
1770 4191 1930 4253 atque

342 4284 405 4324 ea
427 4285 544 4339 qua:
574 4270 623 4323 in
655 4283 749 4338 spe
777 4286 790 4330 ;
825 4284 927 4321 non
957 4269 1099 4323 enim
1141 4269 1218 4323 sic
1255 4269 1534 4325 manifesta
1579 4281 1660 4324 cst
1692 4286 1929 4340 prmseus

344 4359 459 4413 ha'c
489 4360 595 4413 vita
627 4370 684 4413 ut
727 4359 898 4413 futura
940 4360 1050 4413 illa.
1101 4360 1247 4415 llanc
1284 4361 1425 4416 enim
1463 4361 1704 4416 videmus
1732 4364 1929 4418 nostris

340 4454 511 4508 oculis
532 4495 547 4516 ,
594 4452 737 4505 illam
785 4452 1027 4507 videmus
1052 4454 1220 4508 oculis
1245 4452 1366 4509 ﬁdei
1397 4472 1411 4507 :
1445 4455 1583 4509 banc
1606 4456 1845 4511 videmus
1873 4456 1925 4511 in

340 4543 590 4598 manibus
617 4543 813 4597 nostris
839 4545 1063 4613 positam
1088 4586 1102 4609 ,
1155 4544 1302 4599 illam
1334 4547 1575 4602 videmus
1616 4546 1667 4602 in
1695 4549 1924 4617 promis-

340 4636 581 4690 siouibus
609 4634 701 4690 Dei
729 4636 1072 4692 custoditam.

408 4728 461 4780 ι.
496 4725 760 4781 Promissa
799 4726 893 4781 Dei
936 4728 1255 4791 certissima;
1296 4745 1375 4783 res
1404 4731 1640 4783 bunt/ma:
1663 4747 1815 4801 quam
1842 4734 1923 4786 in-

339 4827 506 4871 eerta'.
540 4848 612 4858 -—
658 4817 1050 4873 Promissioues
1087 4829 1265 4872 autem
1314 4820 1405 4874 Dei
1448 4822 1616 4876 multo
1661 4826 1922 4879 certiores

338 4919 497 4973 sunt,
528 4926 686 4981 quam
714 4927 833 4981 qua:
860 4910 912 4965 in
941 4911 1136 4965 nostris
1155 4920 1277 4966 sunt
1306 4914 1565 4969 manibus.
1602 4915 1689 4969 Vis
1713 4916 1923 4972 discere

338 5002 609 5070 quomodo
633 5003 747 5059 hmo
774 5004 986 5075 quidem
1022 5005 1127 5058 vita
1157 5005 1209 5059 in
1233 5005 1435 5061 incerto
1455 5010 1553 5062 sita
1581 5020 1663 5063 cst
1687 5026 1919 5079 semper,

339 5092 513 5147 futura
539 5102 715 5149 autem
746 5096 854 5161 illa,
885 5112 1002 5167 qure
1028 5096 1236 5151 videtur
1261 5097 1459 5153 incerta
1483 5116 1626 5163 esse,
1658 5100 1755 5154 bac
1783 5117 1917 5168 pne.

335 5186 475 5240 senti
503 5187 697 5239 certior
723 5188 793 5241 sit
817 5197 872 5242 et
896 5188 1117 5241 solidior
1134 5190 1158 5237 ν
1220 5190 1548 5259 Inquiramus
1574 5233 1587 5252 ,
1634 5193 1678 5247 si
1725 5195 1917 5261 placet,

336 5291 454 5346 qua:
485 5285 610 5331 sunt
649 5277 736 5331 illa
766 5280 1045 5348 praesentis
1071 5280 1188 5333 vita:
1215 5280 1498 5349 prmclara;
1530 5281 1727 5335 divitia:
1746 5324 1761 5344 ,
1799 5286 1918 5353 glo-

334 5368 410 5420 ria
433 5408 445 5427 ,
479 5370 749 5435 potentia;
783 5383 1027 5439 magnum
1059 5370 1348 5425 existimari
1379 5372 1446 5424 ab
1487 5372 1788 5427 hominibus
1820 5393 1832 5427 :
1865 5383 1920 5429 ct

335 5458 545 5513 videbis
575 5458 705 5513 nihil
737 5460 837 5513 illis
859 5475 977 5514 esse
1008 5460 1280 5515 incertius.
1326 5464 1460 5529 Quid
1490 5465 1630 5518 enim
1654 5466 1917 5522 infidelius

336 5550 552 5615 divitiis,
580 5567 698 5622 qua:
722 5566 863 5620 s:cpe
885 5566 982 5606 nec
1011 5567 1177 5622 usque
1208 5552 1274 5607 ad
1305 5569 1586 5624 vesperam
1612 5556 1763 5610 nobis
1792 5574 1913 5624 pcr-

336 5640 592 5696 tuanent?
640 5640 787 5696 Sicut
815 5643 954 5696 enim
1000 5642 1235 5712 ingratus
1277 5644 1545 5715 transfuga
1568 5688 1583 5708 ,
1614 5646 1682 5699 ab
1720 5646 1820 5700 Iltw
1846 5649 1911 5703 ad

336 5731 518 5793 illum,
553 5742 598 5783 ct
633 5730 699 5783 ab
728 5730 817 5785 illo
845 5732 907 5786 ad
938 5734 1095 5787 alium
1124 5733 1349 5789 subinde
1380 5742 1678 5791 transeunt.
1710 5738 1905 5807 llujuso

1578 307 1641 364 IN
1670 303 1969 363 GENESIM
2006 303 2235 365 δεηυο
2307 308 2397 366 tx.

3558 314 3663 371 626

2078 423 2220 479 modi
2263 434 2345 481 est
2371 426 2557 497 gloria.
2603 425 2986 497 Saepenumero
3020 428 3108 499 qui
3139 428 3314 484 clarus
3341 437 3535 484 eratet
3566 443 3661 481 no-

2071 512 2193 568 bilis
2217 555 2231 577 ,
2265 525 2484 584 repente
2509 527 2847 588 contemptus
2866 528 2919 573 et
2963 518 3214 588 ignobilis
3256 518 3507 580 habetur,
3546 528 3601 573 et
3624 534 3657 574 e

2066 604 2279 660 diverso
2321 622 2531 677 quoque
2570 622 2715 679 saepe
2750 610 2964 665 obscuri
3002 611 3179 665 subito
3210 610 3537 666 clarescunt.
3588 609 3654 666 Et

2065 698 2203 753 sicut
2233 699 2399 753 videri
2444 700 2627 770 nequit
2652 700 2703 755 in
2734 710 2850 756 rota
2874 743 2891 767 ,
2937 718 3056 772 qua:
3096 701 3348 756 continuo
3386 711 3649 767 versatur,

2064 791 2236 862 aliqua
2271 807 2393 861 pars
2421 792 2559 862 ejus,
2588 808 2654 849 eo
2679 794 2819 863 quod
2843 794 3030 849 crebra
3054 793 3481 849 circumferentia
3513 809 3655 849 sem.

2066 898 2161 952 per
2189 899 2395 938 summa
2424 886 2553 939 fiunt
2578 886 2681 939 ima
2702 927 2718 953 ,
2745 896 2799 940 et
2828 886 2931 940 ima
2962 902 3167 941 summa
3200 904 3213 941 :
3246 888 3317 941 ita
3354 894 3410 941 et
3439 896 3652 941 nostra-

2062 993 2179 1031 rum
2207 993 2382 1032 rerum
2414 977 2663 1049 impetus,
2694 978 2819 1033 dum
2850 978 3103 1034 continuo
3123 989 3419 1043 vertuntur,
3439 995 3651 1036 summa

2065 1066 2189 1122 facit
2216 1068 2394 1122 intima
2423 1086 2438 1122 :
2484 1078 2543 1123 ut
2565 1069 2747 1125 videre
2777 1070 2899 1125 licet
2925 1070 2977 1124 in
3002 1070 3239 1137 divitiis,
3270 1072 3525 1142 potentiis
3548 1111 3563 1138 ,
3597 1082 3649 1128 et

2061 1160 2197 1215 aliis.
2243 1160 2539 1229 Numquam
2571 1160 2714 1214 enim
2758 1161 2809 1215 in
2850 1161 3040 1216 eodem
3084 1170 3224 1216 statu
3252 1172 3512 1230 manent,
3554 1164 3649 1218 sed

2060 1265 2275 1319 semper
2306 1250 2581 1305 instabiles
2618 1252 2896 1306 fluminum
2942 1253 3117 1307 ﬂuxus
3160 1252 3456 1308 imitantur.
3510 1254 3647 1321 Quid

2061 1344 2216 1412 igitur
2246 1343 2326 1397 his
2358 1343 2610 1397 incertius
2636 1384 2651 1408 ,
2691 1359 2812 1413 qua:
2854 1353 2959 1398 tam
3004 1344 3197 1401 crebro
3228 1345 3642 1414 transferuntur,

2058 1433 2443 1503 etpriusquam
2487 1442 2631 1489 recte
2673 1444 3002 1503 appareant,
3052 1436 3303 1502 avolant,
3335 1438 3643 1507 priusquam

2056 1526 2360 1589 adveniant,
2393 1526 2667 1581 resiliunt?
2695 1524 2847 1581 Unde
2872 1526 3131 1596 propheta
3160 1526 3226 1583 de
3250 1526 3457 1584 deliciis
3482 1539 3534 1581 ct
3562 1528 3644 1583 di-

2056 1619 2196 1672 vitiis
2222 1619 2394 1688 deque
2419 1619 2576 1674 rebus
2607 1620 2799 1675 talibus
2824 1619 3093 1675 disserens
3112 1662 3128 1685 ,
3158 1628 3213 1674 et
3236 1634 3332 1675 eos
3373 1620 3644 1675 inseetans

2054 1712 2141 1781 qui
2171 1710 2272 1765 illis
2302 1712 2451 1782 quasi
2482 1712 2915 1783 permanentibus
2956 1720 3177 1778 vacant,
3213 1712 3342 1768 dicit
3369 1731 3381 1766 :
3411 1712 3640 1783 Reputa-

2054 1814 2171 1856 runt
2225 1804 2330 1856 lucc
2369 1806 2515 1871 quasi
2549 1806 2768 1868 stantia,
2804 1814 2851 1858 et
2891 1820 2991 1858 non
3020 1804 3166 1873 quasi
3193 1804 3437 1875 fugientia
3465 1805 3639 1875 (Amos

2052 1894 2105 1950 6.
2137 1894 2212 1965 5).
2241 1895 2355 1949 Non
2376 1896 2529 1961 dixit,
2550 1896 2701 1967 quasi
2732 1897 3128 1966 prtetereuutia,
3160 1895 3278 1960 sed,
3306 1896 3446 1965 quod
3470 1898 3639 1950 ttttllm

2051 1990 2242 2055 majus.
2274 1989 2433 2055 Quasi
2453 1991 2699 2060 fugientia
2728 2007 2747 2045 :
2774 2006 2879 2047 non
2909 1992 3051 2047 enim
3076 1991 3325 2061 paulatim
3354 1990 3631 2055 recedunt,

2049 2080 2142 2135 sed
2188 2082 2317 2135 mira
2357 2082 2652 2138 celeritate.
2699 2083 2768 2136 At
2810 2082 3108 2152 patriarcha
3156 2082 3245 2137 ille
3272 2097 3377 2137 non
3404 2082 3481 2137 sic
3502 2082 3632 2150 egit,

2047 2170 2141 2224 sed
2175 2172 2370 2227 relictis
2412 2172 2661 2226 omnibus
2708 2172 2851 2236 illis,
2905 2180 3109 2226 tantum
3150 2172 3217 2227 ad
3248 2172 3634 2243 promissioues

2051 2263 2142 2317 Dei
2171 2264 2450 2333 spectavit,
2478 2263 2617 2318 viam
2645 2264 2797 2318 nobis
2819 2279 3011 2333 parans
3026 2264 3092 2317 ad
3111 2264 3407 2318 futurorum
3436 2264 3593 2319 ﬁdem
3616 2284 3630 2321 :

2047 2362 2104 2406 ut
2127 2368 2247 2407 cum
2273 2354 2574 2421 promiserit
2600 2353 2691 2407 tibi
2724 2354 2866 2408 Deus
2893 2353 3065 2408 futura
3091 2363 3145 2408 et
3169 2369 3287 2425 quae
3316 2369 3421 2409 non
3443 2354 3629 2411 viden-

2048 2453 2153 2508 tur,
2185 2459 2252 2497 ne
2285 2443 2432 2498 dicas
2454 2485 2470 2509 ,
2501 2444 2615 2499 haec
2642 2459 2764 2499 esse
2794 2444 2993 2500 incerta
3038 2455 3093 2498 et
3130 2446 3376 2501 obscura.
3428 2446 3632 2503 Incerta

2045 2535 2186 2589 enim
2217 2536 2303 2589 illa
2333 2538 2560 2590 certiora
2592 2546 2715 2590 sunt
2745 2536 2810 2591 iis
2838 2552 2957 2604 qua:
2987 2536 3235 2591 videntur
3254 2578 3270 2602 ,
3301 2537 3461 2592 modo
3486 2553 3625 2593 ocu-

2045 2626 2125 2680 los
2152 2626 2272 2681 fidei
2301 2626 2609 2680 habeamus.
2642 2626 2894 2692 Quamvis
2921 2626 3063 2681 enim
3093 2627 3177 2680 illa
3198 2642 3302 2681 non
3332 2627 3625 2691 videamus,

2044 2718 2183 2771 Deus
2214 2728 2387 2771 tamen
2427 2734 2489 2770 ea
2522 2716 2803 2785 promisit,
2843 2726 2899 2771 et
2948 2718 3213 2785 pollicitus
3251 2726 3351 2773 est.
3404 2718 3630 2787 Quando

2044 2808 2183 2864 Deus
2214 2807 2471 2876 promittit
2494 2848 2507 2868 .
2542 2808 2686 2862 nulla
2716 2808 2938 2861 variatio
2968 2806 3410 2877 promissionibus
3435 2809 3626 2879 adjun-

2038 2899 2211 2967 gitur;
2243 2908 2401 2968 atque
2426 2897 2559 2952 adeo
2587 2899 2672 2952 illa
2703 2898 2935 2952 maxime
2966 2908 3203 2961 manent,
3236 2914 3354 2969 qua:
3382 2899 3433 2953 in
3466 2917 3624 2955 mantt

2042 2992 2133 3046 Dei
2162 3001 2305 3045 sunt.
2338 2990 2420 3044 Ea:
2454 3006 2605 3042 manu
2634 2989 2776 3045 enim
2820 2987 2946 3053 Dei,
2990 2990 3159 3059 inquit
3186 3030 3199 3050 ,
3248 2989 3419 3045 nullus
3448 3007 3629 3062 rapere

2040 3092 2199 3153 potest
2229 3080 2408 3147 (Joan.
2440 3081 2525 3136 10.
2556 3080 2670 3151 29).
2725 3081 2885 3151 Igitur
2925 3082 3045 3151 quia
3094 3081 3270 3135 nullus
3300 3098 3487 3153 rapere
3527 3097 3625 3152 po-

2040 3186 2143 3231 test
2168 3192 2232 3229 es
2264 3191 2421 3229 manu
2454 3175 2575 3239 Dei,
2624 3186 2802 3229 certus
2833 3175 2921 3230 ille
2967 3174 3247 3231 thesaurus
3274 3191 3487 3245 setuper
3513 3193 3627 3231 tua-

2038 3278 2143 3322 net.
2190 3269 2476 3323 Praesentia
2516 3276 2691 3322 autem
2728 3268 3025 3337 omnigenis
3056 3269 3437 3325 variationibus
3460 3280 3514 3325 et
3543 3271 3625 3324 vi-

2035 3362 2433 3418 cissitudinibus
2447 3370 2573 3416 sunt
2588 3361 2813 3416 obnoxia
2838 3378 2854 3427 ;
2879 3361 3000 3416 ideo
3021 3361 3203 3429 procis
3225 3378 3367 3432 swpe
3386 3363 3621 3419 laborem

2036 3453 2271 3515 ferimus,
2303 3460 2356 3507 et
2384 3452 2485 3506 fine
2511 3468 2695 3507 eorum
2725 3452 3060 3506 frustrantur.
3114 3453 3167 3507 lu
3201 3452 3267 3507 iis
3295 3462 3474 3508 autem
3502 3469 3623 3524 qua:

2034 3559 2328 3613 speramus,
2355 3561 2457 3599 non
2490 3544 2556 3598 ita
2582 3552 2685 3608 est,
2712 3544 2808 3600 sed
2832 3545 2876 3598 is
2896 3544 2983 3611 qui
3010 3544 3290 3607 laboravit,
3316 3547 3621 3601 necessario

2034 3654 2259 3692 coronas
2284 3646 2336 3691 et
2361 3637 2575 3705 pra‘tnia
2604 3638 2968 3707 consequitur.
3016 3637 3149 3692 Nam
3176 3638 3308 3705 Spes
3343 3654 3441 3691 non
3467 3638 3622 3706 pude-

2034 3732 2157 3799 faeit
2188 3729 2361 3797 (Rom.
2390 3731 2442 3784 5.
2478 3730 2532 3796 5)
2562 3770 2576 3791 ,
2612 3730 2734 3800 quia
2768 3730 2860 3784 Dei
2910 3737 2991 3783 est
3037 3729 3319 3798 promissio
3354 3747 3367 3782 :
3399 3738 3453 3784 et
3479 3728 3620 3784 dona

2035 3822 2296 3892 promissa
2327 3832 2619 3891 sequuntur
2648 3823 2764 3889 ejus
2795 3832 3059 3883 naturam,
3093 3823 3182 3892 qui
3214 3823 3473 3891 promisit.
3511 3822 3619 3878 Re-

2033 3914 2173 3968 lictis
2210 3913 2367 3983 igitur
2407 3914 2659 3975 incertis,
2707 3913 3049 3983 apprehende
3079 3930 3139 3968 ca
3170 3931 3291 3983 qua:
3328 3917 3617 3983 conspicua

2033 4015 2154 4060 sunt
2187 4023 2197 4057 :
2228 4004 2510 4071 COIISpiCtIa
2537 4014 2713 4057 autem
2739 4013 2904 4067 sunt,
2934 4020 3039 4058 non
3069 4007 3349 4073 pra-seutia
3374 4049 3386 4070 ,
3411 4007 3503 4060 sed
3536 4007 3617 4062 fu-

2035 4105 2171 4148 tura.
2228 4094 2345 4147 Jam
2396 4093 2538 4163 quod
2585 4094 2745 4163 aliqui
2788 4095 2854 4147 ad
2908 4097 3187 4164 pra-sentin
3234 4108 3516 4165 spectarat,
3563 4108 3618 4153 et

2034 4185 2207 4239 ftttura
2256 4195 2549 4253 re~pnuntz
2582 4201 2686 4240 non
2720 4186 2838 4240 ideo
2880 4197 3170 4255 respuunt,
3217 4188 3358 4257 quod
3388 4189 3615 4246 obscura

2031 4287 2083 4330 et
2114 4278 2310 4331 incerta
2338 4317 2351 4338 .
2383 4274 2475 4331 scd
2502 4277 2643 4345 quod
2687 4277 2931 4331 sublimia
2975 4280 3081 4331 sint
3105 4320 3119 4340 ,
3168 4289 3221 4332 et
3264 4295 3425 4348 supra
3463 4297 3613 4336 suam

2033 4366 2469 4420 imbecillitatem.
2532 4365 2822 4421 Cotisidera
2879 4368 3035 4436 igitur
3082 4378 3277 4437 quanta
3326 4370 3395 4422 sit
3444 4370 3613 4425 virtus

2025 4457 2174 4525 justi.
2228 4459 2549 4513 l‘romisemt
2575 4460 2623 4511 ei
2658 4458 2798 4513 Deus
2838 4461 3133 4528 Corporalia
3157 4502 3171 4523 ,
3211 4470 3265 4512 et
3308 4461 3420 4529 ipse
3451 4462 3615 4532 spiri-

2031 4552 2188 4606 tualia
2215 4552 2505 4621 qumrebat.
2552 4550 2687 4613 Ubi,
2715 4552 2879 4615 diccs,
2914 4553 3153 4621 promisit
3173 4554 3221 4607 ei
3252 4552 3390 4608 Deus
3416 4570 3613 4624 corpo-

2029 4643 2156 4697 ralia
2180 4684 2195 4706 ,
2225 4652 2272 4696 el
2304 4644 2415 4711 ipse
2441 4642 2733 4711 spiritualia
2760 4644 3040 4713 quzesivit?
3089 4643 3345 4714 Egredere
3367 4687 3380 4707 .
3417 4647 3610 4718 inquit,

2028 4734 2091 4785 de
2116 4744 2247 4785 terra
2284 4744 2371 4785 tua
2389 4774 2405 4798 ,
2451 4743 2497 4787 et
2524 4733 2588 4786 de
2619 4735 2915 4803 cognatione
2944 4745 3029 4787 tua
3054 4778 3068 4799 ,
3109 4745 3153 4788 et
3179 4737 3243 4789 de
3271 4737 3422 4791 domo
3453 4750 3613 4806 patris

2028 4830 2097 4879 tui
2118 4869 2133 4891 ,
2175 4838 2219 4880 rt
2245 4829 2353 4880 ueni
2379 4828 2432 4880 iu
2464 4838 2648 4881 terram
2673 4844 2823 4898 quam
2851 4838 3195 4884 monstravere
3222 4832 3310 4884 tibi
3336 4830 3488 4899 (Gen.
3520 4831 3609 4884 12.

2036 4920 2111 4987 l).
2144 4918 2455 4987 Corporalis
2480 4929 2595 4971 erat
2623 4928 2760 4972 terra
2803 4920 2969 4987 prior,
3001 4929 3135 4976 utet
3164 4923 3358 4986 futura,
3385 4937 3505 4990 qua:
3537 4922 3609 4976 illi

2025 5013 2197 5066 danda
2226 5021 2341 5065 erat
2410 5010 2543 5076 Quid
2587 5027 2715 5077 ergo
2750 5011 2877 5065 ille?
2917 5012 3028 5067 luto
3057 5029 3161 5067 non
3196 5013 3368 5076 illum,
3399 5012 3491 5067 sed
3513 5028 3611 5066 au-

2023 5104 2231 5157 diamus
2257 5102 2322 5156 de
2352 5102 2441 5155 illo
2471 5102 2733 5157 dicentem
2764 5101 2983 5157 Paulum
3005 5143 3019 5163 ,
3069 5113 3123 5156 ut
3163 5103 3433 5157 discamus
3457 5119 3608 5171 cum,

2026 5195 2147 5249 licet
2180 5194 2320 5248 hanc
2349 5203 2542 5248 terram
2578 5196 2909 5261 promisisset
2949 5194 3091 5248 Deus
3113 5237 3129 5260 ,
3180 5194 3385 5250 relictis
3427 5204 3605 5251 tamen

2026 5286 2376 5355 pra-sentibus
2395 5324 2409 5347 ,
2448 5299 2569 5338 eam
2602 5300 2705 5339 nou
2745 5285 3047 5351 respexisse
3067 5327 3081 5345 .
3107 5285 3198 5338 sed
3228 5285 3509 5342 festinasse
3537 5288 3606 5342 ad

2024 5379 2219 5432 futura.
2247 5376 2383 5443 Quid
2415 5375 2571 5444 igitur
2602 5374 2796 5429 Paulus
2820 5374 2987 5429 dicit?
3032 5374 3195 5429 Juxta
3228 5376 3382 5445 fidem
3419 5380 3606 5433 mortui

2022 5478 2139 5523 sunt
2161 5468 2211 5519 hi
2236 5483 2405 5520 omnes
2436 5464 2620 5535 (Hebr.
2655 5466 2738 5520 ll.
2774 5465 2861 5533 I3)
2883 5507 2899 5529 ,
2947 5465 3015 5520 de
3057 5467 3322 5521 Abraham
3360 5468 3609 5537 loquens,

2022 5560 2168 5613 Isaac
2193 5566 2247 5612 et
2268 5555 2452 5619 Iacob,
2484 5567 2538 5610 et
2562 5556 2719 5625 justis
2745 5557 3014 5614 omnibus.
3043 5556 3226 5627 Neque
3254 5558 3397 5613 enim
3427 5558 3602 5613 Abra-

2023 5650 2144 5704 ham
2193 5648 2373 5709 solus,
2414 5647 2507 5702 sed
2538 5662 2726 5702 oumes
2760 5646 3001 5716 ejusdem
3049 5657 3204 5702 cram
3247 5648 3603 5717 phibmipbue

2027 5740 2333 5811 participes.
2365 5736 2522 5794 Juxta
2539 5739 2692 5807 [idem
2716 5742 2895 5793 mortui
2918 5753 3031 5794 siml
3061 5740 3111 5793 lii
3142 5756 3334 5803 omnes,
3369 5758 3605 5795 rumnou
