4134 6214
502 307 601 368 (ἳἳῖ

500 432 804 498 accepissent
832 432 1205 498 prrmissiones,
1231 430 1318 484 sed
1349 432 1527 502 procul
1545 449 1631 485 eos
1655 433 1908 486 vidissent.
1939 430 2074 500 Quid

498 521 632 574 dicis
652 520 677 572 ?
705 536 809 574 non
833 520 1056 574 obtinuit
1086 519 1354 574 Abraham
1383 522 1808 589 promissioucs?
1853 538 1955 575 non
1985 539 2080 574 vc-

500 611 577 662 nit
608 611 658 663 in
688 609 1066 663 Palzrstinam?
1113 609 1267 664 Falsa
1303 626 1431 682 ergo
1472 628 1531 667 ea
1574 628 1693 682 qua:
1737 612 1876 666 dicta
1919 612 2082 666 sunt?

501 697 859 771 Nequaquam.
891 698 1076 768 inquit.
1104 698 1260 754 Venit
1283 700 1498 770 quidem
1522 703 1572 755 itt
1601 702 1954 766 Palaestinam,
1977 717 2080 755 non

503 789 638 842 hanc
665 800 838 842 autem
871 791 1170 858 spectavit,
1202 791 1299 846 sed
1324 792 1480 845 aliam
1512 808 1630 861 qua:
1657 794 1706 846 in
1736 793 1903 856 ca-lis,
1937 794 2081 846 desi-

500 877 721 932 deravit.
745 878 909 945 Cujus
930 879 1007 934 rei
1027 891 1080 934 et
1102 881 1294 936 Paulus
1319 885 1487 950 testis,
1507 899 1628 938 eum
1645 884 1825 952 adjicit
1847 903 1858 938 :
1881 883 1945 937 Et
1965 902 2086 938 con-

499 969 622 1037 fessi
637 979 752 1022 sunt
769 987 822 1023 se
841 971 1059 1042 hospites
1075 982 1121 1026 et
1138 974 1424 1044 peregrinos
1434 974 1485 1027 in
1505 983 1637 1028 terra
1657 973 1843 1044 (Hebr.
1861 976 1884 1029 l
1902 977 1919 1029 Ι
1935 1016 1947 1030 .
1973 975 2080 1046 εδ).

500 1057 775 1128 llospesne
797 1073 896 1124 est,
941 1063 1030 1131 qui
1059 1073 1258 1118 tantam
1286 1064 1490 1133 accepit
1517 1065 1740 1134 patriam
1759 1106 1774 1130 ,
1806 1075 1860 1120 ct
1885 1076 2082 1120 lautam

500 1151 817 1219 regionem?
865 1152 951 1208 dic
977 1195 989 1216 ,
1031 1155 1274 1209 obsecro.
1326 1155 1504 1217 Sane,
1550 1155 1762 1226 inquit:
1792 1171 1897 1211 non
1940 1158 2083 1210 enim

501 1240 657 1306 hanc,
686 1241 780 1295 sed
811 1243 1000 1298 cadum
1031 1246 1309 1313 spectavit.
1363 1245 1503 1300 Nam
1523 1247 1609 1316 qui
1629 1248 1738 1300 haec
1763 1247 1972 1311 dicunt,
2006 1250 2084 1301 iu-

497 1332 630 1399 quit,
663 1332 922 1387 declarant
945 1351 1006 1390 se
1024 1336 1183 1388 aliam
1208 1337 1460 1405 inquirere
1483 1339 1871 1407 patriam,cnjus
1893 1341 2084 1407 artifex

499 1432 547 1473 et
571 1423 743 1492 opifex
763 1433 833 1476 est
863 1423 1002 1479 Deus
1033 1425 1192 1496 (Ibid.
1227 1443 1274 1480 υ.
1311 1428 1395 1481 M.
1428 1429 1516 1497 ω)
1541 1469 1558 1492 ,
1609 1428 1752 1482 illam
1777 1469 1792 1492 ,
1842 1430 2077 1499 inquam,

498 1515 797 1570 Jerusalem
825 1519 1093 1574 orlestem
1117 1561 1130 1584 ,
1168 1529 1223 1576 et
1261 1535 1567 1592 supernam.
1595 1519 1784 1576 Vidisti
1811 1524 2083 1592 quomodo

501 1607 805 1675 promiserit
835 1609 908 1664 illi
942 1611 1082 1665 Deus
1123 1613 1494 1680 corporalem,
1535 1620 1591 1666 et
1631 1613 1741 1681 ipse
1780 1615 2084 1682 qumsivcrit

500 1713 787 1768 supernam
813 1700 1151 1757 Jerusalem?
1187 1705 1286 1770 Qui
1328 1705 1460 1757 enim
1501 1705 1608 1758 hac
1641 1703 1846 1770 dicunt,
1892 1705 2079 1775 inquit,

499 1787 790 1857 significant
835 1808 888 1846 se
927 1793 1142 1861 patriam
1183 1795 1453 1863 inquirere.
1504 1795 1578 1848 Ac
1619 1797 1666 1849 si
1701 1797 1839 1850 illius
1879 1797 2079 1866 quidem

501 1881 842 1934 meminissent
862 1923 875 1942 ,
901 1899 965 1936 es
987 1901 1087 1952 qua
1107 1894 1225 1938 sunt
1253 1887 1457 1954 egressi,
1491 1893 1686 1954 tempus
1706 1885 1810 1939 illis
1835 1885 2083 1939 redeundi

501 1981 784 2041 suppeteret
808 1989 826 2028 :
839 1977 950 2044 jam
973 1992 1092 2030 vero
1120 1978 1330 2031 alterius
1360 1979 1582 2031 melioris
1615 1979 1865 2033 desiderio
1886 1980 2072 2032 ducun-

505 2075 606 2129 tur,
630 2066 724 2119 hoc
750 2077 856 2131 est,
890 2069 1099 2122 etelests's
1133 2067 1292 2140 (Ibid.
1321 2087 1368 2124 υ.
1401 2071 1488 2124 l5.
1525 2070 1640 2139 i6).
1677 2070 1854 2137 Itaque
1883 2085 2075 2138 corpo-

502 2157 628 2211 ralis
654 2167 736 2212 est
761 2160 1063 2228 promissio,
1088 2163 1364 2230 spirituale
1383 2173 1557 2217 autem
1579 2162 1708 2232 justi
1729 2162 2073 2218 desiderium.

499 2251 571 2304 At
614 2264 713 2305 nos
757 2253 913 2322 plane
945 2251 1153 2307 diversa
1194 2252 1434 2308 faciams.
1482 2253 1623 2309 Deus
1653 2254 1724 2308 illi
1763 2254 2078 2324 promiserat

506 2339 838 2395 Palaestinam
864 2383 879 2406 ,
912 2341 1008 2396 sed
1047 2343 1138 2398 ille
1173 2345 1448 2412 spectabat
1483 2344 1674 2399 cadum
1708 2361 1720 2397 :
1754 2345 1906 2399 nobis
1954 2360 2080 2414 pro-

503 2432 722 2485 missum
750 2441 832 2487 est
855 2433 1043 2488 caelum
1067 2475 1082 2500 ,
1109 2444 1161 2488 et
1186 2434 1252 2489 ad
1285 2445 1480 2489 terram
1512 2437 1796 2491 tendimus.

571 2525 625 2579 5.
661 2525 952 2579 Doetrinam
980 2543 1046 2580 ea:
1067 2528 1276 2579 historia
1304 2529 1524 2582 Abram:
1545 2528 1808 2582 deductam
1837 2529 2078 2590 resumit;

502 2613 602 2678 lilii
625 2631 724 2666 non
753 2615 823 2666 rei
848 2625 966 2667 sunt
991 2616 1267 2682 iniquitatis
1297 2628 1603 2684 parentum;
1622 2618 1742 2686 quid
1770 2619 1915 2687 o/ﬁcii
1946 2633 2077 2689 prc-

507 2715 640 2758 stare
665 2695 880 2760 debetint
906 2708 1002 2775 lilii
1037 2724 1158 2778 erga
1187 2719 1416 2778 parentes
1442 2710 1622 2778 impios
1645 2724 1664 2772 ,'
1703 2709 1912 2762 liberum
1938 2709 2075 2762 arbi-

501 2797 652 2848 trium
710 2812 728 2849 :
783 2797 1123 2868 interpretatio
1187 2800 1405 2853 nominis
1456 2799 1586 2855 Noé.
1634 2829 1702 2840 —-
1753 2801 1877 2854 lltcc-
1931 2803 2076 2855 lucra

503 2903 568 2942 ex
605 2889 874 2944 Abraham
901 2891 1052 2946 nobis
1079 2893 1413 2961 Contigerant
1431 2933 1452 2958 ,
1491 2893 1611 2962 quia
1642 2909 1838 2947 munra
1857 2894 1974 2963 ejus
1998 2895 2078 2949 di-

500 2982 727 3036 dicimus
751 3022 765 3041 .
807 2991 862 3038 et
897 2998 1062 3053 quare
1089 2983 1365 3038 Transitor
1403 2985 1581 3039 dictus
1606 2985 1707 3049 sit,
1743 2995 1802 3056 et
1825 2987 1967 3055 quod
1991 3003 2080 3040 re-

506 3073 623 3125 leta
673 3081 813 3127 terra
865 3088 957 3127 sua
1011 3074 1061 3128 in
1092 3074 1314 3128 alienam
1354 3077 1656 3139 concessit,
1693 3077 2080 3148 pncteritisquc

500 3166 660 3219 certis
702 3165 768 3219 ad
808 3166 1007 3221 incerta
1054 3182 1113 3221 se
1162 3169 1468 3231 convertit,
1518 3168 1742 3239 abjectis
1779 3170 1842 3224 iis
1870 3186 1990 3240 qua:
2026 3172 2080 3225 in

503 3255 785 3321 manibus,
833 3257 1084 3325 aspiravit
1123 3258 1187 3312 ad
1233 3273 1295 3312 ea
1324 3275 1439 3327 qnze
1469 3273 1565 3329 spe
1608 3261 1971 3330 concipiebat,
2025 3273 2078 3316 et

497 3349 728 3418 acceptis
743 3350 1079 3404 seusibilibus
1104 3351 1172 3404 ad
1194 3352 1485 3421 spiritualia
1511 3352 1751 3419 tetendit,
1778 3353 1935 3419 idque
1954 3365 2078 3409 ante

496 3441 758 3506 gratiam,
787 3451 908 3494 ante
938 3441 1107 3510 legem
1131 3483 1145 3505 ,
1184 3455 1311 3498 ante
1349 3445 1724 3512 prophetarum
1754 3445 2070 3499 doctrinam.

504 3529 653 3585 Unde
683 3531 1020 3585 manifestum
1051 3541 1166 3599 est,
1196 3549 1316 3587 eum
1357 3545 1684 3604 praeceptore
1713 3537 1971 3597 caruisse,
2000 3538 2076 3587 t-i-

495 3640 600 3690 que
624 3624 757 3678 satis
780 3624 943 3678 fuisse
969 3635 1210 3680 naturam
1240 3635 1542 3681 moventem
1578 3629 1928 3699 cogitationes
1950 3646 2078 3683 rou-

497 3716 770 3780 scicntite,
809 3727 862 3770 ut
895 3717 972 3770 sic
1001 3717 1263 3772 inveniret
1289 3718 1546 3788 Opilicem
1574 3719 1803 3774 universi
1831 3738 1845 3774 :
1873 3731 1926 3775 et
1955 3737 2077 3790 pro.

499 3816 619 3873 pter
657 3805 759 3860 hoc
787 3806 1066 3864 dicebatur
1090 3809 1287 3864 Abram
1306 3851 1321 3875 ,
1348 3810 1488 3880 quod
1530 3824 1724 3866 nomen
1751 3812 1800 3866 ei
1830 3824 2077 3880 parentes

495 3915 555 3950 ea
583 3899 651 3953 de
678 3914 834 3954 causa
871 3901 1192 3956 indiderunt.
1241 3902 1345 3957 Sed
1385 3901 1522 3957 ibt-to
1556 3904 1733 3957 statim
1758 3903 1952 3958 dixerit
1978 3904 2072 3957 ali-

493 3991 614 4058 quis
642 4009 656 4044 :
687 3991 1012 4047 Mendacium
1066 3993 1166 4047 hoc
1213 4004 1309 4048 est.
1367 3993 1621 4048 Parentes
1669 3994 1897 4049 Abrahte
1946 4011 2071 4050 unm

489 4080 618 4148 justi
645 4081 889 4136 fuerunt?
939 4099 1064 4137 num
1096 4085 1406 4153 placuerunt
1449 4083 1594 4137 Deo?
1637 4098 1761 4138 num
1804 4085 2071 4140 sciverunt

497 4171 708 4225 futura?
750 4188 876 4226 num
903 4174 1334 4242 pollicitationem
1363 4189 1392 4226 a
1425 4173 1648 4227 Domino
1671 4172 1899 4228 dandam
1934 4191 2069 4244 prte-

493 4265 778 4320 vidertmt?
805 4280 980 4319 annon
1019 4267 1165 4336 impii
1191 4275 1344 4320 erant
1372 4275 1424 4319 et
1457 4265 1751 4319 idulolall'ﬂ!
1773 4306 1792 4331 ,
1825 4277 1879 4321 et
1923 4268 2066 4336 plus-

493 4373 651 4425 quam
666 4357 700 4410 b
720 4356 912 4410 rbari?
934 4355 1055 4412 Scio
1075 4365 1128 4410 et
1151 4371 1269 4426 ego,
1297 4371 1359 4409 ac
1382 4367 1658 4425 propterea
1679 4356 2068 4426 laudojustum,

491 4449 632 4516 quod
682 4448 811 4503 tales
858 4456 1110 4516 parentes
1159 4449 1396 4510 habens,
1445 4447 1564 4501 talis
1611 4449 1722 4516 ipse
1767 4449 1936 4504 lactus
1977 4451 2066 4506 sit.

495 4539 704 4592 Etenim
747 4536 900 4590 valde
944 4552 1121 4591 rarum
1165 4547 1220 4591 et
1246 4536 1560 4593 admirabile
1601 4547 1717 4602 est,
1757 4555 1822 4593 ex
1867 4542 2066 4609 agresti

492 4627 672 4681 radice
712 4626 922 4680 dulcem
966 4627 1192 4680 fructum
1237 4627 1473 4695 produci.
1525 4628 1593 4681 At
1640 4643 1744 4682 non
1780 4631 2066 4685 accusandi

491 4727 612 4772 sunt
640 4717 710 4772 ob
737 4729 1012 4786 parentum
1059 4719 1310 4773 malitiam
1355 4719 1450 4774 ﬁlii
1488 4718 1572 4788 pie
1598 4720 1832 4774 viventes
1855 4762 1870 4785 ,
1901 4722 1994 4776 sed
2019 4723 2066 4776 si

489 4811 612 4880 quid
641 4808 954 4864 admirabile
996 4810 1054 4862 di
1083 4810 1278 4863 endutn
1321 4820 1432 4871 est,
1484 4825 1551 4864 eo
1586 4810 1757 4879 magis
1793 4810 2060 4876 laudandi,

489 4904 628 4972 quod
653 4918 772 4957 eum
803 4902 1050 4970 pietatem
1079 4916 1107 4954 a
1135 4901 1442 4970 parentibus
1469 4917 1573 4955 non
1605 4903 1930 4971 acceperint,
1963 4919 2062 4958 nec

488 4994 768 5049 habuerint
787 4993 874 5062 qui
906 5009 1062 5046 manu
1089 4992 1364 5055 ducerent,
1392 4993 1540 5062 quasi
1565 4993 1621 5046 in
1646 5008 1826 5047 eremo
1847 5003 1901 5047 et
1921 4995 2062 5049 invio

482 5095 692 5150 euntes,
729 5085 866 5138 viam
898 5100 1015 5155 qua:
1037 5085 1090 5138 in
1113 5082 1300 5138 caelum
1333 5083 1433 5138 fert
1457 5123 1472 5147 ,
1507 5083 1745 5138 invenire
1771 5085 2056 5152 potuerint.

484 5174 600 5230 Non
648 5176 807 5246 igitur
833 5176 1032 5230 crimen
1053 5183 1170 5238 est,
1216 5172 1413 5229 habere
1450 5183 1652 5242 patrem
1695 5174 1933 5241 impium,
1963 5175 2054 5230 sed

484 5267 679 5322 imitari
723 5266 889 5336 patris
923 5267 1249 5337 impietatem
1275 5282 1291 5330 ;
1323 5273 1378 5320 et
1399 5266 1601 5320 crimen
1627 5274 1710 5320 est
1746 5265 2055 5330 maximum,

483 5374 589 5414 non
626 5358 766 5430 quod
815 5358 1106 5413 habeamus
1151 5357 1422 5427 improbos
1466 5365 1741 5426 parentes,
1793 5357 1886 5414 scd
1914 5357 2055 5427 quod

483 5452 697 5505 illorum
723 5465 826 5504 non
852 5465 1070 5519 agamus
1093 5466 1274 5505 curant
1298 5491 1313 5511 ,
1347 5464 1522 5519 neque
1563 5465 1661 5520 pro
1699 5449 1835 5502 virili
1874 5459 2055 5504 nostra

480 5543 666 5595 deum;
691 5555 941 5608 operam,
989 5548 1046 5593 ut
1090 5539 1159 5593 ab
1201 5537 1472 5609 impietate
1506 5554 1599 5593 sua
1644 5554 1739 5595 eos
1780 5555 2050 5595 eruamus.

485 5634 660 5699 Itaque
703 5632 788 5684 tthi
836 5646 933 5685 nos
976 5632 1184 5686 illorum
1225 5632 1459 5694 animm,
1503 5642 1755 5698 quantttm
1807 5632 1861 5685 in
1901 5631 2054 5686 nobis

483 5722 777 5791 situmcst,
811 5725 1102 5779 subsidium
1133 5726 1406 5780 tulerimus
1431 5766 1451 5788 ,
1479 5725 1551 5778 illi
1584 5741 1710 5780 vero
1751 5727 1808 5780 in
1832 5741 1925 5781 sua
1956 5727 2050 5779 im-

1214 313 1270 366 S.
1312 311 1598 366 JOANNIS
1636 312 2125 370 CIIRYSOSTOMI
2165 313 2442 369 ARlllEP.
2488 312 3037 368 CONSTANTINUP.

3662 321 3772 376 628

2193 433 2451 501 probitate
2480 437 2972 505 perseverantius!»
2994 437 3138 492 omni
3163 438 3388 492 crimine
3402 451 3465 492 ac
3488 437 3772 508 reprobat-

2189 525 2340 578 sione
2365 541 2551 580 sumus
2582 528 2863 582 immunes.
2911 527 3036 582 “:20
3063 537 3243 583 autem
3283 527 3392 582 disi
3414 569 3430 590 ,
3464 537 3524 582 ut
3560 545 3629 583 ne
3656 539 3772 583 tur-

2190 617 2327 672 beris
2347 659 2366 685 ,
2404 619 2598 673 dilecte
2617 662 2631 685 ,
2682 635 2803 674 cum
2829 619 2981 675 audis
3006 619 3272 675 Abraham
3312 619 3534 688 impium
3562 630 3770 690 patrem

2190 705 2459 764 habuisse.
2505 709 2634 762 Nam
2662 720 2714 762 et
2739 709 3047 764 Timotheus
3072 708 3293 779 impium
3317 719 3522 779 patrem
3547 713 3772 766 sortitus

2189 797 2282 853 luit
2309 817 2322 851 :
2355 798 2522 853 Filius
2549 799 2694 854 enim
2721 799 2925 853 Iudam
2945 800 3168 853 mulieris
3193 809 3334 866 erat,
3363 799 3533 867 ﬁdelis
3565 802 3771 857 nutris.

2189 889 2348 957 patris
2375 898 2543 942 autem
2577 890 2778 958 gentilis
2808 891 2941 961 (Act.
2977 890 3061 944 l6.
3088 890 3165 959 l).
3216 889 3283 943 Et
3306 889 3447 959 (ιυΟά
3475 900 3626 959 pater
3649 891 3772 960 ejus

2189 979 2445 1033 manserit
2470 979 2522 1032 in
2549 979 2820 1049 impietate
2843 987 2896 1034 et
2923 996 3026 1033 non
3056 979 3214 1033 fuerit
3237 993 3558 1043 conversus,
3590 981 3770 1034 matti-

2191 1067 2381 1123 histum
2425 1080 2508 1124 est
2553 1085 2619 1125 ea
2663 1071 2763 1125 hoc
2795 1089 2808 1123 :
2842 1071 3062 1124 laudans
3101 1071 3246 1125 enim
3287 1070 3553 1126 Timothei
3602 1072 3768 1128 tidem

2190 1159 2382 1215 Paulus
2401 1202 2416 1226 ,
2449 1161 2527 1215 sic
2550 1160 2680 1215 dicit
2712 1179 2726 1215 :
2759 1161 2886 1226 Qua
2913 1161 3152 1214 habitarit
3172 1162 3225 1215 in
3254 1162 3366 1214 aria
3391 1171 3480 1214 tua
3500 1160 3683 1227 Laide,
3717 1173 3769 1216 et

2189 1263 2346 1306 matre
2369 1262 2454 1305 tua
2477 1251 2689 1317 Euniee,
2721 1252 2921 1321 eoa/ide
2945 1261 3110 1305 autem
3139 1251 3274 1321 quod
3303 1261 3350 1305 et
3374 1251 3429 1305 in
3453 1262 3500 1304 te
3523 1250 3598 1320 (2.
3622 1249 3763 1306 Tim.

2191 1343 2240 1396 ί.
2267 1341 2344 1413 5).
2389 1341 2656 1412 Nusquam
2691 1343 2776 1397 hic
2803 1341 2968 1411 patris
2993 1356 3187 1396 nomen
3209 1341 3418 1409 legitur.
3469 1341 3536 1398 Et
3561 1341 3769 1408 quare?

2187 1432 2317 1498 Quia
2346 1433 2397 1486 in
2440 1431 2709 1502 impietate
2755 1445 3133 1500 perseverans,
3183 1445 3289 1484 non
3315 1439 3430 1488 erat
3455 1431 3647 1498 dignus
3669 1432 3768 1500 qui

2185 1537 2306 1575 cunt
2342 1523 2454 1576 lilio
2482 1530 2870 1577 numeraretur.
2921 1521 2989 1575 Et
3010 1514 3281 1591 apostolos
3311 1520 3482 1574 malos
3511 1522 3769 1578 habuisse

2186 1626 2363 1684 patres
2387 1614 2673 1674 declaravit
2692 1613 2956 1674 Christus.
2983 1627 3104 1666 cum
3129 1612 3262 1667 dixit
3287 1629 3302 1666 :
3331 1611 3392 1666 Si
3421 1629 3510 1683 ego
3540 1613 3588 1666 iu
3615 1611 3766 1669 Beel-

2187 1708 2331 1761 zebul
2355 1708 2500 1774 ejieio
2533 1707 2807 1772 daemonia,
2851 1706 2945 1774 ﬁlii
2971 1706 3119 1759 vestri
3146 1705 3198 1757 in
3221 1720 3322 1774 quo
3349 1705 3546 1774 cjicient
3565 1705 3590 1757 .7
3622 1703 3760 1759 Pro-

2189 1809 2298 1870 pter
2325 1801 2421 1854 ltoc
2448 1799 2551 1870 ipsi
2575 1809 2718 1852 erunt
2753 1797 2952 1869 judiccs
2977 1798 3122 1850 vestri
3153 1795 3362 1865 (Matth.
3390 1794 3476 1850 12.
3509 1795 3624 1865 27).
3649 1795 3762 1849 Sed

2188 1901 2242 1946 te
2268 1907 2334 1945 ne
2357 1891 2534 1944 turbet
2564 1890 2688 1954 hoc,
2717 1905 2888 1958 neque
2915 1888 3165 1943 oﬂendat.
3203 1882 3338 1941 Nam
3365 1901 3430 1942 ex
3461 1887 3562 1942 hoc
3600 1886 3764 1943 disci-

2188 1996 2305 2035 mus
2324 2021 2340 2045 ,
2381 1997 2488 2035 non
2518 1989 2744 2045 natura,
2777 1981 2870 2035 sed
2911 1979 3198 2034 voluntatis
3223 1991 3345 2032 esse
3363 1978 3544 2036 vitium
3573 1985 3630 2036 et
3654 1977 3765 2031 vir-

2189 2082 2371 2126 tatem.
2401 2072 2686 2126 Enimvero
2711 2070 2756 2124 si
2785 2081 2988 2126 natura:
3011 2076 3171 2130 esset,
3199 2066 3416 2127 omnino
3441 2067 3564 2124 mali
3590 2065 3772 2125 malos.

2187 2174 2472 2235 parerent,
2521 2172 2580 2219 et
2602 2165 2724 2218 boni
2755 2164 2923 2219 bonos
2949 2179 2965 2220 :
3013 2161 3110 2217 sed
3137 2161 3263 2231 quia
3289 2159 3558 2214 electionis
3584 2168 3639 2211 et
3660 2172 3763 2215 vo-

2195 2255 2409 2309 luntatis
2433 2263 2517 2309 est
2548 2253 2767 2324 probum
2799 2253 2880 2307 vel
2910 2251 3208 2322 improbum
3232 2265 3370 2314 esse,
3395 2249 3592 2306 idcirco.
3611 2263 3768 2316 saepe

2188 2345 2340 2400 malis
2363 2344 2600 2415 patribus
2628 2344 2751 2398 boni
2779 2342 2875 2400 lilii
2898 2384 2914 2408 ,
2958 2353 3012 2396 et
3041 2341 3241 2412 ignavis
3272 2340 3394 2398 ﬁliis
3409 2337 3636 2398 studiosi
3661 2353 3759 2407 pa-

2185 2445 2296 2492 tres
2342 2437 2589 2500 luerunt,
2631 2444 2691 2494 ut
2727 2449 2833 2489 non
2863 2431 3210 2497 naturaz,sed
3248 2430 3506 2490 voluntati
3546 2443 3764 2497 semper

2189 2529 2270 2582 illa
2318 2529 2662 2598 impotentes.
2717 2527 2914 2581 Verum
2966 2541 3086 2580 cum
3127 2532 3375 2593 parentes
3405 2521 3631 2579 Abraha:
3656 2529 3762 2581 ,ιιι

2185 2621 2292 2676 dixi
2315 2663 2329 2687 ,
2371 2621 2564 2676 fuerint
2604 2619 2783 2689 impii,
2811 2616 3081 2688 quomodo
3106 2617 3155 2671 ci
3201 2614 3305 2672 hoc
3329 2629 3523 2673 nomen
3551 2609 3760 2666 indide-

2186 2722 2313 2767 runt
2338 2711 2362 2765 ’ἒ
2393 2711 2514 2772 Fuit
2533 2711 2633 2766 hoc
2655 2725 2790 2779 opus
2813 2709 3007 2763 divintc
3022 2705 3293 2776 sementim
3315 2720 3406 2776 per
3434 2702 3760 2762 incredulam

2187 2805 2416 2873 linguam
2442 2802 2832 2872 dispensantis,
2866 2809 2922 2853 ut
2953 2814 3114 2868 puero
3144 2811 3337 2858 nomen
3379 2797 3757 2864 imponeretur.

2189 2895 2388 2950 habens
2417 2898 2468 2948 in
2492 2909 2550 2947 se
2573 2892 2870 2956 futurorum
2893 2889 3189 2951 historiam.
3222 2887 3362 2947 Nam.
3385 2886 3625 2946 eamdem
3656 2883 3763 2937 vir-

2188 2996 2354 3041 tutem
2377 2994 2432 3040 et
2470 2985 2524 3040 itt
2559 2983 2771 3038 Balaam
2811 2981 3138 3045 declaravit,
3184 2991 3383 3048 cogens
3423 2991 3546 3034 eum
3586 2972 3760 3033 futura

2189 3081 2476 3149 praedicere
2510 3077 2698 3149 (Nunt.
2737 3075 2829 3144 2'5)
2859 3091 2876 3128 :
2913 3072 3190 3134 declarans
3233 3085 3293 3126 se
3341 3085 3452 3128 non
3492 3067 3666 3122 solum
3704 3064 3759 3118 in

2185 3173 2294 3226 suis
2314 3214 2330 3237 ,
2357 3171 2454 3225 sed
2474 3179 2528 3223 et
2558 3167 2616 3220 in
2640 3167 2827 3221 alienis
2850 3163 3110 3220 dominari
3135 3175 3312 3231 posse.
3361 3159 3427 3213 Et
3471 3166 3527 3214 ut
3561 3155 3756 3219 discas,

2188 3273 2438 3333 parentes
2469 3261 2628 3314 etiam
2672 3273 2777 3312 non
2808 3255 2960 3312 valde
2988 3254 3104 3324 pios
3125 3293 3143 3318 ,
3179 3251 3373 3320 saepius
3401 3247 3610 3304 nescios
3654 3246 3756 3299 im-

2187 3369 2382 3424 ponere
2408 3350 2620 3405 nomina
2636 3347 2813 3417 justis,
2833 3360 2952 3414 quis
2969 3342 3187 3404 multam
3216 3339 3512 3403 fuutrorum
3535 3335 3759 3410 dispen-

2183 3447 2442 3500 sationem
2469 3441 2774 3501 declarent,
2819 3435 3127 3496 docebimus
3155 3431 3317 3495 etiam
3347 3430 3454 3486 alio
3485 3427 3751 3497 exemplo.

2184 3532 2411 3589 Lamceh
2449 3531 2541 3602 qui
2570 3530 2665 3584 luit
2692 3539 2845 3599 pater
2866 3525 2982 3584 Νυό
3007 3524 3111 3595 (o),
3145 3523 3285 3583 illius
3306 3520 3591 3590 Noécujus
3614 3529 3754 3576 tetu-

2184 3639 2310 3694 pure
2338 3623 2530 3677 factum
2559 3630 2641 3680 cst
2669 3619 2925 3676 dilutiuut
2949 3657 2963 3680 ,
2997 3632 3103 3672 non
3123 3623 3238 3670 erat
3261 3613 3466 3684 justus,
3503 3625 3608 3666 non
3645 3610 3755 3664 Deo

2179 3729 2394 3788 gratus,
2437 3730 2542 3769 non
2593 3713 2700 3766 Deo
2747 3711 3001 3780 probatus
3035 3727 3046 3763 :
3078 3723 3198 3763 nam
3245 3708 3290 3764 si
3325 3705 3526 3776 justus,
3569 3703 3611 3758 si
3645 3703 3752 3756 Deo

2180 3821 2360 3880 gratus
2381 3817 2435 3861 ct
2462 3815 2712 3874 aret-puts
2739 3806 2918 3857 luisset
2941 3843 2954 3864 ,
3003 3816 3112 3857 non.
3145 3800 3398 3862 dixisset,
3433 3796 3544 3851 Νοὲ
3581 3793 3751 3849 soluat

2181 3898 2472 3970 perlectum
2507 3899 2778 3954 inventum
2813 3894 2866 3948 itt
2896 3892 3239 3962 generatione
3267 3905 3359 3952 sua
3388 3887 3539 3958 (Gen.
3567 3886 3618 3940 (i.
3651 3885 3707 3952 9)
3734 3901 3749 3935 :-

2179 4005 2352 4061 ut-que
2373 3989 2716 4060 pmteriisset
2730 3985 2861 4055 justi
2875 3993 3097 4054 patrem,
3127 3984 3171 4036 si
3192 3982 3368 4050 justus
3390 3981 3589 4034 luisset.
3613 3976 3751 4046 Quid

2178 4086 2334 4155 igitur
2363 4083 2451 4138 ille
2468 4083 2494 4136 ?
2539 4081 2793 4150 Imposuit
2820 4093 3014 4134 umnen
3041 4091 3227 4146 puero,
3254 4074 3398 4144 quod
3426 4072 3750 4144 praecipuam

2175 4176 2470 4236 futurarum
2498 4189 2676 4228 rerum
2709 4171 2926 4232 haberet
2955 4169 3232 4226 historiam
3251 4205 3272 4232 ,
3314 4174 3532 4232 oratque
3563 4159 3748 4232 appel-

2177 4271 2302 4324 latio
2323 4269 2448 4338 justi
2481 4265 2753 4336 prophetia
2787 4262 2940 4334 (Gen.
2973 4261 3026 4315 ii.
3054 4258 3174 4326 29).
3217 4254 3560 4327 Sigttilicabat
3597 4253 3750 4314 enim

2175 4377 2374 4415 nomen
2415 4361 2533 4425 ejus
2580 4357 2816 4411 futurum
2856 4353 3132 4408 diluvium.
3178 4346 3494 4418 Quomodo?
3542 4345 3748 4405 Nomen

2172 4453 2286 4522 ejus
2314 4452 2568 4506 ilebraica
2597 4449 2770 4519 lingua
2795 4446 2997 4502 vocavit
3020 4443 3155 4505 No5,
3177 4439 3320 4512 quod
3346 4440 3750 4505 interpretautm

2171 4557 2272 4608 est,
2307 4544 2500 4613 quietis
2518 4550 2723 4595 auctor.
2753 4539 2852 4594 Nia
2877 4538 3021 4594 enim
3041 4537 3296 4607 Syrorum
3324 4546 3456 4590 voce
3477 4529 3626 4596 quies
3640 4538 3745 4586 est.

2169 4637 2318 4691 Sient
2356 4634 2513 4703 igitur
2548 4630 2814 4686 Abraham
2865 4628 2933 4682 ab
2983 4627 3154 4687 Abar.
3191 4623 3336 4694 quod
3371 4632 3454 4686 εει
3492 4631 3643 4680 trans
3663 4619 3747 4680 vel

2171 4727 2333 4790 ultra,
2357 4724 2530 4781 dictus
2550 4732 2660 4785 est,
2685 4731 2741 4774 ct
2765 4719 2933 4776 Adam
2958 4719 3025 4773 ab
3051 4715 3266 4779 ﬁdem,
3299 4712 3446 4784 quod.
3470 4720 3552 4772 est
3581 4719 3745 4774 tet'ra,

2168 4833 2234 4872 eo
2253 4815 2392 4886 quod
2422 4816 2490 4869 sit
2516 4795 2760 4868 terrenus
2783 4827 2796 4864 :
2832 4812 2901 4864 ita
2947 4809 3032 4864 hic
3058 4823 3089 4862 a
3119 4805 3212 4864 Nia
3239 4814 3459 4865 vocatus
3487 4809 3570 4858 est
3606 4798 3742 4862 Noé.

2128 4932 2136 4940 ο
2171 4908 2269 4961 hoc
2294 4915 2394 4966 est,
2417 4914 2603 4959 auctor
2620 4903 2812 4973 quietis
2835 4919 2849 4956 ε
2872 4900 3109 4959 tltcclarat
3133 4906 3310 4958 autem
3334 4895 3434 4949 hoc
3459 4901 3514 4948 et
3534 4889 3746 4966 adjecta

2169 4996 2440 5067 partienti.
2486 4993 2707 5048 Vocavit
2730 4993 2871 5052 enim
2913 5006 3035 5044 cum
3083 4986 3230 5052 N06,
3261 4984 3490 5047 dicens:
3528 4979 3632 5036 Hic
3653 4996 3750 5042 una

2165 5092 2416 5159 quiescere
2455 5089 2604 5160 faciet
2642 5085 2848 5154 (lienes.
2877 5084 2930 5139 5.
2953 5081 3078 5149 ‘29-),
3103 5079 3337 5149 quietem
3357 5075 3615 5140 diluvium
3645 5088 3741 5127 vo-

2164 5197 2309 5236 catas.
2339 5179 2471 5234 Nam
2501 5180 2620 5248 quia
2645 5177 2747 5231 sub
2775 5175 2864 5229 illo
2893 5174 3123 5234 futurum
3143 5179 3258 5226 erat
3289 5167 3576 5232 diluvium,
3605 5162 3739 5220 ﬂu-

2164 5273 2306 5326 vium
2332 5281 2508 5326 autem
2538 5283 2682 5322 mors
2715 5266 2843 5330 fuit,
2875 5263 3015 5318 Mors
3043 5277 3168 5317 vero
3196 5262 3336 5331 quies
3361 5260 3465 5319 viro
3495 5267 3570 5318 est
3599 5255 3740 5326 (Job.

2165 5365 2216 5419 5.
2246 5364 2340 5433 25)
2369 5381 2382 5415 :
2409 5361 2609 5416 idcirco
2633 5358 2929 5420 hominem.
2983 5353 3085 5410 sub
3111 5367 3218 5423 quo
3255 5351 3516 5408 diluvium
3541 5348 3743 5404 factum

2163 5468 2264 5520 est,
2293 5454 2489 5524 quietis
2511 5461 2778 5514 auctorem
2809 5448 3034 5507 vocavit.

2227 5613 2299 5674 (τι)
2332 5612 2412 5674 nis
2434 5606 2604 5674 similia
2633 5606 2788 5656 babes
2805 5616 2947 5674 supra
2983 5597 3268 5674 ittttomiliis
3303 5613 3366 5674 tu
3389 5593 3747 5674 gen_c_sint_,_ubl-

2161 5662 2454 5723 de‘u'ominc
2478 5670 2574 5718 ιςοὲ
2597 5680 2727 5730 pene
2761 5662 2948 5716 eadem.
2989 5662 3104 5730 Vide
3144 5669 3305 5710 notam
3338 5663 3420 5711 ibi.
3463 5662 3543 5710 llic
3574 5666 3747 5708 autem.

2165 5735 2340 5798 adjecit
2362 5733 2440 5780 sia
2463 5726 2679 5791 Syrorum
2703 5728 2863 5787 lingua
2888 5739 2998 5776 esse
3018 5726 3242 5788 quietem-

3754 5813 3768 5842 κ
