4134 6214
415 264 516 321 (δῖε

486 380 540 434 6.
572 380 636 435 Et
660 379 799 450 quod
834 395 938 433 non
972 389 1243 449 torqueam
1277 382 1599 449 Scriptores,
1630 400 1691 435 ex
1721 382 1998 452 Scriptura

416 470 529 538 ipsa
560 471 836 524 autliatttus
868 469 989 524 hoc.
1034 468 1168 523 Vixit
1203 469 1420 524 Lameclt
1449 488 1609 525 annos
1637 482 1833 526 centum
1864 484 2001 525 orto-

414 562 555 622 qinta
578 573 693 614 Octo
712 600 727 624 ,
753 571 801 613 et
824 563 993 630 genuit
1016 561 1200 628 (ilium,
1236 570 1280 613 ct
1312 563 1502 615 vocarit
1522 578 1699 615 nomen
1727 563 1833 631 ejus
1866 561 1998 625 Noe',

415 650 589 703 dicens
613 666 634 704 :
664 649 761 704 llic
789 668 880 704 nos
915 652 1166 720 quiescere
1197 652 1344 721 faciet
1373 669 1404 703 α
1439 652 1690 706 laboribus
1732 654 1914 707 nostris
1955 664 2000 706 et

414 743 707 796 rumoribus
731 754 775 796 et
794 743 857 795 ab
881 744 1115 811 aperibus
1136 760 1375 796 manuum
1398 755 1703 801 nostrarum,
1723 760 1770 797 et
1792 769 1821 795 ιι
1844 761 1997 807 una,

418 833 500 884 cui
517 833 774 887 maledixit
806 833 1049 888 Dominus
1076 832 1225 903 (Gen.
1246 834 1297 889 5.
1321 834 1413 888 28.
1437 834 1551 905 29).
1574 835 1708 902 Quid
1736 835 1832 895 ais,
1856 834 2001 897 Quie-

415 939 558 976 κατε
581 925 731 992 faciet
757 942 847 978 nos
868 925 894 977 Ρ
938 925 1113 992 Quare
1144 939 1247 978 non
1291 926 1423 978 dixit
1452 944 1466 980 :
1501 926 1595 980 llic
1642 925 1849 980 occidet
1878 942 1995 989 nos,

417 1012 502 1066 hic
530 1012 745 1067 inducet
766 1014 1020 1067 diluvium
1042 1032 1054 1067 :
1078 1013 1172 1068 sed
1202 1014 1363 1067 dixit:
1394 1014 1567 1068 Faciet
1595 1031 1685 1068 nos
1713 1016 2001 1083 quiescere?

411 1103 666 1158 Creatura
691 1106 861 1160 omnis
880 1107 1181 1169 resolvitur,
1201 1107 1378 1177 abys~i
1400 1118 1702 1176 erumpunt,
1719 1117 1999 1161 cataracta:

416 1196 664 1264 superius
693 1198 1024 1265 aperiuntur,
1056 1213 1216 1251 omne
1250 1200 1464 1267 pelagus
1494 1210 1609 1253 etat
1650 1201 1862 1264 mirum,
1891 1208 2001 1252 stu-

416 1288 651 1355 pendnm
699 1299 750 1343 et
780 1289 1056 1354 horribile,
1084 1299 1138 1343 et
1179 1289 1233 1343 in
1262 1290 1372 1344 luto
1414 1292 1565 1359 quasi
1612 1290 1879 1343 communi
1910 1305 1996 1343 se-

362 1368 369 1393 ;
415 1380 601 1446 pulcro
651 1382 946 1448 promiscua
998 1380 1301 1444 hominum,
1350 1397 1604 1448 eqnormn
1653 1396 1715 1433 ac
1766 1382 1997 1435 ferarum

410 1484 637 1538 corpora
667 1471 1071 1524 occultabantur
1100 1488 1112 1522 :
1160 1480 1212 1524 et
1243 1480 1443 1524 tantam
1470 1471 1846 1535 calamitatem,
1881 1480 1998 1524 tan-

411 1571 570 1631 taque
622 1563 757 1616 mala
804 1564 1034 1631 quietem
1087 1564 1284 1617 vocas?
1334 1563 1596 1625 Profecto,
1629 1564 1814 1631 inquit.
1865 1563 1997 1619 Nam

411 1652 658 1707 homines
682 1654 737 1707 in
768 1668 953 1723 magna
984 1654 1181 1707 malitia
1211 1653 1461 1706 vivebant
1492 1672 1503 1707 :
1535 1654 1795 1709 diluvium
1818 1664 1997 1709 autem

409 1747 662 1816 quoniatn
693 1747 947 1800 malitiam
976 1746 1225 1811 resecuit,
1246 1746 1367 1800 ideo
1390 1746 1591 1799 liberati
1618 1745 1692 1799 illi
1716 1763 1744 1799 a
1772 1748 1991 1809 ntalitia,

413 1838 693 1905 quiescere
719 1838 989 1892 dicuntur.
1039 1838 1108 1893 Ut
1156 1839 1298 1893 enim
1349 1853 1543 1907 corpus
1582 1839 1744 1893 variis
1796 1841 1995 1893 morbis

415 1930 713 1997 obsessam,
737 1932 820 1985 cui
866 1933 1005 1985 nulla
1052 1932 1317 2000 reperitur
1347 1931 1573 1997 medela,
1615 1932 1659 1985 si
1691 1930 1824 1985 forte
1851 1946 1995 1986 mors

412 2021 703 2077 adveniens
730 2023 1002 2092 corripiat,
1034 2024 1081 2077 ei
1107 2024 1339 2094 quietem
1366 2023 1525 2077 all'ert
1557 2042 1569 2076 :
1612 2024 1689 2077 sic
1716 2025 1875 2078 etiam
1904 2040 1993 2092 ge-

408 2113 736 2167 nerationem
761 2113 1033 2168 hominum
1060 2114 1271 2169 illorum
1297 2115 1448 2184 quasi
1490 2130 1683 2184 corpus
1724 2115 1990 2169 ineurabi-

404 2200 527 2257 liter
550 2203 826 2273 languens,
850 2214 903 2260 et
933 2206 1085 2260 malis
1114 2205 1314 2271 multis,
1340 2204 1541 2259 nullam
1568 2204 1989 2259 consolationem

1666 268 1732 322 ΙΝ
1771 267 2067 322 CENESIM
2110 267 2338 322 δωιιλιυ
2374 265 2466 321 IX.

3589 258 3692 313 (‘50

2110 383 2529 451 admittentibus,
2555 384 2863 448 obnoxium,
2882 382 3265 453 superveniens
3288 380 3547 437 diluvium
3576 397 3625 437 et
3640 384 3684 437 i-

2112 474 2244 541 puit,
2278 484 2331 528 et
2351 476 2627 544 quiescere
2655 476 2796 528 fecit.
2840 473 2968 528 Nam
3008 472 3052 525 si
3081 471 3221 525 Mors
3246 473 3352 525 viro
3383 474 3519 541 quies
3547 472 3683 537 (Job

2111 567 2162 620 5.
2187 566 2300 635 “23),
2333 566 2497 620 multo
2525 566 2691 636 magis
2718 568 2782 619 iis
2810 565 2898 635 qui
2943 562 3359 618 inemendabiles
3400 563 3450 615 in
3492 563 3690 617 malitia

2110 656 2311 718 vivunt,
2345 672 2489 711 mors
2513 658 2663 726 quies
2701 665 2805 720 est,
2836 656 3067 709 liberans
3104 668 3195 708 eos
3222 669 3251 706 a
3283 653 3569 713 laboribus,
3595 668 3690 705 nec

2109 746 2293 801 sinens
2324 747 2544 801 ulterius
2570 746 2860 816 iniquitatis
2883 745 3031 799 ulcus
3058 759 3295 811 serpere,
3327 758 3499 812 neque
3529 757 3695 810 supra

2111 837 2326 890 modum
2352 852 2513 906 grave
2541 837 2652 889 tieri
2678 844 3016 905 peccatorum
3039 834 3265 903 pondus.
3291 832 3405 888 Non
3431 843 3513 886 est
3546 834 3689 887 enim

2106 928 2342 997 gravius,
2376 938 2466 980 ant
2495 926 2877 981 intolerabilius
2908 924 3135 994 pondus,
3172 939 3330 993 quam
3362 923 3563 993 peccati
3592 939 3686 975 na-

2109 1030 2224 1073 tura
2258 1040 2271 1074 :
2305 1020 2542 1088 nihilque
2572 1019 2641 1072 ita
2672 1018 2885 1072 labores
2912 1027 2967 1071 et
3011 1031 3281 1071 aerumnas
3324 1015 3477 1069 nobis
3513 1014 3687 1078 affert,

2108 1120 2166 1165 ut
2195 1111 2409 1164 malitia:
2454 1110 2659 1180 species
2698 1119 2752 1163 et
2788 1108 3001 1162 delicta.
3043 1108 3326 1175 Propterea
3357 1106 3596 1161 Christus
3626 1108 3693 1159 iis

2105 1202 2194 1271 qui
2228 1203 2279 1255 in
2319 1201 2549 1270 peccatis
2584 1199 2790 1263 vivunt,
2824 1198 3037 1253 dicebat
3068 1215 3081 1251 :
3126 1197 3297 1252 Venite
3328 1200 3411 1266 qui
3452 1196 3691 1250 laboratis

2105 1303 2151 1343 et
2181 1292 2374 1344 onerati
2398 1291 2535 1355 estis,
2560 1299 2606 1343 et
2625 1306 2715 1360 ego
2737 1305 2822 1342 vos
2842 1289 3093 1359 quiescere
3131 1289 3316 1356 faciant
3358 1286 3567 1358 (Matth.
3604 1287 3685 1339 ll.

2103 1382 2224 1451 28).
2255 1382 2320 1435 Et
2348 1382 2547 1435 ideirco
2575 1380 2807 1434 Lameclt
2836 1380 3091 1433 diluvium
3119 1380 3351 1448 quietetn
3379 1378 3685 1447 appellavit,

2104 1496 2168 1535 eo
2180 1480 2320 1550 quod
2343 1480 2723 1548 superveniens
2740 1476 2955 1530 malitiae
2980 1476 3138 1530 linem
3164 1475 3532 1542 impositurum
3550 1482 3682 1527 erat.

2108 1570 2361 1625 Volebam
2411 1583 2711 1624 sermonem
2768 1568 2905 1620 hunc
2956 1566 3248 1635 longiorem
3280 1566 3453 1619 facere
3480 1583 3492 1618 :
3523 1564 3685 1618 multa

2103 1663 2243 1717 enim
2266 1662 2473 1725 omitto,
2496 1677 2614 1730 qua:
2638 1660 2701 1712 ad
2736 1673 2928 1712 nomen
2955 1657 3067 1712 Noé
3107 1658 3408 1725 pertinent:
3453 1656 3545 1711 sed
3576 1656 3687 1707 lum

2104 1768 2245 1806 nunc
2283 1752 2540 1805 memoria
2570 1749 2813 1810 retinete,
2842 1756 2899 1801 et
2940 1747 3189 1801 lratribus
3220 1746 3432 1810 vestris,
3459 1746 3547 1813 qui
3589 1748 3682 1798 ab-

2101 1850 2245 1903 sunt,
2276 1841 2436 1895 dicite
2472 1858 2484 1891 :
2520 1848 2575 1891 ut
2621 1856 2688 1892 ne
2716 1852 2972 1906 cogamur
3022 1838 3215 1890 iterum
3258 1836 3686 1904 productionibus

2102 1932 2173 1987 ttti
2203 1932 2493 2001 prommiis,
2526 1941 2579 1983 et
2619 1929 2881 1983 dictorum
2930 1937 3173 1997 repetere
3214 1937 3682 1997 consequentiam;

2098 2038 2402 2078 sermonem
2428 2037 2558 2092 ergo
2588 2021 2637 2074 in
2669 2021 2914 2090 precibus
2947 2020 3213 2085 ﬁniamus,
3238 2020 3437 2087 gratias
3465 2029 3684 2088 agentes

2102 2111 2336 2181 Deo,qui
2366 2110 2479 2164 hanc
2502 2120 2559 2164 ut
2584 2109 3072 2172 dieercnms,dedit
3090 2129 3101 2162 :
3122 2110 3371 2179 quoniam
3399 2109 3497 2178 ipsi
3519 2108 3682 2180 gloria

2100 2204 2150 2258 in
2184 2203 2380 2257 smeula
2408 2202 2747 2257 smculomtr.
2780 2202 2969 2255 Amen.
