4134 6214
532 294 634 360 “!
1221 305 1276 360 S.
1312 305 1598 364 JOANNIS
1633 307 2121 366 CHRYSOSTOI“
2180 309 2494 366 ARCHIEP.
2534 310 3073 371 CONSTANTINOP.
3667 315 3781 375 ςτε

542 426 3741 475 'm—W

1471 547 1574 608 AD
1614 549 2015 611 SERMONES
2055 523 2393 626 QUINQUE
2435 553 2514 614 IN
2560 555 2822 615 ANNAM

591 661 714 753 Quo
737 672 984 732 tempore
1006 666 1436 740 Chrysostomns
1459 674 1562 730 hos
1603 674 1906 730 Sermones
1933 676 2202 740 habuerit,
2249 689 2307 733 et
2341 680 2393 732 in
2435 695 2542 748 qua
2589 681 2920 735 eormiennm
2971 681 3112 736 serie
3161 682 3195 736 ii
3233 681 3445 736 locandi
3486 681 3620 745 sint,
3653 682 3776 753 ipse

516 751 720 806 iudicat
745 755 903 821 paulo
925 765 1055 823 mat
1077 759 1318 815 initium.
1358 761 1463 816 Vos
1488 765 1648 825 enim.
1677 766 1876 834 inquit,
1902 767 2130 834 fortasse
2157 784 2296 822 nunc
2322 772 2448 823 estis
2477 769 2630 824 obliti
2650 770 2865 839 (Graeca
2910 774 3112 843 quippe
3154 789 3261 829 non
3303 774 3588 830 referenda
3615 751 3773 832 duci-

515 844 683 938 mus).
709 860 808 898 nos
833 847 1029 902 multos
1057 851 1270 906 interim
1300 871 1560 908 sermones
1595 857 1669 910 de
1702 856 1831 911 aliis
1879 858 2028 913 rebus
2071 857 2338 915 habuisse.
2382 859 2523 914 Nam
2569 879 2767 916 reverso
2813 881 2846 917 a
2873 865 3163 935 longinqua
3207 865 3301 920 illa
3347 870 3777 938 peregrinatione

512 931 677 1030 {utre
698 945 905 1001 πωπω,
938 943 1287 996 necessariam
1317 944 1421 1013 fuit
1444 949 1629 1001 sannio
1660 965 2088 1012 commorare,
2120 967 2237 1020 quc
2265 953 2318 1006 in
2347 954 2603 1008 comitatu
2649 931 3082 1015 acciderantIac'
3105 958 3299 1012 deinde
3323 931 3444 1013 cum
3464 931 3770 1030 gentilibus

511 1023 807 1092 disputare,
838 1037 896 1081 ut
924 1030 1018 1084 bos
1049 1033 1096 1086 oi
1125 1034 1451 1090 calamitatis
1474 1038 1550 1090 ad
1572 1038 1848 1094 meliorem
1897 1040 2102 1110 frugem
2150 1053 2440 1108 revocatos,
2489 1047 2583 1113 qui,
2623 1047 2829 1101 deserto
2875 1048 3148 1116 gentilium
3185 1065 3364 1104 errore
3400 1023 3511 1105 sese
3554 1053 3624 1104 ad
3668 1068 3774 1107 nos

509 1117 863 1182 contulerant,
888 1137 992 1190 pro
1015 1125 1164 1179 ririli
1194 1128 1649 1196 eonﬁmaremus,
1694 1147 1759 1184 ae
1801 1133 2130 1198 duceremus,
2175 1137 2389 1203 quantis
2431 1135 2659 1190 latebris
2699 1137 2916 1192 liberati
2957 1139 3027 1192 ad
3069 1149 3276 1193 tanton:
3315 1141 3486 1195 lucem
3530 1142 3769 1197 unitatis

508 1214 886 1305 occurrissent.
925 1216 1052 1271 Post
1084 1219 1179 1273 illa
1203 1237 1392 1276 mas
1419 1223 1607 1277 multis
1635 1225 1818 1278 diebus
1847 1236 2144 1297 martyrum
2172 1228 2552 1297 festivitatibus
2585 1232 2747 1300 potiti
2778 1249 2990 1300 smnus,
3023 1250 3185 1305 neque
3209 1237 3432 1301 tempori
3460 1239 3768 1290 conueniens

508 1301 716 1368 fuisset,
747 1322 840 1361 nos
875 1312 967 1378 qui
993 1311 1156 1379 juxta
1184 1324 1484 1386 martyrum
1506 1316 1752 1387 sepulcra
1793 1335 2145 1385 versaremur,
2177 1337 2362 1375 earum
2407 1323 2652 1388 laudum,
2692 1341 2814 1395 quc
2861 1301 3186 1396 ntartyrilms
3223 1327 3498 1392 debentur,
3533 1340 3768 1384 exsortes

509 1395 798 1454 discedere.
833 1402 1098 1460 Successit
1125 1408 1206 1461 Itis
1243 1426 1434 1465 rursus
1465 1413 1764 1467 cohortatio
1813 1415 1886 1467 ad
1935 1415 2310 1471 abstinendum
2361 1435 2394 1472 a
2439 1419 2760 1488 juramentis
2791 1435 2810 1474 :
2869 1395 3177 1476 cumieuim
3223 1431 3388 1476 totam
3447 1423 3767 1477 rusticorum

507 1493 776 1546 nationem
812 1496 871 1548 in
911 1499 1093 1552 urbem
1127 1502 1420 1571 ingressam
1457 1522 1809 1571 teneremus,
1847 1510 1948 1563 hoc
1990 1510 2112 1564 illos
2152 1512 2441 1568 instructos
2479 1531 2512 1567 α
2553 1515 2700 1570 nobis
2739 1517 2931 1570 viatico
2971 1520 3270 1571 censuimus
3309 1517 3677 1574 dimittendos.

577 1584 732 1651 Quod
761 1586 840 1641 ait
867 1590 1044 1658 primo
1072 1591 1502 1664 Chrysost-omus
1528 1607 1654 1667 post
1682 1600 1917 1655 reditum
1955 1601 2199 1657 Flaviani
2245 1605 2490 1676 episcopi
2521 1623 2581 1661 se
2623 1609 2805 1662 ornnia
2837 1625 2954 1677 qua:
2985 1609 3086 1678 ipsi
3121 1609 3432 1664 acciderant
3476 1611 3532 1664 in
3580 1611 3764 1666 comi-

511 1684 646 1743 tatu,
677 1679 733 1733 id
763 1691 846 1736 est
874 1683 930 1737 in
961 1685 1086 1739 auia
1117 1686 1487 1759 Imperatoris,
1519 1708 2011 1760 commemorasse;
2032 1696 2190 1760 illud,
2209 1697 2461 1770 inquam,
2484 1700 2714 1771 respicit
2738 1699 3027 1756 Humilia":
3055 1701 3121 1756 ‘21
3153 1702 3223 1756 de
3248 1703 3468 1765 statuis,
3497 1701 3664 1758 Temo
3688 1701 3764 1766 ll,

505 1771 859 1864 qumhabita
911 1775 1012 1832 fuit
1058 1787 1181 1847 post
1225 1782 1462 1837 reditum
1511 1783 1780 1850 Flaviani,
1812 1789 1906 1858 qui
1956 1789 2165 1844 reditus
2209 1793 2439 1863 contigit
2477 1793 2534 1847 in
2578 1793 2685 1848 tiae
2725 1793 3168 1864 Quadragesima:
3197 1795 3324 1848 anni
3355 1793 3480 1849 387.
3533 1793 3765 1861 “neque

504 1861 703 1956 concio
722 1863 907 1956 habita
927 1877 1019 1921 est
1049 1869 1170 1938 ipso
1194 1873 1282 1927 die
1311 1872 1751 1935 Resurreetionis
1782 1881 2000 1934 Domini
2034 1899 2052 1935 :
2096 1882 2225 1938 illud
2255 1861 2400 1938 enim
2453 1885 2610 1940 initio
2653 1861 3083 1956 Chrysostontus
3128 1887 3395 1956 signiﬁcat
3426 1903 3552 1942 eum
3580 1885 3713 1943 dicit
3743 1904 3762 1942 :

503 1949 822 2058 {erudimus
853 1955 989 2058 lle-trs
1017 1961 1125 2058 qui;
1149 1962 1285 2018 lianc
1313 1982 1408 2023 nos
1437 1968 1706 2023 vobiscum
1737 1989 1947 2026 sacram
1976 1974 2365 2029 solemnitatem
2403 1993 2520 2030 cum
2551 1978 2747 2047 gaudio
2767 1949 2836 2032 vet
2884 1978 3075 2033 laetitia
3115 1949 3288 2032 multa
3326 1979 3481 2032 hodie
3502 1978 3766 2036 celebrare

502 2045 755 2144 dignatus
781 2062 877 2108 est.
911 2051 1226 2112 secundum
1261 2061 1711 2120 hanehomiliam
1764 2067 1832 2122 ad
1879 2069 2104 2138 gentiles
2152 2073 2510 2128 concionatus
2538 2045 2643 2136 est.
2699 2083 2759 2129 ut
2781 2089 2976 2129 eorum
3019 2075 3288 2144 quosdam
3340 2077 3391 2130 vi
3434 2076 3763 2132 calamitatis

503 2140 797 2236 abductos,
849 2152 905 2199 et
947 2146 1264 2216 religionem
1315 2151 1682 2211 Christianam
1731 2161 2013 2226 amplexos
2060 2164 2454 2219 conﬁrmaret:
2507 2165 2670 2234 huis
2718 2180 2847 2220 vero
2883 2140 3169 2221 curationis
3226 2174 3323 2220 aut
3366 2168 3643 2236 plurium,
3694 2170 3756 2224 si

500 2233 687 2338 plures
720 2235 788 2289 de
818 2252 875 2290 re
903 2238 1090 2292 eadem
1125 2240 1408 2308 habuerit,
1438 2259 1819 2318 argumentum
1868 2252 1958 2308 iﬂe
2003 2261 2059 2307 et
2087 2255 2358 2325 praecipua
2385 2233 2793 2328 eapitaipostea
2849 2258 3013 2314 refert
3042 2274 3059 2310 :
3107 2259 3279 2329 liquet
3311 2233 3496 2314 autem
3535 2275 3628 2315 cas
3671 2259 3764 2316 vel

499 2329 699 2432 injuria
731 2337 1039 2400 temporum
1070 2337 1326 2403 periisse,
1357 2341 1439 2394 vel
1471 2341 1735 2400 hactenus
1766 2346 1959 2402 latere.
1991 2346 2115 2404 Dies
2144 2361 2435 2420 sequentes
2457 2393 2472 2418 ,
2503 2353 2632 2422 quia
2687 2352 2822 2408 festa
2855 2361 3155 2425 martyrum
3187 2353 3547 2407 occurrebant
3567 2393 3582 2418 ,
3611 2353 3755 2408 cele-

497 2416 940 2523 brandis-eorum
971 2427 1226 2486 laudibus
1257 2433 1550 2504 insumptis
1580 2450 1729 2504 sunt,
1763 2441 1987 2496 absente
2017 2452 2197 2498 tamen
2222 2416 2310 2499 iob
2340 2416 2709 2503 inﬁrmitatem
2743 2416 3153 2520 Chrysostomo.
3185 2447 3281 2502 llis
3326 2416 3614 2512 successit,
3666 2450 3758 2502 in-

495 2515 634 2618 ξιηίιο
665 2515 983 2618 cohortatio
1011 2525 1078 2618 ad
1109 2525 1492 2582 abstinendum
1524 2545 1552 2583 a
1580 2531 1926 2600 iuramentis,
1959 2535 2012 2590 iu
2055 2540 2282 2605 gratiam
2335 2542 2663 2598 rusticorum
2716 2545 2878 2611 facta,
2929 2546 3018 2616 qui
3065 2563 3264 2618 magno
3311 2561 3539 2600 numero
3579 2546 3630 2598 in
3664 2565 3760 2602 nr-

494 2601 620 2710 heut
649 2607 1002 2710 advenerant.
1037 2613 1185 2670 llauc
1214 2631 1342 2672 vero
1386 2620 1818 2678 cohortationem
1863 2640 1984 2681 esse
2011 2641 2132 2682 eam
2180 2646 2302 2699 qua:
2349 2631 2559 2686 decima
2593 2649 2736 2688 noua
2783 2601 2962 2688 fertut:
3000 2637 3053 2690 in
3107 2601 3354 2692 llonniliis
3394 2638 3460 2692 ad
3499 2637 3757 2708 populum

496 2698 923 2772 Antiochenum,
954 2707 1111 2764 Tom.
1166 2709 1208 2765 ll
1232 2751 1251 2777 ,
1281 2713 1372 2768 vix
1419 2723 1503 2770 est
1545 2718 1688 2787 quod
1719 2719 2049 2777 dubitemus.

2169 2725 2259 2779 illa
2306 2728 2451 2780 enim
2505 2728 2586 2782 sic
2629 2729 2884 2784 orditur:
2932 2732 3391 2803 Κατετρυφήσατε
3443 2732 3549 2786 τῶν
3580 2731 3760 2800 ἁγίων

497 2795 791 2894 papa-6pm!
839 2801 898 2853 ἐν
945 2804 1067 2866 ταῖς
1109 2803 1420 2878 ἔμπροσθεν
1468 2808 1694 2874 ταύταις
1742 2811 2016 2883 ἡμέραις,

2165 2817 2249 2872 tlis
2301 2830 2604 2874 sanctorum
2650 2832 2946 2894 martyrum
3002 2825 3203 2893 excepti
3245 2825 3367 2877 estis
3399 2824 3479 2878 his
3509 2823 3757 2891 praeteri-

495 2889 564 2942 tis
594 2890 799 2956 diebus,
831 2905 1152 2967 posteaque.
1183 2897 1251 2954 de
1279 2901 1510 2956 adventu
1545 2905 1876 2960 rusticorqu
1909 2907 2156 2976 pluribus
2183 2911 2316 2981 agit,
2349 2922 2403 2966 et
2431 2913 2497 2966 de
2520 2889 2832 2982 juramento
2881 2916 3099 2970 vitando
3126 2889 3438 2972 sermonem
3469 2889 3602 2969 texit
3631 2915 3753 2968 Ion.

493 2982 725 3078 giorem,
754 3000 920 3056 quam
951 2988 1004 3042 in
1035 2990 1247 3046 caeteris
1267 2991 1613 3052 201lomiliis
1642 2998 1708 3053 ad
1739 3001 1999 3070 populum
2031 3004 2452 3070 Antiochenum,
2487 3007 2536 3058 in
2569 3021 2801 3075 quarum
2854 3023 2990 3076 pene
3038 3009 3267 3078 singulis
3311 3008 3515 3078 aliquid
3564 3020 3750 3064 contra

491 3076 799 3171 iuramenta
823 3081 1080 3166 agitatur.
1111 3083 1315 3141 Omnes
1343 3087 1526 3159 itaque
1555 3101 1716 3158 noue,
1747 3090 1871 3164 quae
1902 3096 1956 3150 in
1989 3096 2093 3153 hoc
2121 3097 2188 3152 de
2216 3099 2371 3153 Anna
2403 3097 2669 3155 Sermone
2697 3101 2875 3171 primo
2906 3076 3196 3167 habentur,
3223 3104 3275 3157 in
3309 3076 3540 3158 llomilia
3565 3101 3656 3156 illa
3687 3103 3751 3158 l9

493 3170 560 3221 ad
591 3170 849 3239 populum
879 3171 1282 3231 Antiochenum
1315 3191 1687 3248 recensentur,
1722 3183 1795 3238 ita
1831 3194 1888 3238 ut
1918 3185 2007 3239 hic
2034 3186 2358 3241 concionnm
2390 3188 2524 3241 ordo
2571 3170 2768 3254 fuerit;
2800 3196 2855 3243 et
2894 3189 3065 3259 prima
3117 3191 3342 3246 locanda
3397 3192 3468 3246 sit
3517 3189 3751 3244 l-lomilia

491 3261 560 3316 de
591 3263 765 3317 reditu
810 3261 1076 3329 Flaviani,
1103 3283 1226 3338 qua:
1255 3287 1397 3326 nunc
1425 3286 1508 3328 est
1553 3273 1617 3328 2i
1671 3278 1736 3329 ad
1787 3277 2043 3346 populum
2087 3279 2530 3348 Autiochenum;
2581 3281 2820 3336 secundo
2869 3282 3131 3338 adversus
3177 3284 3406 3353 gentiles
3435 3285 3750 3338 concionem

493 3371 658 3410 unam
690 3357 769 3411 vel
805 3357 989 3429 plures
1020 3361 1241 3430 habuit;
1277 3366 1437 3421 tertio
1467 3366 1655 3424 laudes
1687 3380 1988 3442 martyrum
2022 3375 2210 3430 multis
2255 3376 2466 3440 diebus,
2514 3377 2715 3440 πολλὰς
2765 3376 3000 3449 ἡμέρας,
3030 3378 3318 3433 celebrata;
3365 3387 3525 3442 sunt;
3558 3389 3753 3449 quarto

492 3463 681 3504 coram
714 3451 936 3507 rusticis
979 3464 1172 3510 contra
1213 3457 1521 3526 juramenta
1569 3461 1783 3518 loeutus
1814 3474 1925 3530 est;
1958 3465 2177 3520 demum
2210 3467 2309 3523 hos
2336 3469 2402 3522 de
2431 3468 2586 3522 Anna
2620 3469 2913 3523 Sermones
2963 3469 3148 3539 etrapit.
3196 3471 3402 3538 Agmen
3433 3486 3563 3541 ergo
3605 3472 3754 3526 ducit

494 3543 730 3601 llomilia
757 3546 826 3602 de
853 3547 1027 3604 reditu
1059 3548 1324 3606 Flaviani.
1357 3553 1635 3611 Postrema
1667 3569 1849 3613 autem
1883 3559 2130 3629 homilia,
2161 3562 2214 3616 in
2247 3561 2524 3618 Dominica
2567 3564 2666 3635 τῆς
2710 3563 3152 3635 ὲπισωζομένης,
3202 3583 3365 3637 quam
3415 3565 3749 3621 Dominicam

491 3655 614 3695 esse
642 3640 892 3712 quintam
920 3653 1043 3713 post
1069 3642 1278 3700 Pascha
1309 3663 1432 3718 qua:
1461 3653 1716 3720 praecedit
1743 3653 2135 3711 Ascensionem
2168 3656 2404 3719 Domini,
2436 3660 2513 3713 ait
2543 3659 2650 3714 Leo
2686 3659 2938 3716 Allatius.
2973 3663 3208 3718 Savilius
3236 3678 3358 3717 esse
3389 3672 3538 3730 ptuat
3568 3660 3752 3714 Domi-

494 3732 672 3828 nieam
704 3734 769 3828 in
789 3736 985 3828 Albis;
1018 3736 1400 3796 Tillemontius
1433 3759 1558 3799 vero
1583 3747 1838 3816 opinatur
1865 3763 1986 3825 esse
2015 3751 2354 3806 Dominicam
2397 3753 2716 3816 Passionis;
2757 3741 2885 3810 huic
2943 3765 3223 3826 postremo
3269 3774 3368 3828 ego
3421 3757 3746 3827 :Nipulatus

493 3839 615 3878 sum
648 3823 701 3878 in
735 3821 1062 3883 Prml’atione
1085 3828 1244 3885 Tomi
1278 3830 1341 3886 Il.
1376 3830 1481 3888 Sed
1509 3833 1622 3902 jam
1657 3851 1846 3891 vereor
1874 3823 1932 3891 ut
1976 3836 2091 3893 haec
2136 3842 2405 3908 quadrare
2455 3842 2688 3910 possint,
2719 3821 3084 3916 libentiusque
3128 3821 3440 3901 accederem
3488 3821 3552 3901 ad
3600 3845 3752 3900 Alla-

491 3916 650 3982 tium,
681 3918 1122 3989 quandoquidem
1150 3922 1338 3992 quinta
1371 3926 1580 3988 concio,
1612 3943 1735 3997 qua;
1761 3938 1846 3983 est
1876 3938 2145 4000 postrema
2175 3933 2228 3986 in
2250 3933 2485 4000 Annam,
2519 3935 2700 3990 habita
2731 3934 2832 3990 fuit
2857 3949 2976 4007 post
3022 3936 3374 3994 Pentecosteu
3403 3956 3418 4005 ;
3467 3955 3590 3992 nam
3638 3955 3742 3995 vox

495 4013 996 4101 peccasvrqxoavﬁ,
1028 4029 1150 4083 qua
1183 4014 1266 4070 bis
1297 4015 1515 4086 irrepsit
1547 4019 1600 4072 in
1633 4028 1863 4085 textum,
1892 4029 1977 4075 est
2005 4021 2355 4078 librariorum
2407 4041 2582 4092 error,
2633 4039 2691 4083 ut
2739 4029 2934 4084 ibidem
2989 4033 3281 4101 probamus
3325 4047 3389 4085 es
3439 4031 3742 4084 Mannscri-

491 4100 621 4168 ptis.
652 4098 922 4159 Omnibus
953 4105 1136 4175 itaque
1165 4109 1470 4177 perpensis,
1505 4111 1579 4164 ita
1613 4125 1698 4167 res
1723 4114 2103 4171 constituenda
2130 4132 2354 4188 prorsus
2386 4120 2600 4177 videtur
2624 4163 2639 4187 ,
2685 4133 2850 4194 atque
2888 4098 3001 4181 hoc-
3042 4125 3206 4181 modo
3245 4128 3489 4182 calculus
3533 4142 3742 4196 ponen-

500 4333 3745 4364 —_________________________________

1078 4437 1310 4496 SERMO
1347 4443 1366 4498 l
1409 4441 1504 4513 (τι).
2172 4443 2415 4498 lectionis
2443 4443 2604 4508 illius,
2635 4456 2819 4496 mensa
2861 4441 3058 4510 posita,
3088 4441 3266 4496 statim
3312 4441 3429 4511 ejus
3466 4456 3530 4496 ae
3556 4437 3755 4497 verbo-

2171 4549 2288 4588 rum
2318 4547 2637 4603 congressus
2662 4533 3026 4597 recordamur,
3057 4548 3120 4587 ac
3160 4533 3322 4588 multa
3363 4549 3483 4588 cum
3529 4534 3756 4590 caritate

2171 4625 2341 4694 ipsum
2394 4625 2756 4692 requirimus:
2790 4624 2888 4678 hoc
2943 4624 3100 4679 nobis
3150 4640 3274 4693 erga
3310 4624 3570 4694 jejunium
3620 4641 3756 4694 quo-

2167 4731 2273 4786 que
2334 4715 2691 4784 przestandum
2759 4723 2859 4768 est.
2910 4714 3042 4769 Nam
3095 4729 3214 4769 cum
3279 4714 3418 4785 apud
3477 4731 3573 4770 nos
3637 4715 3757 4771 dies

2167 4805 2512 4874 quadraginta
2543 4805 2700 4859 fuerit
2737 4803 3060 4859 diversatum
3086 4847 3100 4869 ,
3128 4805 3354 4860 comiter
3383 4805 3510 4860 illud
3532 4807 3754 4876 excepi-

2167 4912 2286 4951 mus
2325 4911 2388 4950 ac
2415 4896 2713 4951 dimisimus
2742 4914 2754 4949 :
2785 4896 2999 4966 quando
3039 4899 3197 4968 igitur
3223 4911 3406 4952 mensa
3443 4899 3552 4968 jam
3599 4900 3754 4954 nobis

2165 4989 2457 5059 spiritualis
2485 4989 2801 5058 apponenda
2831 5000 2932 5051 est.
2958 4991 3362 5045 reminiseamur
3386 4992 3547 5056 illius,
3579 4992 3754 5046 bono-

2165 5095 2387 5151 rumque
2407 5081 2643 5135 omnium
2665 5120 2682 5146 ,
2709 5096 2828 5151 qua:
2854 5081 3008 5135 nobis
3046 5081 3262 5136 invexit.
3286 5081 3400 5136 Non
3431 5083 3574 5137 enim
3616 5098 3752 5152 pra:-

2163 5171 2336 5225 sentia
2390 5178 2593 5225 tantum
2633 5169 2857 5241 jejunii,
2907 5169 3002 5225 sed
3046 5172 3207 5226 etiam
3254 5173 3511 5228 memoria
3561 5172 3750 5242 jojunii

2165 5261 2392 5315 maxime
2420 5261 2565 5315 utilis
2586 5276 2708 5316 esse
2734 5269 2929 5330 potest.
2954 5261 3018 5316 Et
3045 5262 3184 5317 sicut
3211 5263 3286 5317 illi
3316 5278 3450 5332 quos
3476 5278 3740 5328 amaums,

486 4561 636 4626 Quod
654 4575 879 4632 oporteat
899 4578 946 4621 et
970 4569 1022 4623 in
1055 4569 1348 4628 Pentecoste
1374 4585 1419 4628 et
1448 4593 1639 4647 seraper
1661 4579 1852 4648 jejuuii
1890 4583 2064 4634 memi-

552 4652 712 4720 nisse,
742 4666 789 4710 et
811 4660 948 4730 quod
967 4679 1067 4716 non
1093 4667 1359 4733 praseutia
1382 4667 1544 4721 solum
1563 4710 1578 4732 ,
1602 4669 1693 4722 sed
1719 4672 1870 4724 etiam
1895 4689 2062 4725 recor-

551 4745 691 4801 datio
707 4750 892 4819 jejuuii
918 4755 984 4806 sit
1009 4757 1147 4811 utilis
1167 4773 1186 4811 :
1206 4769 1251 4812 et
1279 4760 1342 4814 de
1367 4759 1461 4814 Dei
1481 4762 1811 4831 providentia,
1832 4766 2064 4835 quodque

552 4855 653 4894 non
678 4842 883 4896 minimo
903 4862 1024 4914 pars
1049 4848 1208 4916 ipsius
1233 4850 1295 4902 sit
1322 4861 1500 4918 prater
1524 4850 1628 4906 alia
1653 4863 1918 4922 parentum
1942 4871 2062 4925 erga

552 4927 734 4984 liberos
773 4949 917 4987 amor
942 4950 962 4988 :
981 4937 1210 5006 quodque
1248 4956 1348 4992 non
1389 4943 1614 5008 patribus
1641 4942 1805 4997 solum
1824 4985 1840 5011 ,
1888 4944 1980 4998 sed
2015 4955 2061 5000 et

549 5022 794 5077 matribus
816 5036 1118 5096 praeptum
1146 5029 1211 5081 sit
1226 5072 1239 5091 .
1271 5040 1322 5083 ut
1352 5031 1624 5086 liberorum
1663 5051 1828 5089 mores
1855 5051 2060 5106 compo-

552 5124 712 5180 nant,
733 5125 780 5168 et
807 5115 878 5168 ad
905 5127 1182 5173 extremum
1203 5121 1267 5175 de
1288 5121 1454 5176 Anna.

555 5250 605 5303 Ι.
642 5248 841 5321 Jejunii
882 5255 1122 5309 memoria
1155 5255 1326 5320 utilis,
1348 5257 1538 5328 jejunii
1575 5257 1707 5314 bona
1748 5271 1958 5327 quanta.
1987 5290 2058 5302 —

478 5340 580 5398 libi
609 5348 947 5416 peregrinum
994 5349 1225 5420 aliquem
1271 5351 1412 5421 apud
1458 5366 1558 5406 nos
1595 5352 1956 5417 diversatum,
1989 5353 2056 5408 ad

475 5436 680 5506 aliquot
721 5439 838 5494 dies
876 5441 1103 5496 comiter
1128 5452 1428 5512 exceptum,
1457 5453 1512 5497 et
1547 5443 1795 5514 colloquii
1826 5459 2056 5500 mensas.

481 5541 585 5592 que
615 5529 926 5598 participem
967 5528 1162 5586 factum
1206 5531 1570 5589 dimiserimus
1601 5551 1615 5588 :
1644 5535 1900 5604 postridie
1927 5550 2056 5606 pro-

479 5658 615 5767 mgis)
645 5658 808 5711 collati
827 5661 1282 5715 cumcod.COIbert.
1311 5678 1440 5716 num.
1461 5665 1524 5715 i9
1567 5671 1619 5716 et
1640 5666 1702 5717 97
1715 5666 1753 5719 l.
1775 5680 1884 5717 cum
1910 5669 2056 5731 Regio

2164 5370 2270 5408 non
2298 5354 2470 5408 solum
2498 5368 2619 5408 eum
2645 5353 2874 5418 adsunt,
2901 5369 3083 5408 verum
3133 5355 3292 5408 etiam
3334 5369 3455 5408 cum
3504 5353 3656 5408 nobis
3695 5354 3748 5408 in

2163 5453 2396 5500 mentem
2423 5444 2662 5510 veniunt,
2688 5443 2850 5498 multa
2878 5458 2975 5498 nos
3001 5444 3270 5513 voluptate
3295 5444 3619 5514 perfundunt
3641 5463 3653 5497 :
3675 5445 3746 5500 ita

2162 5551 2373 5607 quoque
2399 5536 2515 5592 dies
2536 5535 2747 5606 jejunii,
2775 5537 3036 5602 eolleetre,
3061 5551 3479 5606 communesque
3507 5552 3746 5592 conven-

2164 5637 2251 5681 tus
2275 5636 2329 5680 et
2357 5626 2458 5680 alia
2486 5626 2679 5694 quibus
2703 5627 2819 5696 ejus
2850 5627 3110 5682 beneﬁcio
3138 5627 3445 5683 l'ruehamur
3475 5628 3632 5690 bona,
3662 5627 3744 5682 vel

2163 5721 2276 5775 sola
2299 5721 2554 5774 memoria
2583 5735 2679 5774 nos
2701 5720 2971 5776 oblectant
2995 5760 3009 5785 ,
3041 5729 3095 5776 et
3121 5720 3234 5775 hmc
3262 5721 3439 5775 omnia
3483 5721 3530 5776 si
3557 5721 3608 5775 in
3635 5735 3746 5775 tne-
