4134 6214
439 327 546 382 655

443 459 565 514 μεν,
597 439 804 511 μεγάλα
840 438 932 489 καὶ
961 433 1102 488 κατά
1127 431 1216 484 τὸν
1237 430 1479 502 παρόντα
1506 426 1695 496 καιρὸν
1718 418 2004 494 κερδανοῦ-

593 494 773 586 ῖΐαῦτα
799 530 853 582 δέ
892 527 1032 596 λέγω
1059 525 1158 578 οὐκ
1195 494 1518 591 ἀναγκάζων
1543 494 1842 588 νηστεύειν,
1873 511 2004 566 ἀλλά
2040 494 2051 518 “

442 604 645 678 πείθων
671 621 743 690 μὴ
767 618 994 688 τρυφᾷν,
1031 615 1165 686 μηδὲ
1199 612 1339 668 κατά
1371 613 1492 674 τοὺς
1521 609 1745 670 πολλοὺς
1775 604 1882 658 τῶν
1915 605 2001 656 ἁν-

443 715 675 783 θρῶπων
701 707 1020 770 διακεῖσθαι,
1037 707 1149 773 εῖγε
1177 705 1495 774 ἀνθρώπους
1514 703 1640 762 τοὺς
1660 698 1800 751 οὐτω
1827 709 2008 766 μικρο-

440 806 626 874 ψύχως
653 800 1026 870 διακειμένους
1056 797 1162 869 χρὴ
1190 796 1376 850 καλεῖν
1399 807 1446 855 α,
1476 793 1524 846 οἳ
1555 791 1806 858 καθάπερ
1834 789 1897 839 ἐκ
1923 787 2008 838 δε-

444 895 595 965 σμῶν
624 891 942 960 ἀφεθέντες,
966 890 1060 942 καὶ
1090 885 1460 956 δεσμωτηρίου
1489 883 1633 946 τινος
1667 877 2008 944 ἀπαλλαγέν-

439 1003 534 1049 τες
579 982 848 1055 χαλεποῦ,
885 981 1022 1052 πρὸς
1067 978 1328 1049 ἀλλήλους
1373 976 1617 1044 λέγουσι·
1648 972 1819 1034 Μόλις
1858 968 2006 1041 [700]

444 1077 576 1131 ποτέ
599 1077 662 1129 τὸ
694 1073 927 1145 χαλεπὸν
958 1071 1060 1140 τῆς
1093 1068 1345 1139 νηστείας
1374 1065 1701 1136 διηνύσαμεν
1739 1062 1972 1128 πέλαγος
1992 1074 2007 1088 ·

442 1169 588 1223 ἄλλοι
624 1168 680 1220 δέ
709 1166 912 1220 τούτων
948 1161 1333 1229 ἀσθενέστερον
1371 1156 1719 1225 διακείμενοι,
1751 1153 1845 1205 καὶ
1871 1152 2010 1220 ὐπέρ

442 1260 540 1327 τῆς
597 1254 895 1326 μελλούσης
926 1252 1193 1306 δεδοίκασι
1225 1245 1697 1318 Τεσσαρακοστῆς.
1739 1241 1908 1294 Τοῦτο
1955 1240 2012 1293 δέ

443 1348 655 1417 γίνεται
691 1347 756 1400 ἐκ
785 1343 880 1398 τοῦ
918 1343 1010 1397 τὸν
1042 1341 1199 1395 ἀλλον
1231 1339 1445 1393 ᾶπαντα
1481 1336 1670 1406 καιρὸν
1695 1336 1892 1404 τρυφῇ,
1921 1332 2014 1385 καὶ

445 1439 676 1509 ἀσωτίᾳ,
707 1437 801 1490 καὶ
833 1435 970 1505 μέθῃ
1005 1434 1155 1505 πάσῃ
1185 1431 1303 1500 μεθ’
1332 1429 1637 1500 ὑπερϐολῆς
1671 1427 1898 1486 ἑαυτοὺς
1922 1423 2016 1475 ἐκ·

444 1531 664 1584 διδόναι.
705 1527 794 1590 Ὠς
829 1527 942 1592 εἴγε
976 1523 1438 1593 μεμελετήκειμεν
1483 1518 1581 1580 τὰς
1608 1516 1770 1575 ἄλλας
1802 1511 2016 1582 ἡμέρας

447 1618 664 1690 σεμνῶς
695 1618 789 1671 καὶ
834 1613 1091 1676 ἐπιεικῶς
1117 1615 1245 1683 ζῇν,
1285 1612 1381 1664 καὶ
1410 1607 1747 1662 ἀπελθοῦσαν
1789 1604 1855 1657 ἀν
1887 1603 2014 1654 ἐποο

432 1713 690 1783 -θήσαμεν
733 1709 831 1778 τήν
863 1706 1135 1778 νηστείαν,
1167 1703 1262 1757 καὶ
1292 1698 1687 1769 παραγίνεσθαι
1724 1693 2016 1765 μέλλουσαν

451 1803 588 1875 μετά
616 1801 814 1870 πολλῆς
843 1801 908 1853 ἀν
937 1795 1314 1866 ὑπεδεξάμεθα
1332 1794 1432 1863 τῆς
1465 1791 1678 1862 ἡδονῆς.
1701 1789 1766 1840 Τί
1793 1786 1900 1857 γάρ
1919 1786 2018 1838 οὐκ

447 1893 651 1962 ἀγαθὸν
672 1893 806 1961 ἡμῖν
835 1887 942 1940 ἀπὸ
965 1884 1218 1956 νηστείας
1237 1899 1252 1948 ;
1280 1883 1464 1934 Πάντα
1483 1878 1723 1948 γαλήνης
1742 1876 1899 1943 γέμει
1926 1876 2020 1927 καὶ

448 1983 695 2054 καθαρᾶς
727 1980 926 2041 εὐδίας.
954 1975 1088 2045 Οὐχὶ
1113 1978 1208 2028 καὶ
1232 1974 1400 2027 οῑκίαι
1427 1970 1669 2041 θορύϐων
1692 1967 1784 2021 καὶ
1806 1965 2020 2036 δρόμων

449 2075 543 2130 καὶ
573 2073 754 2142 πάσης
787 2070 924 2123 είσὶν
957 2064 1396 2138 ήλευθερωμέναι
1439 2059 1723 2132 ταραχῆςς
1774 2057 1883 2110 Καὶ
1917 2054 2022 2125 πρὸ

446 2166 557 2220 τῶν
599 2162 785 2218 οἰκιῶν
829 2161 887 2213 δέ
935 2162 968 2230 ὴ
1020 2157 1125 2211 τῶν
1163 2155 1530 2227 νηστευόντων
1573 2150 1782 2205 διάνοια
1819 2146 2023 2214 ταύτης

449 2255 709 2310 ἀπολαύει
742 2252 842 2321 τῆς
879 2249 1144 2321 ἡσυχίας·
1198 2247 1352 2308 πόλις
1392 2246 1448 2298 δὲ
1494 2244 1679 2297 ἀπασα
1729 2240 1826 2311 τὴν
1865 2240 1922 2291 ἐν
1953 2238 2020 2306 τῇ

445 2348 654 2418 διανοίᾳ.
694 2345 788 2398 καὶ
818 2343 916 2414 τὴν
965 2344 1024 2394 ἐν
1067 2343 1187 2402 ταῖς
1225 2338 1424 2400 οἰκίαις
1460 2335 1712 2402 εὐταξίαν
1755 2333 2018 2402 μιμεῖται.

447 2439 584 2493 οὔτε
611 2438 720 2509 γάρ
753 2437 810 2488 ἐν
843 2432 1052 2504 ἑσπέρᾳ.
1082 2432 1314 2503 ᾀδόντων
1357 2427 1503 2481 ἐστιν
1533 2425 1782 2486 ἀκοῦσαι,
1814 2421 1937 2475 οὐτε
1966 2422 2022 2472 ἐν

449 2530 631 2600 ήμέρα
657 2525 1030 2596 θορυϐούντων
1048 2522 1143 2576 καὶ
1162 2519 1486 2591 μεθυόντων,
1519 2517 1582 2569 οὐ
1613 2513 1942 2585 κραζόντων,
1961 2510 2022 2562 οὐ

452 2599 774 2688 μαχομένων
794 2653 810 2675 ,
865 2612 1004 2665 ἀλλά
1054 2609 1254 2676 πολλὴν
1315 2602 1587 2675 πανταχοῦ
1639 2603 1736 2668 τὴν
1796 2599 2023 2671 ἡσυχίαν

447 2709 596 2762 εστιν
639 2707 791 2777 όρᾷν.
835 2701 974 2756 Ἀλλ’
1007 2699 1126 2770 οὐχὶ
1168 2699 1262 2752 νῦν
1299 2697 1494 2758 οὕτως.
1539 2693 1653 2748 ἀλλ’
1681 2692 1883 2755 εὐθέως
1922 2691 2025 2747 ὐπδ

449 2793 546 2864 τὴν
577 2794 652 2846 ἐω
684 2789 944 2862 κραυγαὶ,
973 2788 1068 2842 καὶ
1099 2785 1317 2857 θόρυϐοι
1338 2826 1352 2850 ,
1383 2785 1476 2838 καὶ
1503 2783 1780 2854 μαγείρων
1804 2781 2021 2852 δρόμοι,

451 2886 547 2941 καὶ
579 2885 747 2947 πολὺς
775 2882 873 2954 μὲν
906 2882 964 2934 ἐν
998 2882 1119 2942 ταῖς
1151 2879 1349 2941 οἰκίαις
1368 2917 1383 2941 ,
1428 2878 1593 2940 πολὺς
1620 2877 1675 2928 δέ
1709 2877 1766 2928 ἐν
1791 2877 1903 2936 τοῖς
1938 2873 2025 2925 λο-

450 2975 670 3045 γισμοῖς
693 2975 722 3025 ό
746 2971 971 3034 καπνὸς,
1006 2969 1112 3022 τῶν
1135 2967 1322 3021 παθῶν
1347 2968 1478 3037 ἡμῖν
1513 2965 1659 3019 ἔνδον
1691 2961 2023 3031 ὑποκαιομέ-

449 3084 577 3130 νων,
602 3063 696 3118 κοιλ⁵
717 3061 816 3131 τῆς
840 3061 1034 3129 φλογὸς
1055 3055 1456 3128 διεγειρομένης
1479 3055 1579 3124 τῆς
1601 3057 1658 3107 ἐν
1673 3056 1791 3115 ταῖς
1807 3052 2026 3114 ἀτόποις

451 3151 769 3223 ἐπιθυμίαις
796 3148 902 3204 ὑπὸ
927 3148 1029 3218 τῆς
1059 3147 1289 3217 τρυφῆς.
1325 3145 1422 3200 Διά
1445 3144 1620 3199 ταῦτα
1652 3143 1903 3214 ζητῶμεν
1933 3143 2026 3195 καὶ

451 3241 790 3298 ἀπελθοῦσαν
827 3238 926 3309 τὴν
958 3236 1210 3309 νηστείαν
1230 3254 1245 3268 ·
1282 3237 1465 3306 ἐκείνη
1501 3237 1610 3306 γάρ
1643 3235 1816 3288 ταῦτα
1849 3234 2024 3287 πάντα

453 3331 795 3388 κατέστελλε.
828 3328 950 3382 Κάν
987 3328 1076 3382 τὸν
1113 3327 1275 3381 πόνον
1315 3327 1486 3396 αὐτῆς
1525 3324 1859 3393 ἀπεθέμεθα,
1891 3323 2025 3375 ἀλλά

451 3424 545 3477 τὸν
575 3421 739 3476 πόθον
764 3421 935 3490 αὐτῆς
979 3419 1056 3489 μὴ
1087 3418 1499 3489 καταλύσωμεν,
1527 3414 1658 3486 μηδέ
1686 3414 1784 3485 τὴν
1807 3415 2025 3484 μνήμην

456 3513 755 3582 σϐέσωμεν·
793 3510 907 3564 ἀλλ’
945 3511 1075 3562 ὅταν
1111 3509 1412 3579 ἀριστήσας
1443 3506 1538 3559 καὶ
1584 3504 1916 3574 καθευδὴσας
1950 3505 2026 3566 εἰς

454 3607 555 3677 τήν
579 3604 786 3677 ἀγοράν
814 3603 1056 3675 ἐμϐάλῃς
1077 3602 1126 3669 ³³,
1159 3603 1251 3656 καὶ
1273 3601 1370 3672 τὴν
1390 3600 1602 3670 ἡμέραν
1635 3597 1768 3668 πρὸς
1791 3596 2027 3666 ἑσπέραν

454 3697 558 3766 ήδη
589 3693 951 3764 ἐπειγομένην
989 3692 1126 3765 ἴδῃς,
1158 3689 1412 3744 εἰσελθὼν
1462 3690 1544 3750 εἰς
1592 3687 1690 3758 τὴν
1735 3685 2026 3756 ἐκκλησίαν

455 3786 659 3857 ταύτην
676 3823 699 3848 ,.
721 3785 816 3839 καὶ
849 3782 999 3855 παρά
1023 3783 1086 3835 τὸ
1111 3781 1262 3852 βῆμα
1291 3780 1447 3834 τοῦτο
1485 3776 1675 3842 ἐλθὼν,
1712 3776 2025 3846 ἀναμιμνήο

458 3892 590 3928 σκου
621 3873 715 3927 τοῦ
746 3872 940 3944 καιροῦ
972 3873 1068 3943 τῆς
1099 3871 1370 3942 νηστείας,
1407 3869 1528 3924 καθ’
1555 3869 1615 3922 ὃν
1658 3869 1831 3940 μεστὴ
1863 3867 1960 3939 μὲν
1991 3869 2026 3937 ὴ

456 3965 722 4035 ἐκκλησία
739 3962 833 4017 τοῦ
861 3962 1097 4033 πλήθους
1125 3963 1255 4031 ἡμῖν
1277 3956 1367 4030 ἣν,
1393 3959 1597 4030 σφοδρά
1615 3959 1672 4013 δέ
1691 3960 1724 4030 ἡ
1743 3961 1844 4030 τῆς
1863 3961 2028 4029 ἀκρο-

457 4059 635 4120 άσεως
660 4054 935 4126 προθυμία
955 4091 970 4118 ,
997 4052 1164 4122 πολλὴ
1195 4052 1251 4104 δέ
1295 4051 1476 4122 ἡδονὴ,
1505 4052 1599 4104 καὶ
1625 4049 2026 4120 διεγηγερμένη

461 4150 674 4204 πάντων
705 4149 738 4218 ἠ
770 4147 1008 4198 διάνοια·
1040 4145 1131 4197 καὶ
1168 4143 1342 4197 πάντα
1381 4143 1550 4197 ταῦτα
1577 4144 1865 4211 συλλέγων,
1899 4144 2027 4196 ἀνα-

460 4240 770 4313 μιμνήσκου
801 4235 910 4288 τῶν
931 4233 1192 4288 ποθεινῶν
1229 4233 1449 4305 ἡμερῶν
1477 4235 1717 4288 ἐκείνων.
1748 4234 1867 4287 Κάν
1898 4233 2024 4304 μέλ-

455 4330 554 4401 λῃς
577 4325 970 4399 παρατίθεσθαι
988 4325 1285 4396 τράπεζαν,
1314 4325 1449 4394 μετά
1466 4325 1564 4393 τῆς
1589 4325 1808 4395 μνήμης
1825 4323 2027 4393 ταύτης

459 4421 632 4473 ἀπτου
664 4417 773 4471 τῶν
805 4416 1134 4487 ἐδεσμάτων,
1161 4415 1253 4468 καὶ
1274 4415 1528 4468 οὐδέποτε
1553 4417 1633 4477 είς
1668 4413 1839 4484 μέθην
1857 4411 2027 4478 ἐξολι-

461 4510 656 4578 σθῆσαι
693 4507 916 4577 δυνήσῃ·
948 4505 1064 4559 ἀλλ’
1102 4505 1292 4574 ὥσπερ
1333 4506 1382 4557 οί
1423 4508 1656 4573 γυναῖκα
1705 4507 1907 4577 σεμνὴν
1935 4507 2028 4560 καὶ

462 4601 710 4671 σώφρονα
756 4600 851 4652 καὶ
879 4596 1164 4667 ἐλευθέραν
1205 4596 1436 4666 ἔχοντες,
1486 4597 1579 4648 καὶ
1623 4595 1826 4667 σφόδρα
1859 4597 2028 4667 αὐτῆς

461 4689 886 4762 περικαιόμενοι,
917 4688 1036 4741 οὐδέ
1062 4687 1308 4757 ἀπούσης
1335 4685 1523 4755 αὐτῆς,
1556 4685 1762 4756 πόρνης
1795 4687 1890 4740 καὶ
1916 4687 2026 4740 διεο

459 4782 776 4854 φθαρμένης
800 4779 1076 4851 ἐρασθεῖεν
1101 4778 1188 4844 ἂν,
1221 4777 1315 4832 τοῦ
1341 4777 1504 4831 πόθου
1537 4777 1632 4832 τοῦ
1663 4779 1791 4849 περὶ
1813 4779 2030 4848 ἐκείνην

459 4873 881 4945 προκατέχοντος
905 4871 1002 4940 τὴν
1032 4869 1290 4930 διάνοιαν,
1341 4870 1436 4943 καὶ
1479 4869 1666 4940 ἕτερον
1697 4869 2029 4924 ἐπεισελθεῖν

459 4963 638 5034 ἔρωτα
666 4964 764 5016 οὐκ
803 4962 1027 5024 ἐῶντος·
1066 4961 1208 5014 οῦτω
1251 4960 1315 5030 δή
1358 4961 1452 5014 καὶ
1495 4961 1587 5014 ἐπὶ
1638 4961 1735 5032 τῆς
1779 4961 2028 5030 νηστείας

461 5055 556 5108 καὶ
579 5055 678 5124 τῆς
708 5053 878 5125 μέθης
903 5053 1127 5120 γίνεται.
1150 5052 1248 5104 Ἂν
1264 5051 1443 5104 τοίνυν
1461 5052 1678 5122 ἐκείνης
1693 5052 1790 5122 τῆς
1817 5051 2029 5104 ἐλευθέ-

463 5161 563 5216 ρας
589 5145 684 5198 καὶ
705 5143 977 5214 σώφρονος
1006 5141 1449 5213 μνημονεύωμεν,
1475 5142 1573 5211 τὴν
1595 5142 1873 5212 πάνδημον
1896 5143 2028 5213 πόρ-

460 5254 558 5305 νην
582 5237 805 5306 ταύτην,
862 5235 956 5288 καὶ
1007 5235 1186 5304 πάσης
1217 5233 1598 5306 ἀσχημοσύνης
1651 5235 1885 5306 μητέρα,
1929 5235 2028 5304 τὴν

464 5326 635 5396 μέθην
661 5326 826 5392 λέγω.
866 5324 1003 5395 μετὰ
1035 5325 1233 5395 πολλῆς
1260 5324 1709 5397 διακρουσὼμεθα
1740 5326 1840 5394 τῆς
1870 5327 2026 5378 εὐκο-

461 5416 600 5481 λίας,
632 5416 725 5469 τοῦ
753 5416 915 5468 πόθου
949 5417 1044 5487 τῆς
1077 5417 1348 5486 νηστείας,
1381 5418 1559 5487 πάσης
1594 5418 1773 5488 χειρὸς
1804 5417 2027 5487 σφοδρό-

462 5527 634 5578 τερον.
686 5507 1024 5572 ἀπωθοῦντος
1080 5509 1177 5580 τὴν
1225 5509 1422 5580 ταύτης
1479 5509 1878 5578 ἀναισχυντίαν.
1931 5509 2027 5562 Διὰ

525 5679 550 5708 ³
579 5681 696 5742 Reg.
725 5684 811 5743 χρὴ
838 5685 985 5744 λέγειν

1108 318 1166 371 S.
1207 311 1489 370 JOANNIS
1520 297 2006 364 CHRYSOSTOMI
2045 295 2357 349 ARCIIIEP.
2389 293 2928 350 CONS’I‘AZNTINOP.

3569 287 3671 341 θῦρί

2113 411 2282 466 ταῦτα
2313 413 2376 481 δὴ
2406 413 2602 471 πάντα,
2638 409 2953 482 παρακαλῶ,
2989 406 3128 460 κατὰ
3151 405 3273 457 νοῦν
3305 403 3392 456 ἀεὶ
3423 403 3518 464 τὰς
3542 401 3676 471 ὴμέ-

2115 517 2213 570 ρας
2247 501 2454 562 ἐκείνας
2482 500 2706 570 ἔχωμεν·
2747 500 2831 550 ἴνα
2853 497 2908 548 δέ
2931 513 2982 547 τι
3002 493 3157 560 κάγὼ
3179 491 3311 564 πρὸς
3333 490 3432 560 τὴν
3462 492 3679 560 μνήμην

2114 588 2326 658 ἐκείνην
2360 586 2739 656 συμϐάλωμαι,
2785 584 2882 654 τὴν
2915 581 3082 652 αὐτὴν
3131 578 3407 636 ὑπόθεσιν,
3447 577 3514 646 ἢν
3557 577 3680 628 τότε

2114 676 2281 728 κινεῖν
2297 672 2800 744 παρεσκευαζόμην,
2821 668 3024 738 ταύτην
3039 667 3133 720 καὶ
3150 665 3244 718 νῦν
3262 666 3340 726 είς
3366 662 3526 733 μέσον
3541 663 3680 728 ἀγα-

2115 764 2232 830 γεῖν
2259 763 2610 831 πειράσομαι,
2640 759 2780 812 ὥστε
2811 757 2905 810 καὶ
2932 758 2999 825 τῇ
3031 753 3170 807 κατὰ
3206 751 3304 822 τὴν
3332 750 3682 804 διδασκαλίαν

2115 848 2393 919 ὁμοιότητι
2439 846 2690 915 γενέσθαι
2734 843 2853 898 τινά
2899 843 2992 895 τοῦ
3031 839 3223 910 καιροῦ
3279 839 3496 908 μνήμην
3551 837 3684 905 ἡμῖν

2117 935 2345 988 ἐκείνου.
2377 932 2526 1004 [701]
2543 934 2728 1002 Ὑμεῖς
2752 929 2973 1001 μὲνγὰρ
2994 930 3123 990 ἴσως
3143 923 3482 993 ἐπιλέλησθε,
3506 922 3594 974 διά
3620 920 3686 972 τὸ

2121 1022 2321 1092 μεταξύ
2355 1021 2553 1085 πολλάς
2592 1019 2918 1089 γεγενῆσθαι
2955 1017 3216 1083 διαλέξεις
3242 1015 3394 1084 ήμῖν,
3428 1012 3520 1064 καὶ
3542 1011 3687 1080 ὑπὲρ

2117 1108 2317 1179 ἐτέρων
2337 1112 2694 1178 πραγμάτων.
2713 1106 2821 1158 Καὶ
2840 1105 2948 1174 γὰρ
2975 1101 3216 1163 ἐλθόντος
3239 1099 3334 1152 τοῦ
3357 1097 3559 1167 πατρὸς
3575 1096 3689 1149 ἀπὸ

2116 1194 2217 1263 τῆς
2257 1195 2472 1264 μακρᾶς
2504 1193 2843 1262 ἀποδημίας,
2894 1193 3186 1258 ἀναγκαῖον
3227 1183 3296 1258 ἦν
3333 1185 3403 1238 τά
3446 1184 3587 1237 κατά
3625 1182 3690 1235 τὸ

2123 1280 2478 1350 στρατόπεδον
2496 1280 2774 1350 συμϐάντα
2791 1280 3004 1334 ἅπαντα
3021 1279 3210 1339 εἰπεῖν,
3243 1274 3334 1327 καὶ
3361 1271 3496 1342 μετά
3516 1270 3689 1324 ταῦτα

2122 1366 2255 1436 πρὸς
2282 1365 2547 1436 ’Έλληνας
2577 1365 2976 1425 ἀποτείνεσθαι,
3011 1363 3150 1416 ὥστε
3182 1362 3400 1422 τούτους
3445 1357 3552 1411 ἀπὺ
3589 1356 3687 1425 τῆς

2124 1453 2405 1523 συμφοράς
2427 1453 2664 1522 βελτίους
2687 1454 3029 1522 γενομένους.
3057 1451 3150 1502 καὶ
3179 1449 3313 1520 πρὸς
3342 1447 3488 1516 ἡμᾶς
3512 1446 3574 1497 ἐκ
3589 1443 3688 1510 τῆς

2133 1538 2449 1608 Ἑλληνικῆς
2481 1539 2954 1608 αὐτομολήσαντας
2981 1535 3209 1604 πλάνης,
3256 1533 3370 1602 μετ’
3404 1528 3686 1601 ἀκριϐείας

2127 1625 2372 1694 ῥιζῶσαι,
2403 1625 2497 1678 καὶ
2540 1624 2766 1688 διδάξαι,
2815 1623 2926 1676 οἴου
2983 1622 3080 1692 μὲν
3126 1617 3515 1688 ἀπηλλάγησαν
3558 1615 3685 1666 σκόο

2123 1728 2268 1774 τους,
2303 1711 2398 1780 οἵῳ
2415 1711 2470 1763 δέ
2500 1711 2871 1781 προσέδραμον
2899 1705 3155 1776 ἀληθείας
3180 1703 3337 1772 φωτί.
3359 1700 3494 1755 Μετ’
3513 1699 3688 1752 ἐκεῖνο

2126 1796 2306 1860 πάλιν,
2329 1796 2527 1859 πολλάς
2560 1797 2769 1866 ἡμέρας
2799 1798 2896 1865 τῆς
2928 1793 3034 1846 τῶν
3074 1789 3362 1864 μαρτύρων
3390 1784 3689 1840 ἀπελαύσα-

2130 1900 2227 1953 μεν
2250 1883 2626 1954 πανηγύρεως,
2665 1883 2759 1937 καὶ
2781 1883 3001 1950 ἄκαιρον
3018 1874 3085 1949 ἦν
3105 1881 3161 1931 ἐν
3182 1877 3372 1945 τάφοις
3403 1872 3690 1945 μαρτύρων

2126 1969 2491 2040 διατρίϐοντας
2515 2009 2529 2032 ,
2581 1968 2686 2022 τῶν
2715 1971 2826 2031 τοῖς
2879 1967 3108 2037 μάρτυσι
3160 1963 3470 2035 πρεπόντων
3517 1960 3690 2026 ἐγκω-

2131 2057 2268 2127 μίων
2322 2059 2580 2129 ἀμοίρους
2621 2056 2891 2112 ἀπελθεῖν.
2953 2053 3136 2108 Ταῦτα
3175 2052 3242 2106 τά
3285 2048 3534 2119 ἐγκώμια
3586 2046 3690 2098 διε-

2127 2144 2315 2208 δέξατο
2347 2145 2562 2214 πάλινή
2596 2145 2722 2214 περὶ
2753 2142 2860 2196 τῶν
2898 2143 3074 2213 ὅρκων
3119 2137 3470 2209 παραίνεσις·
3505 2134 3690 2202 ἐπειδὴ

2129 2230 2236 2301 γὰρ
2267 2231 2362 2302 τὴν
2388 2231 2670 2301 ἀγροικίαν
2703 2232 2918 2284 ἀπασαν
2941 2228 3040 2297 τῆς
3075 2226 3279 2287 πόλεως
3316 2224 3528 2291 εἴδομεν
3569 2221 3688 2272 ἐπι-

2131 2317 2319 2380 ϐᾶσαν,
2342 2317 2708 2388 ἐϐουλήθημεν
2737 2318 2916 2378 αὐτοῖς
2957 2314 3137 2376 δόντες
3166 2310 3351 2379 ἐφόδια
3371 2307 3565 2369 ταῦτα,
3597 2305 3689 2356 οὐ·

2130 2421 2236 2467 τως
2263 2405 2458 2468 αὐτοῦς
2492 2404 2770 2474 ἐκπέμψαι
2799 2402 2928 2473 παρ’
2950 2399 3104 2471 ήμῶν
3132 2399 3400 2460 ἅπαντας.

2205 2504 2270 2575 β’.
2311 2507 2468 2575 Ὑμῖν
2495 2506 2591 2575 μὲν
2615 2500 2706 2559 οῦν
2723 2502 2812 2556 διά
2838 2501 3012 2556 ταῦτα
3032 2501 3131 2553 οὐκ
3157 2498 3222 2552 ἂν
3245 2498 3328 2568 είη
3353 2494 3577 2549 δυνατὸν
3601 2496 3694 2564 ρᾳ-

2130 2591 2255 2655 δίως
2290 2593 2596 2660 ἀνενεγκεῖν
2626 2592 2724 2661 τὴν
2751 2591 2871 2644 τότε
2901 2591 3032 2660 ἡμῖν
3067 2585 3363 2657 γενομένην
3405 2582 3540 2652 πρὸς
3569 2581 3696 2633 Ἕλο

2132 2684 2296 2754 ληνας
2328 2682 2570 2753 ζήτησιν·
2603 2682 2714 2752 ἐγὼ
2739 2683 2794 2736 δέ
2817 2684 2845 2735 ό
2869 2681 2956 2735 διὰ
2978 2679 3175 2742 παντὸς
3206 2679 3262 2731 ἐν
3286 2675 3492 2738 τούτοις
3539 2674 3695 2740 ὲσχοο

2132 2771 2328 2834 λακὼς,
2360 2772 2455 2824 καὶ
2477 2771 2678 2841 ταύτην
2714 2770 2851 2840 έχων
2903 2768 3150 2840 μελέτην,
3192 2765 3364 2836 ῥᾷστα
3386 2759 3516 2829 πρὸς
3547 2759 3693 2828 ὑμᾶς

2132 2860 2284 2926 ὀλίγα
2304 2862 2412 2913 τῶν
2431 2861 2549 2914 τότε
2580 2859 2883 2931 εἰρημένων
2916 2855 3107 2918 εἰπὼν,
3136 2853 3426 2922 ὁλοκλήρου
3458 2852 3554 2918 τῆς
3586 2847 3696 2931 τῶν

2133 2947 2306 3014 λόγων
2337 2929 2644 3009 ὑποθέσεως
2683 2945 2989 3015 ἀναμνῆσαι
3023 2942 3341 3012 δυνήσομαι.
3373 2937 3470 3000 Τίς
3503 2933 3597 2988 οὖν
3629 2929 3697 3003 ἦν

2134 3036 2320 3105 ἡμῖνή
2353 3033 2638 3097 ὑπόθεσις;
2683 3031 3011 3102 Ἐζητοῦμεν
3057 3028 3173 3091 πῶς
3215 3025 3275 3091 ἐξ
3311 3025 3482 3096 ἀρχῆς
3513 3025 3542 3076 ὁ
3569 3023 3698 3086 Θεὸς

2135 3121 2290 3192 ἡμῶν
2321 3121 2565 3193 προενόει
2607 3119 2699 3173 τοῦ
2733 3119 2941 3187 γένους,
2977 3117 3072 3170 καὶ
3106 3115 3222 3178 πῶς
3255 3115 3324 3167 τά
3357 3112 3698 3183 συμφέροντα

2134 3207 2448 3261 ἐπαίδευσεν
2480 3219 2527 3271 ε,
2564 3205 2686 3259 οὐτε
2728 3206 3071 3276 γραμμάτων
3095 3203 3282 3262 όντων,
3312 3198 3435 3252 οὔτε
3470 3199 3699 3268 Γραφῶν

2132 3294 2404 3349 δοθεισῶν·
2431 3295 2524 3348 καί
2551 3293 2865 3362 ἐδείκνυμεν
2892 3293 2974 3344 ὅτι
2998 3290 3086 3343 διά
3114 3293 3212 3359 τῆς
3238 3288 3380 3341 κατά
3401 3285 3498 3357 τὴν
3525 3287 3697 3340 κτίσιν

2136 3383 2365 3454 θεωρίας
2399 3381 2536 3452 πρὸς
2567 3380 2665 3451 τὴν
2690 3378 2854 3433 αὐτοῦ
2877 3377 3203 3446 θεογνωσίαν
3225 3373 3658 3446 ἐχειραγώγησεν
3682 3387 3696 3401 ·

2135 3471 2223 3522 ὅτε
2246 3470 2340 3522 καὶ
2379 3467 2673 3538 λαϐόμενος
2701 3466 2854 3535 ὐμῶν
2894 3467 3013 3535 οὐχὶ
3054 3467 3154 3535 τῆς
3198 3463 3407 3534 χειρὸς,
3441 3460 3577 3514 ἀλλὰ
3602 3459 3698 3527 τῆς

2134 3556 2388 3619 διανοίας,
2425 3552 2699 3624 πανταχοῦ
2729 3553 2826 3623 τῆς
2858 3552 3082 3615 κτίσεως
3102 3552 3461 3622 περιήγαγον,
3488 3547 3699 3607 δεικνὺς

2133 3642 2378 3714 οὐρανὸν,
2419 3642 2512 3696 καὶ
2557 3642 2682 3712 γῆν,
2726 3641 2821 3694 καὶ
2847 3638 3114 3692 θάλατταν
3137 3679 3153 3703 ,
3192 3637 3286 3691 καὶ
3334 3635 3558 3707 λίμνας,
3607 3635 3698 3688 καὶ

2135 3731 2335 3803 πηγὰς,
2369 3731 2464 3784 καὶ
2495 3731 2790 3800 ποταμοὺς,
2823 3729 2917 3782 καὶ
2955 3726 3165 3795 πελάγη
3200 3723 3405 3794 μακρά,
3453 3724 3546 3776 καὶ
3591 3723 3699 3774 λειο

2138 3819 2343 3889 μῶνας,
2368 3819 2463 3872 καὶ
2490 3816 2869 3886 παραδείσους,
2906 3815 3000 3868 καὶ
3028 3812 3280 3882 κομῶντα
3315 3811 3385 3863 τά
3410 3809 3534 3880 λήῖα
3552 3851 3566 3872 ,
3607 3814 3699 3862 καὶ

2139 3907 2428 3978 βριθόμενα
2449 3908 2560 3968 τοῖς
2591 3907 2820 3976 καρποῖς
2849 3903 2916 3956 τά
2937 3900 3142 3971 δένδρα,
3172 3900 3266 3953 καὶ
3291 3899 3699 3967 καλυπτομένας

2133 3993 2355 4065 δρυμοῖς
2387 3993 2628 4064 κορυφάς
2658 3992 2820 4063 ὀρῶν·
2846 3993 2932 4044 ὅτε
2956 3992 3048 4043 καὶ
3077 3988 3204 4059 περὶ
3227 3987 3571 4056 σπερμάτων,
3604 3985 3697 4038 καὶ

2137 4081 2266 4150 περὶ
2285 4080 2542 4149 βοτανῶν,
2558 4078 2792 4149 καὶπερὶ
2813 4077 3038 4139 ἀνθέων,
3057 4077 3147 4128 καὶ
3167 4077 3292 4147 περ)⁸
3303 4071 3486 4142 φυτῶν
3506 4074 3695 4142 ἐγκάρ-

2135 4183 2252 4220 πων
2273 4184 2332 4220 τε
2362 4169 2453 4221 καὶ
2476 4168 2761 4238 ἀκάρπων,
2789 4163 3022 4235 καὶπερὶ
3041 4162 3268 4230 ἀλόγων,
3289 4159 3507 4230 ἡμέρων
3523 4177 3579 4212 τε
3604 4160 3696 4212 καὶ

2134 4263 2360 4334 ἀγρίων,
2384 4262 2615 4334 ἐνύδρων
2640 4279 2697 4315 τε
2718 4261 2810 4314 καὶ
2833 4258 3119 4331 χερσαίων.
3138 4258 3230 4310 καὶ
3255 4252 3550 4324 ἀμφιϐίων,
3570 4255 3695 4323 περ).

2134 4350 2242 4403 τῶν
2269 4351 2359 4403 τὸν
2385 4351 2521 4422 ἀέρα
2539 4350 2863 4418 τεμνόντων,
2888 4347 3014 4416 περὶ
3038 4345 3145 4397 τῶν
3171 4342 3342 4414 χαμαὶ
3364 4340 3693 4411 συρομένων,

2136 4436 2230 4489 καὶ
2287 4437 2415 4504 περὶ
2461 4434 2639 4489 αὐτῶν
2680 4433 2788 4486 τῶν
2831 4432 2926 4486 τοῦ
2965 4431 3160 4493 παντὸς
3203 4428 3479 4498 στοιχείων
3530 4424 3697 4478 πολλά

2133 4524 2428 4594 διελέχθην,
2446 4523 2536 4576 καὶ
2560 4521 2677 4576 καθ’
2701 4521 2930 4574 ἕκαστον
2958 4519 3270 4588 ἐπεϐοῶμεν
3299 4517 3449 4585 κοινῇ
3476 4514 3694 4577 πάντες,

2136 4610 2426 4679 άτονούσης
2479 4611 2610 4679 ἡμῖν
2649 4608 2783 4678 πρὸς
2818 4607 2909 4660 τὸν
2949 4607 3171 4675 ἄπειρον
3201 4602 3425 4656 πλοῦτον
3454 4601 3550 4670 τῆς
3579 4600 3690 4652 δια-

2135 4698 2314 4760 νοίας,
2372 4699 2462 4750 καὶ
2499 4697 2558 4749 τὸ
2607 4699 2714 4750 πᾶν
2754 4693 3076 4747 καταλαϐεῖν
3113 4691 3188 4762 μὴ
3230 4689 3552 4759 δυναμένης·
3602 4687 3694 4751 Ὠς
3739 4751 3752 4769 ι

2133 4786 2502 4854 ἐμεγαίύνθη
2532 4784 2603 4837 τὰ
2622 4783 2765 4852 ἔργα
2794 4797 2930 4845 σου,
2963 4781 3155 4846 Κύριε·
3197 4777 3392 4830 πάντα
3417 4777 3486 4828 ἐν
3511 4775 3695 4843 σοφίᾳ

2135 4873 2444 4939 ἐποίησας.
2469 4873 2544 4926 Οὐ
2573 4871 2660 4924 διά
2695 4869 2756 4922 τὸ
2788 4869 2988 4932 πλῆθος
3029 4868 3084 4920 δὲ
3125 4866 3283 4935 μόνον
3317 4863 3695 4932 ἐθαυμάζομεν

2135 4959 2228 5014 τοῦ
2263 4959 2398 5013 Θεοῦ
2425 4960 2523 5030 τὴν
2559 4959 2770 5027 σοφίαν,
2805 4955 2941 5010 ἀλλά
2977 4955 3070 5008 καὶ
3102 4953 3168 5006 δι’
3187 4952 3471 5023 ἀμφότερα
3504 4949 3694 5011 ταῦτα,

2135 5043 2217 5096 ὅτι
2246 5042 2339 5095 καὶ
2361 5041 2532 5110 καλὴν
2559 5043 2653 5094 καὶ
2687 5039 2928 5109 μεγάλην
2946 5037 3037 5091 καί
3056 5033 3368 5106 θαυμαστὴν
3394 5033 3492 5104 τὴν
3522 5032 3697 5084 κτίσιν

2136 5126 2377 5194 ἐποίησε,
2413 5125 2507 5177 καὶ
2555 5123 2638 5176 ὅτι
2688 5122 2854 5174 πολλά
2882 5120 3042 5174 πάλιν
3070 5118 3169 5188 τῆς
3208 5116 3490 5178 ἀσθενείας
3529 5116 3695 5183 αὐτῆς

2135 5206 2400 5276 δείγματα
2425 5204 2717 5258 ἐναπέθετο
2739 5207 2850 5266 τοῖς
2870 5200 3184 5272 ὁρωμένοις·
3207 5199 3269 5251 τὸ
3306 5199 3425 5269 μὲν.
3457 5199 3542 5249 ἵνα
3568 5196 3694 5248 θαυ-

2137 5291 2372 5360 μάζηται
2429 5289 2522 5342 ἐπὶ
2561 5288 2751 5358 σοφίᾳ,
2799 5286 2892 5340 καὶ
2921 5283 3054 5353 πρὸς
3091 5283 3190 5352 τὴν
3223 5280 3417 5334 ἐαυτοῦ
3445 5277 3694 5348 λατρείαν

2134 5374 2257 5435 τούς
2306 5371 2544 5441 ὁρῶντας
2575 5370 2884 5439 ἐφέλκηται·
2928 5366 2988 5418 τὸ
3035 5365 3112 5430 δέ,
3157 5365 3244 5417 ἵνα
3290 5364 3365 5433 μὴ
3405 5361 3496 5415 τὸν
3539 5362 3694 5441 ποιή-

2137 5473 2301 5508 σαντα
2329 5439 2556 5522 ἀφέντες
2580 5455 2627 5505 οἱ
2657 5449 2980 5521 θεωροῦντες
3019 5446 3195 5502 αὐτῶν
3227 5445 3288 5498 τὸ
3310 5445 3500 5509 κάλλος
3525 5445 3616 5498 καὶ
3636 5439 3700 5493 τὸ

2199 5623 2224 5660 ι’
2245 5621 2378 5670 Colb.
2406 5633 2531 5667 unus
2551 5621 2796 5681 ἐμϐάλλῃς.

2197 5685 2216 5711 ⁸
2245 5682 2363 5744 Reg.
2393 5681 2646 5729 ἐπαίδευεν.
