4134 6214
468 288 572 352 (ὣ

469 409 689 463 morism
734 424 1078 477 revocantis,
1108 412 1330 465 tnttltum
1358 411 1478 466 inde
1508 412 1709 465 lucrum
1743 412 1841 465 hoc
1885 413 2042 465 etiam

470 511 707 567 tempore
736 502 1067 571 colligemus.
1101 502 1223 555 llmc
1246 512 1422 555 autem
1453 518 1482 555 a
1512 518 1596 556 me
1636 519 1739 557 non
1766 519 1832 557 eo
1860 504 2043 558 dicun—

468 603 570 653 tor,
596 590 736 658 quod
778 606 971 660 cogere
1001 607 1094 644 vos
1133 592 1197 645 ad
1235 591 1581 660 jejunaudum
1629 593 1822 659 velim,
1853 593 1946 648 sed
1989 604 2045 647 ιιι

466 680 620 734 vobis
652 680 1020 750 persuadeant,
1053 692 1108 734 ut
1156 697 1223 736 ne
1250 682 1404 749 genio
1438 682 1787 751 indulgeatis,
1813 700 1943 737 neve
1968 684 2043 738 sic

466 771 809 834 afficiamini,
859 781 914 825 ιιι
969 773 1207 840 plerique
1260 771 1503 826 homines
1550 774 1753 838 solent,
1785 772 2039 842 siquidem

466 863 713 917 homines
740 864 1037 932 appellandi
1061 874 1203 929 sunt,
1232 865 1321 933 qui
1346 873 1542 918 tantam
1562 865 2040 933 pusillanimitatem

469 970 575 1021 [rte
605 970 664 1009 se
695 955 893 1021 ferunt,
926 957 1015 1025 qui
1062 966 1327 1024 tamquam
1383 970 1414 1009 e
1464 956 1690 1009 vinculis
1740 955 1961 1017 emissi,
1989 964 2041 1008 et

463 1045 607 1110 gravi
630 1046 878 1113 quopiam
904 1060 1119 1099 carcere
1142 1044 1345 1100 liberali
1373 1045 1451 1100 sic
1476 1046 1813 1114 alloquuntur
1834 1059 1895 1099 sc
1919 1060 2036 1097 mu-

467 1144 593 1189 tuo:
629 1134 863 1189 Tandem
895 1136 1175 1189 molestum
1210 1134 1334 1188 illud
1372 1134 1556 1203 jejunii
1589 1134 1803 1203 pelagus
1837 1134 2037 1187 emensi

462 1239 648 1281 smnus
675 1244 690 1278 :
719 1227 806 1281 alii
834 1242 960 1280 vero
980 1227 1067 1294 qui
1098 1226 1262 1280 multo
1296 1226 1469 1295 pejus,
1497 1236 1549 1280 et
1578 1226 1892 1279 imbecillius
1917 1234 2039 1279 sunt

462 1317 669 1383 allecti,
702 1320 861 1373 etiam
910 1318 979 1372 ob
1025 1318 1252 1372 futuram
1281 1318 1747 1387 Quadragesimam
1783 1318 2037 1385 pertime-

462 1418 635 1462 sCunt.
675 1409 784 1462 lloc
814 1425 940 1463 vero
989 1420 1289 1478 propterea,
1317 1409 1459 1479 quod
1510 1418 1619 1462 toto
1656 1409 1859 1477 reliquo
1902 1417 2038 1461 tem-

466 1513 591 1565 pore
635 1498 874 1565 deliciis,
920 1501 1169 1563 luxuriae,
1196 1509 1353 1570 atque
1380 1500 1619 1553 ebrietati
1663 1514 1721 1552 se
1757 1509 1895 1551 totos
1940 1499 2035 1553 de-

460 1588 602 1642 dant.
638 1590 787 1654 Quod
820 1590 862 1643 si
904 1590 1023 1643 aliis
1062 1590 1250 1644 diebus
1298 1599 1457 1643 casta:
1501 1588 1863 1656 modesta-que
1916 1590 2036 1641 vita:

460 1679 679 1748 agenda:
709 1694 807 1733 nos
830 1680 1309 1746 assuefaceremus,
1333 1690 1387 1733 et
1415 1680 1737 1746 praeteritum
1766 1679 2037 1731 desidera-

462 1786 643 1825 remus
664 1772 923 1841 jejunium
949 1814 962 1831 .
994 1783 1047 1825 et
1078 1782 1358 1825 venturum
1403 1771 1565 1824 multa
1612 1786 1731 1823 cum
1768 1772 2037 1839 voluptate

463 1860 879 1927 susciperemus.
905 1862 1041 1926 Quid
1091 1862 1233 1914 enim
1287 1859 1409 1913 boni
1446 1860 1633 1928 jejunii
1684 1860 1835 1913 nobis
1875 1875 2033 1927 Opera

462 1966 567 2004 non
595 1951 1068 2005 obvenit?0mnia
1101 1951 1495 2019 tranquillitatis
1534 1966 1597 2004 ac
1640 1966 1783 2019 pura:
1828 1952 2031 2004 sereni-

462 2042 583 2095 tatis
608 2042 759 2110 plena
780 2051 904 2095 sunt
946 2041 1134 2096 Nonne
1159 2042 1347 2095 domus
1373 2041 1702 2107 tumultibus,
1732 2042 2035 2096 corsitatio-

459 2132 615 2187 nibus
634 2173 650 2200 ,
673 2133 924 2203 omnique
966 2133 1364 2203 perturbatione
1394 2141 1516 2187 sunt
1556 2132 1837 2186 liberatae?
1866 2133 2033 2197 Quin-

456 2223 616 2277 etiam
644 2232 766 2277 ante
796 2224 939 2292 ipsas
965 2224 1153 2277 domos
1178 2238 1363 2277 earum
1390 2225 1628 2285 animus,
1654 2224 1741 2291 qui
1768 2222 2033 2292 jejbznattl,

461 2314 560 2368 bac
592 2315 769 2385 quiete
812 2315 1130 2384 perfruitur;
1160 2317 1345 2370 civitas
1390 2317 1498 2384 ipsa
1550 2328 1655 2369 toza
1698 2315 2030 2379 modestiam,

458 2422 576 2475 quae
622 2408 676 2460 in
723 2408 902 2462 animo
946 2424 1008 2463 ac
1045 2409 1289 2463 domibus
1332 2409 1587 2470 cernitur,
1618 2408 1872 2461 imitatur.
1902 2407 2031 2461 Nam

460 2511 633 2564 neque
676 2497 775 2551 sub
824 2514 1099 2567 vesperam
1153 2498 1339 2553 audire
1388 2507 1640 2551 canentes
1668 2498 1830 2562 licet,
1863 2512 2035 2566 neque

460 2587 687 2641 interdiu
714 2590 1099 2643 tumultuantes
1123 2600 1178 2644 et
1201 2590 1380 2643 ebrios
1402 2629 1415 2650 ,
1442 2605 1546 2641 non
1570 2589 1896 2653 clamantes,
1927 2605 2032 2642 non

464 2689 759 2749 pugnantes
783 2721 799 2744 ,
828 2679 925 2735 sed
971 2681 1189 2734 multam
1218 2680 1412 2747 ubique
1443 2679 1880 2746 tranquillitatem
1912 2679 2035 2731 licet

457 2784 697 2823 cernere.
730 2769 880 2823 Nunc
903 2780 1081 2824 autem
1113 2784 1217 2823 non
1258 2770 1329 2823 ita
1359 2778 1443 2823 est
1466 2810 1479 2833 ,
1508 2768 1600 2822 sed
1645 2769 1754 2837 jam
1800 2769 1921 2823 inde
1968 2770 2035 2823 ab

459 2869 647 2914 exortu
689 2860 818 2915 solis
856 2860 1119 2915 clamores
1160 2876 1223 2914 ac
1254 2861 1442 2922 turbae,
1471 2875 1762 2927 coquorum
1809 2862 2035 2914 cursita-

460 2950 650 3012 tiones,
683 2964 745 3004 ac
772 2952 968 3004 multus
997 2950 1047 3003 in
1074 2950 1339 3017 domibus,
1364 2952 1557 3004 multus
1583 2952 1633 3003 in
1662 2951 1923 3005 mentibus
1951 2950 2033 3005 fu-

461 3055 601 3107 mus,
628 3040 751 3094 dtttn
801 3042 941 3094 intus
992 3041 1042 3094 in
1075 3041 1226 3094 nobis
1274 3042 1670 3099 succenduntur
1697 3042 1945 3105 allectus,
1982 3052 2037 3096 et

462 3136 672 3187 flamma
728 3134 959 3203 turpium
1013 3134 1359 3202 cupiditatum
1415 3150 1446 3188 a
1499 3135 1703 3190 deliciis
1753 3135 2031 3189 excitatur.

464 3226 747 3295 Propterea
775 3226 915 3297 quod
949 3228 1201 3296 praeteriit
1222 3226 1481 3297 jejunium
1514 3228 1879 3297 requiramus:
1906 3227 2033 3282 illud

461 3316 603 3370 enim
650 3316 763 3370 hare
811 3317 986 3371 omnia
1035 3319 1335 3372 coercebat.
1367 3318 1445 3372 Ac
1470 3318 1593 3373 licet
1638 3318 1870 3373 laborem
1917 3320 2035 3388 ejus

459 3408 848 3461 excusserimus
867 3450 882 3472 ,
911 3408 1026 3475 ejus
1051 3417 1225 3462 tamen
1246 3408 1566 3463 desiderium
1596 3424 1699 3461 non
1725 3409 2034 3479 exstingua-

460 3513 598 3561 mus,
629 3515 799 3569 neque
831 3500 1143 3554 memoriam
1172 3500 1502 3569 deponamus
1536 3518 1548 3553 :
1582 3500 1675 3555 sed
1714 3516 1833 3555 cum
1866 3516 2027 3570 pran-

460 3604 553 3643 sus
575 3599 627 3643 et
656 3591 1058 3659 expergefactus
1096 3594 1148 3644 in
1199 3591 1369 3646 forum
1401 3593 1611 3647 veneris
1631 3633 1646 3658 ,
1678 3592 1927 3663 diemque
1955 3594 2031 3647 vi-

460 3679 605 3733 deris
632 3689 937 3748 vergentem
963 3680 1029 3734 ad
1051 3696 1324 3749 vesperam
1346 3722 1360 3745 ,
1386 3683 1521 3736 hanc
1549 3684 1818 3752 ingressus
1859 3686 2036 3739 eccle-

462 3766 637 3834 siam,
666 3778 719 3821 et
770 3768 922 3837 juxta
970 3770 1326 3824 sanctuarium
1379 3772 1515 3825 istud
1562 3774 2033 3843 veniens,jejunii

464 3861 718 3927 temporis
748 3860 1033 3915 recordare
1052 3902 1066 3922 ,
1092 3876 1199 3931 quo
1242 3863 1592 3918 multitudinis
1624 3866 1833 3934 plenam
1859 3869 2033 3922 eccle-

462 3948 593 4002 siam
622 3950 1001 4015 cernebamus,
1032 3966 1219 4007 omnes
1257 3963 1436 4009 autem
1484 3955 1730 4010 audiendi
1771 3956 2036 4012 desiderio

461 4040 701 4094 succensi
730 4048 917 4105 erant,
958 4042 1119 4095 multa
1161 4042 1353 4112 ubique
1383 4044 1586 4110 lmtitia,
1619 4060 1770 4099 mens
1798 4048 2033 4101 outniutn

459 4141 574 4183 erat
602 4141 779 4186 erecta
809 4149 822 4185 :
849 4130 962 4187 ha-e
1008 4134 1181 4188 omnia
1230 4143 1402 4188 tecum
1432 4146 1715 4206 reputans,
1760 4138 1875 4192 dies
1918 4140 2035 4194 illos

459 4223 717 4291 optabiles
743 4224 1042 4279 recordare.
1073 4226 1223 4291 Quod
1254 4228 1296 4279 si
1319 4242 1517 4282 mensa:
1548 4229 1886 4285 accubiturus
1918 4232 1993 4285 sis
2014 4269 2034 4296 ,

458 4329 577 4367 cum
606 4314 704 4368 bac
724 4314 1090 4370 recordatione
1119 4317 1269 4371 cibos
1299 4316 1544 4385 degusta,
1578 4334 1676 4372 uec
1698 4334 1945 4389 umquam
1978 4321 2029 4375 in

461 4402 769 4457 ebrietatem
826 4404 930 4459 labi
978 4406 1215 4475 poteris;
1247 4407 1341 4461 sed
1386 4408 1523 4461 sicut
1574 4409 1664 4478 qui
1718 4409 2032 4473 honestam,

461 4503 659 4548 castam
684 4502 740 4549 et
780 4496 1055 4565 ingenuam
1094 4513 1315 4552 uxorem
1343 4498 1591 4553 duxerint
1614 4509 1703 4563 ,ct
1727 4501 1842 4568 ejus
1873 4501 2034 4555 vehe—

463 4588 625 4640 menti
672 4602 855 4642 amore
904 4589 1009 4641 sint
1054 4589 1360 4644 inflammati
1387 4632 1402 4657 ,
1436 4606 1503 4645 ue
1544 4592 1764 4645 absente
1821 4591 2034 4661 quidem

466 4679 589 4743 illa,
648 4679 981 4734 meretricem
1034 4691 1089 4733 et
1140 4681 1401 4749 perditam
1459 4682 1732 4735 mulierem
1787 4682 2036 4737 adamm:

464 4777 705 4839 possunt,
736 4768 879 4838 quod
909 4768 1047 4823 illius
1075 4785 1225 4823 amor
1260 4786 1443 4824 eorum
1491 4782 1719 4827 mentem
1762 4788 2032 4841 prreoccu~

463 4861 688 4929 paverit,
722 4876 820 4917 nec
864 4861 1025 4915 alium
1070 4876 1306 4915 amorem
1352 4863 1553 4933 ingredi
1593 4864 1769 4918 sinat:
1795 4865 1871 4918 sic
1897 4864 2034 4919 etin

461 4952 665 5020 jejunio
705 4952 790 5017 fit,
823 4961 878 5007 et
924 4952 975 5006 in
1016 4952 1295 5007 ebrietate.
1331 4952 1472 5023 Ergo
1512 4954 1555 5008 si
1606 4955 1744 5009 illius
1790 4956 2032 5023 ingenua:

461 5054 727 5113 Castzrqle
748 5045 1147 5101 meminerimus
1167 5085 1183 5111 ,
1211 5046 1474 5114 publicam
1524 5046 1658 5101 hanc
1698 5050 2033 5104 meretricem

462 5135 740 5204 nuntiisque
788 5136 1125 5204 turpitudinis
1160 5145 1403 5197 matrem,
1432 5136 1765 5198 ebrietatem.
1798 5136 2033 5207 inquam,

465 5224 714 5279 facillime
739 5225 1062 5294 repellemus
1086 5267 1101 5292 ,
1127 5225 1252 5281 dum
1283 5238 1434 5279 amor
1451 5225 1638 5294 jejunii
1667 5226 2034 5282 vehementius

463 5330 618 5383 quam
650 5331 838 5371 manus
864 5317 969 5371 ulla
997 5318 1375 5387 impudentiam
1429 5319 1581 5373 istius
1627 5320 1873 5388 repellet.
1907 5321 2033 5374 Pro-

466 5415 583 5473 pter
630 5408 743 5461 ba:c
785 5407 961 5461 omnia
1001 5407 1114 5463 dies
1162 5409 1317 5470 illos,
1346 5424 1563 5478 qumso,
1598 5424 1809 5478 semper
1857 5422 2034 5467 mente

465 5513 741 5553 versemus
775 5518 787 5553 :
818 5509 876 5554 ut
915 5510 1090 5555 autem
1129 5501 1398 5572 quidpiam
1440 5517 1539 5573 ego
1567 5517 1777 5573 quoque
1811 5504 1875 5557 ad
1920 5520 2033 5559 me-

466 5592 687 5644 moriam
735 5592 874 5647 illam
923 5593 1217 5661 conferam,
1264 5594 1403 5649 idem
1449 5608 1844 5664 argumentum,
1892 5598 2032 5666 quod

466 5692 502 5737 ιι
516 5692 694 5737 actarc
721 5692 829 5738 tum
858 5693 1072 5755 paratus
1102 5700 1246 5741 eram
1268 5725 1282 5752 ,
1317 5684 1370 5740 in
1395 5684 1627 5741 medium
1654 5703 1790 5741 nunc
1821 5702 2034 5758 quoque

1796 302 1879 356 DE
1922 302 2101 358 ANNA
2139 305 2367 365 SERMO
2407 310 2445 365 l.

3615 336 3719 391 635

2151 416 2390 482 proferre
2416 420 2669 488 conabor,
2696 436 2751 479 ut
2796 428 2907 497 ipsa
2932 431 3221 489 similitudo
3247 437 3501 495 doctrinae
3546 459 3721 498 τρωτ-

2150 507 2414 563 datioucm
2436 515 2689 582 temporis
2708 517 2844 571 illius
2864 522 3053 575 excitet
3072 522 3172 592 (a).
3200 524 3305 582 Vos
3328 530 3466 583 enim
3495 530 3721 589 fortasse

2150 614 2289 653 nunc
2314 603 2442 653 estis
2488 605 2787 667 obliti,nos
2826 611 3018 665 multos
3067 616 3277 670 interim
3326 633 3600 677 sermones
3647 627 3716 677 de

2149 690 2269 742 aliis
2335 691 2495 746 rebus
2559 694 2827 751 balmisse.
2888 700 3018 754 Nam
3094 720 3308 760 reverso
3360 724 3389 761 a
3440 711 3719 782 longinqua

2150 781 2235 834 illa
2287 786 2707 855 peregrinatione
2748 802 2896 857 patre
2932 804 3146 858 nostro,
3204 781 3560 855 necessarium
3616 781 3710 859 fuit

2146 872 2321 925 omnia
2346 889 2785 943 commemorare,
2812 897 2928 951 qua:
2952 884 3002 937 in
3030 888 3281 943 comitatu
3306 892 3628 959 acciderant,
3654 910 3716 948 ac

2145 961 2339 1016 deinde
2364 979 2483 1019 cum
2500 969 2785 1035 gentilibus
2808 971 3099 1040 disputare,
3126 986 3182 1029 ut
3212 979 3310 1033 hos
3336 981 3382 1033 vi
3404 983 3718 1039 calamitatis

2144 1053 2208 1104 ad
2241 1054 2514 1111 meliorem
2541 1057 2741 1128 frugem
2770 1076 3064 1130 revocatos,
3093 1071 3181 1137 qui
3206 1068 3418 1125 deserto
3442 1074 3715 1141 gentilium

2146 1159 2327 1197 errore
2353 1160 2472 1200 sese
2500 1149 2563 1200 ad
2612 1166 2708 1203 nos
2753 1154 3115 1221 contulerant,
3148 1172 3243 1227 pro
3264 1160 3398 1214 virili
3427 1164 3715 1217 confirma-

2146 1251 2342 1299 remus,
2373 1254 2435 1291 ac
2479 1240 2815 1307 duceremus,
2846 1247 3060 1313 quantis
3105 1250 3338 1304 tenebris
3368 1251 3572 1306 liberati
3603 1295 3618 1320 ,
3648 1255 3713 1307 ad

2146 1334 2343 1379 tantam
2374 1328 2542 1381 lucem
2575 1333 2810 1385 veritatis
2836 1337 3212 1392 accurrissent.
3246 1340 3371 1394 Post
3414 1343 3504 1396 illa
3532 1360 3715 1399 rursus

2145 1419 2324 1472 multis
2352 1420 2537 1474 diebus
2580 1433 2872 1494 martyrum
2922 1427 3293 1486 festivitatibus
3324 1435 3472 1501 potiti
3512 1450 3715 1500 sumus,

2144 1524 2319 1578 neque
2351 1513 2574 1580 tempori
2598 1516 2922 1571 conveniens
2945 1518 3145 1585 fuisset,
3168 1537 3263 1576 nos
3282 1524 3371 1591 qui
3390 1523 3542 1592 juxta
3570 1540 3713 1577 tuar-

2146 1610 2319 1671 tyrum
2377 1605 2619 1671 sepulcra
2678 1624 3035 1673 versaremur,
3062 1627 3247 1666 earum
3304 1614 3551 1679 laudum,
3599 1631 3716 1683 qu:e

2143 1695 2461 1763 martyribus
2478 1696 2757 1762 debentur,
2774 1710 3013 1755 exsortes
3031 1701 3328 1759 discedere.
3345 1704 3607 1760 Successit
3631 1707 3718 1759 bis

2142 1783 2207 1834 ad
2234 1784 2605 1839 abstinendum
2642 1802 2672 1840 a
2706 1789 3025 1855 jurameutis
3053 1792 3349 1847 cohortatio
3381 1811 3393 1847 :
3425 1810 3543 1848 cum
3573 1796 3714 1848 enim

2140 1871 2300 1926 etiam
2344 1877 2659 1928 rusticorum
2686 1879 2950 1932 nationem
2983 1882 3033 1933 itt
3068 1883 3251 1935 urbem
3278 1883 3568 1952 ingressam
3597 1899 3717 1937 cer-

2144 1978 2413 2027 ueremus,
2451 1964 2547 2017 hos
2578 1968 2669 2019 illo
2713 1969 3000 2024 instructos
3037 1986 3065 2023 a
3099 1973 3253 2028 nobis
3282 1975 3473 2029 viatico
3510 1976 3717 2029 censui-

2142 2068 2259 2106 mus
2287 2053 2650 2109 dimittendos.

2209 2144 2262 2196 2.
2305 2143 2580 2198 [familiam
2607 2156 2779 2201 contra
2823 2150 3028 2219 gentiles
3058 2152 3279 2205 habitam
3293 2155 3711 2213 resumens,dua;

2139 2238 2414 2305 prmertim
2456 2240 2753 2308 qaa'stiones
2776 2242 2939 2305 solvit,
2971 2244 3196 2297 videlicet
3218 2261 3349 2314 :quo
3396 2257 3543 2315 pacto
3581 2247 3715 2299 Dm

2140 2328 2364 2381 homines
2403 2330 2654 2396 quondam
2706 2333 2966 2386 instrueret
2988 2348 3007 2397 ;
3034 2344 3080 2386 et
3120 2351 3307 2406 quare,
3338 2338 3457 2389 dum
3499 2354 3712 2406 corpora

2138 2418 2357 2472 calestia
2381 2422 2524 2489 quasi
2552 2422 2821 2475 immortali
2841 2425 3104 2493 juvetttute
3132 2426 3387 2493 fruantur,
3411 2439 3581 2480 nostra
3611 2429 3710 2480 sint

2140 2512 2323 2564 morbis
2356 2524 2401 2566 et
2445 2514 2753 2580 eorruptioui
2797 2517 3031 2569 obnoxia.
3059 2546 3130 2555 —
3155 2516 3318 2572 Vobis
3357 2518 3568 2587 quidem
3608 2535 3713 2573 non

2141 2604 2290 2658 laetlc
2321 2604 2476 2658 fuerit
2502 2605 2911 2673 disputationem
2938 2608 3158 2673 referre,
3190 2626 3345 2678 quam
3378 2619 3485 2664 tum
3513 2614 3705 2666 adver-

2139 2708 2229 2746 sus
2289 2694 2513 2762 gentiles
2564 2696 2931 2749 instituimus:
2965 2713 3065 2766 ego
3118 2713 3245 2752 vero
3296 2714 3507 2768 semper
3536 2702 3588 2754 in
3634 2702 3715 2755 his

2140 2785 2485 2849 exercitatus,
2509 2795 2561 2839 et
2588 2785 2709 2839 huic
2738 2787 2996 2854 palaestra:
3021 2787 3287 2855 addictus,
3317 2791 3464 2843 nullo
3507 2794 3717 2861 negot-'0

2144 2878 2323 2943 paucis
2345 2891 2408 2930 ex
2443 2878 2525 2938 iis,
2556 2893 2672 2946 qua:
2702 2888 2811 2929 tum
2840 2878 3092 2943 diximus,
3121 2880 3379 2949 repetitis,
3410 2890 3595 2949 potero
3626 2889 3710 2933 to-

2144 2968 2248 3020 tius
2275 2968 2531 3021 orationis
2558 2970 2855 3038 argumenti
2884 2970 3035 3024 vobis
3080 2973 3391 3025 memoriam
3437 2971 3712 3025 refricare.

2140 3056 2415 3125 Quodnam
2446 3073 2574 3127 ergo
2600 3059 2696 3112 fuit
2717 3062 3136 3129 argumentum?
3184 3063 3561 3127 Qutercbamus
3600 3077 3709 3129 quo

2142 3160 2297 3220 pacto
2326 3152 2463 3205 Deus
2487 3166 2515 3204 a
2551 3151 2805 3221 principio
2828 3155 3009 3222 generi
3050 3153 3280 3207 lmmano
3302 3154 3620 3223 provideret,
3649 3166 3704 3207 et

2142 3256 2247 3309 quo
2274 3250 2429 3310 pacto
2454 3256 2573 3310 qua:
2602 3241 2748 3295 utilia
2776 3241 2951 3297 forent
2976 3244 3213 3308 doceret,
3236 3258 3355 3296 cum
3406 3243 3562 3297 nullae
3604 3258 3707 3295 ev-

2139 3344 2343 3389 starent
2398 3335 2588 3400 litem,
2642 3351 2813 3403 neque
2854 3336 3142 3404 Scriptura:
3190 3336 3327 3389 data:
3370 3343 3551 3389 essent
3599 3350 3611 3386 :
3657 3344 3711 3387 et

2140 3427 2470 3482 Ostendimus
2503 3443 2598 3497 per
2620 3427 3120 3497 euntemplatiouem
3166 3436 3530 3482 creaturaruru
3574 3426 3701 3479 illud

2139 3517 2203 3571 ad
2230 3518 2320 3573 Dei
2345 3517 2698 3587 cognitionem
2726 3533 2845 3573 esse
2868 3518 3149 3573 deductum
3180 3535 3193 3571 :
3222 3532 3326 3587 quo
3357 3526 3594 3585 tempore
3617 3532 3711 3570 vos

2141 3623 2244 3661 non
2271 3623 2427 3661 manu
2456 3607 2780 3677 prehensus,
2813 3618 2867 3662 at
2906 3617 3084 3663 mente
3115 3623 3209 3675 per
3232 3608 3528 3661 universam
3556 3622 3708 3660 crea-

2143 3706 2311 3750 turam
2344 3698 2671 3752 circumduxi
2692 3739 2707 3760 ,
2730 3699 2918 3752 czelum
2946 3697 3254 3763 ostendens,
3280 3706 3496 3762 terram,
3526 3711 3671 3749 mare
3697 3737 3713 3758 ,

2141 3787 2308 3852 lacus,
2338 3787 2529 3852 fontes,
2564 3788 2771 3854 ﬂuvios,
2794 3802 3007 3855 aequora
3034 3789 3312 3853 immensa,
3337 3796 3504 3857 prata,
3528 3801 3709 3856 poma-

2140 3876 2238 3939 ria,
2267 3876 2518 3931 florentes
2547 3887 2774 3947 segetes,
2805 3875 3063 3931 fructibus
3092 3887 3310 3933 onustas
3335 3880 3583 3940 arbores.
3613 3878 3711 3931 ob-

2142 3977 2278 4021 tecta
2318 3968 2626 4021 nemoribus
2674 3968 2935 4021 montium
2974 3958 3245 4021 culmina:
3278 3978 3385 4021 tum
3408 3982 3617 4037 quoque
3646 3967 3713 4020 de

2139 4058 2429 4111 seminibus
2452 4098 2468 4123 ,
2500 4058 2567 4112 tle
2596 4057 2853 4121 oleribus,
2878 4056 2945 4112 de
2991 4056 3231 4121 ﬂoribus,
3261 4058 3329 4112 de
3373 4058 3563 4127 plantis
3605 4068 3710 4111 tam

2140 4148 2427 4204 fructuosis
2478 4165 2637 4219 quam
2690 4148 3059 4213 iufruetuosis,
3091 4147 3159 4203 de
3214 4148 3403 4204 bestiis
3449 4149 3716 4203 cicuribus

2139 4240 2296 4294 simul
2326 4249 2380 4294 et
2408 4239 2706 4309 agrestibus
2725 4279 2741 4305 ,
2772 4239 3089 4309 aquatilibus
3112 4249 3168 4294 et
3211 4240 3568 4301 terrestribus,
3591 4256 3710 4309 qum

2139 4330 2396 4399 ancipites
2439 4330 2490 4384 itt
2528 4339 2749 4399 utraque
2778 4331 2906 4385 sede
2946 4331 3165 4398 vivunt,
3195 4330 3264 4386 de
3295 4331 3357 4385 iis
3383 4346 3500 4400 qua:
3525 4345 3703 4384 aerem

2142 4423 2329 4489 pennis
2382 4432 2605 4485 secant,
2636 4423 2704 4477 de
2749 4423 2857 4478 illis
2903 4438 3022 4491 qua:
3072 4423 3219 4477 humi
3264 4433 3486 4492 repunt,
3538 4423 3712 4492 deque

2144 4513 2273 4581 ipsis
2297 4513 2480 4567 mundi
2507 4513 2790 4569 elementis
2817 4514 2980 4568 multa
3011 4513 3281 4579 disserui,
3310 4523 3363 4569 et
3393 4513 3447 4568 in
3488 4514 3710 4583 singulis

2142 4618 2242 4655 una
2261 4618 2390 4659 voce
2403 4604 2987 4659 simulacclamabamus
3004 4618 3212 4670 omnes,
3231 4619 3351 4658 cum
3367 4617 3517 4659 meus
3533 4612 3713 4658 nostra

2142 4703 2219 4747 tot
2244 4695 2531 4749 immensas
2547 4710 2676 4764 opes
2699 4711 2891 4765 capere
2914 4711 3017 4749 non
3048 4704 3265 4765 posset;
3298 4696 3463 4764 Quam
3490 4696 3715 4765 magniﬁo

2138 4797 2252 4838 cata
2275 4796 2389 4840 sunt
2406 4802 2559 4855 opera
2581 4796 2687 4843 tua.
2720 4784 2969 4838 Domine!
2992 4786 3161 4839 omnia
3189 4787 3240 4839 in
3270 4787 3514 4853 sapientia
3538 4784 3698 4852 fecisti

2141 4877 2313 4945 (Psal.
2344 4878 2434 4932 9i.
2463 4877 2542 4946 6).
2574 4876 2753 4944 Neque
2782 4891 2905 4929 vero
2936 4887 3153 4946 propter
3178 4876 3565 4931 multitudinem
3594 4883 3715 4926 tan-

2144 4976 2251 5019 tum
2284 4967 2374 5020 Dci
2400 4964 2715 5034 sapientiam
2743 4966 3085 5029 mirabamur,
3112 4966 3205 5020 sed
3241 4973 3295 5019 et
3332 4972 3545 5033 propter
3572 4972 3716 5015 utra-

2139 5074 2243 5127 que
2266 5058 2380 5111 bmc
2403 5057 2528 5122 duo,
2551 5057 2689 5125 quod
2715 5064 2768 5110 et
2794 5056 3067 5126 pulchram
3104 5065 3159 5109 et
3185 5070 3429 5124 magnam
3456 5061 3511 5108 et
3536 5053 3707 5106 admi-

2142 5150 2363 5203 rabilent
2394 5148 2691 5204 condiderit
2714 5158 3032 5214 creaturam,
3072 5156 3126 5202 et
3162 5146 3302 5215 quod
3349 5146 3509 5199 multa
3543 5145 3711 5198 imbe-

2140 5241 2377 5298 cillitatis
2406 5240 2519 5309 ejus
2557 5240 2748 5293 indicia
2779 5239 2937 5293 rebus
2963 5252 3083 5307 qua
3115 5246 3407 5291 cernuntur
3440 5233 3710 5299 indiderit,

2142 5342 2250 5387 tum
2271 5341 2331 5386 ut
2350 5331 2419 5385 ob
2442 5330 2753 5400 sapientiam
2773 5329 3031 5394 laudetur,
3060 5337 3218 5398 atque
3242 5328 3307 5382 ad
3331 5327 3530 5382 cultum
3552 5340 3707 5380 suum

2138 5440 2231 5479 eos
2272 5422 2360 5493 qui
2404 5431 2630 5475 cernunt
2666 5420 2894 5483 alliciat;
2928 5428 3036 5474 tum
3068 5435 3137 5474 ne
3172 5419 3426 5473 Creatorc
3466 5416 3709 5478 dimisso,

2139 5517 2225 5587 qui
2257 5514 2698 5588 pulchritudinem
2728 5528 2790 5567 ac
2819 5512 3233 5582 magnitudinem
3267 5512 3475 5567 illarum
3501 5510 3707 5564 intuen—

2201 5629 2274 5692 (a)
2303 5627 2433 5685 "ac,
2451 5640 2560 5689 quae
2576 5626 2633 5676 ad
2655 5626 2797 5692 hujus
2820 5625 3029 5674 homilia:
3043 5623 3221 5673 habitae
3238 5629 3432 5685 tempus
3444 5624 3711 5685 pertinent.

2141 5690 2360 5759 pluribus
2382 5692 2676 5742 excessimus
2699 5690 2747 5738 in
2774 5692 2944 5739 alonito
2966 5700 3125 5750 supra.
