4164 6224
443 285 549 339 6ῗῦ

445 407 552 458 tur,
581 409 676 463 pl.)
699 393 789 448 illo
817 409 901 447 res
926 392 1093 446 oeulis
1113 390 1376 458 subjectas
1404 389 1648 452 adorent,
1677 403 1797 440 cum
1823 402 1883 440 ea
1907 399 2025 456 qua:

447 489 500 542 in
534 488 637 542 illis
666 495 886 556 apparet
919 483 1272 546 imbecillitas,
1303 481 1564 550 ejusmodi
1605 480 1871 549 corrigere
1900 494 2027 548 poso

446 582 518 634 sit
546 593 806 635 errorem.
850 577 976 630 Item
1016 589 1122 643 quo
1164 583 1317 642 pacto
1347 582 1587 627 creatura
1617 572 1792 626 omnis
1833 585 2026 624 corru-

449 671 614 740 ptioui
642 677 723 722 est
751 667 999 730 obnoxia,
1031 673 1083 719 et
1113 663 1179 718 ad
1207 664 1480 718 meliorem
1520 663 1752 732 speciem
1795 659 2028 715 transfe-

450 771 616 822 retur.
650 757 834 829 majori
862 758 1030 828 gloria
1060 755 1386 826 perfruetur,
1417 765 1472 809 et
1499 755 1730 824 quando,
1759 763 1814 809 ct
1840 769 2025 825 quare,

447 859 501 905 et
528 866 622 905 cur
648 849 877 903 obnoxia
904 848 1235 919 corruptioni
1257 848 1324 901 sit
1348 846 1510 912 edita,
1532 857 1693 916 atque
1715 845 1830 899 luce
1849 844 2029 900 omnia

451 951 560 994 tum
603 939 742 1010 apud
785 953 881 993 vos
924 937 1450 1008 philosophabamur,
1499 939 1697 1006 Deique
1740 937 2027 1004 potentiam

452 1031 576 1085 inde
613 1029 1133 1094 demonstrabamus,
1165 1030 1306 1100 quod
1346 1031 1396 1083 in
1449 1028 1882 1098 corruptibilibus
1909 1043 2032 1082 cor-

449 1122 668 1191 poribus
698 1130 899 1175 tantam
928 1120 1227 1175 condiderit
1267 1119 1734 1188 pulchritudinem,
1775 1134 1933 1188 quam
1977 1125 2034 1173 et

451 1229 481 1265 a
540 1213 799 1283 principio
827 1211 966 1265 Deus
991 1211 1093 1266 illis
1119 1209 1378 1272 attribuit,
1408 1209 1664 1272 siderum,
1707 1209 1821 1262 ca-li
1861 1216 1914 1262 et
1937 1222 2032 1262 so-

449 1302 535 1358 lis.
560 1301 697 1356 Vere
727 1316 952 1370 namque
971 1301 1150 1354 mirari
1182 1314 1486 1370 possumus,
1517 1314 1621 1369 qua
1651 1298 1878 1360 ratione,
1907 1312 2029 1350 cum

449 1401 530 1447 tot
552 1391 676 1446 anni
705 1391 814 1446 sint
840 1391 1027 1460 elapsi,
1061 1391 1189 1445 nihil
1217 1390 1321 1446 tale
1349 1391 1456 1444 siut
1475 1405 1650 1460 passa,
1675 1389 1830 1469 quale
1851 1398 2032 1442 nostra

450 1496 678 1552 corpora
727 1479 1018 1550 patiuntur,
1057 1495 1230 1550 neque
1273 1487 1550 1534 senectute
1591 1479 1797 1532 reddita
1841 1477 2035 1531 fuerint

465 1572 828 1638 imbecilliora,
872 1587 1046 1641 neque
1077 1571 1264 1626 morbo
1291 1571 1374 1624 vel
1403 1570 1713 1640 argritudine
1739 1570 1911 1637 aliqua
1937 1569 2036 1622 dc-

451 1661 656 1717 bilitata
687 1663 813 1726 sint,
847 1661 938 1716 sed
967 1661 1070 1716 vim
1095 1676 1159 1716 ac
1183 1660 1624 1732 pulchritudinem
1650 1675 1800 1712 suam
1818 1699 1832 1722 ,
1851 1675 2032 1729 quam,

455 1762 513 1807 ut
534 1761 657 1808 ante
682 1753 812 1819 dixi,
842 1753 980 1808 Deus
1009 1753 1112 1808 illis
1137 1753 1472 1820 attribuerat,
1501 1766 1786 1821 perennem
1815 1765 2037 1804 constr-

453 1851 602 1907 veut,
630 1852 686 1898 et
705 1857 877 1912 neque
896 1842 1026 1898 solis
1052 1850 1425 1911 consumptum
1446 1841 1518 1896 sit
1540 1840 1740 1903 lumen,
1771 1854 1944 1906 neque
1965 1838 2038 1892 si-

452 1933 640 1989 derum
663 1933 916 2004 splendor
935 1935 1272 1999 obscuratus,
1298 1948 1470 2002 neque
1489 1932 1604 1986 caeli
1626 1931 1797 2000 fulgor
1817 1929 2038 1984 efﬁnxe-

456 2025 548 2090 rit,
580 2040 686 2079 non
715 2025 879 2079 maris
909 2025 1120 2079 termini
1147 2024 1264 2078 loco
1293 2025 1418 2078 moti
1449 2023 1574 2079 sint.
1609 2039 1712 2076 non
1746 2031 1900 2075 terra:
1927 2020 2036 2074 vir-

458 2125 546 2170 tus
573 2115 640 2171 ad
667 2125 852 2188 partus
874 2130 1082 2171 annuos
1109 2115 1371 2171 fructuum
1400 2112 1636 2168 edendos
1663 2113 1922 2167 exstincta
1947 2110 2036 2164 sit.

463 2207 589 2261 llaec
616 2218 793 2262 autem
825 2208 1003 2263 omnia
1047 2207 1373 2276 corruptioni
1401 2221 1520 2260 esse
1544 2205 1774 2259 obnoxia
1810 2221 1929 2258 eum
1973 2219 2037 2258 ex

455 2299 772 2365 rationibus,
811 2311 920 2352 tum
961 2315 1026 2353 ex
1063 2299 1234 2354 sacris
1265 2298 1462 2354 Literis
1487 2296 1974 2350 demonstravimus
2021 2313 2034 2346 :

455 2388 678 2458 pulchra
707 2406 835 2444 vero
864 2390 950 2444 illa
976 2404 1097 2444 esse
1134 2403 1196 2443 ac
1225 2389 1501 2458 splendida
1537 2402 1796 2455 suumque
1825 2401 2041 2454 semper

454 2481 718 2552 integrum
767 2481 1001 2550 vigore
1043 2494 1330 2535 conservas
1359 2495 1418 2542 e,
1468 2479 1809 2548 quotidianus
1853 2491 2038 2530 eorum

453 2573 545 2641 qui
571 2579 796 2626 cermmt
825 2581 1051 2627 testatur
1074 2579 1342 2639 aspectus,
1373 2570 1424 2622 in
1471 2583 1578 2637 quo
1621 2568 1848 2620 maxime
1873 2565 2045 2619 admi-

455 2663 656 2717 randus
684 2672 765 2716 est
796 2662 955 2726 Deus,
998 2663 1088 2730 qui
1131 2661 1210 2715 sic
1247 2675 1310 2714 ea
1347 2659 1414 2712 ab
1457 2658 1606 2712 initio
1639 2656 1895 2712 condidit.
1934 2654 2042 2711 Sed

459 2754 733 2822 quoniam,
773 2753 899 2808 dum
937 2755 1050 2808 haec
1077 2769 1106 2804 a
1149 2752 1302 2807 uobis
1337 2751 1533 2806 dicere.
1559 2759 1665 2814 tur,
1705 2749 2046 2819 refragabat:-

463 2854 553 2898 tur
581 2844 816 2899 nonnulli
843 2845 1081 2899 dicentes
1115 2861 1127 2896 :
1157 2843 1318 2914 Igitur
1355 2843 1590 2896 omnium
1619 2857 1737 2911 qua:
1759 2841 1858 2894 sub
1885 2857 2042 2910 aspeo

461 2946 606 2988 ctum
628 2934 842 3001 cadunt,
866 2933 1180 2988 vilissimum
1203 2941 1286 2987 est
1309 2932 1487 2997 homo,
1509 2931 1768 3001 siquidem
1789 2931 1904 2985 ca-li
1924 2945 2046 2986 cor-

465 3042 586 3097 pus,
619 3035 793 3088 terrzn.
825 3027 976 3092 solis,
1003 3035 1060 3081 et
1085 3026 1321 3080 omnium
1351 3025 1581 3079 siderum
1627 3033 1774 3078 lauto
1809 3036 2045 3092 tempore

463 3115 693 3180 duravit,
729 3117 814 3170 hic
851 3131 981 3170 vero
1011 3124 1131 3185 post
1162 3129 1332 3169 annos
1361 3117 1694 3185 septuaginta
1736 3113 2046 3168 dissolvitur

463 3215 624 3277 atque
657 3207 838 3262 interit
870 3225 882 3262 :
914 3207 1143 3276 primum
1181 3205 1392 3275 quidem
1419 3205 1547 3260 illud
1577 3203 1894 3270 dixerimus,
1935 3219 2045 3258 non

465 3305 635 3351 totum
665 3297 859 3352 animal
890 3297 1130 3361 dissolvi,
1175 3299 1268 3353 sed
1305 3298 1621 3367 praecipuam
1651 3297 1924 3366 magisque
1954 3310 2048 3349 nc-

464 3389 750 3444 cessariam
776 3399 976 3460 partem
1006 3400 1262 3462 perpetuo
1292 3405 1530 3459 manere,
1562 3391 1791 3444 animam
1824 3391 2045 3443 immor-

467 3478 649 3544 talem,
680 3494 798 3549 qua:
822 3479 984 3535 nullis
1012 3481 1272 3549 ejusmodi
1318 3480 1517 3534 morbis
1546 3489 1626 3535 est
1655 3479 1899 3545 obnoxia,
1943 3478 2046 3532 mi-

465 3585 650 3624 norem
681 3578 856 3625 autem
877 3571 1203 3640 corruptioni
1229 3586 1349 3626 esse
1369 3571 1653 3624 obnoxiam
1683 3587 1696 3624 :
1729 3569 1921 3624 deinde
1946 3570 2046 3624 hoe

466 3661 637 3729 ipsum
683 3661 942 3730 majorem
989 3662 1186 3717 cedere
1230 3662 1383 3716 nobis
1436 3663 1486 3716 iu
1541 3661 1817 3716 honorem.
1865 3661 2048 3732 Neque

465 3752 607 3805 enim
637 3761 858 3817 temere,
895 3753 980 3808 vel
1020 3753 1137 3808 sine
1174 3768 1355 3819 causa,
1392 3753 1483 3808 sed
1527 3765 1583 3808 et
1617 3753 1761 3822 juste
1799 3763 1956 3823 atque
1995 3755 2046 3808 in

466 3857 578 3898 rem
604 3853 840 3899 nostram
868 3853 922 3900 et
956 3853 1283 3900 senectutem
1314 3855 1368 3898 et
1409 3845 1624 3898 morbus
1651 3845 1976 3900 sustinemus
2018 3861 2035 3901 :

468 3932 604 3996 iuste
630 3934 865 4005 quidem,
894 3935 1034 4006 quod
1066 3936 1116 3990 in
1166 3945 1440 4006 peccatum
1478 3935 1610 4007 lapsi
1650 3934 1902 3991 fuerimus
1932 3953 1946 3989 :
1996 3937 2048 3990 in

468 4039 580 4079 rem
612 4035 846 4080 nostram
872 4035 1071 4091 autem,
1102 4036 1157 4080 ut
1198 4026 1484 4096 ingenitam
1531 4025 1685 4079 nobis
1728 4041 1792 4080 ex
1843 4025 2048 4094 ignavia

467 4115 770 4185 superbiam
801 4132 896 4188 per
922 4116 1020 4172 hos
1062 4116 1302 4172 defectus
1328 4133 1392 4172 ac
1428 4117 1644 4171 morbos
1684 4116 2048 4170 retundamus.

467 4204 584 4260 Non
631 4206 788 4276 igitur
839 4217 896 4261 ut
945 4207 1265 4262 contumelia
1318 4222 1418 4261 nos
1470 4205 1739 4270 alliceret,
1795 4204 1896 4259 hoc
1937 4205 2052 4260 ﬁeri

469 4299 717 4366 permisit
756 4299 917 4354 Deus.
963 4299 1018 4354 Si
1061 4301 1202 4354 enim
1244 4297 1457 4354 allicere
1496 4298 1814 4352 contumelia
1857 4298 2053 4352 voluis-

470 4399 574 4454 set,
614 4406 719 4445 nou
752 4391 1105 4446 immortalem
1135 4407 1254 4446 esse
1281 4389 1512 4443 animam
1545 4399 1778 4444 nostram
1817 4390 2049 4445 sivisset.

471 4478 577 4534 Sed
609 4497 802 4551 neque,
833 4481 974 4550 quod
1017 4482 1282 4551 impotens
1311 4489 1474 4546 esset,
1517 4481 1620 4534 tale
1660 4491 1898 4535 nostrum
1928 4496 2050 4535 enr-

473 4583 572 4638 pus
613 4569 812 4626 cﬁ‘ecit.
855 4571 1063 4625 Etenim
1104 4572 1148 4626 si
1193 4570 1466 4625 imbecillis
1510 4579 1674 4639 esset,
1726 4586 2052 4641 nequaquam

471 4657 664 4712 caelum
695 4669 750 4715 et
776 4660 972 4728 sidera,
1000 4670 1056 4716 et
1079 4673 1237 4716 terra:
1261 4676 1455 4732 corpus
1485 4671 1631 4716 tanto
1652 4672 1892 4731 tempore
1917 4663 2052 4719 tueri

473 4747 528 4802 in
563 4762 745 4802 rerum
787 4759 972 4804 natura
1001 4750 1260 4820 potuisset
1292 4769 1304 4803 :
1333 4749 1425 4805 sed
1455 4761 1510 4804 ut
1534 4766 1632 4806 nos
1657 4752 1904 4807 meliores
1934 4770 2053 4806 mo-

471 4837 875 4910 deratioresque
922 4839 1172 4896 redderet
1212 4841 1418 4911 sibique
1463 4842 1630 4912 magis
1678 4841 2051 4912 obsequentes,

470 4931 620 5000 quod
645 4933 819 4987 omnis
852 4933 1006 4988 nobis
1052 4933 1237 4988 salutis
1268 4935 1602 4989 occasionem
1641 4935 1882 5005 largitur.
1929 4935 2056 4988 Pro-

473 5034 655 5094 pterea
685 5041 789 5080 non
820 5027 1024 5095 effecit,
1048 5036 1105 5081 ut
1140 5037 1231 5081 aut
1265 5037 1538 5082 senectute
1575 5029 1790 5091 cmlutu,
1818 5040 1906 5081 aut
1936 5029 2056 5082 aliis

470 5115 793 5183 quibusdam
841 5116 1040 5172 talibus
1084 5117 1283 5170 morbis
1324 5117 1702 5186 Corriperetur.
1747 5117 1880 5170 Cum
1911 5116 2054 5172 enim

475 5207 645 5262 libero
681 5208 903 5262 arbitrio
941 5209 1011 5262 sit
1050 5218 1102 5262 et
1139 5209 1316 5262 anima
1345 5207 1678 5273 destitutum,
1719 5225 1890 5278 neque
1926 5224 2056 5279 pec-

475 5314 622 5359 care.
646 5313 818 5368 neque
843 5310 988 5354 recte
1013 5315 1172 5370 agere
1197 5308 1408 5368 potest:
1440 5300 1579 5355 unde
1601 5316 1770 5370 neque
1795 5300 2054 5370 ejusmodi

477 5389 854 5446 emendatione
882 5390 957 5445 illi
987 5400 1070 5446 est
1104 5406 1239 5464 Opus
1276 5409 1290 5445 :
1319 5391 1476 5447 nobis
1512 5401 1687 5446 autem
1722 5392 1812 5461 qui
1853 5391 2057 5446 ratione

474 5492 661 5534 sumus
700 5489 757 5535 et
791 5479 967 5534 anima
997 5483 1260 5546 exornati,
1303 5483 1660 5537 necessarium
1697 5480 1814 5541 fuit.
1859 5489 1916 5533 ut
1963 5496 2058 5548 per

477 5569 575 5626 has
603 5569 938 5630 inﬁrmitates
963 5576 1281 5647 morbosque
1311 5575 1570 5650 modestia
1601 5584 1652 5628 et
1685 5572 1952 5626 humilitas
1978 5572 2056 5625 iu-

477 5674 842 5734 generaretur,
871 5666 1296 5739 quandoquidem
1331 5681 1359 5720 a
1402 5663 1656 5735 principio
1699 5678 1804 5734 prae
1848 5661 2056 5718 IZSL'iL‘I'iS

1177 279 1236 332 S.
1274 275 1549 334 JO.\NNIS
1571 271 2042 329 CHRYSOSTOHI
2085 270 2396 326 ARCHIEP.
2436 270 2964 329 CONST‘ANTINOP.

3602 272 3711 328 636

2133 386 2384 438 omnibus
2429 385 2632 454 primus
2673 385 2834 440 homo
2862 385 3019 440 fuerit
3064 385 3116 442 in
3166 386 3470 456 superbiam
3518 386 3715 442 elatus.

2134 477 2384 547 Alioquin
2415 477 2458 531 si
2485 477 2932 547 quemadmodum
2965 488 3143 532 nostra
3169 494 3423 551 corpora.
3445 481 3530 537 sic
3548 487 3718 533 etiam

2132 567 2319 620 cazlum
2364 568 2709 621 constitutum
2757 568 2943 621 fuisset
2984 583 3049 624 ac
3091 573 3353 622 senectuti
3397 571 3718 631 obnoxium,

2133 658 2284 712 nmlti
2317 658 2659 716 Conditorem
2703 659 3081 714 imbecillitatis
3122 669 3485 724 accusasscnt,
3529 669 3587 713 ut
3624 662 3720 729 qui

2134 749 2354 803 minimc
2381 760 2560 818 posset
2584 766 2748 804 unum
2773 765 2969 822 corpus
3010 751 3060 805 iu
3094 752 3292 805 multos
3319 765 3581 805 annosum
3613 753 3725 807 eir-

2135 841 2309 894 euitus
2347 854 2668 896 conservare
2707 859 2720 892 :
2757 841 2867 910 jam
2908 857 3036 896 vero
3066 842 3282 911 praecisa
3329 851 3415 897 est
3457 843 3563 899 illis
3603 845 3724 897 haec

2135 933 2379 996 occasT-o,
2434 946 2556 986 cum
2605 940 2753 985 tanto
2803 940 3041 1000 tempore
3079 947 3240 1001 opera
3293 931 3462 1000 ipsius
3501 947 3727 1003 perma-

2137 1032 2318 1077 beant.

2209 1115 2264 1168 5.
2304 1113 2521 1169 Accedit
2543 1113 2610 1168 ad
2636 1128 2698 1168 ea
2723 1126 2842 1183 qua:
2862 1112 3116 1176 diximus,
3138 1112 3278 1182 quod
3309 1129 3414 1166 non
3445 1114 3580 1168 intra
3613 1114 3724 1168 hoc

2136 1203 2390 1257 sarculum
2418 1217 2506 1258 res
2525 1214 2723 1257 uestra:
2749 1203 3062 1266 subsistunt,
3097 1203 3189 1258 sed
3224 1214 3504 1274 postquam
3533 1206 3586 1259 in
3619 1206 3726 1260 hac

2139 1294 2242 1346 vita
2281 1293 2445 1363 probe
2481 1293 2742 1347 fuerimus
2775 1293 3042 1363 castigati,
3075 1293 3264 1362 majori
3283 1308 3507 1363 corpora
3537 1305 3724 1350 nostra

2137 1401 2259 1440 cum
2291 1385 2458 1454 gloria
2486 1393 2786 1454 resurgent,
2811 1393 2868 1440 et
2894 1385 3049 1451 caelo,
3075 1385 3190 1439 sole
3214 1400 3277 1439 ac
3309 1387 3520 1441 caneris
3541 1388 3728 1442 omni-

2139 1479 2238 1531 bus
2262 1476 2620 1545 splendidiora
2648 1486 2958 1540 cernentur,
3003 1485 3057 1532 et
3098 1477 3164 1532 ad
3205 1477 3479 1532 meliorem
3517 1487 3722 1534 sortem

2139 1568 2605 1637 conditioncmque
2643 1568 3050 1623 transferentur.
3080 1567 3230 1623 Unus
3266 1583 3395 1639 ergo
3423 1570 3614 1624 modus
3636 1581 3726 1626 est

2140 1659 2456 1728 cognitionis
2483 1659 2614 1722 Dei,
2644 1674 2741 1728 per
2775 1659 3074 1712 universam
3104 1675 3297 1729 nempe
3340 1675 3518 1714 rerum
3563 1672 3726 1716 natu—

2143 1764 2300 1803 ram:
2339 1749 2474 1802 alter
2511 1765 2638 1802 vero
2677 1749 2845 1803 nihilo
2891 1749 3085 1812 minor,
3134 1749 3178 1802 is
3220 1765 3376 1818 quem
3418 1752 3726 1819 suppeditat

2140 1839 2487 1905 conscientia,
2519 1855 2676 1908 quem
2717 1840 2887 1909 ipsum
2921 1847 3044 1892 tunc
3071 1839 3310 1908 pluribus
3338 1840 3514 1895 verbis
3551 1858 3723 1911 expo-

2141 1931 2377 1991 suimus,
2415 1930 2676 1999 simulque
2715 1931 3046 1984 ostendimus
3084 1931 3294 1984 insitam
3331 1945 3452 1986 esse
3493 1933 3648 1988 nobis
3692 1951 3724 1988 a

2142 2031 2329 2076 natura
2359 2022 2613 2076 bonarmn
2641 2022 3005 2091 malarumque
3031 2037 3209 2075 rerum
3239 2023 3619 2092 cognitionem,
3668 2037 3730 2080 et

2141 2112 2521 2167 conscientiam
2555 2113 2707 2167 nobis
2745 2112 2970 2168 interius
2993 2112 3108 2168 haec
3141 2124 3330 2167 cuneta
3357 2113 3578 2168 dictare.
3611 2116 3728 2168 "III

2143 2204 2337 2272 quippe
2364 2203 2516 2257 nobis
2542 2217 2572 2256 a
2596 2203 2854 2273 principio
2877 2203 2983 2257 dati
3008 2211 3131 2257 sunt.
3168 2219 3195 2254 a
3227 2212 3412 2257 natura
3451 2203 3726 2268 doctores.

2143 2303 2407 2357 creatura,
2438 2301 2492 2347 et
2517 2292 2862 2356 conscientia,
2889 2293 2978 2362 qui
3003 2292 3119 2347 siue
3159 2307 3290 2347 voce
3329 2293 3434 2346 ulla
3476 2293 3728 2348 homines

2145 2385 2509 2440 instituebant.
2539 2383 2670 2438 Nam
2697 2393 2751 2439 et
2778 2393 3020 2438 creatura
3058 2395 3346 2454 conspectu
3375 2399 3472 2438 suo
3511 2398 3729 2454 specta-

2147 2487 2314 2531 torem
2339 2475 2786 2546 obstupel'aciens,
2815 2475 2962 2530 illum
2982 2483 3170 2529 cuncta
3189 2486 3495 2530 cernentem
3517 2476 3583 2530 ad
3607 2476 3730 2545 ejus

2142 2565 2234 2636 qui
2266 2566 2432 2635 ipsam
2461 2564 2698 2620 condidit
2721 2564 3124 2619 admirationem
3148 2565 3373 2619 traducit
3399 2583 3414 2618 :
3445 2568 3730 2620 conscien-

2147 2658 2218 2712 tia
2256 2671 2404 2721 vero,
2443 2673 2561 2727 qua:
2590 2659 2730 2711 intus
2761 2656 2948 2723 dictat,
2979 2657 3158 2711 omnia
3182 2673 3302 2726 qua
3336 2655 3572 2711 facienda
3601 2667 3732 2710 sunt

2145 2748 2399 2818 suggerit,
2439 2747 2661 2816 ejusque
2696 2747 2944 2802 virtutem
2983 2756 3041 2801 et
3065 2746 3326 2815 judicium
3367 2762 3431 2802 ex
3479 2746 3597 2816 ipso
3637 2763 3726 2800 re—

2148 2855 2264 2894 rum
2302 2849 2518 2908 aspectu
2547 2837 3015 2908 deprehendimus.
3049 2838 3180 2891 Dum
3204 2839 3346 2892 enim
3372 2838 3514 2891 intus
3544 2852 3733 2906 pecca-

2148 2942 2257 2986 tum
2299 2942 2534 2992 accusat,
2576 2931 2776 2985 vultum
2824 2929 3100 2984 confundit
3142 2932 3402 2994 exterius,
3449 2944 3514 2983 ac
3560 2931 3731 2982 multo

2147 3037 2379 3077 mterore
2403 3021 2654 3092 complet.
2683 3021 2889 3076 Rursus
2930 3019 3156 3089 pallidos
3184 3019 3360 3073 reddit
3401 3029 3454 3072 et
3485 3019 3728 3088 pavidos,

2145 3128 2268 3167 cum
2301 3113 2353 3166 in
2397 3127 2457 3166 re
2481 3112 2655 3181 aliqua
2685 3111 2823 3180 turpi
2861 3109 3122 3164 fuerimus
3149 3108 3497 3178 deprehensi;
3542 3125 3728 3162 vocem

2149 3218 2253 3258 non
2283 3203 2549 3266 audimus,
2579 3202 2672 3258 sed
2699 3218 2793 3270 per
2819 3210 3104 3256 externum
3138 3211 3412 3269 aspectum
3444 3201 3729 3270 ingenerao

2151 3301 2257 3347 tam
2287 3293 2430 3346 intus
2451 3293 2864 3362 indignationem
2891 3291 3332 3359 contemplemur.
3363 3290 3494 3344 Cum
3523 3291 3603 3344 his
3627 3308 3730 3344 au-

2151 3394 2259 3439 tem
2285 3382 2489 3436 duobus
2513 3381 2724 3436 tertium
2746 3395 2957 3451 quoque
2981 3380 3254 3436 doctorem
3274 3395 3305 3434 a
3335 3381 3428 3435 Dei
3449 3381 3734 3450 providen-

2153 3475 2222 3528 tia
2253 3473 2414 3528 I'uisse
2454 3473 2761 3540 adjunctum
2808 3473 2979 3526 oratio
3019 3471 3438 3537 demonstrabat,
3487 3486 3590 3524 non
3615 3471 3730 3540 jam

2151 3576 2356 3623 mutum
2397 3574 2455 3618 ut
2499 3565 2722 3635 priores,
2765 3563 2858 3618 sed
2897 3563 2984 3633 qui
3025 3577 3297 3628 sermone,
3341 3561 3731 3628 admonitione,

2151 3657 2376 3712 consilio
2399 3656 2633 3710 animum
2664 3663 2901 3708 nostrum
2922 3661 3283 3722 componeret.
3297 3651 3426 3718 Quis
3452 3651 3539 3705 ille
3571 3665 3734 3720 porro

2151 3749 2270 3804 est?
2299 3747 2398 3816 Qui
2422 3746 2708 3801 attributus
2730 3753 2811 3800 cst
2841 3743 3122 3814 unicuique
3141 3746 3379 3797 nascenti
3411 3754 3578 3811 pater.
3607 3741 3735 3796 Ideo

2152 3857 2380 3912 namque
2407 3840 2529 3895 fecit
2559 3841 2714 3904 Deus,
2746 3848 2803 3892 ut
2841 3854 2870 3891 a
2916 3837 3222 3907 parentibus
3262 3835 3626 3906 diligeremur,
3672 3843 3737 3889 ut

2154 3947 2509 4006 praeceptores
2545 3933 2754 3988 virtutis
2784 3931 3117 3987 haberemus.
3149 3930 3262 3985 Non
3300 3931 3443 3985 enim
3482 3929 3736 4000 genuisse

2156 4036 2358 4082 tantum
2405 4036 2609 4095 patrem
2649 4025 2835 4090 efﬁcit,
2869 4024 2964 4077 sed
2997 4031 3140 4078 recte
3168 4021 3459 4076 instituisse
3502 4038 3518 4074 :
3560 4035 3736 4090 neque

2155 4116 2425 4187 peperisse
2464 4124 2687 4180 tantum,
2728 4114 2822 4170 sed
2858 4123 3002 4169 recte
3044 4113 3300 4168 educasse
3343 4120 3566 4167 matrem
3611 4111 3738 4166 red-

2155 4208 2252 4264 dit.
2277 4209 2454 4279 Atque
2477 4207 2579 4263 hoc
2605 4222 2790 4260 verum
2819 4221 2956 4269 esse,
2992 4219 3165 4275 neque
3202 4212 3468 4270 naturam,
3497 4202 3592 4257 sed
3622 4202 3736 4256 vir-

2156 4307 2322 4355 tutem
2377 4308 2556 4369 patres
2596 4296 2831 4362 eﬁicere,
2879 4295 3274 4354 conﬁtebuntur
3317 4303 3565 4364 parentes
3608 4293 3738 4362 ipsi.

2155 4388 2297 4446 Sane
2321 4387 2535 4458 quidem
2564 4386 2701 4440 ﬁlios
2731 4399 2860 4440 suos
2897 4400 3042 4454 saepe
3065 4399 3187 4439 cum
3225 4383 3528 4452 depravatis
3573 4382 3740 4436 mori-

2159 4481 2260 4535 bus
2304 4494 2426 4536 esse
2465 4477 2720 4542 viderint,
2771 4485 2932 4547 atque
2978 4476 3032 4531 in
3077 4475 3467 4546 improbitatem
3506 4474 3741 4543 degene-

2160 4585 2328 4637 rasse,
2368 4585 2434 4624 ex
2479 4583 2700 4623 suorum
2726 4568 2844 4622 illos
2866 4577 3214 4638 cognatorum
3245 4579 3468 4620 numero
3491 4564 3736 4633 cjieiuut,

2157 4661 2423 4722 abdicant,
2467 4659 2600 4713 alios
2642 4657 2742 4712 sibi
2787 4656 3044 4727 adoptant
3087 4656 3243 4720 ﬁlios,
3298 4655 3386 4725 qui
3442 4655 3581 4709 nulla
3633 4654 3739 4709 sibi

2159 4760 2313 4805 erant
2336 4748 2729 4819 propinquitate
2748 4747 3038 4818 conjuncti.
3070 4747 3151 4801 An
3175 4760 3304 4800 vero
3323 4745 3612 4814 quidquam
3633 4743 3742 4798 hoc

2162 4844 2273 4898 ﬁeri
2307 4851 2482 4910 potest
2509 4841 2824 4902 mirabilius,
2852 4855 3009 4910 quam
3037 4846 3093 4891 ut
3121 4853 3256 4908 quos
3284 4845 3598 4906 genueram,
3641 4833 3742 4902 eji-

2158 4939 2298 4992 ciant
2332 4953 2344 4988 :
2374 4949 2506 5003 quos
2530 4942 2707 4988 autem
2733 4950 2837 4987 non
2863 4939 3176 5000 genuerunt,
3208 4930 3305 4983 sibi
3335 4929 3668 4983 adsciscam?

2231 5029 2397 5082 Liberi
2437 5027 2632 5080 arbitrii
2678 5028 2843 5094 major
2883 5026 2976 5090 ris,
3021 5040 3173 5093 quam
3210 5033 3438 5086 naturis;
3462 5022 3557 5088 ﬁlii
3597 5037 3741 5088 prars

2119 5178 2121 5181 ,
2158 5120 2459 5175 abdicantur
2486 5135 2519 5171 α
2542 5117 2849 5188 parentibus.
2867 5114 3066 5168 —Non
3091 5114 3208 5166 sine
3236 5127 3395 5166 causa
3441 5111 3580 5164 dicta
3613 5121 3744 5164 sunt

2161 5213 2327 5267 harca
2360 5210 2534 5277 nobis,
2574 5208 2669 5264 sed
2714 5216 2771 5261 ut
2811 5207 2946 5261 scias
2988 5204 3244 5272 majorem
3287 5218 3406 5257 esse
3449 5201 3551 5255 vim
3585 5201 3740 5254 liberi

2158 5295 2361 5351 arbitrii
2391 5310 2547 5364 quam
2575 5301 2798 5356 natum,
2827 5289 3171 5359 atqueipsam
3201 5289 3374 5356 potius
3404 5302 3561 5355 quatn
3597 5285 3741 5339 illam

2162 5397 2340 5456 patres
2382 5385 2599 5440 efﬁcere
2641 5381 3004 5436 consuevisse.
3054 5375 3341 5433 Enimvero
3391 5377 3585 5429 divina-
3638 5376 3745 5430 hoc

2159 5491 2294 5546 opus
2321 5476 2417 5530 fuit
2444 5472 2808 5544 providentia),
2839 5478 2896 5523 ut
2916 5485 3089 5539 neque
3111 5467 3334 5522 naturali
3359 5466 3549 5520 aﬂ’ectu
3576 5465 3747 5518 desti-

2163 5579 2304 5624 tutos
2350 5569 2544 5623 liberos
2595 5564 2938 5634 relinqueret,
2983 5576 3158 5632 neque
3205 5570 3375 5614 totmn
3429 5573 3616 5612 rursus
3664 5558 3741 5611 illi

2163 5661 2537 5716 conrmitteret.
2574 5658 2631 5714 Si
2656 5657 2800 5713 enim
2844 5654 2987 5710 nulla
3014 5653 3228 5726 penitus
3267 5650 3477 5721 impulsi
3505 5650 3744 5705 necessi-
