4134 6214
399 291 503 348 637

401 422 507 465 tate
535 419 737 466 natura!
771 409 906 464 filios
930 425 1054 463 suos
1085 420 1327 480 parentes
1358 412 1601 466 dilecturi
1629 411 1875 480 fuissent,
1896 413 1988 466 sed

401 517 610 557 morum
654 502 917 572 probitate
961 511 1164 556 tantum
1207 513 1262 558 et
1307 512 1455 559 recte
1506 503 1764 559 factorum
1813 505 1990 558 studio

401 594 570 660 ducti,
601 594 798 649 multos
827 595 1062 664 paternis
1103 593 1308 649 sedibus
1353 605 1570 651 exactos
1611 597 1682 650 ob
1728 595 1987 666 ignaviam

403 703 576 750 suam,
617 695 894 758 totumque
928 702 1099 756 genus
1130 686 1418 742 lmmamtm
1450 689 1648 758 passim
1679 688 1986 742 distractum

404 794 467 834 sc
487 778 800 846 dissipatum
829 777 1075 832 vidisses.
1105 776 1160 832 Si
1187 794 1372 832 rursus
1394 795 1506 833 rem
1534 788 1697 833 totam
1722 779 1986 850 tyrannidi

404 879 605 924 naturze
626 869 1002 933 commisisset,
1029 880 1083 923 et
1110 886 1174 923 ne
1197 871 1467 939 improbos
1490 869 1701 940 quidem
1723 871 1846 924 odio
1867 883 1987 939 pro-

433 961 554 1031 equi
586 961 937 1029 permisisset,
981 960 1074 1014 sed
1117 961 1186 1014 ab
1226 961 1327 1015 illis
1356 962 1703 1016 contumelias
1740 973 1792 1015 et
1836 963 1989 1014 innu-

406 1067 552 1106 mera
583 1052 716 1105 mala
751 1051 892 1121 passi
941 1061 1120 1121 patres
1158 1062 1361 1104 natura:
1401 1051 1716 1106 necessitate
1757 1051 1985 1104 devincti

406 1143 528 1196 [iliis
557 1144 608 1197 in
639 1157 698 1196 se
723 1142 1126 1197 contumeliOsis
1167 1156 1229 1196 ac
1271 1141 1722 1196 debacchantibus
1759 1139 1986 1194 blamliri

404 1251 511 1289 non
543 1243 866 1300 cessassent,
897 1234 962 1288 ad
992 1248 1259 1288 summum
1301 1233 1550 1303 nequitia:
1583 1233 1792 1286 culmen
1820 1246 1986 1300 genus

407 1328 695 1380 humanum
724 1333 1028 1396 provectum
1051 1335 1212 1379 esset.
1235 1324 1366 1379 Nam
1389 1325 1433 1379 si
1461 1339 1602 1378 nunc
1623 1339 1744 1378 cum
1769 1323 1987 1376 omnino

403 1420 672 1473 conlidere
701 1429 902 1472 naturas
930 1436 1034 1472 non
1063 1419 1270 1488 possint
1299 1418 1414 1482 lilii,
1443 1417 1536 1472 sed
1573 1419 1767 1470 multos
1793 1415 1983 1480 sciant,

403 1527 523 1562 cum
549 1510 821 1580 depravati
851 1519 1051 1573 essent,
1080 1519 1135 1563 et
1165 1508 1326 1563 domo
1354 1516 1408 1562 et
1436 1507 1775 1562 facultatibus
1805 1517 1984 1576 pater-

405 1601 486 1654 nis
515 1602 798 1663 exridisse,
827 1615 970 1668 saepe
1002 1609 1177 1653 tamen
1205 1608 1482 1668 parentum
1507 1613 1689 1652 amore
1716 1598 1834 1652 freti
1857 1613 1984 1650 eon-

405 1693 638 1746 tumeliis
665 1707 760 1746 eos
790 1690 1028 1744 alliciunt
1057 1707 1069 1742 :
1105 1690 1204 1744 nisi
1234 1688 1563 1758 permisisset
1593 1690 1749 1754 Deus,
1783 1698 1841 1742 ut
1865 1688 1986 1741 illos

404 1785 645 1839 succensi
697 1783 1098 1846 ulciscerentur,
1151 1791 1205 1835 et
1249 1781 1520 1850 improbos
1571 1780 1734 1834 factos
1789 1780 1985 1834 liberos

406 1876 588 1944 procul
615 1873 983 1932 amandarent.
1009 1888 1116 1943 quo
1146 1888 1250 1926 non
1282 1887 1340 1925 se
1371 1871 1616 1940 nequitia:
1645 1886 1840 1940 genere
1865 1886 1985 1923 eou-

407 1965 788 2018 taminassent?
807 1963 930 2017 Ideo
956 1971 1009 2018 et
1036 1971 1238 2016 natura:
1261 1963 1597 2023 necessitate,
1621 1970 1676 2014 et
1697 1961 1982 2014 liberortun

406 2057 643 2110 muribus
670 2056 761 2108 niti
791 2064 1066 2124 parentum
1087 2069 1326 2108 amorem
1348 2052 1513 2108 voluit
1538 2053 1698 2118 Deus,
1722 2062 1780 2106 ut
1799 2061 1852 2106 et
1875 2069 1987 2104 tne-

403 2150 656 2203 diocriter
696 2149 1038 2216 peccantibus
1087 2147 1288 2210 liberis,
1335 2147 1401 2202 ad
1446 2147 1546 2202 hoc
1585 2161 1680 2202 eos
1728 2147 1984 2201 invitante

405 2251 610 2304 natura,
646 2243 850 2295 veniam
880 2239 1088 2299 darent.
1117 2251 1170 2292 et
1199 2239 1515 2308 depravatos
1550 2249 1707 2308 atque
1737 2238 1981 2291 immedi-

403 2334 560 2388 cabili
593 2332 779 2387 morbo
811 2332 1111 2385 laborantes
1138 2333 1405 2400 punircnt,
1447 2349 1512 2385 ne
1550 2332 1612 2385 ad
1655 2333 1839 2385 vitium
1869 2331 1986 2384 illos

405 2423 728 2494 indulgentia
759 2439 852 2476 sua
884 2423 1180 2488 erudirent,
1221 2425 1263 2476 si
1297 2433 1483 2477 natura
1517 2437 1700 2476 rursus
1729 2423 1982 2483 vinceret,

404 2533 602 2587 eosque
631 2517 812 2571 liberis
841 2517 951 2569 suis
979 2517 1202 2570 blandiri
1250 2527 1487 2584 Cogeret,
1528 2518 1687 2570 etiam
1729 2531 1849 2568 cum
1883 2515 1985 2566 iiii-

405 2611 554 2680 probi
572 2619 772 2665 essent.
791 2609 1013 2674 QuanLe
1030 2609 1150 2671 hnc,
1172 2624 1374 2677 quzeso,
1397 2606 1758 2674 providentia},
1785 2622 1902 2658 cum
1930 2616 1983 2659 et

403 2705 624 2773 diligere
661 2702 846 2772 jubeat
882 2713 937 2756 et
979 2701 1147 2755 amori
1193 2701 1408 2754 modum
1451 2715 1667 2768 ponere,
1709 2709 1763 2753 et
1802 2713 1985 2752 rursus

401 2796 618 2863 optimae
649 2793 936 2848 liberorum
980 2791 1280 2846 educationi
1308 2793 1619 2868 meri-edem
1668 2790 1986 2845 constituat?

404 2884 733 2952 Propositam
763 2883 904 2937 enim
928 2897 1050 2936 esse
1073 2882 1370 2936 mercedem
1397 2893 1449 2935 et
1476 2897 1580 2934 non
1607 2881 1733 2934 viris
1757 2890 1983 2947 tantum,

402 2975 496 3030 sed
523 2975 682 3029 etiatn
713 2975 924 3029 feminis
955 2984 1010 3029 ut
1037 2973 1319 3041 intelligas,
1352 2973 1472 3027 audi
1503 2988 1607 3038 quo
1634 2982 1784 3041 pacto
1807 2975 1986 3028 multis

405 3059 458 3118 iii
489 3065 620 3120 locis
648 3073 703 3120 et
737 3064 802 3119 ad
851 3065 968 3119 illas
995 3073 1049 3120 et
1077 3064 1145 3119 de
1181 3063 1288 3118 illis
1317 3063 1587 3133 Scriptura
1618 3065 1776 3118 verba
1807 3064 1982 3130 faciat,

403 3171 576 3226 neque
601 3160 775 3210 minus
797 3155 863 3210 ad
888 3155 1006 3208 illas
1030 3169 1187 3225 quam
1215 3155 1279 3208 ad
1305 3155 1466 3208 viros.
1495 3153 1625 3208 Cum
1649 3154 1787 3208 enim
1815 3153 1983 3209 dixis-

401 3257 484 3301 sct
522 3247 736 3312 Paulus,
781 3245 972 3299 Mulier
1013 3255 1179 3298 autem
1227 3246 1429 3298 seducta
1475 3247 1527 3298 in
1575 3246 1987 3314 prtcvaricatione

401 3339 518 3406 fuit,
551 3337 766 3408 adjecit,
800 3337 1097 3392 Salvabitur
1126 3346 1295 3389 autem
1325 3353 1414 3404 per
1443 3336 1666 3404 ﬁliorum
1704 3337 1985 3406 generatio-

400 3449 522 3486 nem
552 3432 626 3503 (Ι.
659 3430 788 3484 Tim.
818 3430 872 3486 2.
908 3429 992 3485 14.
1028 3429 1136 3501 15).
1167 3428 1318 3496 Quod
1359 3440 1534 3484 autem
1565 3429 1660 3493 ait,
1693 3434 1826 3482 hanc
1856 3445 1984 3482 seu-

403 3525 618 3577 tentiam
645 3522 804 3576 habet
836 3541 849 3576 :
884 3521 1048 3576 Doles
1086 3522 1227 3592 quod
1259 3532 1310 3576 te
1337 3523 1526 3576 mulier
1555 3525 1723 3592 prima
1762 3522 1812 3575 in
1860 3537 1983 3591 par-

404 3623 487 3666 tus
514 3613 727 3667 dolores
756 3613 1092 3684 laboresque,
1120 3629 1182 3667 ac
1207 3614 1414 3682 longam
1451 3615 1584 3667 ttteri
1633 3615 1982 3684 gestationem

401 3703 728 3772 conjecerit?
780 3705 848 3756 At
907 3713 960 3755 tit
1019 3704 1125 3756 noli
1175 3719 1494 3758 succensere
1549 3721 1562 3758 :
1620 3721 1788 3774 neque
1840 3708 1981 3760 enim

405 3802 554 3846 tanto
577 3793 774 3845 damno
803 3803 1019 3861 propter
1043 3793 1254 3847 dolores
1282 3806 1462 3864 partus
1482 3806 1534 3849 et
1561 3795 1768 3849 labores
1796 3797 1982 3851 affecta

403 3899 483 3947 es,
511 3895 765 3953 quantum
793 3891 1054 3951 qmestum
1098 3882 1247 3948 facis,
1279 3886 1321 3938 si
1353 3885 1506 3948 velis,
1551 3886 1679 3940 dum
1724 3887 1980 3942 bonorum

402 3992 622 4044 operum
663 3976 1000 4028 occasionem
1049 3991 1112 4028 ex
1157 3986 1296 4030 recta
1341 3977 1628 4032 liberorum
1667 3979 1984 4035 educatione

403 4069 588 4121 sumis.
632 4066 730 4135 Qui
765 4071 906 4122 enim
954 4067 1060 4121 nati
1099 4076 1224 4122 sunt
1275 4069 1446 4131 liberi,
1494 4068 1538 4122 si
1579 4072 1981 4125 convenientem

405 4159 599 4213 fuerint
629 4160 830 4213 cultum
863 4160 1023 4222 nacti,
1051 4175 1113 4213 ac
1140 4169 1224 4213 tua
1251 4174 1375 4212 cura
1409 4161 1600 4214 fuerint
1627 4162 1692 4214 ad
1735 4162 1980 4216 virtutcnt

403 4250 689 4311 informati,
722 4251 939 4304 tnttltam
979 4251 1072 4304 tibi
1115 4250 1337 4304 oll‘rrent
1382 4253 1714 4306 occasionem
1760 4253 1979 4318 salutis;

400 4358 460 4394 ar
488 4353 683 4411 przeter
713 4342 922 4410 pr0pria
951 4342 1085 4396 bona
1119 4358 1277 4412 opera
1308 4344 1526 4396 multam
1554 4343 1624 4396 ob
1651 4345 1884 4398 studium
1929 4347 1979 4400 in

402 4436 499 4487 ista
529 4434 779 4486 collatum
821 4434 1044 4502 recipies
1074 4433 1394 4488 mercedem.

476 4525 522 4576 ι.
569 4527 742 4592 Atque
778 4532 835 4576 ut
872 4523 1048 4578 discas
1089 4541 1192 4578 non
1235 4535 1440 4594 partum
1481 4536 1703 4580 matrem
1743 4527 1978 4593 eflirere,

401 4629 572 4684 neque
599 4615 898 4669 mercedem
928 4616 1048 4669 huic
1074 4631 1192 4669 esse
1223 4618 1300 4671 rei
1327 4619 1672 4687 propositam,
1701 4621 1823 4674 alibi
1850 4637 1981 4689 quo-

402 4723 508 4771 que
535 4704 741 4758 viduam
767 4706 1042 4774 alloquens
1072 4707 1266 4760 l’aulus
1294 4709 1362 4760 ita
1393 4708 1528 4762 dixit
1557 4726 1570 4763 :
1602 4709 1665 4763 Si
1693 4713 1825 4778 [ilics
1853 4714 1979 4764 eda-

391 4797 525 4850 c.trit
555 4797 634 4866 (I.
672 4795 802 4849 Tim.
833 4797 887 4851 5.
927 4798 1016 4858 10)
1053 4814 1066 4850 :
1101 4814 1271 4867 neque
1305 4800 1456 4864 dixit,
1497 4800 1550 4855 Si
1587 4800 1724 4854 illius
1753 4805 1976 4872 peperit,

397 4888 512 4952 sed,
546 4890 607 4944 Si
634 4889 767 4958 ﬁlios
789 4889 1036 4942 educavit.
1068 4888 1195 4942 Nam
1229 4890 1354 4944 illttd
1376 4893 1588 4962 quidem
1621 4906 1843 4960 naturae,
1881 4897 1926 4949 hi
1949 4913 1978 4952 c

399 4995 528 5032 vero
548 4980 694 5033 liberi
721 4992 802 5036 cst
828 4981 1051 5035 arbitrii.
1072 4981 1354 5050 Propterea
1381 4999 1500 5036 cum
1523 4983 1606 5039 hic
1631 4986 1790 5040 etiam
1814 4987 1977 5041 dixis-

400 5080 496 5131 set,
546 5070 838 5125 Saluabitur
876 5090 966 5142 per
1005 5073 1226 5137 ﬁliorum
1261 5076 1648 5143 generationem,
1683 5093 1852 5147 ucqtte
1893 5080 1979 5132 hic

401 5161 651 5222 substitit.
684 5164 776 5215 sed
807 5179 926 5216 cum
969 5165 1254 5219 ostendere
1297 5166 1456 5219 vellet
1496 5183 1600 5220 non
1649 5169 1842 5223 liberos
1881 5189 1976 5241 gr-

401 5259 600 5317 nuisse,
631 5253 722 5308 sed
756 5267 900 5308 recte
927 5256 1122 5310 liberos
1149 5259 1426 5322 educasse,
1473 5261 1572 5313 hoc
1605 5261 1758 5315 nobis
1786 5263 1976 5318 allerre

400 5344 720 5408 mercedem,
748 5345 937 5413 adjecit
965 5362 977 5397 :
1017 5348 1077 5400 Si
1119 5352 1482 5415 permanserint
1528 5351 1580 5404 in
1607 5352 1708 5420 ﬁde
1730 5397 1742 5417 ,
1774 5365 1820 5407 et
1850 5355 1973 5407 dile-

394 5438 581 5500 ctione,
603 5448 648 5489 et
673 5439 1066 5504 sanctiﬁcatione
1091 5458 1201 5492 cum
1229 5444 1495 5497 sobrietate
1520 5445 1594 5511 (Ι.
1622 5444 1750 5499 Tim.
1775 5445 1829 5500 2.
1861 5447 1970 5516 l5).

395 5533 630 5596 Quorum
654 5531 934 5585 verborum
959 5532 1042 5585 hic
1067 5547 1256 5587 sensus
1276 5546 1353 5589 est
1379 5551 1393 5588 :
1420 5538 1566 5592 Tunc
1588 5540 1806 5595 multam
1829 5557 1969 5596 tuer-

393 5624 582 5676 cedem
609 5623 856 5693 accipies,
887 5625 930 5675 si
957 5624 1044 5693 qui
1077 5627 1334 5693 procreati
1377 5641 1502 5683 suttt
1546 5630 1695 5685 liberi
1727 5647 1972 5702 perman-

395 5723 562 5766 seruit
590 5716 642 5767 in
685 5713 806 5778 lide,
847 5723 900 5766 et
929 5713 1215 5768 dilettione
1244 5727 1295 5770 et
1325 5720 1760 5776 sanctiﬁcatione.
1793 5719 1846 5778 Si
1878 5722 1973 5794 igi-

1715 298 1799 354 ΒΕ
1841 298 2023 354 ΑΝΝᾹ
2063 297 2293 357 SERMO
2332 302 2374 358 Ι.

3578 321 3680 378 033

2099 421 2185 466 tur
2227 414 2292 467 ad
2323 415 2437 469 haec
2472 431 2566 471 eos
2607 419 2818 483 ineites,
2857 423 2901 476 si
2937 422 3250 495 admoneas,
3291 429 3336 482 si
3379 429 3594 495 doceas,
3637 434 3681 486 si

2095 508 2318 562 Consilio
2339 508 2516 578 juves,
2545 511 2613 565 ob
2641 512 2775 568 hanc
2801 530 2982 570 curam
3012 519 3173 573 multa
3221 519 3313 574 tibi
3344 521 3483 590 apud
3516 523 3679 578 Deum

2097 612 2305 651 merces
2334 599 2436 653 erit
2457 602 2765 656 constituta.

2171 687 2374 741 Mulieri
2395 692 2611 744 maxime
2637 695 2864 747 convenit
2883 696 3112 750 educatio
3144 698 3446 766 liberorum;
3471 702 3678 757 historia

2096 773 2258 829 Anna:
2285 779 2458 832 matris
2503 780 2797 845 Samuelis;
2837 787 3071 839 sterilitas
3107 800 3350 855 quantum
3377 792 3583 846 malum.
3608 824 3679 835 -

2094 866 2171 920 Ne
2195 868 2354 937 igitur
2382 870 2613 925 alienmn
2643 888 2671 926 a
2702 889 2761 929 se
2796 877 3049 931 mu'ieres
3077 879 3419 944 arbitrentur,
3449 884 3492 936 si
3515 893 3572 938 et
3599 885 3677 938 fe~

2096 959 2356 1012 minarum
2399 971 2452 1014 et
2505 962 2730 1017 marium
2771 979 2952 1019 curam
2991 978 3195 1035 gerant.
3244 969 3358 1024 Non
3399 973 3544 1026 enim
3595 975 3681 1027 hie

2094 1062 2280 1101 sexum
2306 1048 2548 1104 distinxit
2584 1057 2741 1118 Deus,
2767 1054 2860 1108 sed
2889 1063 2944 1109 et
2970 1057 3078 1111 illic
3103 1059 3416 1126 simpliciter
3441 1063 3592 1124 dixit,
3617 1063 3678 1117 Si

2095 1139 2229 1206 [ilios
2259 1141 2520 1205 educavit;
2541 1152 2594 1197 et
2621 1144 2723 1209 hic,
2756 1145 2817 1200 Si
2837 1151 3200 1217 permanserint
3231 1153 3282 1203 in
3324 1153 3448 1220 ﬁde,
3477 1163 3524 1206 et
3552 1154 3678 1207 dile-

2093 1231 2274 1295 ctione,
2309 1242 2354 1284 et
2395 1235 2814 1300 sanctiﬁcatione.
2855 1236 3036 1308 Itaque
3077 1242 3352 1312 utriusque
3381 1245 3591 1313 generis
3619 1247 3678 1299 li-

2093 1322 2341 1376 berorum
2372 1325 2708 1394 suscipienda
2750 1329 2904 1382 nobis
2945 1340 3030 1385 est
3054 1348 3200 1396 cura,
3233 1344 3482 1403 tantoque
3512 1339 3680 1406 magis

2095 1413 2425 1481 mulieribus,
2455 1427 2654 1485 quanto
2695 1420 2890 1488 smpius
2919 1421 3062 1476 domi
3094 1425 3348 1479 resident.
3378 1425 3508 1480 Nam
3536 1428 3679 1482 viros

2092 1505 2302 1572 quidem
2337 1509 2811 1576 peregrinationes,
2843 1527 2904 1565 ac
2929 1514 3024 1566 fori
3068 1516 3473 1582 sollicitudines,
3504 1530 3556 1573 et
3583 1535 3678 1573 ne-

2091 1596 2229 1664 gotia
2263 1596 2497 1650 civitatis
2543 1614 2688 1667 smpe
2716 1601 3054 1658 distrahunt:
3083 1605 3270 1659 mulier
3297 1618 3472 1662 autem
3498 1609 3566 1664 ab
3596 1609 3678 1664 his

2092 1687 2232 1739 curis
2262 1687 2645 1744 immunitatem
2679 1693 2865 1747 Sortita
2895 1693 3097 1749 facilius
3121 1699 3331 1764 poterit,
3367 1715 3488 1753 cum
3531 1710 3680 1755 tanto

2094 1778 2294 1831 fruatur
2337 1781 2466 1841 otio,
2525 1783 2808 1838 liberorum
2855 1801 3035 1841 curam
3074 1804 3278 1857 gerere.
3316 1791 3386 1844 Ita
3418 1792 3678 1849 faciebant

2091 1871 2198 1923 auti
2223 1888 2320 1938 pne.
2352 1875 2637 1928 mulieres:
2672 1893 2774 1929 non
2799 1880 2941 1933 enim
2963 1898 2990 1933 a
3018 1882 3145 1934 viris
3175 1885 3367 1941 solum.
3393 1887 3483 1938 sed
3512 1888 3671 1940 etiam

2093 1977 2120 2012 a
2157 1963 2467 2017 mulieribus
2495 1966 2594 2019 hoc
2624 1969 2938 2034 postulatur,
2972 1980 3027 2024 ut
3049 1987 3192 2032 suos.
3219 1974 3452 2043 inquam,
3484 1976 3680 2032 liberos

2090 2065 2300 2117 curent,
2333 2065 2489 2124 atque
2519 2057 2582 2110 ad
2613 2057 3002 2130 pltiloSOphiam
3026 2063 3143 2117 illos
3174 2066 3408 2121 incitent.
3439 2069 3588 2134 Quod
3622 2079 3678 2124 ut

2094 2159 2274 2196 vernn:
2297 2159 2416 2198 csse
2437 2157 2666 2211 constet,
2696 2159 2929 2206 veterem
2952 2152 3104 2208 vobis
3130 2155 3400 2212 historiam
3429 2161 3677 2216 narrabe.

2093 2234 2215 2288 Fuit
2240 2237 2376 2304 apud
2407 2238 2624 2294 Judaies
2654 2243 2804 2295 Anna
2845 2245 3036 2299 mulier
3072 2247 3334 2314 qua-dam.
3369 2250 3491 2304 ihcc
3521 2253 3673 2307 Anna

2092 2329 2259 2380 multo
2290 2340 2528 2399 tempore
2567 2334 2847 2388 sterilitate
2873 2335 3150 2402 laboravit,
3183 2339 3428 2410 quodque
3467 2344 3679 2411 gravius

2093 2417 2209 2482 fuit,
2257 2419 2373 2488 ejus
2424 2422 2611 2475 a-mula
2660 2425 2946 2478 multorum
2996 2426 3280 2482 liberorum
3327 2441 3495 2486 mater
3539 2444 3673 2487 erat.

2090 2511 2247 2563 Scitis
2269 2526 2441 2566 aufem
2474 2529 2628 2581 quam
2660 2528 2844 2569 natura
2890 2534 2981 2571 sua
3020 2530 3072 2574 et
3100 2536 3194 2589 per
3219 2523 3446 2591 si-ipsam
3477 2539 3564 2578 res
3591 2526 3675 2578 illa

2092 2600 2400 2654 mulieribus
2427 2604 2496 2656 sit
2527 2605 3048 2663 intolerabilis:cutn
3089 2625 3217 2664 vero
3257 2612 3452 2666 liberos
3477 2613 3680 2668 habetis

2090 2692 2294 2745 accedit
2316 2696 2527 2758 minuta,
2563 2699 2730 2750 multo
2756 2700 2811 2750 lit
2838 2699 3082 2766 gravior:
3107 2701 3368 2770 siquidem
3396 2720 3460 2756 ex
3485 2705 3677 2758 mulie-

2091 2781 2165 2835 ris
2197 2781 2334 2836 illius
2364 2785 2716 2853 prosperitate
2748 2788 2938 2840 melius
2963 2788 3317 2844 calamitatem
3343 2807 3494 2846 suam
3521 2793 3678 2848 intel-

2092 2870 2233 2941 ligit;
2278 2874 2412 2927 sicut
2453 2884 2504 2928 et
2533 2877 2623 2944 qui
2652 2887 2892 2930 extrema
2939 2891 3252 2946 premuntur
3279 2891 3532 2950 egi-state,
3566 2895 3677 2938 tum

2091 2959 2269 3014 dolent
2309 2963 2504 3028 acrius,
2546 2980 2664 3018 cum
2707 2965 2901 3020 divites
2932 2967 3034 3022 illis
3067 2969 3118 3023 in
3146 2982 3374 3024 mentem
3407 2972 3671 3028 venerint.

2089 3051 2272 3124 Neque
2297 3070 2423 3110 vero
2447 3057 2812 3112 calamitosum
2856 3061 2955 3114 hoc
3000 3070 3201 3117 tantum
3244 3063 3356 3126 fuit,
3389 3067 3527 3134 quod
3559 3065 3674 3120 lizee

2091 3143 2284 3199 liberos
2312 3163 2414 3200 non
2444 3147 2680 3213 haberet,
2707 3151 2790 3203 illa
2820 3150 3056 3217 haberet,
3092 3155 3185 3208 sed
3214 3155 3357 3224 quod
3379 3158 3565 3211 aemula
3591 3174 3676 3213 es-

2090 3245 2204 3289 set:
2231 3251 2402 3306 neque
2439 3239 2579 3308 quod
2617 3242 2804 3295 a-mula
2847 3252 3047 3297 tantum
3091 3255 3254 3309 esset,
3286 3262 3469 3302 verum
3517 3249 3673 3303 etiam

2091 3326 2230 3394 quod
2261 3329 2426 3396 ipsam
2459 3329 2524 3382 ad
2555 3331 2876 3384 iracundiam
2904 3346 3236 3403 provocaret,
3267 3352 3331 3392 eo
3356 3339 3496 3408 quod
3527 3340 3670 3394 Illam

2090 3429 2389 3486 sperneret.
2423 3421 2561 3474 Deus
2586 3432 2764 3478 autem
2795 3440 2918 3478 cum
2949 3425 3050 3481 hoc
3096 3439 3360 3492 cerneret,
3393 3433 3672 3497 tolerabat,

2090 3520 2143 3564 ct
2175 3509 2294 3564 Non
2324 3512 2462 3566 dedit
2492 3513 2539 3567 ei
2570 3511 2835 3576 Dominus,
2870 3517 3059 3586 inqttit,
3086 3519 3247 3585 ﬁlium
3277 3523 3550 3575 secundum
3573 3526 3673 3576 tri-

2091 3604 2390 3655 bulationem
2435 3607 2544 3672 ejns
2579 3616 2625 3658 et
2666 3613 2936 3660 secundum
2970 3610 3222 3663 tristitiam
3252 3614 3436 3666 animle
3458 3615 3567 3682 eius
3592 3616 3671 3686 (l.

2093 3696 2218 3766 Reg.
2257 3699 2304 3750 Ι.
2339 3697 2416 3763 6).
2458 3698 2593 3762 Quid
2643 3709 2745 3762 est,
2789 3701 3077 3754 Secundum
3116 3704 3490 3758 tribulationem
3525 3707 3675 3776 ejus?

2093 3787 2200 3839 lliei
2244 3804 2346 3839 non
2397 3798 2592 3856 potest,
2627 3790 2813 3857 inquit.
2856 3808 2978 3845 eum
3020 3794 3284 3849 videntem
3331 3797 3471 3850 illam
3519 3814 3671 3869 a-quo

2088 3880 2266 3931 animo
2307 3880 2659 3933 calamitatem
2713 3883 2882 3948 ferre,
2915 3883 3215 3940 cohibuisse
3264 3898 3467 3953 [artum
3516 3888 3667 3960 ejus;

2087 3969 2330 4036 quamvis
2355 3985 2471 4023 eam
2501 3971 2747 4036 cruciari,
2776 3973 2977 4037 dolere,
3001 3975 3158 4044 affligi
3195 3977 3420 4041 videret,
3469 3996 3668 4034 intero-

2091 4076 2200 4114 rem
2233 4070 2410 4114 tamen
2439 4064 2554 4130 ejus
2581 4080 2683 4115 non
2710 4063 2978 4129 discussit,
3009 4077 3063 4119 ut
3090 4067 3260 4137 majus
3285 4069 3476 4139 aliquid
3508 4073 3665 4125 moli-

2091 4161 2256 4205 retur.
2281 4151 2406 4206 Ilaec
2435 4169 2499 4205 ite
2531 4162 2796 4223 tamquam
2825 4155 2966 4210 aliud
2994 4166 3214 4226 agentes
3250 4161 3548 4228 audiamus,
3574 4164 3669 4218 sed

2089 4243 2374 4297 maximam
2407 4243 2790 4314 philosophiam
2816 4247 2937 4301 hinc
2962 4247 3228 4304 discamus
3248 4253 3286 4316 ',
3311 4263 3362 4306 et
3383 4254 3427 4308 si
3458 4255 3672 4323 quando

2091 4332 2141 4384 in
2171 4334 2369 4386 malum
2410 4334 2624 4402 aliquod
2675 4336 3038 4402 inciderinms,
3071 4340 3192 4393 licet
3218 4342 3514 4403 doleamus,
3547 4346 3668 4401 licet

2088 4423 2459 4486 lamenteuiur,
2490 4424 2610 4479 licet
2642 4425 2971 4482 intolerabile
2999 4429 3149 4484 nobis
3179 4433 3371 4484 malum
3405 4433 3666 4502 videatur,

2088 4530 2155 4568 ne
2183 4530 2552 4584 properemus.
2585 4533 2682 4571 nec
2711 4519 2888 4573 animo
2918 4521 3278 4583 concidamus,
3303 4525 3396 4577 sed
3429 4525 3520 4580 Dei
3547 4542 3671 4598 pro-

2088 4606 2371 4660 videntiam
2420 4619 2813 4676 exspectemus.
2869 4610 2961 4665 Ille
3010 4627 3235 4682 namque
3286 4616 3448 4682 piobe
3499 4621 3668 4686 novit,

2084 4696 2296 4765 quando
2327 4697 2450 4750 illud
2495 4697 2884 4754 discutiendum
2915 4702 3005 4766 sit,
3051 4705 3189 4770 quod
3219 4706 3485 4760 tristitiam
3517 4711 3669 4762 nobis

2085 4788 2220 4854 pirit
2242 4801 2256 4840 :
2277 4787 2418 4854 quod
2447 4798 2498 4842 et
2527 4789 2608 4842 iSIi
2630 4791 2867 4859 contigit.
2893 4791 3004 4844 Non
3035 4796 3174 4847 enim
3195 4800 3333 4865 quod
3362 4799 3524 4866 ipsam
3542 4800 3666 4852 odio

2087 4889 2530 4947 prosequerctur,
2582 4891 2673 4932 aut
2721 4895 3097 4951 avcrsaretur,
3147 4887 3284 4941 lleus
3329 4891 3668 4944 concluserat

2085 4968 2292 5022 vulvam
2315 4969 2448 5037 ejus,
2474 4970 2565 5022 sed
2595 4979 2650 5023 ut
2673 4974 2810 5026 fores
2833 4975 2986 5027 nobis
3011 4977 3356 5045 philosophia.-
3379 4990 3664 5047 reseratu,

2082 5078 2184 5129 qua
2219 5061 2439 5129 [inedita
2466 5062 2656 5115 mulier
2686 5062 2803 5128 fuit,
2826 5069 3047 5135 ejusque
3078 5067 3196 5120 lidci
3225 5069 3435 5122 divitias
3453 5075 3672 5140 conspi.

2082 5168 2348 5215 ceremtts,
2388 5167 2451 5206 ac
2478 5153 2790 5210 nobiliorem
2825 5157 2964 5211 illam
2997 5158 3120 5211 hinc
3150 5159 3218 5212 ab
3243 5175 3310 5215 eo
3340 5161 3501 5217 fuisse
3541 5168 3664 5217 red-

2081 5245 2244 5297 ditata
2271 5259 2736 5313 eugiiosceretuus.
2767 5248 2902 5301 Audi
2944 5265 3071 5303 vero
3096 5252 3254 5305 etiam
3284 5269 3402 5323 quzc
3429 5270 3666 5324 sequun-

2083 5345 2186 5388 tur.
2221 5335 2283 5388 ΕΙ
2310 5337 2382 5389 sic
2407 5337 2640 5404 faciebat,
2674 5339 2862 5407 inquit,
2893 5340 3102 5410 singulis
3130 5345 3279 5397 annis
3301 5361 3332 5396 a
3359 5348 3515 5399 multo
3536 5359 3663 5401 tem-

2081 5443 2221 5495 pore,
2250 5445 2363 5481 cum
2392 5430 2678 5482 ascenderet
2704 5431 2815 5497 ipsa
2839 5431 2892 5484 in
2921 5431 3126 5484 domum
3151 5434 3372 5488 Domini.
3400 5436 3466 5490 Et
3486 5439 3661 5491 trista-

2078 5519 2244 5586 batur,
2274 5529 2323 5573 et
2371 5521 2619 5590 plorabat,
2663 5530 2710 5574 et
2747 5538 2846 5575 non
2887 5524 3176 5578 comedebat
3215 5527 3292 5595 (Ι.
3345 5526 3471 5599 Reg.
3509 5531 3558 5584 l.
3582 5530 3659 5600 7).

2080 5674 2444 5798 mzpqgllt’ihduo
2459 5685 2509 5727 et
2528 5683 2666 5740 πρε..
2681 5677 2768 5729 sed
2785 5676 2865 5729 hic
2881 5681 3143 5731 maximam
3163 5681 3544 5746 philosophetur
3562 5684 3671 5748 phi-
