4134 6214
439 273 544 328 659

441 397 685 440 tutenSns
715 382 888 445 dolor,
915 380 1156 434 diuturna
1202 373 1483 444 :rgritudo,
1535 384 1639 422 non
1685 367 1791 431 duo
1841 376 2015 420 tresve

441 476 579 540 dies,
611 489 708 528 ttec
733 471 935 541 viginti,
962 483 1059 524 nec
1087 474 1319 524 centum,
1348 476 1446 516 nec
1471 460 1635 524 mille,
1659 471 1758 512 nec
1786 457 1867 510 bis
1900 455 2028 508 tuti-

444 567 567 621 detn
588 583 605 622 :
635 565 812 618 multis
831 561 984 615 annis
999 557 1211 612 dolebat
1231 555 1441 618 mulier,
1463 563 1520 608 et
1540 548 1904 611 cruciabatur;
1926 552 2028 601 boc

445 659 588 711 enim
613 666 691 710 est
723 653 869 712 ilfud.
901 651 947 704 Α
969 649 1126 704 multo
1156 658 1378 715 tempore
1405 643 1512 714 (a),:
1538 651 2028 696 verumtamoumn

449 750 786 817 impatienter
814 743 952 808 tulit,
993 756 1166 811 neque
1193 738 1450 807 temporis
1481 731 1754 805 longitudo
1791 728 2031 797 philoso-

448 842 622 911 phiam
650 839 764 904 ejns
789 835 1080 905 supt-ravit,
1110 845 1280 899 neque
1303 828 1495 899 probra
1521 835 1573 878 et
1598 822 1835 878 convicia
1867 821 2034 888 ipsius

449 910 674 988 temnite.
721 927 813 980 sed
862 925 1050 978 orabat
1097 921 1310 976 assidue
1358 934 1420 972 ac
1465 914 1800 986 supplicabat
1837 932 1848 964 :
1893 910 2032 979 quod

447 1023 696 1076 omnibus
733 1018 903 1087 majus
933 1027 1036 1078 e~t,
1081 1014 1302 1082 ejusque
1350 1010 1681 1080 potissimum
1712 1019 1835 1074 erga
1869 1004 2032 1056 Deum

447 1129 682 1168 amorem
707 1109 925 1171 iudicat,
957 1124 1061 1161 non
1092 1102 1408 1172 simpliciter
1431 1102 1571 1153 hunc
1598 1099 1767 1166 ipsum
1793 1095 2037 1148 obtinere

448 1206 618 1259 ίιιίιιιιι.
654 1202 890 1271 Optabat,
935 1197 1029 1253 sed
1064 1197 1171 1250 Deo
1211 1194 1442 1248 fructum
1470 1191 1672 1250 dieare,
1701 1199 1860 1256 atque
1903 1184 2035 1238 ttteri

447 1298 530 1353 Sttl
551 1295 813 1368 primitias
831 1294 1044 1352 ulTerre,
1075 1306 1138 1346 ac
1170 1287 1438 1358 prreclarm
1478 1282 1630 1337 istius
1671 1277 2040 1351 prontissinnis

449 1386 752 1447 mercedem
776 1383 998 1438 referre.
1023 1379 1182 1438 Unde.
1199 1376 1248 1432 id
1269 1373 1515 1432 constat?
1541 1372 1616 1428 Es
1642 1371 1702 1424 iis
1729 1368 1904 1422 verbis
1920 1381 2039 1437 qua:

449 1489 766 1556 sequuntur.
814 1476 972 1532 Scitis
1028 1473 1211 1542 utique
1255 1482 1444 1524 onmes
1481 1465 1794 1520 mulir-ribus
1825 1472 2042 1530 propter

449 1553 597 1627 viros
641 1565 1027 1626 intolerandam
1074 1577 1192 1617 esse
1223 1561 1577 1616 sterilitatem.
1607 1556 1740 1610 Sunt
1772 1555 1916 1609 enim
1947 1553 2042 1608 lto-

453 1665 628 1719 mines
657 1660 867 1731 plurimi
893 1668 997 1713 tam
1029 1657 1312 1719 immanes,
1346 1661 1404 1706 nt
1431 1649 1749 1705 mulieribus.
1769 1646 1898 1700 vitio
1919 1661 2040 1699 ver-

453 1766 588 1822 tant,
635 1756 678 1808 si
722 1755 856 1807 forte
900 1767 1004 1808 non
1050 1749 1284 1820 pariant,
1313 1759 1414 1800 nec
1443 1743 1633 1800 sriuut'
1660 1741 1763 1794 hoc
1800 1737 2043 1810 pariendi

453 1848 650 1901 donum
677 1845 745 1902 de
771 1843 918 1897 caelis
945 1849 1105 1909 atque
1131 1854 1164 1896 a
1194 1835 1527 1907 providentia
1573 1833 1752 1887 divina
1783 1832 2042 1900 originem

456 1935 692 1994 trahere.
725 1948 788 1991 ac
814 1946 988 1998 neque
1018 1939 1260 1982 naturam
1288 1923 1545 1986 mulieris,
1578 1935 1750 1991 neque
1788 1934 2045 1990 congres-

456 2043 598 2088 sum.
640 2039 814 2093 neque
841 2021 982 2078 aliud
1007 2019 1294 2090 quidquam
1338 2016 1403 2070 ad
1446 2015 1550 2070 hoc
1577 2029 1670 2087 per
1694 2027 1758 2068 se,
1778 2009 2044 2066 sufﬁcere.

463 2120 841 2175 Verumtamen
868 2112 1110 2184 quamvis
1143 2111 1315 2166 sciant
1340 2108 1606 2164 immerito
1627 2121 1686 2161 se
1713 2105 1840 2162 vitio
1869 2112 2044 2161 verte-

459 2227 540 2276 re,
569 2208 890 2277 exprobrant
921 2215 976 2260 et
1000 2210 1314 2261 aversantur
1343 2214 1604 2269 poma-pe,
1637 2213 1808 2268 neque
1839 2195 2047 2249 illarum

456 2300 729 2359 consortio
757 2298 1113 2356 delectantur.

530 2393 583 2448 5.
628 2390 918 2449 Videamus
947 2403 1095 2457 ergo,
1138 2399 1266 2440 num
1314 2382 1437 2438 buic
1478 2379 1690 2436 mulieri
1732 2378 1834 2433 hoc
1875 2378 2050 2447 ipsum

456 2484 730 2544 acciderit.
767 2482 896 2539 Nam
943 2481 988 2536 si
1015 2479 1322 2547 despectant
1348 2474 1563 2544 quidem
1596 2473 1760 2536 illam,
1803 2482 2048 2528 contem-

459 2589 604 2652 ptam
622 2583 675 2630 et
693 2572 1029 2630 contumeliis
1045 2569 1286 2624 allectam
1305 2565 1522 2625 videris,
1539 2578 1709 2632 neque
1724 2562 1892 2632 gratia
1910 2559 2052 2630 apud

460 2668 715 2723 maritum
743 2666 938 2726 valere,
966 2662 1054 2734 qui
1084 2675 1184 2715 uec
1206 2659 1308 2713 ulla
1337 2657 1506 2725 ipsam
1525 2654 1937 2712 benevoh-ntiac
1961 2670 2056 2706 nm-

465 2762 761 2830 plectatur,
814 2754 1012 2809 idcirco
1056 2751 1199 2809 illam
1246 2749 1412 2807 lilium
1459 2753 1742 2819 exoptasse
1788 2742 2054 2814 coniicere

464 2849 685 2925 poteris,
712 2855 769 2901 ut
796 2844 962 2900 multa
994 2841 1182 2897 lidncia
1207 2849 1266 2900 et
1289 2839 1538 2894 libertate
1560 2834 1838 2925 gauderet,
1860 2848 1924 2888 ac
1939 2834 2055 2896 viro

464 2924 669 3012 gratior
712 2938 883 2991 lieret.
911 2933 1005 2995 Sin
1036 2941 1212 2985 atttent
1253 2926 1583 2985 contrarium
1609 2924 2057 2994 deprehenderis,

465 3043 693 3098 eamque
735 3024 1022 3096 gratiorem
1054 3021 1144 3076 illa
1191 3019 1375 3085 fuisse,
1422 3033 1542 3087 qute
1571 3017 1768 3072 liberos
1807 3015 2056 3087 habebat,

466 3119 608 3190 quod
637 3132 755 3172 eam
783 3117 866 3176 vir
890 3131 1024 3172 suus
1054 3111 1239 3180 majori
1274 3109 1641 3166 benevolentia
1672 3107 2058 3176 complectere-v

468 3222 577 3275 tur,
607 3209 732 3262 hinc
751 3214 972 3277 apparet
993 3218 1097 3256 non
1120 3201 1189 3261 ob
1211 3202 1496 3256 humanum
1525 3200 1756 3270 aliquem
1782 3197 2057 3264 allectum,

469 3317 642 3372 neque
669 3309 725 3354 ut
755 3300 924 3352 virtun
972 3294 1077 3352 sibi
1118 3294 1286 3364 magis
1325 3291 1656 3355 conciliaret,
1702 3305 1827 3351 eam,
1847 3299 2060 3358 optasse

470 3393 686 3452 Lberos,
736 3387 832 3444 sed
875 3387 945 3441 ob
987 3400 1112 3442 eam
1151 3397 1389 3443 causam,
1418 3397 1575 3450 quant
1605 3380 1858 3438 diximus.
1909 3378 2061 3437 Unde

471 3485 629 3553 igitur
658 3480 760 3535 hoc
788 3477 984 3550 liquet?
1012 3475 1147 3530 Audi
1178 3472 1282 3528 hoc
1306 3473 1572 3527 dicentem
1603 3480 1898 3530 auctorem.
1943 3469 2061 3525 Non

466 3575 613 3630 enim
661 3571 762 3628 hoc
809 3579 1007 3626 temere
1040 3565 1236 3642 posuit.
1286 3563 1378 3618 sed
1426 3571 1484 3617 ιιι
1529 3560 1766 3616 mulieris
1813 3561 2060 3615 virtutem

469 3679 756 3742 agnoscas.
780 3661 916 3731 Quid
944 3675 1074 3731 ergo
1096 3657 1264 3732 inquit
1281 3656 1404 3710 ille?
1428 3653 1674 3723 Diligebat
1700 3655 1835 3708 enim
1864 3654 2063 3708 Annum

475 3760 670 3815 Etruria
695 3770 846 3826 super
873 3751 1205 3806 Phemmnam
1229 3748 1303 3820 (1.
1334 3742 1461 3823 Reg.
1497 3745 1546 3800 1.
1575 3745 1653 3816 5).
1677 3744 1877 3806 Deinde
1905 3758 2064 3811 porto

473 3866 595 3906 cum
627 3847 767 3902 illam
799 3843 1010 3904 videret
1032 3857 1134 3898 non
1157 3837 1461 3903 comedere,
1484 3836 1577 3892 sed
1601 3836 1834 3906 plorare,
1861 3835 2060 3904 inquit:

479 3941 614 4012 Quid
642 3951 715 3992 est
745 3937 853 4000 tibi,
883 3936 1004 4004 quia
1035 3930 1244 4002 ploras?
1281 3939 1327 3983 et
1367 3944 1458 3982 cur
1491 3943 1592 3980 non
1618 3925 1874 3980 comedis?
1900 3933 1948 3978 et
1977 3941 2067 3980 cur

474 4031 697 4084 verberat
726 4040 773 4082 te
800 4043 887 4081 cor
912 4024 1093 4082 tuum?
1119 4035 1282 4075 nonne
1307 4018 1466 4072 bonus
1493 4033 1582 4086 ego
1614 4017 1702 4069 tibi
1723 4031 1873 4082 super
1897 4014 2065 4071 decent

477 4121 610 4190 ﬁlios
639 4117 798 4188 (Ibid.
821 4133 869 4170 v.
894 4115 987 4184 8)?
1023 4111 1180 4166 Vides
1207 4125 1368 4179 quant
1401 4105 1477 4160 illi
1504 4105 1784 4160 devinctus
1812 4104 1986 4157 esset?
2013 4113 2068 4157 ct

476 4216 591 4281 ejus
617 4226 774 4267 causa
807 4203 1244 4278 potiusdolebat,
1293 4216 1400 4254 non
1443 4197 1584 4268 quod
1623 4197 1804 4258 liberis
1832 4206 2064 4261 careret,

479 4305 572 4360 sed
597 4301 737 4373 quod
769 4301 974 4358 tristem
1003 4296 1155 4350 illam.
1175 4305 1228 4350 et
1249 4306 1481 4348 mmrore
1506 4287 1804 4344 confectam
1829 4288 2068 4342 videret?

484 4397 599 4450 Non
649 4403 826 4447 tamen
879 4386 1165 4459 persuasit,
1213 4393 1270 4438 ιιι
1311 4380 1580 4436 tristitiam
1613 4379 1918 4434 discuteret.
1950 4378 2066 4435 Non

483 4488 628 4542 enim
659 4491 874 4552 propter
903 4480 1050 4532 lllutn
1082 4477 1248 4532 lilium
1279 4473 1573 4542 quaerebat,
1623 4469 1714 4524 sed
1748 4480 1803 4528 ut
1837 4471 2067 4539 aliquem

489 4577 600 4631 Deu
627 4575 854 4630 fructum
887 4569 1184 4624 exhiberet.
1218 4565 1286 4619 Et
1309 4565 1549 4624 surrexit,
1584 4564 1775 4632 inquit,
1809 4575 2069 4632 postquam

483 4667 584 4736 ipsi
613 4664 929 4718 contederant
962 4662 1013 4713 in
1045 4658 1268 4721 Selom‘,
1303 4667 1347 4709 et
1377 4655 1622 4718 biberant,
1653 4663 1698 4708 et
1742 4655 1874 4706 stetit
1900 4669 2070 4708 corum

487 4757 708 4816 Domino
738 4752 897 4823 (Ibid.
929 4769 978 4805 r.
1004 4749 1080 4819 9).
1113 4749 1226 4802 Non
1271 4747 1387 4802 sine
1417 4761 1576 4799 causa
1607 4745 1809 4800 dictum
1847 4753 1930 4799 est
1973 4745 2073 4799 bne

485 4863 718 4919 quoque,
749 4843 1020 4911 Postquam
1046 4840 1385 4904 comederunt,
1415 4849 1462 4890 et
1488 4836 1748 4889 biberant:
1777 4835 1868 4890 sed
1903 4844 1957 4890 ut
1990 4836 2072 4888 itt-

487 4942 714 5013 tcltigas,
745 4935 884 5005 qtlml
916 4932 1002 4986 alii
1027 4929 1385 4999 voluptatibus
1405 4938 1456 4982 et
1487 4929 1598 4981 otio
1627 4937 1837 4996 tempus
1867 4926 2074 4995 itnpe;.-

488 5023 642 5093 dunt,
677 5027 803 5082 illttd
854 5041 971 5080 eam
1017 5022 1262 5092 precibus
1314 5037 1376 5073 ac
1425 5018 1675 5088 lacryntis
1727 5017 2069 5086 impendisse,

487 5123 630 5193 quod
673 5120 847 5174 sobria
880 5117 1162 5187 plurimum
1193 5129 1255 5167 ac
1281 5112 1504 5182 vigilans
1531 5118 1692 5164 esset.
1720 5107 1786 5162 Et
1825 5109 1957 5162 stetit
1982 5125 2071 5165 co-

485 5236 598 5276 ram
626 5215 946 5270 Domino:et
982 5208 1096 5264 Heli
1144 5209 1397 5268 sacerdos,
1445 5205 1634 5275 inquit,
1679 5202 1882 5256 sedebat
1922 5218 2074 5271 super

488 5311 665 5366 sellam
693 5309 746 5360 in
771 5303 1025 5360 liminibus
1051 5299 1224 5371 templi
1257 5297 1485 5352 Domini.
1516 5295 1592 5351 Nc
1623 5295 1724 5350 hoc
1752 5292 1964 5363 quidem
1996 5303 2074 5346 lc-

488 5419 637 5462 tttere
680 5403 907 5474 positum
949 5407 1056 5456 est,
1090 5393 1208 5448 Heli
1236 5393 1469 5448 sacerdos
1509 5388 1708 5444 sedebat
1736 5387 1787 5448 in
1818 5386 2073 5441 liminibus

553 5579 570 5611 ⁸
604 5575 766 5631 silem,
793 5581 908 5633 πρε.
935 5566 1140 5619 etColb.
1165 5577 1307 5613 untts.

554 5625 785 5704 (uillae,
821 5625 1044 5704 u'ntultq
1081 5646 1296 5704 tctttporc
1317 5635 1448 5704 itii):
1493 5633 1542 5704 ἐξ
1568 5628 1748 5688 ἱκανοῦ,
1775 5627 1957 5689 φησίνξ,
1980 5625 2070 5676 de-

490 5693 633 5754 erant
659 5703 708 5751 in
741 5693 904 5761 lidito;
948 5699 1036 5748 sed
1059 5693 1326 5750 Colbertini
1364 5693 1566 5742 habent.

1183 265 1239 320 S.
1279 259 1558 320 IOANNIS
1593 250 2068 312 CHRYSOSFOMI.
2101 248 2420 305 ARClllEP.
2459 243 2994 303 CONSTANTINOP.

3620 247 3654 297 ti
3667 245 3733 300 ιθ

2138 362 2306 430 templi
2328 358 2565 421 Domini;
2592 358 2684 415 sed
2704 366 2762 413 ut
2779 357 2955 412 fervor
2979 354 3219 411 mulieris
3244 354 3742 414 ostendatttr..l~;tm_

2135 463 2190 506 ιιι
2211 465 2352 522 sa-pe
2377 450 2541 506 vidua
2557 449 2748 506 mulier
2767 449 2963 506 auxilio
2989 449 3242 504 destituta
3267 462 3330 503 ac
3348 447 3583 512 deserta,
3600 465 3738 503 eon-

2137 542 2369 596 tumeliis
2396 557 2460 595 ac
2487 541 2649 595 variis
2677 541 2884 610 injuriis
2921 539 3138 604 aﬂ'ccla,
3163 555 3284 596 cum
3319 539 3458 594 forte
3485 540 3744 596 immittet.

2139 632 2482 702 Imperatoris
2498 631 2778 697 adventus,
2805 631 3154 696 satellitibus,
3170 631 3430 701 clypcatis
3447 631 3743 698 militibus,

2137 724 2424 793 equitibus,
2456 723 2669 793 alioque
2696 722 2864 778 multo
2891 721 3156 778 famulitio
3187 721 3554 792 pra-cedente,
3574 723 3740 778 mini-

2139 831 2225 869 tne
2253 824 2504 882 terretur,
2535 829 2707 884 neque
2731 823 2956 885 p'lil'OllO
2986 813 3205 882 indiget,
3239 813 3332 866 sed
3380 827 3568 868 omnes
3615 813 3742 870 illos

2142 921 2492 978 perrumpens
2520 907 2686 959 multa
2716 920 2836 959 cum
2865 903 3054 957 fiducia
3088 902 3465 972 Imperatorem
3506 902 3741 974 alloquio

2142 1010 2229 1054 tur
2254 1015 2511 1070 suamque
2536 1001 2891 1056 calamitatem
2915 997 3180 1066 deplorat,
3205 998 3271 1051 ad
3298 998 3416 1064 ejus
3441 998 3744 1068 alloqu:nnt

2139 1094 2208 1147 ab
2236 1095 2348 1167 ipsa
2387 1091 2994 1148 necessitateduducta:
3025 1091 3104 1147 sic
3147 1090 3399 1144 nimirum
3438 1099 3492 1144 et
3534 1092 3742 1145 mulier

2143 1185 2240 1239 ista
2273 1200 2379 1239 nou
2422 1185 2660 1250 erubuit,
2692 1199 2865 1254 neque
2901 1184 3047 1238 illam
3088 1183 3276 1254 puduit
3306 1184 3531 1239 sedente
3556 1199 3741 1238 sacer-

2145 1273 2270 1330 dote
2303 1291 2397 1344 per
2445 1277 2679 1344 seipsatu
2723 1285 2928 1344 petere,
2975 1290 3039 1329 ac
3083 1275 3249 1329 multa
3291 1291 3415 1330 cum
3445 1274 3636 1329 tidnria
3668 1274 3742 1332 ad

2145 1366 2532 1434 Imperatorem
2555 1367 2841 1432 accedere,
2864 1366 2958 1422 sed
2993 1366 3216 1435 impulsa
3255 1366 3543 1430 desiderio,
3575 1377 3744 1436 atque

2147 1461 2198 1512 in
2229 1459 2420 1513 emtum
2450 1467 2633 1515 mente.
2657 1459 2938 1518 subvertit,
2962 1467 3229 1527 tamquam
3260 1458 3430 1527 ipsmn
3452 1472 3483 1511 c
3507 1469 3744 1514 ‘ntuereo

2150 1557 2236 1602 tur
2261 1549 2447 1613 Deum,
2483 1550 2550 1602 ita
2573 1564 2694 1603 cum
2721 1564 2936 1607 summo.
2958 1549 3107 1606 illum
3131 1547 3339 1602 fervore
3358 1549 3658 1619 compellab
3679 1561 3743 1605 ιι.

2147 1639 2283 1708 Quid
2309 1655 2354 1692 vi
2377 1656 2438 1694 ro
2464 1641 2570 1694 ait?
2595 1641 2706 1695 lmo
2733 1657 2860 1698 vero
2887 1641 3089 1698 nullum
3109 1641 3327 1697 verbum
3357 1642 3502 1711 prius
3518 1642 3744 1708 t‘lltlllil,

2149 1731 2242 1785 sed
2272 1731 2490 1785 ﬂetuum
2525 1732 2798 1801 prtetnittit
2826 1732 3124 1797 exordium,
3153 1743 3206 1784 et
3235 1732 3437 1785 calidos
3473 1733 3742 1803 lacrvtua-

2151 1835 2267 1873 runt
2299 1820 2442 1874 rivos
2471 1820 2711 1875 rll'undit.
2761 1821 2823 1874 Et
2861 1821 3020 1883 sicut,
3064 1836 3188 1875 cum
3228 1823 3424 1875 imbres
3461 1822 3742 1884 decidunt.

2153 1913 2310 1970 tellus
2337 1914 2446 1981 ipsa
2479 1913 2662 1967 durior
2689 1913 2904 1981 irrigata
2925 1922 2980 1969 ct
3006 1913 3241 1967 emollita
3272 1914 3416 1982 seips
3435 1930 3502 1966 un
3533 1914 3747 1968 furibus

2151 2003 2218 2056 ad
2253 2003 2620 2074 producendus
2647 2003 2823 2070 fruges
2853 2004 3070 2070 excitat,
3103 2004 3181 2059 sic
3213 2005 3372 2057 etiam
3410 2004 3459 2057 in
3500 2003 3598 2058 bac
3625 2022 3748 2061 ntu-

2154 2095 2284 2150 liere
2311 2095 2554 2166 contigit.
2602 2094 2874 2170 Siquidem
2917 2104 3184 2165 tamquam
3225 2097 3294 2150 ab
3338 2096 3596 2153 imbribus
3622 2103 3743 2168 qui-

2155 2187 2376 2242 busdam
2407 2203 2435 2241 a
2459 2189 2707 2263 lacrymis
2728 2189 2963 2246 emollita
2991 2190 3167 2255 vulva,
3189 2199 3243 2246 et
3263 2190 3447 2244 dolore
3483 2172 3747 2250 calefacta

2153 2280 2316 2348 cmpit
2341 2279 2405 2333 ad
2447 2280 2755 2348 praeclaram
2802 2279 2938 2336 hanc
2982 2280 3269 2336 liberorum
3317 2282 3745 2351 procreationem

2153 2370 2395 2426 excitari.
2430 2372 2723 2426 Audiamus
2750 2381 2928 2425 autem
2967 2371 3078 2440 ipsa
3128 2371 3310 2438 verba,
3358 2373 3748 2442 pulchramque

2156 2463 2309 2516 istam
2337 2464 2797 2532 supplicationem.
2837 2463 3075 2526 l’lurans,
3104 2465 3292 2534 inquit,
3317 2466 3556 2535 ploravit,
3583 2479 3630 2522 et
3659 2482 3751 2520 vo-

2157 2566 2263 2609 tum
2288 2557 2416 2610 vovit
2435 2555 2653 2612 Domino
2681 2558 2868 2622 dicens,
2897 2559 3311 2614 Abominosnst:
3337 2557 3469 2614 Emi
3495 2561 3750 2618 Summa

2161 2648 2236 2720 (l.
2273 2646 2396 2717 Reg.
2430 2650 2480 2702 l.
2513 2648 2598 2702 lO.
2628 2647 2738 2718 ll).
2768 2648 3066 2706 Tremenda
3096 2652 3254 2704 verba
3286 2659 3337 2706 et
3369 2650 3608 2708 horroris
3634 2652 3749 2720 ple-

2161 2754 2255 2802 na;
2289 2749 2536 2809 recteque
2568 2740 2762 2796 factum
2793 2748 2877 2792 est
2900 2755 2929 2792 a
2965 2741 3244 2809 scriptore,
3273 2757 3392 2796 cum
3425 2741 3476 2796 in
3508 2753 3746 2796 nostram

2161 2833 2391 2904 linguam
2422 2849 2482 2888 ea
2530 2849 2633 2886 non
2666 2834 2965 2888 transtulit:
2991 2849 3163 2902 neque
3207 2834 3348 2888 cnim
3394 2835 3610 2904 propria
3659 2851 3751 2890 rc-

2161 2933 2304 2978 tcnta
2350 2925 2546 2979 virtute
2583 2924 2634 2980 in
2673 2923 2924 2982 Grzecum.
2959 2924 3053 2981 illa
3087 2940 3392 2982 sermonem
3431 2936 3753 2985 convertere

2161 3016 2440 3086 potuisset.
2471 3015 2580 3072 Nec
2608 3032 2714 3070 uno
2760 3016 2905 3073 illum
2933 3016 3194 3072 vocabulo
3220 3016 3412 3073 mulier
3437 3017 3751 3086 appellavit,

2162 3107 2256 3162 sed
2291 3108 2530 3177 pluribus
2558 3123 2675 3178 qua:
2707 3107 2788 3166 illi
2821 3108 3138 3169 tribuuntur,
3172 3117 3237 3162 ut.
3269 3122 3509 3167 amorem
3531 3124 3658 3178 erga
3684 3108 3754 3161 il-

2161 3197 2272 3254 lum
2302 3213 2479 3262 suum,
2503 3207 2557 3254 et
2580 3199 2856 3257 ardentem
2883 3197 3128 3256 allectum
3159 3197 3490 3254 ostenderet.
3523 3197 3588 3251 Et
3613 3199 3755 3253 sicut

2163 3291 2252 3360 qui
2287 3289 2498 3346 libellos
2527 3290 2795 3359 supplices
2819 3288 3123 3346 olferendos
3150 3289 3458 3364 Imperatori
3488 3290 3751 3352 scribunt,

2165 3396 2269 3434 non
2303 3395 2464 3434 unum
2495 3381 2733 3437 inserunt
2763 3396 2977 3446 nomen,
3007 3381 3109 3439 sed.
3129 3373 3612 3455 Triumphatnreut,
3647 3384 3757 3435 Au-

2163 3481 2398 3545 gustum,
2442 3470 2849 3542 Imperatorem,
2875 3483 2932 3527 et
2971 3473 3072 3527 alia
3105 3474 3269 3532 multa
3296 3473 3606 3529 sublimiora
3639 3475 3758 3530 istis

2165 3581 2285 3620 cum
2313 3565 2632 3625 addiderint,
2663 3575 2771 3617 tuttt
2799 3565 3012 3618 demum
3039 3579 3162 3620 suas
3184 3578 3370 3633 preces
3397 3563 3624 3619 oll'crunt
3645 3582 3658 3617 :
3677 3565 3759 3620 s‘c

2165 3671 2220 3716 et
2247 3660 2344 3714 ista
2372 3674 2492 3714 cum
2517 3657 2749 3712 libellum
2773 3656 3055 3726 quemdam
3077 3657 3368 3726 supplicem
3385 3655 3600 3716 oll'erret
3623 3657 3756 3720 lien,

2167 3753 2333 3808 multa
2377 3751 2433 3806 in.
2475 3749 2696 3806 exordio
2742 3749 3152 3820 supplicationis.
3187 3764 3298 3802 sua:
3343 3747 3553 3802 nomina
3587 3749 3758 3821 ponit,

2166 3860 2288 3900 cum
2316 3852 2374 3903 ut
2398 3843 2677 3908 allectum,
2703 3853 2762 3900 ut.
2787 3849 2910 3899 ante
2938 3840 3068 3905 dixi,
3099 3841 3396 3909 proprium,
3428 3849 3537 3897 tum
3578 3849 3640 3898 ut
3663 3840 3761 3892 bo~

2170 3953 2355 3994 norem
2405 3935 2629 4000 indicet,
2665 3949 2772 4004 quo
2818 3933 3158 4003 prosequitur
3199 3947 3322 3986 eunt
3354 3936 3438 3988 cui
3468 3932 3755 4002 supplicat.

2171 4031 2458 4086 Enimvero
2482 4041 2670 4097 preces
2688 4026 2832 4095 ipsas
2853 4026 2868 4055 ί
2895 4023 3114 4078 dictavit
3135 4022 3289 4076 dulut‘
3311 4041 3324 4075 :
3349 4033 3674 4099 quapropter
3704 4035 3762 4078 et

2170 4121 2452 4178 confestim
2477 4118 2722 4174 exaudita
2753 4127 2865 4184 est,
2884 4132 3008 4176 cum,
3027 4115 3144 4172 illas
3162 4116 3448 4174 admodum
3474 4115 3712 4186 prudent.
3737 4132 3764 4170 r

2172 4212 2494 4283 scripsisset.
2524 4210 2681 4264 Tales
2709 4209 2904 4278 quippe
2946 4217 3091 4270 sunt,
3137 4222 3256 4276 qua:
3290 4221 3354 4260 ex
3385 4207 3548 4265 animi
3575 4207 3766 4262 dolore

2173 4304 2470 4360 funduntur
2495 4302 2783 4357 orationes.
2813 4298 2947 4354 Nam
2987 4313 3085 4368 pro
3105 4297 3288 4352 cltarta
3316 4297 3415 4351 luit
3443 4313 3594 4352 mens
3618 4300 3763 4366 ejus,

2174 4414 2272 4468 pro
2295 4397 2501 4451 calamo
2523 4395 2719 4463 lingua,
2753 4392 2982 4462 lacryma
3016 4406 3112 4460 pro
3139 4399 3473 4444 atramento:
3505 4405 3663 4459 qnatn
3694 4391 3768 4444 ob

2173 4505 2386 4545 causam
2413 4487 2480 4542 ad
2509 4488 2649 4540 hunc
2676 4499 2842 4554 usque
2869 4485 3012 4538 diem
3038 4483 3155 4553 ejus
3175 4482 3494 4552 supplicatio
3517 4498 3770 4552 peruma-

2172 4582 2261 4637 sit.
2295 4577 2609 4637 lndelcbiles
2637 4576 2832 4646 quippe
2871 4574 3002 4630 liunt
3027 4573 3287 4644 ejusmodi
3313 4575 3647 4644 litertc,qua:
3671 4574 3770 4628 illo

2177 4673 2354 4726 tincta:
2389 4669 2585 4723 lttcriut
2607 4677 2924 4722 atramento.
2954 4671 3124 4735 Atque
3152 4664 3436 4724 exordium.
3460 4664 3675 4732 quidem
3703 4665 3770 4722 li-

2177 4763 2296 4818 belli
2321 4761 2575 4831 supplicis
2601 4759 2703 4813 tale
2725 4757 2850 4822 fuit;
2875 4775 2992 4828 qua:
3014 4773 3140 4811 vero
3158 4766 3472 4826 sequuntur,
3491 4760 3771 4833 qutettam?

2177 4855 2239 4912 Si
2282 4854 2550 4926 respiciens
2597 4852 2893 4920 respexeris,
2935 4849 3124 4919 inqttit,
3171 4864 3321 4916 super
3366 4848 3770 4903 Itamiliationem

2175 4947 2375 5000 ancilla:
2398 4944 2586 5014 tua'(l.
2618 4944 2746 5014 Reg.
2769 4943 2819 4996 l.
2846 4942 2954 5011 ll).
2978 4939 3213 4995 Nvt-dunt
3235 4941 3517 5009 quidquattt
3535 4942 3768 5010 accepit,

2176 5051 2230 5095 et
2258 5055 2286 5090 a
2316 5029 2670 5108 promissione
2699 5035 2952 5088 orationis
2976 5032 3126 5086 duxit
3151 5031 3449 5084 exordium.
3489 5029 3769 5086 Remune-

2177 5143 2327 5193 ralur
2371 5130 2560 5195 Deum,
2603 5143 2722 5182 cum
2771 5126 3030 5180 ttibildttut
3079 5126 3321 5178 manibus
3368 5132 3565 5178 teneat.
3616 5125 3773 5178 Adeo

2179 5221 2435 5286 fervebat,
2467 5229 2522 5274 ct
2548 5219 2614 5273 ad
2646 5218 2746 5272 ltoc
2789 5217 2964 5286 potius
3005 5230 3161 5285 quam
3202 5215 3268 5268 ad
3316 5215 3440 5271 illud
3471 5215 3771 5283 aspirabat,

2179 5314 2402 5384 ideoque
2431 5311 2531 5367 sibi
2563 5310 2728 5370 tilium
2759 5309 2868 5362 dari
2897 5309 3232 5376 precabatur.
3277 5305 3338 5359 Si
3373 5305 3643 5374 respiciens
3684 5321 3796 5358 τεο.

2177 5405 2398 5477 ερεεενίε
2425 5418 2576 5473 super
2605 5399 3004 5456 Imutiliationem
3031 5395 3232 5449 tmcilla:
3263 5406 3380 5449 tuw.
3417 5395 3617 5464 ltnplici
3645 5395 3774 5464 jure

2177 5499 2340 5567 nitor,
2367 5497 2556 5567 inquit,
2588 5493 2878 5557 servitutis,
2901 5501 2954 5546 et
2979 5489 3314 5544 calamitatis.
3354 5487 3499 5542 litda
3521 5487 3645 5540 mitti
3675 5506 3776 5539 tm-

2240 5679 2256 5710 ¹
2291 5674 2441 5735 00lb.,
2467 5673 2552 5724 has
2571 5683 2756 5734 preces,
2783 5677 2835 5719 et
2851 5669 2919 5717 sic
2944 5669 3090 5716 etiam
3123 5671 3237 5725 tteg.
