4110 6214
491 324 592 382 (III

492 455 610 496 σου
631 439 831 504 δοτόν;
839 439 1090 494 Ἔκδοτον
1107 437 1198 491 καὶ
1212 437 1503 507 ὀλόκληρον
1520 435 1722 489 δοῦλον.
1740 434 2070 504 Ἀφίσταμαι

491 535 596 604 τῆς
637 532 884 600 ἐξουσίας
910 530 1150 601 ἀπάσης.
1181 527 1446 582 Τοσοῦτον
1477 527 1585 599 γὰρ
1627 526 1886 598 βούλομαι
1922 525 2073 594 γενέ-

496 623 619 678 σθαι
667 622 851 693 μήτηρ
885 628 1066 691 μόνον,
1108 620 1233 673 ὅσον
1270 617 1370 690 τὴν
1413 618 1589 688 ἀρχὴν
1624 618 1755 687 παρ’
1798 612 1931 686 ἐμοῦ
1975 613 2073 666 λα-

496 711 612 763 ϐεῖν
655 710 720 763 τὸ
764 699 994 772 παιδίον,
1037 707 1131 761 καὶ
1176 705 1364 760 λοιπὸν
1413 704 1704 776 ἐξίσταμαι
1751 703 1846 758 καὶ
1893 719 2074 773 παρα-

559 885 747 949 ς’.Καὶ
763 883 954 937 σκόπει
981 883 1241 952 γυναικὸς
1259 880 1566 939 εὐλάϐειαν.
1598 880 1714 933 Οὐκ
1739 874 1910 941 εἶπεν,
1949 877 2076 931 Ἐἀν

495 967 602 1040 δῷς
634 985 724 1040 μοι
758 969 928 1038 τρεῖς,
967 967 1095 1030 τοῦς
1130 965 1226 1019 δύο
1259 983 1342 1020 σοι
1369 965 1587 1034 δίδωμι,
1616 965 1712 1017 ἐὰν
1743 961 1802 1016 δέ
1837 960 1951 1020 δύο.
1982 959 2076 1015 τὸν

498 1059 597 1112 ἕνα
630 1072 712 1111 σοι
741 1056 964 1125 δίδωμιο
993 1054 1132 1121 ἀλλ’,
1172 1053 1267 1107 ἐὰν
1307 1055 1467 1125 μόνον
1499 1054 1598 1106 ἕνα
1627 1051 1754 1122 δῷς,
1783 1050 2078 1119 ὁλόκληρον

499 1143 799 1215 ἀνατίθημί
829 1160 911 1196 σοι
939 1141 1031 1196 τὸν
1063 1141 1299 1212 καρπόν.
1323 1139 1432 1195 Kal
1469 1136 1640 1194 οἶνον
1669 1138 1764 1191 καὶ
1799 1135 2081 1205 μέθυσμα

500 1233 576 1286 οὐ
596 1231 684 1301 μὴ
718 1231 933 1284 πίεται.
966 1227 1134 1281 Οῦπω
1161 1225 1319 1282 ἔλαϐε
1350 1227 1412 1280 τὸ
1443 1225 1676 1287 παιδίον,
1704 1223 1799 1278 καὶ
1832 1224 1935 1294 ήδη
1963 1221 2081 1275 δια-

499 1319 727 1374 πλάττει
757 1317 1064 1388 προφήτην,
1106 1314 1203 1368 καὶ
1250 1315 1512 1386 περὶτῆς
1552 1307 1940 1382 παιδοτροφίας
1979 1305 2082 1361 αύ-

499 1404 594 1460 τοῦ
644 1405 984 1474 διαλέγεται,
1047 1403 1140 1456 καὶ
1190 1400 1462 1471 συνθήκας
1524 1400 1757 1452 ποιεῖται
1804 1396 1941 1466 πρὸς
1989 1393 2082 1446 τὸν

499 1492 656 1548 Θεόν.
681 1493 746 1545 Ὦ
796 1490 1112 1562 παρρησίας
1148 1487 1406 1558 γυναικός
1437 1488 1452 1540 ι
1486 1484 1706 1555 Ἐπειδὴ
1757 1480 2081 1536 καταϐαλεῖν

501 1582 623 1637 οὐδὲ
651 1581 774 1634 τότε
804 1574 939 1650 εἶχε,
969 1579 1057 1633 διὶι
1081 1577 1145 1632 τὸ
1185 1575 1412 1648 μηδέπω
1441 1573 1648 1640 λαϐεῖν,
1685 1571 1792 1626 ἀπὸ
1823 1569 1931 1624 τῶν
1964 1568 2087 1641 μελ-

502 1665 705 1720 λόντων
735 1662 1063 1718 καταϐάλλει
1100 1660 1199 1733 τὴν
1233 1660 1422 1732 τιμήν.
1468 1659 1577 1712 Καὶ
1617 1655 1870 1726 καθάπερ
1900 1652 2085 1706 πολλοὶ¹

503 1751 613 1807 τῶν
639 1756 896 1823 γηπόνων
923 1751 980 1806 ἐν
1017 1748 1182 1819 πενίᾳ⁵
1207 1747 1411 1813 ζῶντες
1441 1745 1667 1816 ἐσχάτῃ,
1698 1743 1791 1796 καὶ
1820 1740 2084 1814 ἀργύριον

503 1840 605 1894 οῦκ
649 1837 864 1908 ἔχοντες
900 1836 1042 1890 ὥστε
1078 1837 1276 1906 μόσχον
1304 1833 1340 1904 ἢ
1374 1833 1645 1904 πρόϐατον
1679 1828 1964 1901 πρίασθαι,
2000 1826 2085 1896 ἐφ’

504 1925 735 1998 ἡμισείᾳ.
760 1925 912 1996 παρά
939 1923 1048 1976 τῶν
1076 1921 1352 1974 δεσποτῶν
1385 1919 1525 1972 αὐτὰ
1553 1917 1948 1988 λαμϐάνουσιν,
1978 1912 2085 1967 ἀπὸ

505 2012 617 2066 τῶν
665 2009 967 2082 μελλόντων
1017 2006 1245 2078 καρπῶν
1295 2006 1394 2077 τὴν
1453 2005 1620 2076 τιμὴν
1666 2000 2084 2073 ὑπισχνούμενοι

506 2097 865 2152 καταϐαλεῖν·
891 2095 1033 2151 οὕτω
1056 2095 1124 2166 δὴ
1146 2094 1241 2149 καὶ
1263 2093 1426 2164 αὕτη,
1457 2091 1656 2164 μᾶλλον
1685 2089 1743 2144 δέ
1784 2090 1878 2143 καὶ
1907 2084 2088 2157 πολλῷ

508 2187 672 2241 πλέον
704 2187 979 2256 ἐποίησεν.
1005 2184 1080 2238 06
1111 2182 1220 2254 7&9
1259 2182 1343 2251 ἐφ’
1387 2179 1614 2252 ήμισεία
1651 2178 1745 2232 τὸν
1793 2177 1907 2231 υἱὸν
1945 2180 2087 2245 λαμ-

507 2274 662 2328 ϐάνει
713 2271 863 2342 παρά
907 2269 1002 2324 τοῦ
1047 2268 1207 2333 Θεοῦ,
1257 2267 1370 2322 ἀλλ’
1421 2267 1562 2321 ὥστε
1611 2264 1898 2336 ὁλόκληρον
1943 2260 2090 2332 αὐτῷ

508 2359 802 2416 ἀποδοῦναι
853 2357 1036 2424 πάλιν,
1080 2356 1175 2410 καὶ
1220 2354 1320 2427 τὴν
1358 2352 1744 2426 παιδοτροφίαν
1793 2349 2087 2422 καρπώσαη

514 2449 661 2504 σθαι.
697 2445 1002 2518 ’Δρκοῦσαν
1037 2444 1147 2516 7&9
1180 2443 1415 2515 ἀμοιϐὴν
1459 2439 1596 2495 εἶναι
1635 2439 1872 2508 ἐνόμισε,
1901 2437 1964 2490 τὸ
1997 2452 2094 2491 πο-

510 2537 664 2591 νέσαι
693 2533 824 2605 περὶ
859 2532 953 2586 τὸν
984 2529 1081 2586 τοῦ
1114 2529 1266 2603 [709]
1295 2525 1432 2583 Θεοῦ
1476 2527 1645 2599 ἱερέα.
1687 2527 1797 2578 Καὶ
1828 2520 1968 2578 οἶνον
1998 2521 2095 2576 καὶ

513 2621 769 2694 μέθυσμα
813 2619 875 2672 ού
918 2617 994 2689 μὴ
1029 2616 1236 2682 πίεται,
1280 2615 1468 2685 φησίν.
1514 2613 1628 2667 Οὐκ
1665 2611 1915 2682 ἐνενόησε
1958 2609 2094 2679 πρὸς

512 2709 732 2779 ἑαυτὴν,
759 2706 994 2774 λέγουσα
1010 2720 1025 2735 ·
1045 2701 1184 2757 Τίδὲ
1205 2713 1231 2743 ιι
1256 2701 1321 2756 ἂν
1349 2699 1557 2762 ἁπαλὸς
1581 2698 1657 2752 ὢν
1685 2697 1791 2752 ὑπὸ
1815 2697 1912 2767 τῆς
1939 2695 2096 2766 ὑδρο.

513 2797 712 2860 ποσίας
753 2792 1135 2865 διαφθείρηται
1161 2807 1177 2857 ;
1209 2791 1264 2844 τί
1304 2789 1362 2843 δέ
1392 2787 1457 2842 ἂν
1484 2786 1763 2858 ἀρρωστίᾳ
1793 2784 2092 2856 περιπέσῃς

513 2890 566 2945 τί
595 2889 652 2943 δέ
693 2886 763 2942 ἂν
798 2883 1065 2955 ἀποθάνῃ,
1108 2881 1250 2952 νόσῳ
1303 2877 1629 2950 παραδοθεὶς
1675 2875 1916 2946 pleni);
1955 2871 2095 2925 Ἀλλ’

514 2981 819 3052 ἐννοήσασα
860 2978 944 3032 ὃτι
987 2975 1017 3028 6
1057 2974 1181 3037 δοὺς
1217 2970 1404 3033 αὐτὸν,
1436 2967 1598 3033 αὐτὸς
1639 2967 1734 3020 καὶ
1774 2965 1875 3036 τῆς
1911 2961 2098 3052 ὑγείας

514 3050 819 3142 προνοῆσαι
850 3066 1163 3135 δυνήσεται,
1193 3060 1252 3127 ἐξ
1285 3057 1466 3113 αὐτῶν
1499 3056 1610 3111 τῶν
1647 3058 1977 3124 σπαργάνων
2004 3050 2100 3105 καὶ

514 3141 624 3212 τῶν
671 3156 878 3210 ὠδίνων
923 3152 1004 3215 είς
1046 3149 1146 3222 τὴν
1191 3147 1505 3218 ἁγιωσύνην
1553 3142 1716 3198 αὑτὸν
1761 3141 2094 3204 ἐνεϐίϐασεν,

515 3245 610 3300 ἐπὶ
637 3243 728 3298 τὸν
764 3241 895 3295 Θεὸν
931 3237 1134 3312 ῥίψασα
1159 3236 1222 3289 τὸ
1251 3237 1381 3300 πᾶν,
1413 3234 1508 3288 καὶ
1554 3231 1660 3302 πρὸ
1695 3228 1806 3283 τῶν
1831 3227 2035 3282 ὠδίνων
2063 3223 2098 3295 ἡ

518 3331 734 3404 γαστὴρ
769 3328 940 3397 αὐτῆς
975 3325 1236 3398 ήγιάςετο
1264 3321 1547 3394 προφήτην
1573 3319 1790 3390 ἔχουσα,
1818 3316 1912 3369 καὶ
1936 3312 2098 3404 ,ἱερέα

507 3401 746 3486 ’κυοῦσζ
783 3419 879 3472 κοιλ⁸
917 3416 979 3469 τὸ
1022 3413 1279 3484 ἀνάθημα
1314 3409 1576 3482 φέρουσα,
1619 3405 1880 3477 ἀνάθημα
1921 3401 2100 3475 ἐμψυ-

517 3529 636 3586 χον.
661 3509 762 3564 Διά
793 3507 967 3562 ταῦτα
1011 3504 1257 3575 ἠνείχετο
1289 3499 1604 3572 ἀθυμούσης
1649 3496 1820 3567 αὐτῆς
1861 3497 1891 3548 6
1933 3493 2098 3559 Θεὸς,

518 3605 610 3660 διὰ
655 3601 814 3658 τοῦτο
866 3598 1104 3672 βραδέως
1134 3596 1331 3660 ἐδίδου,
1361 3593 1447 3647 ἵνα
1492 3589 1881 3662 λαμπροτέραν
1929 3586 2100 3659 αὐτὴν

517 3692 598 3765 τῷ
637 3695 825 3766 τρόπῳ
861 3691 956 3747 τοῦ
990 3691 1151 3745 τόκου
1187 3688 1410 3761 ποιήσῃ,
1440 3685 1528 3738 ἵνα
1562 3682 1712 3755 δείξῃ
1742 3680 1840 3752 τὴν
1887 3678 2102 3749 φιλοσο-

520 3789 669 3859 φίαν.
696 3786 807 3841 Καὶ
831 3783 941 3855 7&9
967 3785 1047 3846 είς
1078 3781 1177 3852 τὴν
1203 3778 1366 3850 εὐχὴν
1392 3775 1706 3832 καταστᾶσα
1728 3773 1828 3826 οῦκ
1857 3770 2101 3843 ἐμνήσθη

519 3881 620 3953 τῆς
651 3875 958 3948 ἀντιζήλου,
991 3873 1092 3928 οὐκ
1133 3867 1286 3926 εἶπεν
1330 3868 1502 3940 αὐτῆς
1543 3865 1643 3930 τὰς
1671 3865 1956 3936 λοιδορίας,
2002 3864 2102 3916 οὐκ

521 3973 752 4043 ήνεγκεν
793 3970 872 4032 εἱς
911 3967 1074 4039 μέσον
1101 3965 1172 4019 τά
1207 3963 1407 4034 ὀνείδη,
1433 3962 1532 4015 οῦκ
1559 3954 1711 4012 εἶπεν
1730 3975 1743 3988 ο
1787 3954 2102 4025 Ἐκδίκησόν

527 4079 596 4134 με
632 4064 697 4115 ἐκ
745 4059 848 4129 τῆς
894 4057 1097 4130 μιαρᾶς
1131 4056 1226 4109 καὶ
1271 4053 1517 4134 πονηρᾶς
1542 4049 1811 4134 Ῠγυναικρς
1854 4048 2098 4134 ἐκείνης’

523 4130 668 4216 άπερ
694 4141 886 4196 πολλαὶ
917 4137 1126 4193 ποιοῦσι
1157 4138 1440 4206 γυναῖκες’
1473 4133 1608 4187 ἀλλά
1638 4131 1772 4203 μηδὲ
1806 4130 2103 4216 μνησθεῖσα

523 4213 649 4281 τῶν
675 4223 892 4279 ὀνειδῶν
933 4221 1178 4285 ἐκείνων,
1226 4219 1354 4291 περὶ
1399 4217 1508 4270 τῶν
1540 4216 1677 4287 αὐτῇ
1723 4213 2104 4284 συμφερόντων

523 4308 724 4382 ηὔχετο
770 4306 949 4378 μόνον.
988 4303 1160 4358 Τοῦτο
1203 4303 1298 4356 καὶ
1324 4301 1388 4355 σὺ
1425 4301 1671 4371 ποίησον,
1705 4296 1978 4382 ἄνθρωπε,
2010 4296 2105 4382 καὶ

525 4378 654 4446 ὅταν
697 4390 813 4461 ῑδῃς
846 4387 1038 4459 ἐχθρὸν
1061 4385 1358 4448 λυποῦντα,
1389 4383 1525 4454 πρὸς
1564 4383 1772 4435 ἐκεῖνον
1807 4378 1912 4461 μὲν
1941 4378 2105 4461 μηδέν

527 4459 947 4545 ἐκϐάλῃς-ῥῆμα
987 4468 1204 4540 πικρὸν,
1254 4466 1388 4539 μηδὲ
1432 4463 1564 4534 εὔξῃ
1601 4464 1721 4518 κατ’
1759 4459 1928 4545 αὑτοῦ
1957 4459 2105 4545 Δπρὸς

529 4557 591 4610 σέ
638 4542 894 4627 ἀπεχθῶς
931 4551 1145 4622 ἔχοντος
1163 4567 1177 4580 ·
1227 4546 1484 4603 εἰσελθὼν
1533 4547 1622 4608 δὲ,
1665 4545 1761 4599 καὶ
1790 4544 1880 4627 τάγ
1904 4542 2106 4627 γόνατα

528 4617 782 4710 κάμψας,
803 4617 894 4691 καὶ
924 4617 1134 4707 δάκρυα
1171 4632 1350 4702 ἀφεὶς,
1393 4627 1700 4700 παρακάλει
1728 4627 1820 4679 τὸν
1852 4623 1986 4710 Θεὸν
2017 4617 2112 4710 k6-

532 4703 624 4777 σαί
653 4703 754 4794 τὴν
781 4703 1046 4792 ἀθυμίαν,
1075 4716 1266 4772 σϐέσαι
1306 4714 1405 4786 τὴν
1448 4711 1624 4782 λύπην
1646 4725 1660 4740 ⁸
1696 4711 1837 4794 δπερ
1878 4703 2110 4794 οῦνΑκαὶ

531 4805 671 4877 αῦτη
708 4789 1002 4875 πεποίηκε,
1041 4800 1137 4854 καὶ
1179 4799 1248 4854 τὰ
1297 4797 1528 4869 μέγιστα
1571 4792 1736 4877 παρά
1768 4793 1867 4877 τῆς
1908 4789 2110 4877 ἐχθρᾶς

533 4872 910 4962 ἐκαρπώσατο
943 4881 1226 4954 γυναικός.
1259 4880 1474 4962 Ἐκείνη
1506 4877 1614 4949 γάρ
1634 4875 1783 4962 Δπρὸς
1817 4872 2110 4962 τὸν-τόκον

534 4972 628 5026 τοῦ
643 4954 868 5025 ’παιδίου
899 4966 1221 5038 συνέπραξε.
1250 4963 1362 5018 Καὶ
1388 4961 1528 5024 πῶς,
1557 4957 1668 5027 ἐγὼ
1693 4957 1855 5027 λέγω.
1892 4954 2110 5038 Ἐπειδὴ

535 5053 829 5116 ὠνείδισεν,
854 5037 1171 5122 ἐθλιψε,καὶ
1205 5044 1424 5117 μείζονα
1454 5041 1551 5113 τὴν
1580 5039 1772 5111 ὀδύνην
1793 5037 2108 5122 εἰργάσατο,

537 5137 644 5192 ἀπὸ
671 5136 766 5206 τῆς
806 5120 998 5204 ὀδύνης
1039 5132 1073 5201 ἡ
1117 5128 1248 5198 εὐχὴ
1289 5122 1768 5206 προσεκτικωτέρα
1799 5123 2041 5206 γέγονεν,
2077 5120 2112 5190 ὴ

539 5217 673 5291 εὐχὴ
705 5202 796 5272 τὸν
837 5202 972 5269 Θεὸν
1005 5210 1376 5273 ἐπεσπάσατο,
1424 5207 1519 5261 καὶ
1550 5205 1831 5260 ἐπινεῦσαι
1866 5202 2110 5272 ἐποίησε,

539 5287 636 5357 καί
661 5287 842 5362 ⁷οὕτως
874 5299 903 5353 6
938 5293 1193 5368 Σαμουὴλ
1235 5291 1450 5363 ἐτέχθη.
1475 5291 1660 5354 Ὥστε,
1692 5289 1785 5341 ἐὰν
1831 5287 2110 5358 νήφωμεν,

539 5384 602 5438 ού
640 5384 801 5454 μόνον
831 5381 977 5452 ἡμᾶς
1005 5381 1054 5432 οἱ
1085 5376 1269 5448 ἐχθροί
1295 5375 1446 5427 οὐδὲν
1477 5370 1832 5442 παραϐλάψαι
1854 5371 2116 5454 ,δυνήσον-

540 5451 654 5531 ται,
693 5463 830 5521 ἀλλὰ
857 5451 965 5517 καὶ
997 5460 1341 5530 ὠφελήσουσι
1369 5457 1438 5510 τὰ
1489 5456 1742 5526 μέγιστα,
1773 5453 1907 5524 πρὸς
1939 5451 2117 5504 πάντα

542 5551 690 5619 ἡμᾶς
742 5546 1191 5616 σπουδαιοτέρους
1251 5539 1640 5612 ἐργαζόμενοι,
1706 5536 1865 5619 μόνον
1901 5534 1990 5619 Δἂν
2043 5533 2117 5619 μὴ

545 5617 680 5700 πρὸς
708 5628 974 5698 λοιδορίας
1000 5626 1096 5680 καὶ
1124 5624 1332 5697 ῦϐρεις,
1357 5621 1494 5676 άλλά
1534 5621 1669 5692 πρὸς
1701 5617 1864 5690 εύχάς
1891 5617 2118 5680 ἑαυτοὺς

610 5775 776 5848 εἰὶσε.
811 5777 851 5824 τί
869 5776 946 5825 δαί
967 5771 1045 5824 hic
1069 5786 1119 5824 ει
1145 5773 1196 5823 in
1236 5772 1484 5832 sequenti.

1187 322 1244 380 S.
1283 319 1570 378 JOANNS
1605 316 2100 376 CHIWSOS'IOMI
2134 314 2453 375 ARCHIEP.
2485 315 3034 376 CONSTANTINOP.

3639 313 3761 372 612

2172 446 2396 517 ἄγωμεν
2441 445 2550 499 ἀπὸ
2602 444 2706 515 τῆς
2765 445 2894 516 παρ’
2935 441 3160 496 ἐκείνων
3211 438 3566 511 ἐγγινομένης
3619 441 3758 510 ήμῐν

2174 529 2428 600 ἀθυμίας.

2244 612 2489 666 Τεκοῦσα
2525 611 2582 664 δέ
2611 610 2672 664 τὸ
2719 609 2950 674 παιδίον,
2988 605 3246 660 ἐκάλεσεν
3290 606 3424 659 αὐτὸ
3477 604 3756 676 Σαμουὴλ,

2175 693 2727 760 τουτέστιν,⁹Ακούσει
2752 692 2888 746 Θεοῦ
2921 693 2967 745 b.
2995 689 3212 760 Ἐπειδὴ
3243 689 3353 761 γὰρ
3380 689 3446 742 ἐκ
3473 705 3568 741 του
3597 689 3762 741 ἁιιιου⁶

2178 777 2392 848 σθῆναι,
2419 777 2513 832 καὶ
2549 775 2609 842 ἐξ
2651 777 2814 846 εὐχῆς
2842 773 3003 828 αὑτὸν
3033 772 3214 836 ἐλαϐι,
3243 772 3338 825 καὶ
3373 770 3473 828 οὐκ
3513 769 3624 824 άπὸ
3652 768 3758 839 φύ-

2179 877 2347 925 σεως,
2391 862 2492 932 τῆς
2537 859 2796 932 ἐργασίας
2827 858 2925 929 τὴν
2974 859 3216 928 μνήμην,
3257 855 3444 926 ὥσπερ
3476 855 3536 907 ἐν
3585 853 3759 924 στήλῃ

2177 944 2374 1016 χαλκῇ,
2400 947 2464 1016 τῇ
2493 941 2834 1016 προσηγορίᾳ
2859 939 2952 994 τοῦ
2986 937 3200 994 παιδίου
3227 939 3412 993 λοιπὸν
3439 937 3759 991 ἐναπέθετο.

2179 1027 2284 1082 Καὶ
2312 1028 2410 1080 οὐκ
2427 1023 2901 1094 εἷπε,Καλέσωμεν
2922 1023 3082 1077 αὐτὸν
3106 1021 3184 1092 τῷ
3201 1022 3424 1094 ὀνόματι
3438 1018 3532 1074 τοῦ
3552 1021 3764 1092 πατρὸς

2178 1110 2416 1182 αύτοῦ,ἢ
2450 1109 2541 1164 τοῦ
2575 1109 2744 1174 θείου,
2763 1109 2798 1180 ἢ
2829 1107 2924 1161 τοῦ
2948 1107 3196 1170 πάππου,
3217 1105 3252 1175 ἢ
3272 1105 3366 1158 τοῦ
3400 1105 3723 1158 ἐπιπάππου
3744 1120 3760 1139 '-

2180 1194 2295 1249 ἀλλ’
2313 1194 2474 1257 αὐτὸς
2504 1195 2534 1247 6
2554 1191 2803 1256 δεδωκὼς
2823 1191 3008 1252 αὑτὸν,
3027 1188 3190 1252 αὐτὸς
3212 1189 3306 1242 καὶ
3325 1190 3393 1260 τῇ
3417 1187 3764 1259 προσηγορίᾳ

2181 1276 2274 1331 τοῦ
2298 1275 2510 1332 παιδίου
2531 1274 2802 1346 τιμάσθω,
2827 1272 2980 1343 φησί.
3000 1271 3215 1342 Ταύτην
3245 1269 3546 1340 ζηλῶσατε,
3573 1272 3765 1339 γυναῖ-

2183 1377 2297 1422 κες,
2325 1359 2527 1430 ταύτην
2551 1355 2942 1429 μιμησώμεθα,
2974 1353 3186 1426 ἀνδρες,
3220 1353 3313 1407 καὶ
3345 1351 3614 1422 τοσαύτην
3634 1352 3764 1423 περὶ

2182 1443 2252 1496 τά
2264 1443 2448 1496 παιδία
2463 1439 2746 1512 ποιώμεθα
2759 1439 2858 1510 τὴν
2869 1437 3206 1509 ἐπιμέλειαν,
3219 1434 3390 1497 οὕτως
3408 1437 3500 1488 ἐκτ
3508 1437 3763 1508 ρέφωμεν

2182 1525 2309 1588 τοὺς
2331 1525 2640 1595 τεχθέντας,
2665 1521 2816 1596 [710]
2842 1522 2900 1575 ἐν
2926 1536 2986 1573 τε
3018 1522 3131 1582 τοῖς
3151 1518 3330 1581 ἄλλοις
3359 1517 3582 1583 ἅπασιν,
3612 1517 3670 1569 ἐν
3699 1534 3763 1570 τε

2182 1608 2262 1679 τῷ
2284 1609 2386 1679 τῆς
2410 1607 2761 1681 σωφροσύνης
2779 1606 2942 1676 λόγῳ.
2967 1603 3132 1657 Οὐδὲν
3151 1601 3262 1674 γάρ
3280 1600 3420 1654 οῦτω
3442 1601 3763 1664 σπουδάζειν

2183 1692 2290 1764 χρὴ
2329 1693 2422 1746 καὶ
2463 1689 2770 1763 φροντίζειν
2802 1687 2912 1744 τῶν
2939 1686 3097 1752 νέων,
3137 1686 3214 1750 ὡς
3247 1683 3600 1755 σωφροσύνης
3643 1684 3763 1737 ἕνε-

2184 1792 2280 1829 κεν
2309 1775 2407 1829 καὶ
2436 1773 2784 1845 σεμνότητος.
2822 1769 2993 1824 Τοῦτο
3019 1768 3130 1841 γάρ
3167 1768 3403 1839 μάλιστα
3429 1766 3489 1819 τὸ
3529 1764 3704 1829 πάθος
3734 1777 3758 1803 ε

2187 1857 2424 1921 ἐκείναις
2469 1857 2677 1928 ἐνοχλεῖ
2708 1859 2829 1919 ταῖς
2881 1854 3149 1925 ήλικίαιςο
3195 1851 3290 1905 καὶ
3337 1851 3473 1922 ὅπερ
3517 1848 3606 1902 ἐπὶ
3652 1847 3764 1903 τῶν

2187 1941 2394 2011 λύχνων
2423 1941 2707 2012 ποιοῦμεν,
2735 1939 2894 1994 τοῦτο
2932 1935 3029 1990 m1
3056 1935 3150 1988 ἐπὶ
3173 1935 3280 1987 τῶν
3312 1934 3540 1987 παιδίων
3566 1933 3765 2000 φυλάτ-

2185 2039 2387 2094 τωμεν.
2431 2021 2697 2086 Πολλάκις
2738 2021 2870 2091 γοῦν
2901 2017 3240 2091 θεραπαινίδι
3277 2014 3470 2086 λύχνον
3515 2015 3763 2087 άπτούσῃ

2187 2103 2672 2178 παρακελευόμεθα
2705 2103 2780 2176 μὴ
2814 2103 3156 2173 παραγαγεῖν
3180 2099 3271 2152 τὸν
3297 2096 3511 2168 λύχνον,
3538 2097 3663 2151 ἔνθα
3699 2099 3766 2150 ἂν

2187 2186 2222 2264 ᾖ
2265 2186 2585 2260 καλάμη,ἢ
2631 2185 2858 2258 χόρτος,
2898 2184 2932 2253 ἦ
2975 2201 3029 2236 τι
3076 2182 3182 2236 τῶν
3229 2178 3506 2264 τοιούτων,
3554 2181 3765 2264 μήποτε

2189 2262 2526 2341 ἀγνοούντων
2567 2267 2746 2340 ἡμῶν,
2799 2265 3033 2336 σπινθήρ
3078 2281 3162 2327 τις
3206 2262 3477 2326 ἐκπεσὼν,
3531 2263 3622 2315 καὶ
3667 2263 3766 2331 τῆς

2192 2353 2325 2426 ὕλης
2366 2351 2757 2423 ἐπιλαϐόμενος
2787 2349 3022 2419 ἐκείνης,
3047 2346 3339 2417 ὀλόκληρον
3379 2347 3638 2418 ἐμπρήσῃ
3670 2343 3767 2415 τὴν

2191 2436 2366 2491 οἰκίαν
2386 2453 2400 2466 ο
2431 2433 2634 2505 ταύτην
2681 2434 2777 2487 καὶ
2815 2433 2908 2484 ἐπὶ
2939 2431 3048 2485 τῶν
3097 2429 3324 2484 παιδίων
3366 2429 3467 2500 τὴν
3512 2430 3768 2501 πρόνοιαν

2193 2519 2425 2590 ἔχωμεν,
2452 2517 2547 2572 καὶ⁸
2587 2514 2664 2588 μὴ
2701 2515 3040 2585 παράγωμεν
3075 2512 3254 2568 αὐτῶν
3301 2511 3399 2575 τάς
3423 2511 3596 2580 ὄψεις,
3639 2509 3768 2563 ἔνθα

2193 2601 2574 2674 θεραπαινίδες
2599 2599 2874 2667 ἀσελγεῖς,
2903 2598 3032 2652 ἔνθα
3059 2597 3216 2668 κόραι
3245 2595 3465 2660 ἄσωτοι,
3495 2595 3621 2649 ἔνθα
3649 2593 3772 2648 δοῦ-

2193 2684 2284 2738 λαι
2316 2683 2626 2742 ἀκόλαστοι,
2667 2680 2804 2735 ἀλλὰ
2833 2679 3165 2752 κελεύωμεν,
3202 2680 3296 2732 καὶ⁵
3341 2676 3770 2748 παρεγγυῶμεν,

2195 2770 2300 2826 κᾶν
2335 2767 2690 2842 θεραπαινίδα
2717 2765 2974 2836 τοιαύτην
3001 2764 3236 2835 ἔχωμεν,
3265 2763 3365 2816 κᾶν
3396 2762 3634 2831 γείτονα,
3661 2758 3774 2814 κᾶν

2195 2852 2383 2917 ἁπλῶς
2430 2851 2620 2924 ἑτέραν
2657 2849 2781 2904 τινὰ
2822 2847 3100 2918 τοιαύτην,
3147 2849 3284 2918 μήτε
3338 2845 3414 2909 είς
3444 2843 3585 2914 ὀψιν,
3630 2845 3773 2914 μήτε

2197 2937 2278 3000 είς
2311 2936 2598 2990 συνουσίαν
2623 2932 2798 3002 λόγων
2842 2933 2955 3002 τοῖς
2993 2931 3136 2994 νέοις
3183 2927 3462 3000 ἔρχεσθαι,
3508 2926 3652 2980 ῶστε
3697 2930 3772 2998 μὴ

2199 3019 2474 3089 σπινθῆρα
2514 3016 2724 3071 ἐκεῖθεν
2768 3014 3073 3069 ἐκπεσόντα
3117 3010 3409 3082 ὀλόκληρον
3438 3009 3640 3079 ἀνάψαι
3676 3006 3772 3062 τοῦ

2197 3100 2412 3155 παιδίου
2440 3099 2539 3171 τὴν
2565 3098 2765 3170 ψυχὴν,
2804 3096 2898 3149 καὶ
2926 3091 3358 3166 ἀπαραμύθητον
3390 3091 3644 3161 γενέσθαι
3674 3091 3772 3163 τήν

2199 3183 2504 3256 συμφοράν.
2541 3181 2633 3252 Μὴ
2677 3179 2966 3250 θεαμάτων
3004 3178 3061 3231 δὲ
3099 3176 3281 3247 μόνον,
3308 3174 3447 3230 ἀλλὰ
3476 3175 3571 3229 καὶ
3613 3175 3775 3229 ἀκου-

2201 3264 2423 3337 σμάτων
2456 3265 2658 3326 αὐτοὺς
2703 3260 2999 3333 μαλθακῶν
3044 3263 3139 3314 καὶ
3171 3258 3646 3330 διακεκλασμένων
3674 3258 3775 3310 άπη

2198 3349 2443 3416 άγωμεν,
2455 3346 2543 3400 ἵνα
2569 3345 2645 3416 μὴ
2671 3343 2998 3416 γοητεύηται
3021 3342 3110 3396 διὰ
3124 3341 3328 3396 τούτων
3342 3342 3525 3404 αὐτοῖς
3545 3342 3582 3412 ὴ
3601 3341 3772 3410 ψυχή·

2203 3431 2336 3504 μηδὲ
2371 3431 2451 3494 είς
2497 3428 2701 3500 θέατρα
2737 3427 2934 3492 αὐτοὺς
2977 3425 3293 3497 ἀνάγωμεν,
3331 3424 3465 3496 μηδὲ
3503 3424 3586 3487 είς
3635 3439 3778 3493 συμ-

2201 3513 2365 3569 πόσια
2403 3510 2498 3565 καὶ
2540 3511 2731 3582 μέθας,
2771 3508 2910 3563 ἀλλὰ
2941 3509 3052 3562 τῶν
3083 3505 3540 3578 θαλαμευομένων
3576 3505 3780 3574 παρθέ-

2199 3614 2306 3652 νων
2334 3594 2534 3668 μᾶλλον
2561 3595 2694 3666 ἡμῖν
2719 3593 2769 3646 οἱ
2808 3593 2915 3646 νέοι
2961 3590 3436 3662 φυλαττέσθωσαν.
3469 3589 3634 3642 Οὐδὲν
3670 3588 3780 3659 ’γάρ

2199 3680 2340 3733 οῦτω
2375 3680 2474 3750 τὴν
2522 3677 2737 3749 ἡλικίαν
2783 3676 2998 3746 ἐκείνην
3051 3677 3272 3744 κοσμεῖν
3321 3673 3583 3742 πέφυκεν,
3628 3671 3705 3735 ὡς
3752 3674 3783 3724 6

2199 3763 2298 3836 τῆς
2345 3761 2695 3834 σωφροσύνης
2732 3759 3015 3830 στέφανος,
3052 3759 3148 3812 καὶ
3181 3758 3240 3812 τὸ
3274 3759 3456 3828 πάσης
3491 3755 3784 3823 ἀσελγείας

2202 3844 2575 3917 καθαρεύοντα
2628 3843 2766 3915 πρὸς
2817 3844 2994 3913 γάμον
3040 3841 3237 3897 ἐλθεῖν.
3269 3839 3425 3895 Οῦτω
3452 3840 3545 3892 καὶ
3579 3841 3632 3893 αί
3680 3854 3788 3907 γυ-

2202 3931 2385 3993 ναῖκες
2432 3929 2614 3990 αὐτοῖς
2661 3927 2890 3995 γένοιντ’
2932 3925 2998 3979 ἂν
3049 3924 3328 3986 ποθειναὶ,
3379 3925 3508 3978 ὅταν
3549 3922 3623 3994 μὴ
3651 3939 3790 3994 πορ-

2203 4012 2349 4066 νείαν
2379 4012 2413 4081 ἡ
2455 4010 2603 4082 ψυχὴ
2646 4009 3186 4081 προμεμελετηκυῖα,
3225 4007 3359 4078 μηδέ
3414 4005 3789 4077 διεφθαρμένη

2201 4091 2268 4166 ᾖ,
2312 4095 2440 4148 ὅταν
2471 4092 2686 4164 ἐκείνην
2730 4091 2886 4155 είδὼς
2928 4087 2962 4164 ᾖ
3007 4091 3107 4162 τὴν
3142 4093 3373 4157 γυναῖκα
3409 4090 3568 4160 μόνον
3603 4089 3632 4140 6
3667 4089 3795 4152 νέος

2203 4177 2301 4249 τὴν
2332 4176 2497 4247 γάμῳ
2547 4173 2907 4244 συναφθεῖσαν
2944 4173 3114 4245 αὐτῷ.
3160 4172 3316 4227 οὕτω
3367 4172 3462 4226 καὶ
3495 4175 3545 4226 οἱ
3584 4171 3796 4242 ἔρωτες

2205 4260 2556 4332 θερμότεροι,
2607 4257 2702 4312 καὶ
2732 4259 2766 4328 ή
2804 4255 2984 4310 εὔνοια
3016 4255 3382 4328 γνησιωτέρα,
3421 4257 3514 4309 καὶ
3551 4256 3588 4323 ή
3633 4253 3798 4323 φιλία

2206 4342 2571 4415 ἀκριϐεστέρα
2616 4339 2859 4409 γίνεται,
2890 4339 3017 4392 ὅταν
3065 4337 3204 4409 μετά
3246 4337 3503 4408 τοιαύτης
3539 4337 3796 4407 φυλακῆς

2207 4427 2300 4480 ἐπὶ
2343 4425 2470 4488 τοὺς
2522 4423 2734 4494 γάμους
2780 4424 2828 4475 οἱ
2869 4421 2979 4475 νέοι
3023 4420 3337 4491 βαδίζωσιν.
3392 4421 3482 4484 Ὧς
3517 4419 3670 4486 τάγε
3691 4418 3797 4472 νῦν

2206 4503 2487 4574 γινόμενα,
2506 4502 2568 4556 06
2604 4501 2779 4571 γάμος
2807 4501 2976 4564 ἐστὶν,
3002 4500 3115 4554 ἀλλ’
3139 4499 3329 4562 ἁπλῶς
3357 4497 3654 4569 χρημάτων
3685 4499 3795 4567 ἐμ-

2209 4586 2392 4657 πορία,
2424 4585 2518 4638 καὶ
2540 4582 2830 4654 καπηλεία.
2869 4583 3040 4636 Ὅταν
3077 4581 3185 4652 γὰρ
3220 4581 3313 4635 καὶ
3335 4581 3442 4652 πρὸ
3464 4579 3574 4632 τῶν
3594 4578 3796 4648 γάμων

2207 4667 2602 4739 διεφθαρμένος
2641 4666 2670 4718 6
2708 4665 2827 4730 νέος
2857 4661 2916 4741 ᾖ,
2957 4666 3052 4720 καὶ
3095 4665 3232 4736 μετὰ
3277 4663 3370 4719 τὸν
3413 4663 3590 4733 γάμον
3627 4660 3797 4724 πάλιν

2209 4751 2347 4823 πρὸς
2391 4749 2585 4820 ἐτέραν
2631 4747 2801 4820 βλέπῃ
2837 4750 3090 4818 γυναῖκα,
3124 4747 3176 4800 τί
3206 4746 3316 4800 τῶν
3345 4746 3538 4818 γάμων
3577 4742 3794 4812 ὄφελος,

2211 4833 2334 4887 εἰπέ
2369 4848 2491 4903 μοι;
2515 4830 2732 4896 Μείζων
2767 4831 2867 4902 μὲν
2890 4827 2982 4885 οῦν
3007 4832 3041 4901 ή
3069 4830 3309 4892 κόλασις,
3342 4828 3723 4896 ἀσύγγνωστος
3753 4825 3794 4896 ἠ

2213 4913 2477 4986 ἁμαρτία,
2515 4913 2645 4968 ὅταν
2677 4912 2933 4982 γυναικὸς
2957 4912 3105 4966 ἐνδον
3126 4909 3293 4982 οῦσης
3323 4912 3403 4974 είς
3433 4909 3636 4978 πόρνας
3665 4909 3797 4960 ἐαυ-

2213 4997 2306 5050 τὸν
2343 4994 2700 5070 καταισχύνῃ,
2737 4996 2830 5049 καὶ
2867 4994 3110 5066 μοιχείαν
3145 4991 3466 5065 ἐργάζηται.
3497 4991 3650 5046 Μετὰ
3683 4989 3794 5060 γάρ

2214 5081 2468 5148 γυναῖκα,
2493 5077 2596 5132 κᾶν
2629 5079 2800 5150 πόρνη
2895 5077 2920 5114 ἀ
2954 5079 2987 5147 ή
3020 5075 3488 5146 προσφθειρομένη
3521 5072 3600 5144 τῷ
3626 5087 3798 5140 γεγα-

2221 5162 2438 5233 μηκότι,
2477 5160 2691 5234 μοιχεία
2731 5161 2792 5212 τὸ
2827 5158 3056 5230 πρᾶγμά
3085 5159 3221 5211 ἐστι.
3253 5157 3440 5211 Ταῦτα
3474 5155 3530 5209 δέ
3557 5156 3794 5225 γίνεται,

2275 5273 2307 5315 1)
2330 5275 2454 5337 Reg.
2479 5275 2677 5322 ἀκούσει
2700 5273 2839 5321 Θεόν.

2283 5339 2304 5366 ε
2320 5335 2412 5408 ἐξὶο
2433 5336 2613 5408 οίίιιιιίό
2635 5335 2812 5408 dcgsse
2828 5333 3115 5408 pulgt’Saga
3136 5345 3153 5376 ι
3279 5330 3679 5408 ςιιίιηῖνῗίιιξιρὶξξι
3694 5344 3799 5408 eo:

2217 5365 2422 5467 φροέᾷῥζι
2433 5365 2812 5467 ᾙέὲἑὶζτΐζάζόῖξζ
2828 5365 3650 5467 “51;;‘E’éﬁééiiéﬁgiZ'éﬁfi‘éiﬁ
3659 5365 3801 5440 ’.Ἔῖ

2218 5453 2315 5519 éigo
2326 5457 2776 5505 libentiusdixerim
2789 5466 2900 5503 esse
2909 5454 3262 5510 ἀποσιώπησιν,
3277 5460 3329 5501 ει
3341 5459 3591 5514 postquam
3603 5453 3666 5500 de
3675 5463 3799 5501 oon-

2219 5520 2426 5580 Linenlia
2446 5516 2590 5575 dixit,
2609 5514 2751 5580 τοῦτο
2767 5517 2856 5580 γὰρ
2875 5515 2930 5562 τὸ
2943 5516 3092 5580 πάθος
3110 5512 3799 5580 αόᾱίόίεεθ-ῼΙιψοειοηιυω,

2217 5579 2282 5628 de
2308 5580 2424 5628 vino
2441 5572 2757 5627 coulibenliaa
2777 5572 3008 5638 'Qﬁposito
3033 5576 3333 5636 loquentem.
3359 5572 3648 5635 Hujusmodi
3666 5572 3798 5622 ἀποὲ

2220 5641 2480 5700 σιωπήσεις
2499 5639 2627 5700 apud
2648 5637 3146 5700 Gracosfrequenps
3162 5641 3293 5684 sunt.

2281 5698 2309 5737 ά
2331 5694 2475 5751 €0le
2518 5694 2643 5749 uinus
2685 5700 2774 5746 κᾶν
2795 5694 3029 5761 πόρνημὴ
3053 5694 3104 5756 ᾖ,
3144 5709 3256 5757 qua
3293 5697 3448 5747 lectio
3483 5697 3632 5745 etiam
3676 5694 3803 5744 feni

2228 5767 2412 5820 posset,
2433 5762 2523 5812 sed
2546 5762 2696 5812 altum
2716 5771 2917 5810 sensum
2939 5762 3154 5820 pareret.
