4110 6214
403 341 505 397 (ιιι
1763 341 1849 384 UE
1889 341 1994 387 ΑΜ

407 434 549 485 τίιιαο
571 438 672 484 tua
696 444 862 482 semen
887 426 1016 483 viri;
1046 424 1176 477 dabo
1196 421 1326 477 illud
1354 422 1527 474 datum
1555 435 1723 474 coram
1762 429 1827 472 te.
1857 422 1994 488 Quid

408 530 511 587 est,
543 521 728 575 Coram
764 528 812 573 te
853 516 1070 571 datum?
1114 513 1419 569 Dedititium
1465 522 1519 567 et
1558 512 1715 583 plane
1759 525 1996 565 servum.

408 612 565 668 Omni
595 618 857 681 potestate
880 624 965 664 me
989 606 1201 661 abdico.
1232 606 1464 661 Eatenus
1485 605 1626 659 enim
1657 612 1861 658 tantum
1882 603 1996 657 fieri

409 711 579 759 mater
602 701 783 771 cupio,
813 709 1125 770 quatenusa
1157 712 1244 754 me
1274 697 1414 751 lilius
1438 695 1598 751 ducat
1630 696 1858 761 initium,
1884 706 1993 749 tum

407 793 663 863 deinceps
688 808 809 850 meo
835 793 954 862 jure
983 791 1139 856 cedo,
1170 806 1232 845 ac
1263 804 1446 845 rursus
1471 791 1521 845 ei
1546 789 1815 844 renuntio.

478 887 533 943 6.
574 891 652 942 Ac
680 886 801 942 vide
826 884 1065 941 mulieris
1090 884 1357 954 pietatem.
1385 881 1499 936 Non
1530 881 1682 943 dixit,
1709 880 1762 935 Si
1786 880 1997 935 dedi-ris

407 977 537 1034 ntihi
562 988 689 1044 tres,
714 979 848 1034 duos
872 978 962 1033 tibi
984 977 1085 1030 do:
1111 977 1192 1030 sin
1219 985 1396 1029 autem
1417 975 1571 1038 duos,
1594 991 1755 1029 unum
1775 974 1843 1028 do
1864 974 1990 1028 tibi:

406 1072 524 1138 sed,
556 1070 614 1127 Si
640 1086 803 1125 unum
826 1069 997 1124 solum
1024 1068 1257 1134 dederis,
1289 1078 1453 1122 totum
1487 1067 1579 1121 tibi
1604 1066 1829 1122 fructum
1860 1083 1993 1122 con-

406 1179 581 1220 secro.
612 1162 678 1217 Et
706 1164 876 1217 vinum
906 1171 953 1215 et
978 1177 1126 1215 omne
1152 1160 1287 1227 quod
1317 1160 1565 1212 inebriare
1592 1170 1750 1228 potest
1780 1176 1878 1212 non
1916 1158 1993 1211 bi-

404 1255 504 1310 bet.
532 1254 777 1313 Nondum
807 1253 971 1307 lilium
998 1253 1224 1321 accepit,
1266 1261 1323 1306 et
1345 1252 1453 1319 jam
1487 1250 1796 1320 prophetam
1827 1250 1991 1305 infor-

404 1355 533 1411 mat,
562 1362 625 1401 ac
648 1346 717 1401 de
743 1345 884 1400 illius
911 1343 1227 1399 educatione
1254 1344 1414 1397 verba
1445 1343 1586 1403 facit,
1618 1350 1670 1397 et
1710 1358 1832 1396 cum
1883 1342 1992 1396 Dco

404 1448 613 1508 pactntn
648 1438 761 1493 init.
790 1436 836 1493 Ο
858 1436 1234 1492 conﬁdentiam
1267 1435 1531 1489 mulieris!
1578 1435 1711 1503 Quia
1744 1451 1849 1489 non
1876 1444 1987 1489 tum

402 1528 710 1599 persolvere
737 1538 962 1599 poterat,
986 1526 1126 1598 quod
1147 1527 1384 1582 nondum
1405 1529 1718 1597 accepisset,
1742 1544 1772 1580 a
1797 1526 1991 1583 futuris

400 1628 670 1689 sumptum
703 1618 928 1689 pretium
961 1617 1235 1688 persolvit.
1263 1615 1331 1672 Et
1354 1616 1805 1687 quemadmodum
1845 1632 1990 1690 saepe

398 1710 549 1767 multi
580 1710 827 1781 agricola:
868 1724 1077 1765 summa
1122 1709 1294 1778 pressi
1342 1716 1599 1779 egestate,
1630 1723 1751 1763 cum
1783 1716 1987 1763 tamum

399 1802 641 1872 pecunia:
683 1816 789 1855 non
832 1808 1097 1869 suppetat,
1140 1810 1197 1853 ut
1227 1799 1447 1854 vitulum
1485 1799 1689 1868 possint
1713 1808 1803 1853 aut
1831 1816 1986 1855 ovem

399 1902 600 1953 emere,
632 1890 731 1945 hac
758 1890 1065 1945 conditione
1094 1904 1125 1945 a
1152 1889 1385 1945 dominis
1411 1905 1471 1944 ea
1494 1890 1760 1959 accipiunt
1785 1892 1988 1946 anima-

400 1981 490 2046 lia,
514 1990 571 2036 ut
595 1981 873 2037 semissem
896 1980 1161 2035 fructuum
1190 1980 1435 2045 reddant,
1468 1996 1631 2050 seque
1659 1982 1888 2051 pretium
1917 1999 1984 2038 ex

398 2069 589 2127 futuris
615 2071 899 2126 deductum
932 2070 1190 2126 fructibus
1230 2072 1595 2141 persoluturos
1624 2072 1940 2141 promiltunt
1966 2089 1981 2127 :

396 2165 476 2217 sic
498 2162 657 2218 etiam
681 2163 803 2228 ista,
823 2161 904 2217 vel
934 2163 1108 2232 potius
1129 2162 1299 2231 majus
1314 2161 1564 2231 quiddam
1585 2162 1849 2231 praestitit.
1868 2162 1984 2217 Non

394 2253 538 2309 enim
568 2269 630 2308 ea
659 2253 988 2317 conditione,
1038 2262 1095 2307 ut
1135 2253 1416 2307 semissem
1460 2251 1725 2306 fructuum
1771 2252 1979 2316 reddat,

398 2345 566 2401 ﬁlium
596 2346 808 2415 accipit,
854 2344 948 2400 sed
997 2353 1055 2409 ut
1097 2353 1264 2400 totum
1307 2344 1381 2399 illi
1410 2344 1602 2400 deinde
1633 2346 1896 2412 restituat,
1930 2354 1984 2400 et

392 2434 663 2490 fructuum
690 2437 808 2492 loco
828 2434 920 2489 lilii
940 2434 1309 2491 educationem
1339 2433 1584 2504 accipiat.
1615 2434 1980 2492 Sufficientem

391 2529 535 2584 enim
565 2544 686 2586 esse
714 2528 1018 2584 mercedem
1055 2526 1406 2594 existimavit,
1435 2536 1493 2581 ut
1519 2525 1729 2583 labores
1757 2542 1884 2582 suos
1928 2531 1981 2583 in

394 2624 487 2679 Dei
517 2621 814 2678 sacerdotis
856 2620 1227 2675 educationem
1255 2617 1609 2688 impenderet.
1645 2615 1712 2670 Et
1737 2618 1908 2671 vinum
1932 2628 1980 2669 et

391 2731 538 2770 omne
560 2713 696 2785 quod
719 2713 931 2768 inebriat
966 2728 1067 2767 non
1112 2710 1259 2778 bibet,
1293 2710 1483 2781 inquit.
1513 2708 1630 2764 Non
1655 2709 1728 2763 illi
1753 2711 1899 2766 venit
1924 2711 1977 2765 in

390 2815 625 2863 mentem
658 2804 773 2861 haec
817 2803 959 2875 apud
987 2818 1047 2859 se
1071 2803 1286 2859 dicere:
1309 2802 1448 2870 Quid
1476 2817 1606 2856 vero
1638 2804 1748 2868 lict,
1775 2800 1823 2857 si
1851 2801 1980 2857 dum

388 2908 543 2955 tener
570 2906 654 2953 est
697 2895 891 2962 infans,
922 2910 1075 2966 aquae
1102 2902 1231 2965 potu
1260 2893 1376 2963 ejus
1424 2891 1674 2946 valetudo
1715 2891 1981 2947 lsedatur?

386 2992 515 3063 quid
556 2991 601 3045 si
632 2993 686 3049 in
715 2988 959 3044 morbum
990 2987 1220 3043 incidat?
1246 2985 1372 3058 quid
1398 2985 1443 3041 si
1470 2983 1617 3056 gravi
1647 2984 1837 3040 morbo
1877 3000 1983 3055 op-

388 3099 609 3156 pressus
653 3082 948 3138 moriatur?
991 3080 1097 3136 Sed
1140 3095 1261 3136 cum
1296 3078 1583 3150 cogitasset
1619 3094 1764 3145 eum,
1801 3093 1833 3133 a
1870 3093 1978 3149 quo

386 3176 566 3232 fuerat
605 3174 785 3240 datus,
814 3186 972 3245 posse
1004 3171 1146 3227 illius
1172 3185 1385 3242 quoque
1414 3168 1627 3225 sanitati
1672 3168 1973 3241 providere,

384 3270 455 3325 ab
483 3266 613 3339 ipsis
638 3266 973 3324 incunabulis
999 3273 1054 3321 et
1095 3272 1279 3336 partus
1306 3262 1616 3319 secundinis
1640 3262 1694 3319 in
1717 3263 1977 3319 sanctita-

387 3370 495 3416 tem
534 3359 681 3415 illum
728 3358 955 3425 invexit,
995 3356 1210 3428 Deoque
1257 3371 1371 3411 rem
1402 3362 1569 3410 totam
1598 3354 1889 3424 commisit,
1920 3361 1976 3411 et

382 3460 510 3507 ante
538 3458 746 3520 partum
775 3447 1206 3506 sanctiﬁcabatur
1241 3446 1358 3519 ejus
1398 3455 1583 3501 uterus
1621 3445 1673 3500 in
1702 3461 1809 3516 quo
1845 3460 1972 3516 pro.

385 3542 545 3611 pheta
572 3541 900 3612 gestabatur,
922 3549 978 3596 et
1003 3539 1258 3595 sacerdos
1278 3538 1705 3608 concipiebatur,
1730 3548 1785 3593 et
1805 3539 1973 3593 dona-

386 3632 523 3687 rium
568 3630 861 3695 ferebatur,
906 3630 1206 3693 donarium,
1240 3629 1476 3698 inquam,
1506 3628 1817 3682 animatum.
1848 3627 1972 3683 Ideo

384 3722 584 3775 diutius
622 3735 740 3773 eam
776 3734 1008 3775 maerore
1035 3719 1223 3773 conﬁci
1256 3717 1595 3789 permittebat
1644 3718 1804 3784 Deus,
1852 3718 1972 3774 ideo

384 3810 535 3866 tarde
564 3808 752 3872 dabat,
791 3819 845 3865 ut
892 3826 1012 3865 eam
1044 3810 1160 3880 ipso
1189 3824 1385 3881 genere
1414 3817 1598 3879 partus
1627 3807 1969 3864 illustriorem

384 3904 651 3970 redderet,
678 3916 737 3962 ut
768 3902 1156 3974 philosophiam
1198 3902 1315 3973 ejus
1343 3902 1613 3971 animique
1642 3901 1969 3957 moderatio-

381 4010 505 4050 nem
533 3993 864 4051 ostenderet.
895 3993 1027 4048 Nam
1054 3994 1105 4049 in
1136 3993 1380 4049 oratione
1398 4006 1506 4047 non
1535 3992 1781 4047 meminit
1806 4007 1972 4047 aemu-

381 4085 468 4152 lae,
494 4102 599 4142 non
620 4086 735 4157 ejus
754 4084 994 4141 convicia
1021 4084 1355 4151 memoravit,
1386 4098 1490 4139 non
1512 4085 1565 4139 in
1590 4082 1822 4140 medium
1847 4097 1970 4154 pro-

380 4178 501 4233 tulit
537 4178 654 4247 ejus
681 4176 990 4247 opprobria,
1026 4192 1131 4231 non
1173 4176 1325 4240 dixit,
1356 4175 1626 4231 Ulciscerc
1655 4190 1742 4231 me
1770 4174 1839 4231 de
1863 4176 1967 4230 im-

379 4270 543 4339 proba
591 4278 647 4325 et
687 4270 910 4325 scelesta
959 4270 1044 4323 illa
1089 4269 1332 4334 muliere,
1376 4267 1516 4338 quod
1559 4268 1740 4323 multa:
1770 4268 1965 4323 iaciunt

377 4361 630 4415 mulieres
655 4379 666 4414 :
696 4359 793 4415 sed
842 4374 1017 4432 neque
1067 4360 1382 4430 probrorum
1432 4359 1744 4423 recordata,
1790 4358 1858 4414 de
1902 4360 1968 4415 iis

378 4459 583 4506 tantum
610 4465 729 4521 quae
749 4451 847 4506 sibi
876 4451 1164 4522 proderant
1192 4467 1377 4521 preces
1398 4449 1672 4507 oﬂerebat.
1701 4451 1775 4506 Ita
1802 4452 1884 4508 fac
1909 4462 1967 4509 tu

375 4558 610 4616 quoque,
655 4544 725 4598 mi
769 4542 953 4611 homo,
997 4559 1225 4615 cumque
1254 4544 1449 4600 videris
1477 4544 1750 4600 inimicum
1780 4544 1967 4601 dolore

376 4636 723 4700 efficientem,
756 4636 809 4691 itt
836 4652 957 4691 eum
988 4637 1203 4706 quidem
1229 4638 1432 4693 nullum
1461 4638 1703 4707 asperius
1743 4638 1963 4693 verbum

379 4728 579 4793 mittas,
612 4742 784 4797 neque
821 4728 960 4782 male
999 4743 1124 4799 erga
1166 4737 1219 4783 te
1263 4728 1456 4784 allecto
1501 4728 1963 4799 impreceris:sed

378 4818 672 4890 ingressus,
703 4834 765 4874 ac
795 4818 946 4873 llexis
968 4818 1210 4889 genibus,
1235 4818 1476 4887 fusisque
1496 4820 1765 4891 lacrymis,
1797 4822 1961 4877 Deum

377 4924 618 4981 precare,
643 4920 697 4965 ut
720 4909 989 4966 tristitiam
1016 4910 1266 4965 discutiat
1283 4910 1627 4981 doloremque
1644 4913 1958 4983 restinguat;

372 5001 520 5069 quod
547 5000 660 5058 hcc
687 5016 900 5073 quoque
925 5001 1119 5057 mulier
1148 5000 1289 5065 fecit,
1336 5016 1435 5057 nec
1479 5003 1802 5060 mediocrem
1847 5006 1961 5061 fru-

377 5097 523 5144 ctum
548 5104 616 5144 ex
650 5088 861 5147 inimica
891 5093 1125 5164 collegit.
1178 5093 1269 5148 Illa
1314 5092 1455 5148 enim
1488 5094 1553 5149 ad
1583 5096 1723 5151 hunc
1751 5106 1959 5167 partum

377 5179 599 5235 infantis
628 5181 975 5239 obtinendum
1018 5184 1270 5255 opitulata
1312 5193 1416 5240 est.
1444 5184 1561 5251 Quo
1602 5196 1756 5256 pacto
1798 5188 1847 5241 id
1880 5187 1960 5243 fa-

377 5285 522 5329 ctum
550 5274 638 5334 sit,
667 5288 765 5343 ego
793 5273 984 5329 dicam.
1004 5276 1137 5342 Quia
1165 5278 1448 5347 opprobria
1476 5277 1723 5346 jactarat,
1746 5277 1960 5335 afﬂixe-

379 5372 487 5428 rat,
509 5364 873 5434 majoremque
900 5365 1141 5422 dolorem
1164 5367 1487 5432 reddiderat,
1507 5384 1534 5420 a
1557 5368 1741 5425 dolore
1762 5370 1959 5427 arden-

384 5457 491 5514 tior
509 5456 602 5511 fuit
642 5459 835 5522 oratio,
884 5458 1048 5513 Deum
1081 5474 1208 5513 vero
1247 5460 1320 5513 illi
1361 5461 1683 5524 conciliavit,
1715 5471 1873 5531 atque
1902 5471 1961 5516 ut

376 5554 686 5623 impetraret
716 5550 912 5617 effecit,
944 5550 1131 5620 sicque
1172 5550 1387 5606 Samuel
1431 5561 1517 5606 est
1561 5563 1714 5622 partu
1757 5554 1953 5609 editus.

377 5643 559 5711 Itaque
584 5644 629 5697 si
661 5643 846 5713 vigiles
873 5644 1059 5709 simus,
1093 5658 1198 5698 non
1245 5642 1405 5699 modo
1445 5644 1573 5699 nihil
1621 5660 1719 5700 nos
1764 5644 1959 5701 laedere

368 5740 615 5804 poterunt
646 5734 864 5798 iu’nzici.
892 5732 990 5792 sed
1011 5741 1065 5793 et
1092 5734 1377 5807 plurimum
1407 5735 1720 5807 proderunt,
1750 5736 1877 5793 dum
1899 5736 1953 5793 in

1762 327 1849 384 DE
1889 329 2073 387 ANNA
2099 329 2329 387 SBRMO
2364 330 2408 388 l.

3588 331 3694 386 6&2

2110 421 2362 476 omnibus
2383 436 2482 476 nos
2503 420 2868 491 diligentiores
2892 421 3147 489 efﬁcient,
3168 432 3369 479 tantum
3392 416 3465 479 ne
3480 438 3701 496 propter

2106 511 2408 568 molestiam
2432 528 2497 568 ac
2521 513 2785 579 dolorem,
2817 530 2977 586 quem
3006 515 3162 572 nobis
3194 517 3431 585 inurunt,
3463 518 3531 574 ad
3562 534 3694 575 con-

2105 603 2238 659 vicia
2267 603 2568 675 probraqne
2596 620 2693 661 nos
2712 606 2883 676 abripi
2912 607 3171 674 sinamus,
3194 607 3286 663 sed
3303 608 3369 664 ad
3390 625 3576 680 preces
3597 626 3695 669 nos

2106 698 2281 767 potius
2310 707 2705 753 convcrtamus.

2175 790 2259 844 Ea:
2300 793 2501 845 nomine
2528 791 2784 847 Samuelis
2810 792 3122 849 occasionem
3147 795 3327 865 arripit
3354 795 3416 850 de
3433 795 3699 851 educatio-

2102 897 2165 934 ne
2210 881 2479 936 liberorum
2531 880 2784 951 loquendi.
2822 910 2896 923 --
2934 883 3222 953 Postquam
3265 894 3442 941 autem
3491 888 3698 956 peperit

2102 974 2291 1046 tilium,
2310 975 2518 1032 vocavit
2537 974 2682 1029 illum
2700 975 3021 1041 Samuelem,
3042 975 3143 1031 hoc
3158 986 3259 1042 est,
3281 978 3479 1034 Audiet
3503 978 3691 1034 Deum.

2101 1065 2230 1120 Nam
2258 1067 2507 1136 quoniam
2535 1081 2600 1120 ex
2630 1082 2716 1134 eo,
2744 1066 2888 1137 quod
2915 1067 3159 1122 exaudita
3186 1067 3364 1134 fuerit,
3394 1078 3449 1124 et
3473 1084 3692 1139 precum

2098 1175 2260 1230 opera
2281 1160 2453 1228 ipsum
2472 1160 2697 1227 accepit,
2726 1174 2833 1214 non
2855 1158 3112 1215 beneficio
3138 1168 3360 1225 naturae,
3379 1160 3692 1217 memoriam

2096 1260 2331 1322 quasstus
2356 1251 2496 1306 illius
2524 1257 2798 1320 tamquam
2838 1251 2890 1305 in
2918 1265 3066 1306 amca
3102 1251 3328 1321 quadam
3364 1252 3611 1308 columna
3638 1252 3693 1308 in

2096 1341 2449 1410 appellatione
2480 1341 2683 1411 pueruli
2707 1341 2873 1397 voluit
2898 1355 3020 1398 esse
3045 1340 3299 1397 delixam.
3324 1342 3507 1415 Neque
3534 1344 3691 1410 dixit,

2102 1433 2361 1489 V'occmus
2384 1448 2507 1488 eum
2548 1433 2762 1488 nomine
2793 1432 2958 1501 patris
2986 1434 3088 1496 sui,
3123 1432 3206 1489 vel
3235 1433 3442 1502 patrui,
3468 1435 3549 1489 vel
3581 1434 3689 1503 avi,

2096 1525 2179 1578 vel
2209 1525 2394 1594 proavi
2420 1542 2433 1577 :
2460 1522 2576 1589 sed,
2608 1524 2701 1579 llle
2730 1523 2864 1593 ipse,
2888 1523 2976 1592 qui
3000 1522 3152 1579 dedit
3178 1538 3322 1588 eum,
3359 1523 3568 1594 inquit,
3593 1539 3691 1595 ap-

2095 1616 2382 1687 pellatione
2402 1615 2607 1685 pueruli
2637 1615 2948 1670 honoratur.
2980 1614 3126 1670 ilanc
3148 1613 3466 1669 aemulamini
3499 1615 3691 1671 mulie-

2093 1722 2202 1773 res,
2238 1706 2379 1761 hanc
2407 1706 2678 1761 imitemur
2704 1705 2823 1771 viri,
2850 1714 3156 1776 tantamque
3183 1706 3470 1761 liberorum
3502 1721 3687 1762 curam

2093 1814 2362 1869 geramus,
2396 1798 2467 1851 ita
2500 1808 2652 1852 natos
2678 1797 2990 1863 educemus,
3021 1813 3145 1854 cum
3176 1798 3229 1853 in
3255 1798 3375 1856 aliis
3399 1799 3685 1867 omnibus,

2094 1900 2204 1945 tum
2231 1889 2462 1944 maxime
2489 1888 2542 1942 in
2562 1889 2825 1945 castitate.
2857 1888 3000 1945 Nihil
3024 1890 3165 1944 enim
3193 1889 3330 1946 adeo
3354 1890 3683 1946 contenden-

2091 1980 2218 2035 dum
2258 1988 2313 2035 et
2340 1979 2635 2035 curandum
2664 1990 2744 2034 est
2769 2021 2785 2047 ,
2816 1996 2973 2051 quam
3002 1988 3062 2036 ut
3081 1980 3308 2050 juvenes
3334 1983 3465 2037 casti
3498 1983 3603 2038 sint
3631 1994 3688 2039 ct

2090 2070 2289 2140 pudici.
2342 2069 2467 2125 llmc
2512 2071 2654 2125 enim
2698 2072 2931 2126 maxime
2975 2071 3233 2140 argritudo
3276 2073 3348 2129 illi
3375 2074 3518 2128 tctati
3562 2090 3684 2129 mo-

2091 2162 2298 2217 lestiam
2343 2161 2596 2216 exhibet:
2620 2172 2673 2216 et
2699 2162 2841 2231 quod
2886 2162 2938 2216 in
2972 2162 3204 2218 lucernis
3236 2163 3473 2233 agimus,
3506 2163 3609 2220 hoc
3633 2176 3689 2222 et

2088 2270 2212 2325 erga
2240 2255 2435 2311 liberos
2461 2254 2829 2309 observemus.
2860 2253 3017 2309 Certe
3053 2269 3197 2324 saepe
3214 2256 3468 2329 ancillam
3494 2256 3687 2320 admo-

2088 2363 2297 2415 nemus,
2330 2363 2449 2418 qure
2477 2346 2751 2403 lucernam
2777 2345 3038 2411 accendit,
3073 2362 3139 2401 ne
3170 2347 3222 2400 in
3250 2362 3373 2401 eum
3403 2347 3577 2403 locum
3606 2350 3689 2403 lu-

2086 2455 2301 2495 cernam
2354 2438 2684 2504 transferat,
2713 2438 2765 2491 in
2796 2451 2902 2506 quo
2945 2437 3138 2506 stipula
3181 2437 3449 2494 fmnumve
3486 2439 3682 2504 fuerit,

2085 2540 2179 2585 aut
2221 2528 2421 2599 aliquid
2448 2528 2751 2597 hujusmodi
2772 2569 2785 2592 ,
2822 2544 2888 2583 ne
2915 2528 3052 2584 forte
3082 2529 3238 2583 nobis
3264 2530 3444 2585 insciis
3473 2532 3688 2587 excidat

2086 2622 2321 2678 scintilla
2344 2621 2625 2691 quaepiam,
2647 2628 2703 2675 et
2724 2621 3005 2675 materiam
3030 2621 3174 2677 illam
3203 2624 3497 2695 corripiens
3518 2633 3685 2681 totam

2084 2715 2300 2769 domum
2323 2712 2602 2767 incendat:
2619 2710 2862 2766 eamdem
2884 2726 3095 2783 quoque
3115 2714 3529 2773 sollicitudinem
3554 2734 3681 2788 erga

2084 2807 2283 2863 liberos
2309 2805 2712 2877 impendamus,
2741 2821 2915 2877 neque
2938 2808 3115 2863 vultus
3133 2822 3321 2865 eorum
3353 2811 3478 2868 illuc
3504 2814 3685 2869 traduq

2082 2913 2287 2965 camus,
2316 2899 2403 2954 ubi
2432 2899 2645 2955 lasciva:
2669 2909 2795 2955 sunt
2822 2900 3068 2967 famulae,
3092 2901 3181 2957 ubi
3212 2903 3497 2961 luxuriosae
3526 2909 3681 2976 puel—

2084 2993 2151 3049 la?
2174 3033 2190 3059 ,
2221 2992 2309 3049 ubi
2335 2990 2636 3063 petulantes
2663 2991 2871 3049 ancillae
2893 3033 2908 3057 ,
2942 2991 3037 3047 sed
3064 2992 3345 3063 jubeamus
3382 3011 3447 3052 ac
3472 2997 3682 3054 denun-

2082 3085 2279 3142 tietnus
2302 3086 2428 3152 illis,
2457 3085 2504 3141 si
2528 3084 2664 3141 forte
2689 3087 2810 3141 talis
2837 3086 2990 3142 nobis
3010 3088 3079 3143 sit
3109 3087 3325 3154 famula,
3352 3102 3448 3145 seu
3478 3092 3675 3159 vicina,

2081 3176 2194 3232 sive
2214 3175 2415 3247 quavis
2443 3175 2727 3248 ejusmodi,
2761 3185 2819 3231 ut
2843 3192 3015 3249 neque
3041 3178 3093 3233 in
3120 3189 3486 3249 conspectum,
3507 3196 3679 3253 neque

2078 3265 2133 3323 in
2160 3264 2426 3321 sermonis
2439 3280 2784 3336 congressum
2805 3281 2928 3322 cum
2950 3268 3236 3337 juvenibus
3257 3269 3454 3333 veniat.
3480 3286 3549 3326 ne
3573 3288 3676 3342 qua

2078 3356 2207 3413 inde
2242 3356 2472 3412 scintilla
2501 3357 2757 3412 excidens
2787 3366 2949 3414 totam
2978 3360 3183 3430 pueruli
3212 3361 3443 3417 animam
3485 3363 3674 3419 incen-

2078 3446 2189 3514 dat,
2209 3456 2263 3503 et
2292 3447 2686 3519 irreparabilem
2710 3450 2785 3505 illi
2805 3450 3163 3507 calamitatem
3195 3452 3464 3521 importet.
3493 3454 3677 3526 Neque

2077 3554 2207 3595 vero
2253 3548 2457 3594 tantum
2487 3554 2517 3595 a
2556 3541 2878 3611 spectaculis
2901 3583 2916 3607 ,
2948 3540 3044 3597 sed
3072 3542 3232 3599 etiam
3274 3560 3305 3598 ι
3335 3546 3588 3601 mollibus
3608 3562 3677 3603 ac

2078 3629 2350 3685 dissolutis
2374 3630 2655 3685 cantilenis
2679 3629 3039 3697 abducamus,
3067 3647 3136 3686 ne
3164 3632 3247 3688 his
3274 3647 3462 3689 eorum
3491 3635 3675 3692 anima

2077 3720 2385 3785 fascinetur;
2418 3735 2593 3789 neque
2621 3721 2737 3775 illos
2763 3721 2829 3775 ad
2860 3720 3065 3777 theatra
3095 3722 3442 3790 deducamus,
3473 3741 3574 3780 nec
3601 3728 3668 3781 ad

2076 3811 2316 3866 convivia
2339 3820 2391 3865 et
2418 3811 2857 3881 compotationes,
2885 3811 2979 3867 sed
3006 3806 3215 3868 cautius
3241 3831 3400 3885 quam
3430 3818 3671 3872 conclavi

2076 3902 2269 3957 abditae
2298 3903 2527 3972 virgines
2548 3944 2562 3965 ,
2591 3903 2958 3958 custodiantur
2998 3919 3029 3958 a
3074 3906 3228 3961 nobis
3255 3907 3498 3976 juvenes.
3530 3909 3671 3965 Nihil

2075 4000 2283 4047 tetatem
2311 3991 2451 4046 illam
2476 3992 2612 4047 adeo
2632 3993 2769 4047 solet
2787 4007 3048 4048 exornare
3071 4008 3135 4050 ac
3155 3995 3420 4065 pudicitia:
3442 4013 3668 4067 corona,

2075 4094 2130 4140 et
2158 4086 2202 4139 si
2233 4085 2351 4155 quis
2389 4085 2457 4139 ab
2499 4084 2644 4139 omni
2689 4084 2901 4139 lascivia
2948 4100 3114 4155 purus
3139 4088 3205 4141 ad
3235 4088 3540 4160 conjugium
3572 4106 3671 4146 ve-

2074 4178 2205 4233 niat.
2247 4176 2338 4232 Sic
2375 4184 2429 4231 et
2457 4176 2709 4231 mulieres
2738 4175 2843 4230 illis
2889 4178 3015 4232 lient
3042 4178 3329 4241 amabiles.
3362 4196 3485 4236 cum
3512 4191 3668 4237 antea

2075 4268 2218 4324 nulla
2244 4282 2303 4323 se
2342 4266 2695 4322 fornicatione
2733 4268 3186 4332 exercuerit,aut
3209 4281 3461 4342 corrupta
3505 4272 3668 4327 fuerit

2072 4360 2268 4427 anima,
2296 4373 2417 4413 cum
2441 4372 2560 4412 eam
2586 4357 2755 4412 solam
2784 4358 3060 4415 mulierem
3092 4367 3271 4415 notam
3308 4360 3553 4417 habuerit
3572 4362 3669 4431 ju-

2072 4452 2242 4516 venis,
2275 4465 2395 4520 quze
2420 4448 2522 4504 sibi
2548 4447 2710 4503 fuerit
2730 4449 2928 4519 nuptiis
2956 4448 3225 4520 copulata.
3252 4450 3343 4507 Sic
3369 4461 3426 4506 et
3466 4452 3665 4509 arden-

2072 4543 2238 4597 tiores
2260 4554 2493 4606 amores,
2520 4548 2575 4596 et
2594 4539 2856 4595 sincerior
2882 4540 3253 4598 benevolentia
3273 4583 3288 4607 ,
3318 4544 3398 4599 sic
3425 4544 3659 4601 amicitia

2073 4636 2131 4688 lit
2154 4633 2522 4690 vehementior
2546 4672 2561 4697 ,
2588 4646 2712 4687 cum
2741 4631 2808 4687 ad
2836 4632 3048 4703 nuptias
3071 4632 3298 4702 juvenes
3345 4649 3468 4689 cum
3517 4646 3661 4690 tanta

2069 4726 2315 4782 cautione
2340 4726 2692 4796 perrexerint.
2716 4723 2846 4779 Nam
2863 4740 3005 4781 nunc
3028 4725 3243 4796 quidem
3271 4743 3390 4798 qua
3405 4737 3664 4798 geruntur

2070 4835 2176 4876 non
2225 4822 2422 4892 nuptiae
2462 4828 2624 4886 sunt,
2654 4817 2749 4873 sed
2791 4833 2938 4873 mera
2968 4821 3257 4890 negotiatio
3301 4818 3537 4890 pecuniae
3562 4860 3579 4885 ,
3607 4830 3662 4873 et

2068 4913 2403 4983 cauponatio.
2428 4910 2559 4967 Cum
2584 4911 2725 4967 enim
2754 4919 2879 4966 ante
2902 4911 3204 4984 conjugium
3231 4920 3517 4981 corruptus
3542 4910 3660 4965 fue-

2071 5007 2142 5060 rit
2160 5004 2400 5075 juvenis,
2428 5012 2482 5058 et
2508 5009 2628 5072 post
2656 5002 2960 5074 conjugium
2992 5018 3177 5059 rursus
3200 5004 3253 5058 in
3283 5002 3505 5057 alteram
3536 5018 3658 5057 ntu-

2070 5097 2255 5151 licrem
2283 5094 2468 5149 oculos
2495 5109 2623 5149 suos
2650 5094 3009 5162 converterit,
3036 5093 3185 5164 quid,
3215 5108 3417 5163 quaeso,
3440 5094 3660 5164 prodest

2068 5186 2542 5259 conjugiumﬂmo
2587 5196 2696 5241 tum
2738 5184 2907 5256 majus
2950 5184 3265 5256 supplicium
3310 5183 3576 5249 debetur,
3606 5197 3661 5240 et

2071 5280 2344 5351 indignum
2385 5286 2469 5333 est
2495 5278 2647 5334 venia
2682 5286 2957 5347 peccatum
2978 5314 2998 5342 ,
3028 5291 3151 5331 cum
3195 5278 3336 5332 intus
3385 5275 3659 5332 residente

2068 5386 2236 5426 uxore
2284 5370 2517 5440 seipsum
2571 5368 2908 5423 meretricum
2971 5382 3259 5437 congressu
3317 5366 3565 5437 polluat,
3604 5380 3660 5423 et

2068 5462 2385 5518 adulterium
2432 5460 2748 5516 committat.
2775 5458 2979 5529 Quippe
3013 5474 3180 5515 uxore
3222 5459 3420 5527 ducta,
3446 5464 3658 5516 tametsi

2070 5552 2319 5608 meretrix
2348 5560 2431 5606 est
2452 5593 2468 5616 ,
2497 5566 2615 5621 quas
2640 5565 2699 5605 se
2742 5549 2918 5604 mariti
2959 5564 3252 5620 congressu
3294 5550 3619 5606 contaminat
3640 5581 3658 5606 ρ

2067 5643 2391 5697 adulterium
2416 5649 2499 5697 est
2527 5639 2655 5696 illud
2680 5638 2906 5695 facinus.
2930 5639 3055 5695 Haec
3080 5647 3257 5696 autem
3282 5639 3392 5708 jam
3422 5639 3573 5703 tium.
3607 5646 3663 5691 et

2070 5734 2359 5793 contractis
2403 5733 2599 5806 nuptiis
2644 5731 2710 5789 ad
2755 5730 3006 5789 mulieres
3045 5731 3356 5789 meretrices
3398 5737 3660 5799 currunt,
