  <div class='ocr_page' id='page_1' title='image "/cluster/home/n/w/nwhite01/storage/ocr_20150623/54/hvd.32044073501926/271.png"; bbox 0 0 4110 6214; ppageno 0'>
   <div class='ocr_carea' id='block_1_1' title="bbox 384 311 494 367">
    <p class='ocr_par' dir='ltr' id='par_1_1' title="bbox 384 311 494 367">
     <span class='ocr_line' id='line_1_1' title="bbox 384 311 494 367; baseline 0.009 -1"><span class='ocrx_word' id='word_1_1' title='bbox 384 311 494 367; x_wconf 62' lang='grc'><strong>683</strong></span> 
     </span>
    </p>
   </div>
   <div class='ocr_carea' id='block_1_2' title="bbox 387 404 1955 495">
    <p class='ocr_par' dir='ltr' id='par_1_2' title="bbox 387 404 1955 495">
     <span class='ocr_line' id='line_1_2' title="bbox 387 404 1955 495; baseline -0.015 -16"><span class='ocrx_word' id='word_1_2' title='bbox 387 424 638 495; x_wconf 89' lang='lat' dir='ltr'><strong>quoniam</strong></span> <span class='ocrx_word' id='word_1_3' title='bbox 663 430 788 475; x_wconf 98' lang='lat' dir='ltr'><strong>ante</strong></span> <span class='ocrx_word' id='word_1_4' title='bbox 815 417 1024 487; x_wconf 89' lang='lat' dir='ltr'><strong>nuptias</strong></span> <span class='ocrx_word' id='word_1_5' title='bbox 1049 415 1345 468; x_wconf 74' lang='lat' dir='ltr'><strong>castitatem</strong></span> <span class='ocrx_word' id='word_1_6' title='bbox 1372 423 1586 466; x_wconf 91' lang='lat' dir='ltr'><strong>servare</strong></span> <span class='ocrx_word' id='word_1_7' title='bbox 1612 421 1719 462; x_wconf 92' lang='lat' dir='ltr'><strong>non</strong></span> <span class='ocrx_word' id='word_1_8' title='bbox 1765 404 1955 460; x_wconf 85' lang='lat' dir='ltr'><strong>didice-</strong></span> 
     </span>
    </p>
   </div>
   <div class='ocr_carea' id='block_1_3' title="bbox 387 497 1966 579">
    <p class='ocr_par' dir='ltr' id='par_1_3' title="bbox 387 497 1966 579">
     <span class='ocr_line' id='line_1_3' title="bbox 387 497 1966 579; baseline -0.015 -8"><span class='ocrx_word' id='word_1_9' title='bbox 387 525 530 571; x_wconf 89' lang='lat' dir='ltr'><strong>runt.</strong></span> <span class='ocrx_word' id='word_1_10' title='bbox 559 513 690 567; x_wconf 88' lang='lat' dir='ltr'><strong>llinc</strong></span> <span class='ocrx_word' id='word_1_11' title='bbox 717 522 902 579; x_wconf 72' lang='lat' dir='ltr'><strong>pugnae</strong></span> <span class='ocrx_word' id='word_1_12' title='bbox 925 547 941 574; x_wconf 94' lang='lat'><strong>,</strong></span> <span class='ocrx_word' id='word_1_13' title='bbox 970 503 1249 560; x_wconf 86' lang='lat' dir='ltr'><strong>maledicta</strong></span> <span class='ocrx_word' id='word_1_14' title='bbox 1269 543 1283 568; x_wconf 96' lang='lat'><strong>,</strong></span> <span class='ocrx_word' id='word_1_15' title='bbox 1309 501 1591 557; x_wconf 88' lang='lat' dir='ltr'><strong>domorum</strong></span> <span class='ocrx_word' id='word_1_16' title='bbox 1621 497 1928 553; x_wconf 83' lang='lat' dir='ltr'><strong>eversiones</strong></span> <span class='ocrx_word' id='word_1_17' title='bbox 1951 534 1966 559; x_wconf 92' lang='lat'><strong>,</strong></span> 
     </span>
    </p>
   </div>
   <div class='ocr_carea' id='block_1_4' title="bbox 389 586 1972 674">
    <p class='ocr_par' dir='ltr' id='par_1_4' title="bbox 389 586 1972 674">
     <span class='ocr_line' id='line_1_4' title="bbox 389 586 1972 674; baseline -0.013 -15"><span class='ocrx_word' id='word_1_18' title='bbox 389 614 442 659; x_wconf 88' lang='lat' dir='ltr'><strong>et</strong></span> <span class='ocrx_word' id='word_1_19' title='bbox 465 602 766 674; x_wconf 86' lang='lat' dir='ltr'><strong>quotidiana</strong></span> <span class='ocrx_word' id='word_1_20' title='bbox 797 597 932 652; x_wconf 84' lang='lat' dir='ltr'><strong>bella</strong></span> <span class='ocrx_word' id='word_1_21' title='bbox 961 613 974 650; x_wconf 93' lang='lat'><strong>:</strong></span> <span class='ocrx_word' id='word_1_22' title='bbox 998 595 1120 649; x_wconf 88' lang='lat' dir='ltr'><strong>hinc</strong></span> <span class='ocrx_word' id='word_1_23' title='bbox 1142 593 1198 648; x_wconf 90' lang='lat' dir='ltr'><strong>ﬁt</strong></span> <span class='ocrx_word' id='word_1_24' title='bbox 1221 601 1280 648; x_wconf 89' lang='lat' dir='ltr'><strong>ut</strong></span> <span class='ocrx_word' id='word_1_25' title='bbox 1307 606 1431 661; x_wconf 82' lang='lat' dir='ltr'><strong>erga</strong></span> <span class='ocrx_word' id='word_1_26' title='bbox 1462 604 1682 644; x_wconf 83' lang='lat' dir='ltr'><strong>uxorem</strong></span> <span class='ocrx_word' id='word_1_27' title='bbox 1700 602 1851 642; x_wconf 92' lang='lat' dir='ltr'><strong>amor</strong></span> <span class='ocrx_word' id='word_1_28' title='bbox 1870 586 1972 640; x_wconf 88' lang='lat' dir='ltr'><strong>dif-</strong></span> 
     </span>
    </p>
   </div>
   <div class='ocr_carea' id='block_1_5' title="bbox 389 679 1972 754">
    <p class='ocr_par' dir='ltr' id='par_1_5' title="bbox 389 679 1972 754">
     <span class='ocr_line' id='line_1_5' title="bbox 389 679 1972 754; baseline -0.012 -4"><span class='ocrx_word' id='word_1_29' title='bbox 389 695 519 750; x_wconf 80' lang='lat' dir='ltr'><strong>fluat</strong></span> <span class='ocrx_word' id='word_1_30' title='bbox 555 701 609 746; x_wconf 88' lang='lat' dir='ltr'><strong>et</strong></span> <span class='ocrx_word' id='word_1_31' title='bbox 650 697 976 752; x_wconf 87' lang='lat' dir='ltr'><strong>marcescat,</strong></span> <span class='ocrx_word' id='word_1_32' title='bbox 1005 700 1126 741; x_wconf 93' lang='lat' dir='ltr'><strong>cum</strong></span> <span class='ocrx_word' id='word_1_33' title='bbox 1167 684 1500 754; x_wconf 81' lang='lat' dir='ltr'><strong>lupanarium</strong></span> <span class='ocrx_word' id='word_1_34' title='bbox 1546 679 1972 751; x_wconf 90' lang='lat' dir='ltr'><strong>frequentatione</strong></span> 
     </span>
    </p>
   </div>
   <div class='ocr_carea' id='block_1_6' title="bbox 390 772 1973 848">
    <p class='ocr_par' dir='ltr' id='par_1_6' title="bbox 390 772 1973 848">
     <span class='ocr_line' id='line_1_6' title="bbox 390 772 1973 848; baseline -0.01 -10"><span class='ocrx_word' id='word_1_35' title='bbox 390 785 728 838; x_wconf 70' lang='lat' dir='ltr'><strong>dissolvatur.</strong></span> <span class='ocrx_word' id='word_1_36' title='bbox 747 778 899 848; x_wconf 85' lang='lat' dir='ltr'><strong>Quod</strong></span> <span class='ocrx_word' id='word_1_37' title='bbox 915 778 959 832; x_wconf 89' lang='lat' dir='ltr'><strong>si</strong></span> <span class='ocrx_word' id='word_1_38' title='bbox 974 776 1270 832; x_wconf 75' lang='lat' dir='ltr'><strong>castitatem</strong></span> <span class='ocrx_word' id='word_1_39' title='bbox 1291 788 1506 829; x_wconf 89' lang='lat' dir='ltr'><strong>servare</strong></span> <span class='ocrx_word' id='word_1_40' title='bbox 1522 772 1712 836; x_wconf 79' lang='lat' dir='ltr'><strong>discat,</strong></span> <span class='ocrx_word' id='word_1_41' title='bbox 1738 785 1850 840; x_wconf 74' lang='lat' dir='ltr'><strong>pra:</strong></span> <span class='ocrx_word' id='word_1_42' title='bbox 1870 783 1973 824; x_wconf 78' lang='lat' dir='ltr'><strong>cae-</strong></span> 
     </span>
    </p>
   </div>
   <div class='ocr_carea' id='block_1_7' title="bbox 389 860 1971 940">
    <p class='ocr_par' dir='ltr' id='par_1_7' title="bbox 389 860 1971 940">
     <span class='ocr_line' id='line_1_7' title="bbox 389 860 1971 940; baseline -0.011 -10"><span class='ocrx_word' id='word_1_43' title='bbox 389 878 518 932; x_wconf 90' lang='lat' dir='ltr'><strong>teris</strong></span> <span class='ocrx_word' id='word_1_44' title='bbox 544 873 796 929; x_wconf 89' lang='lat' dir='ltr'><strong>omnibus</strong></span> <span class='ocrx_word' id='word_1_45' title='bbox 811 868 1163 940; x_wconf 76' lang='lat' dir='ltr'><strong>expetendam</strong></span> <span class='ocrx_word' id='word_1_46' title='bbox 1183 880 1403 922; x_wconf 90' lang='lat' dir='ltr'><strong>uxorem</strong></span> <span class='ocrx_word' id='word_1_47' title='bbox 1434 879 1585 920; x_wconf 86' lang='lat' dir='ltr'><strong>suam</strong></span> <span class='ocrx_word' id='word_1_48' title='bbox 1605 860 1971 927; x_wconf 81' lang='lat' dir='ltr'><strong>arbitrabitur,</strong></span> 
     </span>
    </p>
   </div>
   <div class='ocr_carea' id='block_1_8' title="bbox 388 954 1976 1022">
    <p class='ocr_par' dir='ltr' id='par_1_8' title="bbox 388 954 1976 1022">
     <span class='ocr_line' id='line_1_8' title="bbox 388 954 1976 1022; baseline -0.011 0"><span class='ocrx_word' id='word_1_49' title='bbox 388 969 550 1022; x_wconf 86' lang='lat' dir='ltr'><strong>multa</strong></span> <span class='ocrx_word' id='word_1_50' title='bbox 565 965 706 1020; x_wconf 89' lang='lat' dir='ltr'><strong>illam</strong></span> <span class='ocrx_word' id='word_1_51' title='bbox 728 978 848 1017; x_wconf 90' lang='lat' dir='ltr'><strong>cum</strong></span> <span class='ocrx_word' id='word_1_52' title='bbox 867 958 1234 1016; x_wconf 84' lang='lat' dir='ltr'><strong>benevolentia</strong></span> <span class='ocrx_word' id='word_1_53' title='bbox 1250 954 1610 1020; x_wconf 86' lang='lat' dir='ltr'><strong>contuebitur,</strong></span> <span class='ocrx_word' id='word_1_54' title='bbox 1626 964 1976 1022; x_wconf 86' lang='lat' dir='ltr'><strong>magnamque</strong></span> 
     </span>
    </p>
   </div>
   <div class='ocr_carea' id='block_1_9' title="bbox 389 1043 1976 1114">
    <p class='ocr_par' dir='ltr' id='par_1_9' title="bbox 389 1043 1976 1114">
     <span class='ocr_line' id='line_1_9' title="bbox 389 1043 1976 1114; baseline -0.011 -1"><span class='ocrx_word' id='word_1_55' title='bbox 389 1074 510 1113; x_wconf 87' lang='lat' dir='ltr'><strong>cum</strong></span> <span class='ocrx_word' id='word_1_56' title='bbox 557 1057 645 1111; x_wconf 88' lang='lat' dir='ltr'><strong>illa</strong></span> <span class='ocrx_word' id='word_1_57' title='bbox 688 1053 1026 1110; x_wconf 87' lang='lat' dir='ltr'><strong>concordiam</strong></span> <span class='ocrx_word' id='word_1_58' title='bbox 1053 1049 1391 1106; x_wconf 89' lang='lat' dir='ltr'><strong>conservabit</strong></span> <span class='ocrx_word' id='word_1_59' title='bbox 1415 1067 1430 1102; x_wconf 92' lang='lat'><strong>:</strong></span> <span class='ocrx_word' id='word_1_60' title='bbox 1459 1048 1504 1102; x_wconf 90' lang='lat' dir='ltr'><strong>si</strong></span> <span class='ocrx_word' id='word_1_61' title='bbox 1533 1060 1660 1101; x_wconf 91' lang='lat' dir='ltr'><strong>vero</strong></span> <span class='ocrx_word' id='word_1_62' title='bbox 1684 1060 1785 1114; x_wconf 87' lang='lat' dir='ltr'><strong>pax</strong></span> <span class='ocrx_word' id='word_1_63' title='bbox 1819 1043 1976 1097; x_wconf 89' lang='lat' dir='ltr'><strong>fuerit</strong></span> 
     </span>
    </p>
   </div>
   <div class='ocr_carea' id='block_1_10' title="bbox 388 1135 1973 1210">
    <p class='ocr_par' dir='ltr' id='par_1_10' title="bbox 388 1135 1973 1210">
     <span class='ocr_line' id='line_1_10' title="bbox 388 1135 1973 1210; baseline -0.011 -7"><span class='ocrx_word' id='word_1_64' title='bbox 388 1159 442 1204; x_wconf 94' lang='lat' dir='ltr'><strong>et</strong></span> <span class='ocrx_word' id='word_1_65' title='bbox 461 1146 767 1210; x_wconf 83' lang='lat' dir='ltr'><strong>concordia,</strong></span> <span class='ocrx_word' id='word_1_66' title='bbox 794 1144 970 1200; x_wconf 91' lang='lat' dir='ltr'><strong>omnia</strong></span> <span class='ocrx_word' id='word_1_67' title='bbox 1001 1143 1137 1197; x_wconf 90' lang='lat' dir='ltr'><strong>bona</strong></span> <span class='ocrx_word' id='word_1_68' title='bbox 1165 1142 1216 1196; x_wconf 91' lang='lat' dir='ltr'><strong>in</strong></span> <span class='ocrx_word' id='word_1_69' title='bbox 1247 1140 1466 1195; x_wconf 90' lang='lat' dir='ltr'><strong>domum</strong></span> <span class='ocrx_word' id='word_1_70' title='bbox 1492 1138 1636 1192; x_wconf 84' lang='lat' dir='ltr'><strong>illam</strong></span> <span class='ocrx_word' id='word_1_71' title='bbox 1663 1135 1973 1190; x_wconf 69' lang='lat' dir='ltr'><strong>introibunt.</strong></span> 
     </span>
    </p>
   </div>
   <div class='ocr_carea' id='block_1_11' title="bbox 393 1228 1973 1309">
    <p class='ocr_par' dir='ltr' id='par_1_11' title="bbox 393 1228 1973 1309">
     <span class='ocr_line' id='line_1_11' title="bbox 393 1228 1973 1309; baseline -0.013 -13"><span class='ocrx_word' id='word_1_72' title='bbox 393 1241 458 1296; x_wconf 74' lang='lat' dir='ltr'><strong>Ct</strong></span> <span class='ocrx_word' id='word_1_73' title='bbox 483 1239 639 1309; x_wconf 83' lang='lat' dir='ltr'><strong>igitur</strong></span> <span class='ocrx_word' id='word_1_74' title='bbox 659 1246 713 1291; x_wconf 91' lang='lat' dir='ltr'><strong>et</strong></span> <span class='ocrx_word' id='word_1_75' title='bbox 739 1251 826 1290; x_wconf 88' lang='lat' dir='ltr'><strong>res</strong></span> <span class='ocrx_word' id='word_1_76' title='bbox 856 1234 1011 1302; x_wconf 88' lang='lat' dir='ltr'><strong>hujus</strong></span> <span class='ocrx_word' id='word_1_77' title='bbox 1028 1234 1149 1287; x_wconf 71' lang='lat' dir='ltr'><strong>vitzc</strong></span> <span class='ocrx_word' id='word_1_78' title='bbox 1174 1238 1318 1286; x_wconf 85' lang='lat' dir='ltr'><strong>recte</strong></span> <span class='ocrx_word' id='word_1_79' title='bbox 1343 1245 1370 1280; x_wconf 88' lang='lat' dir='ltr'><strong>a</strong></span> <span class='ocrx_word' id='word_1_80' title='bbox 1398 1229 1552 1283; x_wconf 74' lang='lat' dir='ltr'><strong>nobis</strong></span> <span class='ocrx_word' id='word_1_81' title='bbox 1580 1228 1973 1295; x_wconf 68' lang='lat' dir='ltr'><strong>dispensentur,</strong></span> 
     </span>
    </p>
   </div>
   <div class='ocr_carea' id='block_1_12' title="bbox 391 1313 1978 1396">
    <p class='ocr_par' dir='ltr' id='par_1_12' title="bbox 391 1313 1978 1396">
     <span class='ocr_line' id='line_1_12' title="bbox 391 1313 1978 1396; baseline -0.013 -10"><span class='ocrx_word' id='word_1_82' title='bbox 391 1342 446 1386; x_wconf 88' lang='lat' dir='ltr'><strong>et</strong></span> <span class='ocrx_word' id='word_1_83' title='bbox 493 1346 614 1385; x_wconf 89' lang='lat' dir='ltr'><strong>cum</strong></span> <span class='ocrx_word' id='word_1_84' title='bbox 652 1329 753 1383; x_wconf 88' lang='lat' dir='ltr'><strong>illis</strong></span> <span class='ocrx_word' id='word_1_85' title='bbox 792 1341 1012 1396; x_wconf 78' lang='lat' dir='ltr'><strong>regnum</strong></span> <span class='ocrx_word' id='word_1_86' title='bbox 1061 1323 1312 1377; x_wconf 66' lang='lat' dir='ltr'><strong>caelorum</strong></span> <span class='ocrx_word' id='word_1_87' title='bbox 1363 1331 1787 1387; x_wconf 84' lang='lat' dir='ltr'><strong>consequamur,</strong></span> <span class='ocrx_word' id='word_1_88' title='bbox 1823 1313 1978 1382; x_wconf 89' lang='lat' dir='ltr'><strong>hujus</strong></span> 
     </span>
    </p>
   </div>
   <div class='ocr_carea' id='block_1_13' title="bbox 391 1407 1980 1491">
    <p class='ocr_par' dir='ltr' id='par_1_13' title="bbox 391 1407 1980 1491">
     <span class='ocr_line' id='line_1_13' title="bbox 391 1407 1980 1491; baseline -0.013 -15"><span class='ocrx_word' id='word_1_89' title='bbox 391 1423 658 1491; x_wconf 69' lang='lat' dir='ltr'><strong>praecipue</strong></span> <span class='ocrx_word' id='word_1_90' title='bbox 682 1416 917 1473; x_wconf 83' lang='lat' dir='ltr'><strong>mandati</strong></span> <span class='ocrx_word' id='word_1_91' title='bbox 941 1413 1110 1486; x_wconf 85' lang='lat' dir='ltr'><strong>gratia</strong></span> <span class='ocrx_word' id='word_1_92' title='bbox 1139 1421 1194 1468; x_wconf 90' lang='lat' dir='ltr'><strong>et</strong></span> <span class='ocrx_word' id='word_1_93' title='bbox 1223 1421 1459 1466; x_wconf 88' lang='lat' dir='ltr'><strong>nostrum</strong></span> <span class='ocrx_word' id='word_1_94' title='bbox 1485 1416 1541 1464; x_wconf 92' lang='lat' dir='ltr'><strong>et</strong></span> <span class='ocrx_word' id='word_1_95' title='bbox 1568 1407 1853 1461; x_wconf 87' lang='lat' dir='ltr'><strong>liberorum</strong></span> <span class='ocrx_word' id='word_1_96' title='bbox 1884 1419 1980 1456; x_wconf 88' lang='lat' dir='ltr'><strong>eu-</strong></span> 
     </span>
    </p>
   </div>
   <div class='ocr_carea' id='block_1_14' title="bbox 391 1495 1982 1582">
    <p class='ocr_par' dir='ltr' id='par_1_14' title="bbox 391 1495 1982 1582">
     <span class='ocr_line' id='line_1_14' title="bbox 391 1495 1982 1582; baseline -0.012 -14"><span class='ocrx_word' id='word_1_97' title='bbox 391 1531 506 1568; x_wconf 85' lang='lat' dir='ltr'><strong>ram</strong></span> <span class='ocrx_word' id='word_1_98' title='bbox 522 1525 790 1582; x_wconf 86' lang='lat' dir='ltr'><strong>gerantus,</strong></span> <span class='ocrx_word' id='word_1_99' title='bbox 816 1525 881 1564; x_wconf 90' lang='lat' dir='ltr'><strong>ne</strong></span> <span class='ocrx_word' id='word_1_100' title='bbox 899 1507 1128 1563; x_wconf 81' lang='lat' dir='ltr'><strong>sordidis</strong></span> <span class='ocrx_word' id='word_1_101' title='bbox 1148 1502 1478 1560; x_wconf 64' lang='lat' dir='ltr'><strong>vestimentis</strong></span> <span class='ocrx_word' id='word_1_102' title='bbox 1500 1499 1664 1554; x_wconf 88' lang='lat' dir='ltr'><strong>induti</strong></span> <span class='ocrx_word' id='word_1_103' title='bbox 1697 1499 1747 1550; x_wconf 89' lang='lat' dir='ltr'><strong>in</strong></span> <span class='ocrx_word' id='word_1_104' title='bbox 1771 1495 1982 1565; x_wconf 85' lang='lat' dir='ltr'><strong>nuptias</strong></span> 
     </span>
    </p>
   </div>
   <div class='ocr_carea' id='block_1_15' title="bbox 394 1586 1982 1674">
    <p class='ocr_par' dir='ltr' id='par_1_15' title="bbox 394 1586 1982 1674">
     <span class='ocr_line' id='line_1_15' title="bbox 394 1586 1982 1674; baseline -0.012 -17"><span class='ocrx_word' id='word_1_105' title='bbox 394 1606 514 1658; x_wconf 86' lang='lat' dir='ltr'><strong>illas</strong></span> <span class='ocrx_word' id='word_1_106' title='bbox 561 1599 866 1674; x_wconf 88' lang='lat' dir='ltr'><strong>spirituales</strong></span> <span class='ocrx_word' id='word_1_107' title='bbox 907 1600 1167 1652; x_wconf 84' lang='lat' dir='ltr'><strong>intremus</strong></span> <span class='ocrx_word' id='word_1_108' title='bbox 1192 1636 1207 1661; x_wconf 95' lang='lat'><strong>,</strong></span> <span class='ocrx_word' id='word_1_109' title='bbox 1234 1592 1329 1650; x_wconf 88' lang='lat' dir='ltr'><strong>sed</strong></span> <span class='ocrx_word' id='word_1_110' title='bbox 1357 1606 1480 1646; x_wconf 92' lang='lat' dir='ltr'><strong>cum</strong></span> <span class='ocrx_word' id='word_1_111' title='bbox 1511 1587 1701 1644; x_wconf 90' lang='lat' dir='ltr'><strong>ﬁducia</strong></span> <span class='ocrx_word' id='word_1_112' title='bbox 1744 1586 1982 1640; x_wconf 77' lang='lat' dir='ltr'><strong>fruamur</strong></span> 
     </span>
    </p>
   </div>
   <div class='ocr_carea' id='block_1_16' title="bbox 399 1678 1983 1763">
    <p class='ocr_par' dir='ltr' id='par_1_16' title="bbox 399 1678 1983 1763">
     <span class='ocr_line' id='line_1_16' title="bbox 399 1678 1983 1763; baseline -0.012 -12"><span class='ocrx_word' id='word_1_113' title='bbox 399 1695 603 1750; x_wconf 80' lang='lat' dir='ltr'><strong>honore</strong></span> <span class='ocrx_word' id='word_1_114' title='bbox 625 1733 642 1760; x_wconf 95' lang='lat'><strong>,</strong></span> <span class='ocrx_word' id='word_1_115' title='bbox 671 1690 764 1763; x_wconf 91' lang='lat' dir='ltr'><strong>qui</strong></span> <span class='ocrx_word' id='word_1_116' title='bbox 787 1689 962 1760; x_wconf 89' lang='lat' dir='ltr'><strong>dignis</strong></span> <span class='ocrx_word' id='word_1_117' title='bbox 986 1696 1068 1744; x_wconf 85' lang='lat' dir='ltr'><strong>est</strong></span> <span class='ocrx_word' id='word_1_118' title='bbox 1095 1687 1200 1741; x_wconf 90' lang='lat' dir='ltr'><strong>illic</strong></span> <span class='ocrx_word' id='word_1_119' title='bbox 1229 1691 1530 1739; x_wconf 88' lang='lat' dir='ltr'><strong>reservatus</strong></span> <span class='ocrx_word' id='word_1_120' title='bbox 1555 1699 1569 1735; x_wconf 91' lang='lat'><strong>:</strong></span> <span class='ocrx_word' id='word_1_121' title='bbox 1596 1695 1755 1749; x_wconf 89' lang='lat' dir='ltr'><strong>quem</strong></span> <span class='ocrx_word' id='word_1_122' title='bbox 1783 1678 1983 1732; x_wconf 87' lang='lat' dir='ltr'><strong>utinam</strong></span> 
     </span>
    </p>
   </div>
   <div class='ocr_carea' id='block_1_17' title="bbox 394 1766 1985 1851">
    <p class='ocr_par' dir='ltr' id='par_1_17' title="bbox 394 1766 1985 1851">
     <span class='ocr_line' id='line_1_17' title="bbox 394 1766 1985 1851; baseline -0.014 -10"><span class='ocrx_word' id='word_1_123' title='bbox 394 1799 586 1840; x_wconf 90' lang='lat' dir='ltr'><strong>omnes</strong></span> <span class='ocrx_word' id='word_1_124' title='bbox 611 1795 961 1851; x_wconf 83' lang='lat' dir='ltr'><strong>assequamur</strong></span> <span class='ocrx_word' id='word_1_125' title='bbox 980 1821 996 1843; x_wconf 90' lang='lat'><strong>,</strong></span> <span class='ocrx_word' id='word_1_126' title='bbox 1024 1777 1190 1850; x_wconf 87' lang='lat' dir='ltr'><strong>gratia</strong></span> <span class='ocrx_word' id='word_1_127' title='bbox 1219 1785 1274 1830; x_wconf 91' lang='lat' dir='ltr'><strong>et</strong></span> <span class='ocrx_word' id='word_1_128' title='bbox 1301 1772 1624 1842; x_wconf 75' lang='lat' dir='ltr'><strong>benignitate</strong></span> <span class='ocrx_word' id='word_1_129' title='bbox 1652 1766 1860 1822; x_wconf 88' lang='lat' dir='ltr'><strong>Domini</strong></span> <span class='ocrx_word' id='word_1_130' title='bbox 1888 1780 1985 1820; x_wconf 92' lang='lat' dir='ltr'><strong>no-</strong></span> 
     </span>
    </p>
   </div>
   <div class='ocr_carea' id='block_1_18' title="bbox 397 1857 1980 1940">
    <p class='ocr_par' dir='ltr' id='par_1_18' title="bbox 397 1857 1980 1940">
     <span class='ocr_line' id='line_1_18' title="bbox 397 1857 1980 1940; baseline -0.015 -8"><span class='ocrx_word' id='word_1_131' title='bbox 397 1876 497 1931; x_wconf 89' lang='lat' dir='ltr'><strong>stri</strong></span> <span class='ocrx_word' id='word_1_132' title='bbox 531 1875 654 1930; x_wconf 83' lang='lat' dir='ltr'><strong>Jesu</strong></span> <span class='ocrx_word' id='word_1_133' title='bbox 683 1871 916 1936; x_wconf 82' lang='lat' dir='ltr'><strong>Christi,</strong></span> <span class='ocrx_word' id='word_1_134' title='bbox 938 1884 1034 1940; x_wconf 87' lang='lat' dir='ltr'><strong>per</strong></span> <span class='ocrx_word' id='word_1_135' title='bbox 1061 1881 1219 1938; x_wconf 85' lang='lat' dir='ltr'><strong>quem</strong></span> <span class='ocrx_word' id='word_1_136' title='bbox 1245 1873 1298 1918; x_wconf 91' lang='lat' dir='ltr'><strong>ct</strong></span> <span class='ocrx_word' id='word_1_137' title='bbox 1321 1878 1441 1919; x_wconf 91' lang='lat' dir='ltr'><strong>cum</strong></span> <span class='ocrx_word' id='word_1_138' title='bbox 1471 1875 1576 1931; x_wconf 90' lang='lat' dir='ltr'><strong>quo</strong></span> <span class='ocrx_word' id='word_1_139' title='bbox 1607 1858 1748 1914; x_wconf 84' lang='lat' dir='ltr'><strong>Patri</strong></span> <span class='ocrx_word' id='word_1_140' title='bbox 1775 1857 1941 1928; x_wconf 90' lang='lat' dir='ltr'><strong>gloria</strong></span> <span class='ocrx_word' id='word_1_141' title='bbox 1965 1895 1980 1920; x_wconf 86' lang='lat'><strong>,</strong></span> 
     </span>
    </p>
   </div>
   <div class='ocr_carea' id='block_1_19' title="bbox 399 1954 1988 2034">
    <p class='ocr_par' dir='ltr' id='par_1_19' title="bbox 399 1954 1988 2034">
     <span class='ocr_line' id='line_1_19' title="bbox 399 1954 1988 2034; baseline -0.015 -10"><span class='ocrx_word' id='word_1_142' title='bbox 399 1969 604 2031; x_wconf 82' lang='lat' dir='ltr'><strong>honor,</strong></span> <span class='ocrx_word' id='word_1_143' title='bbox 633 1961 912 2034; x_wconf 88' lang='lat' dir='ltr'><strong>imperium</strong></span> <span class='ocrx_word' id='word_1_144' title='bbox 934 2001 950 2026; x_wconf 94' lang='lat'><strong>,</strong></span> <span class='ocrx_word' id='word_1_145' title='bbox 980 1973 1082 2013; x_wconf 91' lang='lat' dir='ltr'><strong>una</strong></span> <span class='ocrx_word' id='word_1_146' title='bbox 1108 1972 1227 2011; x_wconf 91' lang='lat' dir='ltr'><strong>cum</strong></span> <span class='ocrx_word' id='word_1_147' title='bbox 1260 1954 1462 2024; x_wconf 89' lang='lat' dir='ltr'><strong>Spiritu</strong></span> <span class='ocrx_word' id='word_1_148' title='bbox 1505 1958 1688 2006; x_wconf 89' lang='lat' dir='ltr'><strong>sancto</strong></span> <span class='ocrx_word' id='word_1_149' title='bbox 1708 1990 1725 2016; x_wconf 95' lang='lat'><strong>,</strong></span> <span class='ocrx_word' id='word_1_150' title='bbox 1765 1961 1907 2003; x_wconf 88' lang='lat' dir='ltr'><strong>nunc</strong></span> <span class='ocrx_word' id='word_1_151' title='bbox 1931 1954 1988 2002; x_wconf 87' lang='lat' dir='ltr'><strong>et</strong></span> 
     </span>
    </p>
   </div>
   <div class='ocr_carea' id='block_1_20' title="bbox 400 2045 1606 2130">
    <p class='ocr_par' dir='ltr' id='par_1_20' title="bbox 400 2045 1606 2130">
     <span class='ocr_line' id='line_1_20' title="bbox 400 2045 1606 2130; baseline -0.016 -14"><span class='ocrx_word' id='word_1_152' title='bbox 400 2072 635 2130; x_wconf 80' lang='lat' dir='ltr'><strong>semper,</strong></span> <span class='ocrx_word' id='word_1_153' title='bbox 665 2065 720 2112; x_wconf 91' lang='lat' dir='ltr'><strong>et</strong></span> <span class='ocrx_word' id='word_1_154' title='bbox 745 2055 798 2110; x_wconf 91' lang='lat' dir='ltr'><strong>in</strong></span> <span class='ocrx_word' id='word_1_155' title='bbox 827 2051 1018 2109; x_wconf 73' lang='lat' dir='ltr'><strong>stecula</strong></span> <span class='ocrx_word' id='word_1_156' title='bbox 1048 2066 1109 2107; x_wconf 87' lang='lat' dir='ltr'><strong>sa</strong></span> <span class='ocrx_word' id='word_1_157' title='bbox 1124 2048 1387 2105; x_wconf 83' lang='lat' dir='ltr'><strong>culorum.</strong></span> <span class='ocrx_word' id='word_1_158' title='bbox 1417 2045 1606 2100; x_wconf 83' lang='lat' dir='ltr'><strong>Amen.</strong></span> 
     </span>
    </p>
   </div>
   <div class='ocr_carea' id='block_1_21' title="bbox 1039 2178 1362 2238">
    <p class='ocr_par' dir='ltr' id='par_1_21' title="bbox 1039 2178 1362 2238">
     <span class='ocr_line' id='line_1_21' title="bbox 1039 2178 1362 2238; baseline -0.019 0"><span class='ocrx_word' id='word_1_159' title='bbox 1039 2179 1267 2238; x_wconf 72' lang='lat' dir='ltr'><strong>SERMO</strong></span> <span class='ocrx_word' id='word_1_160' title='bbox 1299 2178 1362 2233; x_wconf 84' lang='lat' dir='ltr'><strong>ll.</strong></span> 
     </span>
    </p>
   </div>
   <div class='ocr_carea' id='block_1_22' title="bbox 401 2282 1988 2370">
    <p class='ocr_par' dir='ltr' id='par_1_22' title="bbox 401 2282 1988 2370">
     <span class='ocr_line' id='line_1_22' title="bbox 401 2282 1988 2370; baseline -0.013 -13"><span class='ocrx_word' id='word_1_161' title='bbox 401 2299 482 2362; x_wconf 76' lang='lat' dir='ltr'><strong>De</strong></span> <span class='ocrx_word' id='word_1_162' title='bbox 499 2299 601 2370; x_wconf 73' lang='lat' dir='ltr'><strong>ﬁde</strong></span> <span class='ocrx_word' id='word_1_163' title='bbox 624 2299 801 2362; x_wconf 72' lang='lat' dir='ltr'><strong>Amne,</strong></span> <span class='ocrx_word' id='word_1_164' title='bbox 827 2295 988 2366; x_wconf 79' lang='lat' dir='ltr'><strong>deque</strong></span> <span class='ocrx_word' id='word_1_165' title='bbox 1005 2290 1352 2365; x_wconf 73' lang='lat' dir='ltr'><strong>philosophia,</strong></span> <span class='ocrx_word' id='word_1_166' title='bbox 1381 2289 1476 2342; x_wconf 80' lang='lat' dir='ltr'><strong>hoc</strong></span> <span class='ocrx_word' id='word_1_167' title='bbox 1503 2294 1595 2353; x_wconf 81' lang='lat' dir='ltr'><strong>est,</strong></span> <span class='ocrx_word' id='word_1_168' title='bbox 1627 2285 1784 2340; x_wconf 85' lang='lat' dir='ltr'><strong>animi</strong></span> <span class='ocrx_word' id='word_1_169' title='bbox 1811 2282 1988 2338; x_wconf 81' lang='lat' dir='ltr'><strong>mode-</strong></span> 
     </span>
    </p>
   </div>
   <div class='ocr_carea' id='block_1_23' title="bbox 471 2374 1990 2459">
    <p class='ocr_par' dir='ltr' id='par_1_23' title="bbox 471 2374 1990 2459">
     <span class='ocr_line' id='line_1_23' title="bbox 471 2374 1990 2459; baseline -0.014 -11"><span class='ocrx_word' id='word_1_170' title='bbox 471 2393 667 2454; x_wconf 75' lang='lat' dir='ltr'><strong>ratione</strong></span> <span class='ocrx_word' id='word_1_171' title='bbox 689 2431 704 2459; x_wconf 78' lang='lat'><strong>,</strong></span> <span class='ocrx_word' id='word_1_172' title='bbox 725 2399 772 2450; x_wconf 81' lang='lat' dir='ltr'><strong>et</strong></span> <span class='ocrx_word' id='word_1_173' title='bbox 800 2386 1040 2444; x_wconf 81' lang='lat' dir='ltr'><strong>modestia</strong></span> <span class='ocrx_word' id='word_1_174' title='bbox 1078 2385 1238 2456; x_wconf 78' lang='lat' dir='ltr'><strong>ipsius</strong></span> <span class='ocrx_word' id='word_1_175' title='bbox 1261 2425 1276 2449; x_wconf 93' lang='lat'><strong>,</strong></span> <span class='ocrx_word' id='word_1_176' title='bbox 1307 2391 1352 2435; x_wconf 90' lang='lat' dir='ltr'><strong>et</strong></span> <span class='ocrx_word' id='word_1_177' title='bbox 1387 2379 1450 2434; x_wconf 84' lang='lat' dir='ltr'><strong>de</strong></span> <span class='ocrx_word' id='word_1_178' title='bbox 1491 2379 1678 2433; x_wconf 84' lang='lat' dir='ltr'><strong>honore</strong></span> <span class='ocrx_word' id='word_1_179' title='bbox 1719 2374 1990 2448; x_wconf 78' lang='lat' dir='ltr'><strong>deferendo</strong></span> 
     </span>
    </p>
   </div>
   <div class='ocr_carea' id='block_1_24' title="bbox 472 2466 1991 2550">
    <p class='ocr_par' dir='ltr' id='par_1_24' title="bbox 472 2466 1991 2550">
     <span class='ocr_line' id='line_1_24' title="bbox 472 2466 1991 2550; baseline -0.017 -5"><span class='ocrx_word' id='word_1_180' title='bbox 472 2482 835 2547; x_wconf 72' lang='lat' dir='ltr'><strong>sacerdotibus;</strong></span> <span class='ocrx_word' id='word_1_181' title='bbox 851 2490 894 2538; x_wconf 79' lang='lat' dir='ltr'><strong>et</strong></span> <span class='ocrx_word' id='word_1_182' title='bbox 920 2476 1054 2550; x_wconf 81' lang='lat' dir='ltr'><strong>quod</strong></span> <span class='ocrx_word' id='word_1_183' title='bbox 1075 2487 1180 2534; x_wconf 86' lang='lat' dir='ltr'><strong>tum</strong></span> <span class='ocrx_word' id='word_1_184' title='bbox 1203 2476 1256 2529; x_wconf 85' lang='lat' dir='ltr'><strong>in</strong></span> <span class='ocrx_word' id='word_1_185' title='bbox 1279 2473 1442 2537; x_wconf 85' lang='lat' dir='ltr'><strong>initio,</strong></span> <span class='ocrx_word' id='word_1_186' title='bbox 1463 2481 1568 2526; x_wconf 85' lang='lat' dir='ltr'><strong>tum</strong></span> <span class='ocrx_word' id='word_1_187' title='bbox 1592 2473 1645 2524; x_wconf 86' lang='lat' dir='ltr'><strong>in</strong></span> <span class='ocrx_word' id='word_1_188' title='bbox 1669 2471 1770 2539; x_wconf 83' lang='lat' dir='ltr'><strong>[ine</strong></span> <span class='ocrx_word' id='word_1_189' title='bbox 1788 2466 1991 2541; x_wconf 81' lang='lat' dir='ltr'><strong>prandii</strong></span> 
     </span>
    </p>
   </div>
   <div class='ocr_carea' id='block_1_25' title="bbox 476 2573 844 2634">
    <p class='ocr_par' dir='ltr' id='par_1_25' title="bbox 476 2573 844 2634">
     <span class='ocr_line' id='line_1_25' title="bbox 476 2573 844 2634; baseline -0.022 -2"><span class='ocrx_word' id='word_1_190' title='bbox 476 2575 542 2632; x_wconf 77' lang='lat' dir='ltr'><strong>sit</strong></span> <span class='ocrx_word' id='word_1_191' title='bbox 571 2573 844 2634; x_wconf 76' lang='lat' dir='ltr'><strong>orandum,</strong></span> 
     </span>
    </p>
   </div>
   <div class='ocr_carea' id='block_1_26' title="bbox 477 2669 1992 2755">
    <p class='ocr_par' dir='ltr' id='par_1_26' title="bbox 477 2669 1992 2755">
     <span class='ocr_line' id='line_1_26' title="bbox 477 2669 1992 2755; baseline -0.012 -13"><span class='ocrx_word' id='word_1_192' title='bbox 477 2689 530 2742; x_wconf 79' lang='grc'><strong>1.</strong></span> <span class='ocrx_word' id='word_1_193' title='bbox 566 2683 802 2755; x_wconf 63' lang='grc' dir='ltr'><strong>Εβιαεία</strong></span> <span class='ocrx_word' id='word_1_194' title='bbox 832 2680 1076 2737; x_wconf 83' lang='lat' dir='ltr'><strong>orationis</strong></span> <span class='ocrx_word' id='word_1_195' title='bbox 1101 2677 1334 2746; x_wconf 73' lang='lat' dir='ltr'><strong>exemplo</strong></span> <span class='ocrx_word' id='word_1_196' title='bbox 1364 2675 1525 2728; x_wconf 67' lang='lat' dir='ltr'><strong>Anna</strong></span> <span class='ocrx_word' id='word_1_197' title='bbox 1547 2672 1818 2744; x_wconf 81' lang='lat' dir='ltr'><strong>probatur;</strong></span> <span class='ocrx_word' id='word_1_198' title='bbox 1844 2669 1992 2724; x_wconf 82' lang='lat' dir='ltr'><strong>Anna</strong></span> 
     </span>
    </p>
   </div>
   <div class='ocr_carea' id='block_1_27' title="bbox 408 2764 1993 2843">
    <p class='ocr_par' dir='ltr' id='par_1_27' title="bbox 408 2764 1993 2843">
     <span class='ocr_line' id='line_1_27' title="bbox 408 2764 1993 2843; baseline -0.009 -13"><span class='ocrx_word' id='word_1_199' title='bbox 408 2778 558 2836; x_wconf 77' lang='lat' dir='ltr'><strong>simul</strong></span> <span class='ocrx_word' id='word_1_200' title='bbox 587 2785 746 2830; x_wconf 81' lang='lat' dir='ltr'><strong>mater</strong></span> <span class='ocrx_word' id='word_1_201' title='bbox 769 2782 815 2832; x_wconf 75' lang='lat' dir='ltr'><strong>et</strong></span> <span class='ocrx_word' id='word_1_202' title='bbox 841 2781 1001 2843; x_wconf 80' lang='lat' dir='ltr'><strong>pater.</strong></span> <span class='ocrx_word' id='word_1_203' title='bbox 1028 2799 1100 2811; x_wconf 88' lang='lat'><strong>—-</strong></span> <span class='ocrx_word' id='word_1_204' title='bbox 1125 2767 1266 2824; x_wconf 77' lang='lat' dir='ltr'><strong>Ntbil</strong></span> <span class='ocrx_word' id='word_1_205' title='bbox 1301 2764 1588 2837; x_wconf 81' lang='lat' dir='ltr'><strong>precationi</strong></span> <span class='ocrx_word' id='word_1_206' title='bbox 1621 2779 1714 2834; x_wconf 89' lang='lat' dir='ltr'><strong>par</strong></span> <span class='ocrx_word' id='word_1_207' title='bbox 1759 2769 1874 2826; x_wconf 86' lang='lat' dir='ltr'><strong>est,</strong></span> <span class='ocrx_word' id='word_1_208' title='bbox 1905 2775 1993 2816; x_wconf 86' lang='lat' dir='ltr'><strong>ca-</strong></span> 
     </span>
    </p>
   </div>
   <div class='ocr_carea' id='block_1_28' title="bbox 412 2852 1994 2936">
    <p class='ocr_par' dir='ltr' id='par_1_28' title="bbox 412 2852 1994 2936">
     <span class='ocr_line' id='line_1_28' title="bbox 412 2852 1994 2936; baseline -0.011 -10"><span class='ocrx_word' id='word_1_209' title='bbox 412 2868 610 2926; x_wconf 81' lang='lat' dir='ltr'><strong>rissimi</strong></span> <span class='ocrx_word' id='word_1_210' title='bbox 634 2908 649 2932; x_wconf 92' lang='lat'><strong>,</strong></span> <span class='ocrx_word' id='word_1_211' title='bbox 674 2879 845 2936; x_wconf 86' lang='lat' dir='ltr'><strong>neque</strong></span> <span class='ocrx_word' id='word_1_212' title='bbox 887 2861 1174 2934; x_wconf 75' lang='lat' dir='ltr'><strong>quidquam</strong></span> <span class='ocrx_word' id='word_1_213' title='bbox 1223 2859 1329 2915; x_wconf 87' lang='lat' dir='ltr'><strong>lide</strong></span> <span class='ocrx_word' id='word_1_214' title='bbox 1373 2856 1662 2927; x_wconf 85' lang='lat' dir='ltr'><strong>potentius.</strong></span> <span class='ocrx_word' id='word_1_215' title='bbox 1697 2852 1994 2923; x_wconf 86' lang='lat' dir='ltr'><strong>Utrumque</strong></span> 
     </span>
    </p>
   </div>
   <div class='ocr_carea' id='block_1_29' title="bbox 413 2946 1997 3029">
    <p class='ocr_par' dir='ltr' id='par_1_29' title="bbox 413 2946 1997 3029">
     <span class='ocr_line' id='line_1_29' title="bbox 413 2946 1997 3029; baseline -0.012 -11"><span class='ocrx_word' id='word_1_216' title='bbox 413 2959 574 3018; x_wconf 80' lang='lat' dir='ltr'><strong>nobis</strong></span> <span class='ocrx_word' id='word_1_217' title='bbox 597 2973 768 3029; x_wconf 87' lang='lat' dir='ltr'><strong>nuper</strong></span> <span class='ocrx_word' id='word_1_218' title='bbox 789 2953 1080 3013; x_wconf 81' lang='lat' dir='ltr'><strong>declaravit</strong></span> <span class='ocrx_word' id='word_1_219' title='bbox 1108 2955 1260 3008; x_wconf 75' lang='lat' dir='ltr'><strong>Anna</strong></span> <span class='ocrx_word' id='word_1_220' title='bbox 1286 2965 1446 3008; x_wconf 89' lang='lat' dir='ltr'><strong>:cum</strong></span> <span class='ocrx_word' id='word_1_221' title='bbox 1480 2948 1564 3004; x_wconf 89' lang='lat' dir='ltr'><strong>his</strong></span> <span class='ocrx_word' id='word_1_222' title='bbox 1592 2948 1732 3002; x_wconf 88' lang='lat' dir='ltr'><strong>enim</strong></span> <span class='ocrx_word' id='word_1_223' title='bbox 1761 2946 1997 3002; x_wconf 78' lang='lat' dir='ltr'><strong>muneri-</strong></span> 
     </span>
    </p>
   </div>
   <div class='ocr_carea' id='block_1_30' title="bbox 413 3037 1990 3113">
    <p class='ocr_par' dir='ltr' id='par_1_30' title="bbox 413 3037 1990 3113">
     <span class='ocr_line' id='line_1_30' title="bbox 413 3037 1990 3113; baseline -0.013 -2"><span class='ocrx_word' id='word_1_224' title='bbox 413 3054 512 3110; x_wconf 82' lang='lat' dir='ltr'><strong>bus</strong></span> <span class='ocrx_word' id='word_1_225' title='bbox 552 3051 814 3108; x_wconf 89' lang='lat' dir='ltr'><strong>accedens</strong></span> <span class='ocrx_word' id='word_1_226' title='bbox 850 3047 919 3108; x_wconf 80' lang='lat' dir='ltr'><strong>ad</strong></span> <span class='ocrx_word' id='word_1_227' title='bbox 954 3047 1122 3102; x_wconf 91' lang='lat' dir='ltr'><strong>Deum</strong></span> <span class='ocrx_word' id='word_1_228' title='bbox 1146 3085 1162 3112; x_wconf 92' lang='lat'><strong>,</strong></span> <span class='ocrx_word' id='word_1_229' title='bbox 1196 3043 1376 3099; x_wconf 88' lang='lat' dir='ltr'><strong>omnia</strong></span> <span class='ocrx_word' id='word_1_230' title='bbox 1421 3057 1541 3113; x_wconf 68' lang='lat' dir='ltr'><strong>quae</strong></span> <span class='ocrx_word' id='word_1_231' title='bbox 1587 3040 1756 3096; x_wconf 91' lang='lat' dir='ltr'><strong>voluit</strong></span> <span class='ocrx_word' id='word_1_232' title='bbox 1795 3037 1990 3094; x_wconf 76' lang='lat' dir='ltr'><strong>effecit.</strong></span> 
     </span>
    </p>
   </div>
   <div class='ocr_carea' id='block_1_31' title="bbox 411 3131 1991 3214">
    <p class='ocr_par' dir='ltr' id='par_1_31' title="bbox 411 3131 1991 3214">
     <span class='ocr_line' id='line_1_31' title="bbox 411 3131 1991 3214; baseline -0.011 -12"><span class='ocrx_word' id='word_1_233' title='bbox 411 3143 684 3214; x_wconf 78' lang='lat' dir='ltr'><strong>Siquidem</strong></span> <span class='ocrx_word' id='word_1_234' title='bbox 724 3152 777 3198; x_wconf 91' lang='lat' dir='ltr'><strong>et</strong></span> <span class='ocrx_word' id='word_1_235' title='bbox 821 3147 1066 3195; x_wconf 87' lang='lat' dir='ltr'><strong>naturam</strong></span> <span class='ocrx_word' id='word_1_236' title='bbox 1109 3136 1343 3192; x_wconf 88' lang='lat' dir='ltr'><strong>sterilem</strong></span> <span class='ocrx_word' id='word_1_237' title='bbox 1394 3133 1673 3198; x_wconf 80' lang='lat' dir='ltr'><strong>correxit,</strong></span> <span class='ocrx_word' id='word_1_238' title='bbox 1703 3141 1758 3188; x_wconf 93' lang='lat' dir='ltr'><strong>et</strong></span> <span class='ocrx_word' id='word_1_239' title='bbox 1782 3131 1991 3186; x_wconf 85' lang='lat' dir='ltr'><strong>vulvam</strong></span> 
     </span>
    </p>
   </div>
   <div class='ocr_carea' id='block_1_32' title="bbox 411 3223 1997 3309">
    <p class='ocr_par' dir='ltr' id='par_1_32' title="bbox 411 3223 1997 3309">
     <span class='ocr_line' id='line_1_32' title="bbox 411 3223 1997 3309; baseline -0.011 -15"><span class='ocrx_word' id='word_1_240' title='bbox 411 3251 535 3309; x_wconf 66' lang='lat' dir='ltr'><strong>quae</strong></span> <span class='ocrx_word' id='word_1_241' title='bbox 575 3244 692 3293; x_wconf 89' lang='lat' dir='ltr'><strong>erat</strong></span> <span class='ocrx_word' id='word_1_242' title='bbox 716 3232 967 3293; x_wconf 86' lang='lat' dir='ltr'><strong>conclusa</strong></span> <span class='ocrx_word' id='word_1_243' title='bbox 995 3230 1204 3300; x_wconf 89' lang='lat' dir='ltr'><strong>aperuit</strong></span> <span class='ocrx_word' id='word_1_244' title='bbox 1231 3271 1248 3296; x_wconf 93' lang='lat'><strong>,</strong></span> <span class='ocrx_word' id='word_1_245' title='bbox 1272 3237 1326 3283; x_wconf 92' lang='lat' dir='ltr'><strong>et</strong></span> <span class='ocrx_word' id='word_1_246' title='bbox 1368 3227 1619 3298; x_wconf 85' lang='lat' dir='ltr'><strong>probrum</strong></span> <span class='ocrx_word' id='word_1_247' title='bbox 1659 3223 1874 3282; x_wconf 86' lang='lat' dir='ltr'><strong>sustulit</strong></span> <span class='ocrx_word' id='word_1_248' title='bbox 1898 3262 1915 3288; x_wconf 87' lang='lat'><strong>,</strong></span> <span class='ocrx_word' id='word_1_249' title='bbox 1943 3230 1997 3278; x_wconf 91' lang='lat' dir='ltr'><strong>et</strong></span> 
     </span>
    </p>
   </div>
   <div class='ocr_carea' id='block_1_33' title="bbox 413 3315 2000 3390">
    <p class='ocr_par' dir='ltr' id='par_1_33' title="bbox 413 3315 2000 3390">
     <span class='ocr_line' id='line_1_33' title="bbox 413 3315 2000 3390; baseline -0.011 -3"><span class='ocrx_word' id='word_1_250' title='bbox 413 3327 654 3388; x_wconf 88' lang='lat' dir='ltr'><strong>convicia</strong></span> <span class='ocrx_word' id='word_1_251' title='bbox 677 3323 885 3382; x_wconf 62' lang='lat' dir='ltr'><strong>aemula:</strong></span> <span class='ocrx_word' id='word_1_252' title='bbox 921 3321 1166 3380; x_wconf 84' lang='lat' dir='ltr'><strong>dissolvit</strong></span> <span class='ocrx_word' id='word_1_253' title='bbox 1188 3362 1203 3387; x_wconf 90' lang='lat'><strong>,</strong></span> <span class='ocrx_word' id='word_1_254' title='bbox 1234 3335 1396 3390; x_wconf 89' lang='lat' dir='ltr'><strong>seque</strong></span> <span class='ocrx_word' id='word_1_255' title='bbox 1434 3318 1603 3388; x_wconf 82' lang='lat' dir='ltr'><strong>ipsam</strong></span> <span class='ocrx_word' id='word_1_256' title='bbox 1641 3315 1710 3370; x_wconf 87' lang='lat' dir='ltr'><strong>ad</strong></span> <span class='ocrx_word' id='word_1_257' title='bbox 1754 3328 2000 3384; x_wconf 83' lang='lat' dir='ltr'><strong>magnam</strong></span> 
     </span>
    </p>
   </div>
   <div class='ocr_carea' id='block_1_34' title="bbox 415 3405 1998 3484">
    <p class='ocr_par' dir='ltr' id='par_1_34' title="bbox 415 3405 1998 3484">
     <span class='ocr_line' id='line_1_34' title="bbox 415 3405 1998 3484; baseline -0.013 -3"><span class='ocrx_word' id='word_1_258' title='bbox 415 3422 648 3481; x_wconf 85' lang='lat' dir='ltr'><strong>restituit</strong></span> <span class='ocrx_word' id='word_1_259' title='bbox 692 3419 936 3475; x_wconf 88' lang='lat' dir='ltr'><strong>ﬁduciam</strong></span> <span class='ocrx_word' id='word_1_260' title='bbox 961 3457 978 3484; x_wconf 93' lang='lat'><strong>,</strong></span> <span class='ocrx_word' id='word_1_261' title='bbox 1006 3415 1130 3472; x_wconf 92' lang='lat' dir='ltr'><strong>dum</strong></span> <span class='ocrx_word' id='word_1_262' title='bbox 1167 3429 1200 3472; x_wconf 90' lang='lat' dir='ltr'><strong>e</strong></span> <span class='ocrx_word' id='word_1_263' title='bbox 1245 3423 1394 3484; x_wconf 90' lang='lat' dir='ltr'><strong>petra</strong></span> <span class='ocrx_word' id='word_1_264' title='bbox 1447 3405 1755 3480; x_wconf 84' lang='lat' dir='ltr'><strong>iufrugifera</strong></span> <span class='ocrx_word' id='word_1_265' title='bbox 1798 3406 1998 3477; x_wconf 90' lang='lat' dir='ltr'><strong>spicam</strong></span> 
     </span>
    </p>
   </div>
   <div class='ocr_carea' id='block_1_35' title="bbox 418 3497 1996 3572">
    <p class='ocr_par' dir='ltr' id='par_1_35' title="bbox 418 3497 1996 3572">
     <span class='ocr_line' id='line_1_35' title="bbox 418 3497 1996 3572; baseline -0.013 0"><span class='ocrx_word' id='word_1_266' title='bbox 418 3513 642 3572; x_wconf 80' lang='lat' dir='ltr'><strong>messuit</strong></span> <span class='ocrx_word' id='word_1_267' title='bbox 663 3517 986 3566; x_wconf 89' lang='lat' dir='ltr'><strong>comantem.</strong></span> <span class='ocrx_word' id='word_1_268' title='bbox 1015 3505 1214 3565; x_wconf 87' lang='lat' dir='ltr'><strong>Omnes</strong></span> <span class='ocrx_word' id='word_1_269' title='bbox 1238 3503 1458 3560; x_wconf 87' lang='lat' dir='ltr'><strong>audistis</strong></span> <span class='ocrx_word' id='word_1_270' title='bbox 1483 3498 1751 3570; x_wconf 89' lang='lat' dir='ltr'><strong>quomodo</strong></span> <span class='ocrx_word' id='word_1_271' title='bbox 1775 3497 1996 3562; x_wconf 78' lang='lat' dir='ltr'><strong>fleverit,</strong></span> 
     </span>
    </p>
   </div>
   <div class='ocr_carea' id='block_1_36' title="bbox 417 3587 1999 3676">
    <p class='ocr_par' dir='ltr' id='par_1_36' title="bbox 417 3587 1999 3676">
     <span class='ocr_line' id='line_1_36' title="bbox 417 3587 1999 3676; baseline -0.013 -13"><span class='ocrx_word' id='word_1_272' title='bbox 417 3601 684 3676; x_wconf 69' lang='lat' dir='ltr'><strong>quatuodo</strong></span> <span class='ocrx_word' id='word_1_273' title='bbox 727 3606 937 3670; x_wconf 82' lang='lat' dir='ltr'><strong>precata</strong></span> <span class='ocrx_word' id='word_1_274' title='bbox 983 3597 1090 3661; x_wconf 87' lang='lat' dir='ltr'><strong>sit,</strong></span> <span class='ocrx_word' id='word_1_275' title='bbox 1130 3591 1422 3664; x_wconf 70' lang='lat' dir='ltr'><strong>quomodo&quot;</strong></span> <span class='ocrx_word' id='word_1_276' title='bbox 1439 3589 1606 3647; x_wconf 87' lang='lat' dir='ltr'><strong>orarit</strong></span> <span class='ocrx_word' id='word_1_277' title='bbox 1640 3595 1695 3644; x_wconf 87' lang='lat' dir='ltr'><strong>et</strong></span> <span class='ocrx_word' id='word_1_278' title='bbox 1731 3587 1999 3643; x_wconf 79' lang='lat' dir='ltr'><strong>exorarit:</strong></span> 
     </span>
    </p>
   </div>
   <div class='ocr_carea' id='block_1_37' title="bbox 419 3677 1999 3765">
    <p class='ocr_par' dir='ltr' id='par_1_37' title="bbox 419 3677 1999 3765">
     <span class='ocr_line' id='line_1_37' title="bbox 419 3677 1999 3765; baseline -0.013 -12"><span class='ocrx_word' id='word_1_279' title='bbox 419 3695 684 3765; x_wconf 84' lang='lat' dir='ltr'><strong>concepit,</strong></span> <span class='ocrx_word' id='word_1_280' title='bbox 713 3690 942 3762; x_wconf 85' lang='lat' dir='ltr'><strong>peperit,</strong></span> <span class='ocrx_word' id='word_1_281' title='bbox 969 3687 1215 3748; x_wconf 80' lang='lat' dir='ltr'><strong>educavit</strong></span> <span class='ocrx_word' id='word_1_282' title='bbox 1232 3694 1286 3742; x_wconf 90' lang='lat' dir='ltr'><strong>et</strong></span> <span class='ocrx_word' id='word_1_283' title='bbox 1313 3679 1647 3739; x_wconf 79' lang='lat' dir='ltr'><strong>consecravit</strong></span> <span class='ocrx_word' id='word_1_284' title='bbox 1673 3677 1999 3735; x_wconf 88' lang='lat' dir='ltr'><strong>Samuelem.</strong></span> 
     </span>
    </p>
   </div>
   <div class='ocr_carea' id='block_1_38' title="bbox 423 3767 2002 3856">
    <p class='ocr_par' dir='ltr' id='par_1_38' title="bbox 423 3767 2002 3856">
     <span class='ocr_line' id='line_1_38' title="bbox 423 3767 2002 3856; baseline -0.012 -15"><span class='ocrx_word' id='word_1_285' title='bbox 423 3787 602 3856; x_wconf 88' lang='lat' dir='ltr'><strong>Itaque</strong></span> <span class='ocrx_word' id='word_1_286' title='bbox 631 3797 740 3840; x_wconf 83' lang='lat' dir='ltr'><strong>non</strong></span> <span class='ocrx_word' id='word_1_287' title='bbox 762 3779 1020 3838; x_wconf 88' lang='lat' dir='ltr'><strong>aberrarit</strong></span> <span class='ocrx_word' id='word_1_288' title='bbox 1045 3817 1061 3841; x_wconf 89' lang='lat'><em>.</em></span> <span class='ocrx_word' id='word_1_289' title='bbox 1089 3776 1177 3846; x_wconf 87' lang='lat' dir='ltr'><strong>qui</strong></span> <span class='ocrx_word' id='word_1_290' title='bbox 1208 3774 1346 3828; x_wconf 83' lang='lat' dir='ltr'><strong>hanc</strong></span> <span class='ocrx_word' id='word_1_291' title='bbox 1367 3772 1646 3827; x_wconf 90' lang='lat' dir='ltr'><strong>mulierem</strong></span> <span class='ocrx_word' id='word_1_292' title='bbox 1670 3769 1820 3840; x_wconf 89' lang='lat' dir='ltr'><strong>pueri</strong></span> <span class='ocrx_word' id='word_1_293' title='bbox 1846 3767 2002 3823; x_wconf 90' lang='lat' dir='ltr'><strong>simul</strong></span> 
     </span>
    </p>
   </div>
   <div class='ocr_carea' id='block_1_39' title="bbox 419 3858 2004 3941">
    <p class='ocr_par' dir='ltr' id='par_1_39' title="bbox 419 3858 2004 3941">
     <span class='ocr_line' id='line_1_39' title="bbox 419 3858 2004 3941; baseline -0.014 -7"><span class='ocrx_word' id='word_1_294' title='bbox 419 3887 476 3934; x_wconf 84' lang='lat' dir='ltr'><strong>et</strong></span> <span class='ocrx_word' id='word_1_295' title='bbox 501 3884 723 3934; x_wconf 78' lang='lat' dir='ltr'><strong>matrem</strong></span> <span class='ocrx_word' id='word_1_296' title='bbox 752 3880 808 3932; x_wconf 81' lang='lat' dir='ltr'><strong>et</strong></span> <span class='ocrx_word' id='word_1_297' title='bbox 838 3879 1040 3941; x_wconf 85' lang='lat' dir='ltr'><strong>patrem</strong></span> <span class='ocrx_word' id='word_1_298' title='bbox 1065 3866 1366 3937; x_wconf 86' lang='lat' dir='ltr'><strong>appellarit.</strong></span> <span class='ocrx_word' id='word_1_299' title='bbox 1396 3863 1725 3932; x_wconf 81' lang='lat' dir='ltr'><strong>Quamquam</strong></span> <span class='ocrx_word' id='word_1_300' title='bbox 1751 3860 1894 3915; x_wconf 92' lang='lat' dir='ltr'><strong>enim</strong></span> <span class='ocrx_word' id='word_1_301' title='bbox 1921 3858 2004 3914; x_wconf 91' lang='lat' dir='ltr'><strong>vir</strong></span> 
     </span>
    </p>
   </div>
   <div class='ocr_carea' id='block_1_40' title="bbox 422 3949 2005 4028">
    <p class='ocr_par' dir='ltr' id='par_1_40' title="bbox 422 3949 2005 4028">
     <span class='ocr_line' id='line_1_40' title="bbox 422 3949 2005 4028; baseline -0.011 -6"><span class='ocrx_word' id='word_1_302' title='bbox 422 3967 698 4024; x_wconf 87' lang='lat' dir='ltr'><strong>addiderat</strong></span> <span class='ocrx_word' id='word_1_303' title='bbox 739 3977 957 4025; x_wconf 85' lang='lat' dir='ltr'><strong>semen.</strong></span> <span class='ocrx_word' id='word_1_304' title='bbox 988 3961 1144 4028; x_wconf 86' lang='lat' dir='ltr'><strong>hujus</strong></span> <span class='ocrx_word' id='word_1_305' title='bbox 1186 3967 1360 4012; x_wconf 89' lang='lat' dir='ltr'><strong>tamen</strong></span> <span class='ocrx_word' id='word_1_306' title='bbox 1406 3953 1639 4025; x_wconf 90' lang='lat' dir='ltr'><strong>precatio</strong></span> <span class='ocrx_word' id='word_1_307' title='bbox 1676 3952 1783 4007; x_wconf 90' lang='lat' dir='ltr'><strong>vim</strong></span> <span class='ocrx_word' id='word_1_308' title='bbox 1827 3949 2005 4006; x_wconf 87' lang='lat' dir='ltr'><strong>efﬁca—</strong></span> 
     </span>
    </p>
   </div>
   <div class='ocr_carea' id='block_1_41' title="bbox 421 4041 2007 4124">
    <p class='ocr_par' dir='ltr' id='par_1_41' title="bbox 421 4041 2007 4124">
     <span class='ocr_line' id='line_1_41' title="bbox 421 4041 2007 4124; baseline -0.01 -11"><span class='ocrx_word' id='word_1_309' title='bbox 421 4059 664 4124; x_wconf 77' lang='lat' dir='ltr'><strong>cismque</strong></span> <span class='ocrx_word' id='word_1_310' title='bbox 687 4052 874 4112; x_wconf 86' lang='lat' dir='ltr'><strong>semini</strong></span> <span class='ocrx_word' id='word_1_311' title='bbox 906 4050 1130 4120; x_wconf 65' lang='lat' dir='ltr'><strong>prmbuit</strong></span> <span class='ocrx_word' id='word_1_312' title='bbox 1149 4089 1166 4115; x_wconf 93' lang='lat'><strong>,</strong></span> <span class='ocrx_word' id='word_1_313' title='bbox 1192 4047 1472 4116; x_wconf 82' lang='lat' dir='ltr'><strong>effecitque</strong></span> <span class='ocrx_word' id='word_1_314' title='bbox 1495 4053 1556 4098; x_wconf 88' lang='lat' dir='ltr'><strong>ut</strong></span> <span class='ocrx_word' id='word_1_315' title='bbox 1581 4042 1796 4099; x_wconf 83' lang='lat' dir='ltr'><strong>Samuel</strong></span> <span class='ocrx_word' id='word_1_316' title='bbox 1841 4041 2007 4097; x_wconf 84' lang='lat' dir='ltr'><strong>hone-</strong></span> 
     </span>
    </p>
   </div>
   <div class='ocr_carea' id='block_1_42' title="bbox 423 4133 2005 4206">
    <p class='ocr_par' dir='ltr' id='par_1_42' title="bbox 423 4133 2005 4206">
     <span class='ocr_line' id='line_1_42' title="bbox 423 4133 2005 4206; baseline -0.012 -1"><span class='ocrx_word' id='word_1_317' title='bbox 423 4148 679 4205; x_wconf 85' lang='lat' dir='ltr'><strong>stioribus</strong></span> <span class='ocrx_word' id='word_1_318' title='bbox 716 4142 951 4204; x_wconf 78' lang='lat' dir='ltr'><strong>exordiis</strong></span> <span class='ocrx_word' id='word_1_319' title='bbox 993 4148 1318 4194; x_wconf 87' lang='lat' dir='ltr'><strong>nasceretur.</strong></span> <span class='ocrx_word' id='word_1_320' title='bbox 1358 4136 1542 4206; x_wconf 89' lang='lat' dir='ltr'><strong>Neque</strong></span> <span class='ocrx_word' id='word_1_321' title='bbox 1583 4133 1725 4190; x_wconf 89' lang='lat' dir='ltr'><strong>enim</strong></span> <span class='ocrx_word' id='word_1_322' title='bbox 1773 4133 1910 4188; x_wconf 89' lang='lat' dir='ltr'><strong>sicut</strong></span> <span class='ocrx_word' id='word_1_323' title='bbox 1955 4134 2005 4186; x_wconf 91' lang='lat' dir='ltr'><strong>in</strong></span> 
     </span>
    </p>
   </div>
   <div class='ocr_carea' id='block_1_43' title="bbox 423 4231 2007 4298">
    <p class='ocr_par' dir='ltr' id='par_1_43' title="bbox 423 4231 2007 4298">
     <span class='ocr_line' id='line_1_43' title="bbox 423 4231 2007 4298; baseline -0.012 -2"><span class='ocrx_word' id='word_1_324' title='bbox 423 4238 632 4296; x_wconf 72' lang='lat' dir='ltr'><strong>emeris</strong></span> <span class='ocrx_word' id='word_1_325' title='bbox 697 4231 1002 4295; x_wconf 82' lang='lat' dir='ltr'><strong>hominibus</strong></span> <span class='ocrx_word' id='word_1_326' title='bbox 1056 4243 1274 4289; x_wconf 87' lang='lat' dir='ltr'><strong>somnus</strong></span> <span class='ocrx_word' id='word_1_327' title='bbox 1325 4235 1381 4282; x_wconf 89' lang='lat' dir='ltr'><strong>et</strong></span> <span class='ocrx_word' id='word_1_328' title='bbox 1437 4239 1756 4298; x_wconf 84' lang='lat' dir='ltr'><strong>congressus</strong></span> <span class='ocrx_word' id='word_1_329' title='bbox 1805 4232 2007 4279; x_wconf 89' lang='lat' dir='ltr'><strong>tantum</strong></span> 
     </span>
    </p>
   </div>
   <div class='ocr_carea' id='block_1_44' title="bbox 425 4313 2013 4401">
    <p class='ocr_par' dir='ltr' id='par_1_44' title="bbox 425 4313 2013 4401">
     <span class='ocr_line' id='line_1_44' title="bbox 425 4313 2013 4401; baseline -0.013 -14"><span class='ocrx_word' id='word_1_330' title='bbox 425 4337 700 4401; x_wconf 81' lang='lat' dir='ltr'><strong>parentum</strong></span> <span class='ocrx_word' id='word_1_331' title='bbox 723 4366 740 4392; x_wconf 88' lang='lat'><strong>,</strong></span> <span class='ocrx_word' id='word_1_332' title='bbox 778 4337 961 4386; x_wconf 75' lang='lat' dir='ltr'><strong>verum</strong></span> <span class='ocrx_word' id='word_1_333' title='bbox 1019 4334 1203 4391; x_wconf 89' lang='lat' dir='ltr'><strong>preces</strong></span> <span class='ocrx_word' id='word_1_334' title='bbox 1227 4359 1242 4386; x_wconf 95' lang='lat'><strong>,</strong></span> <span class='ocrx_word' id='word_1_335' title='bbox 1276 4317 1559 4388; x_wconf 66' lang='lat' dir='ltr'><strong>lacrymte,</strong></span> <span class='ocrx_word' id='word_1_336' title='bbox 1607 4314 1844 4385; x_wconf 90' lang='lat' dir='ltr'><strong>ﬁdesque</strong></span> <span class='ocrx_word' id='word_1_337' title='bbox 1898 4313 2013 4368; x_wconf 69' lang='lat' dir='ltr'><strong>fuco</strong></span> 
     </span>
    </p>
   </div>
   <div class='ocr_carea' id='block_1_45' title="bbox 424 4405 2012 4486">
    <p class='ocr_par' dir='ltr' id='par_1_45' title="bbox 424 4405 2012 4486">
     <span class='ocr_line' id='line_1_45' title="bbox 424 4405 2012 4486; baseline -0.013 -9"><span class='ocrx_word' id='word_1_338' title='bbox 424 4429 550 4478; x_wconf 83' lang='lat' dir='ltr'><strong>runt</strong></span> <span class='ocrx_word' id='word_1_339' title='bbox 593 4417 751 4486; x_wconf 76' lang='lat' dir='ltr'><strong>hujus</strong></span> <span class='ocrx_word' id='word_1_340' title='bbox 776 4412 1133 4486; x_wconf 72' lang='lat' dir='ltr'><strong>generationis</strong></span> <span class='ocrx_word' id='word_1_341' title='bbox 1172 4407 1426 4480; x_wconf 85' lang='lat' dir='ltr'><strong>principia</strong></span> <span class='ocrx_word' id='word_1_342' title='bbox 1449 4448 1466 4477; x_wconf 86' lang='lat'><strong>,</strong></span> <span class='ocrx_word' id='word_1_343' title='bbox 1491 4420 1663 4479; x_wconf 89' lang='lat' dir='ltr'><strong>eoque</strong></span> <span class='ocrx_word' id='word_1_344' title='bbox 1700 4405 1909 4462; x_wconf 71' lang='lat' dir='ltr'><strong>eteteris</strong></span> <span class='ocrx_word' id='word_1_345' title='bbox 1944 4405 2012 4458; x_wconf 88' lang='lat' dir='ltr'><strong>il-</strong></span> 
     </span>
    </p>
   </div>
   <div class='ocr_carea' id='block_1_46' title="bbox 427 4495 2012 4570">
    <p class='ocr_par' dir='ltr' id='par_1_46' title="bbox 427 4495 2012 4570">
     <span class='ocr_line' id='line_1_46' title="bbox 427 4495 2012 4570; baseline -0.01 -6"><span class='ocrx_word' id='word_1_346' title='bbox 427 4510 728 4566; x_wconf 88' lang='lat' dir='ltr'><strong>lustriorem</strong></span> <span class='ocrx_word' id='word_1_347' title='bbox 771 4504 958 4563; x_wconf 84' lang='lat' dir='ltr'><strong>habuit</strong></span> <span class='ocrx_word' id='word_1_348' title='bbox 995 4511 1170 4559; x_wconf 85' lang='lat' dir='ltr'><strong>ortum</strong></span> <span class='ocrx_word' id='word_1_349' title='bbox 1228 4497 1484 4570; x_wconf 81' lang='lat' dir='ltr'><strong>prepheta</strong></span> <span class='ocrx_word' id='word_1_350' title='bbox 1509 4537 1525 4563; x_wconf 86' lang='lat'><strong>,</strong></span> <span class='ocrx_word' id='word_1_351' title='bbox 1568 4506 1785 4569; x_wconf 90' lang='lat' dir='ltr'><strong>pr0pter</strong></span> <span class='ocrx_word' id='word_1_352' title='bbox 1827 4495 2012 4550; x_wconf 88' lang='lat' dir='ltr'><strong>matris</strong></span> 
     </span>
    </p>
   </div>
   <div class='ocr_carea' id='block_1_47' title="bbox 431 4585 2010 4656">
    <p class='ocr_par' dir='ltr' id='par_1_47' title="bbox 431 4585 2010 4656">
     <span class='ocr_line' id='line_1_47' title="bbox 431 4585 2010 4656; baseline -0.012 -1"><span class='ocrx_word' id='word_1_353' title='bbox 431 4599 587 4655; x_wconf 89' lang='lat' dir='ltr'><strong>ﬁdem</strong></span> <span class='ocrx_word' id='word_1_354' title='bbox 630 4605 803 4653; x_wconf 75' lang='lat' dir='ltr'><strong>natus.</strong></span> <span class='ocrx_word' id='word_1_355' title='bbox 831 4592 956 4650; x_wconf 88' lang='lat' dir='ltr'><strong>Ideo</strong></span> <span class='ocrx_word' id='word_1_356' title='bbox 997 4589 1064 4647; x_wconf 89' lang='lat' dir='ltr'><strong>de</strong></span> <span class='ocrx_word' id='word_1_357' title='bbox 1090 4589 1190 4648; x_wconf 84' lang='lat' dir='ltr'><strong>hac</strong></span> <span class='ocrx_word' id='word_1_358' title='bbox 1215 4589 1438 4644; x_wconf 92' lang='lat' dir='ltr'><strong>muliere</strong></span> <span class='ocrx_word' id='word_1_359' title='bbox 1471 4587 1593 4656; x_wconf 89' lang='lat' dir='ltr'><strong>jure</strong></span> <span class='ocrx_word' id='word_1_360' title='bbox 1622 4586 1740 4656; x_wconf 91' lang='lat' dir='ltr'><strong>quis</strong></span> <span class='ocrx_word' id='word_1_361' title='bbox 1775 4585 1966 4639; x_wconf 82' lang='lat' dir='ltr'><strong>dixerit</strong></span> <span class='ocrx_word' id='word_1_362' title='bbox 1996 4601 2010 4636; x_wconf 91' lang='lat'><strong>:</strong></span> 
     </span>
    </p>
   </div>
   <div class='ocr_carea' id='block_1_48' title="bbox 433 4674 2010 4757">
    <p class='ocr_par' dir='ltr' id='par_1_48' title="bbox 433 4674 2010 4757">
     <span class='ocr_line' id='line_1_48' title="bbox 433 4674 2010 4757; baseline -0.01 -13"><span class='ocrx_word' id='word_1_363' title='bbox 433 4689 531 4757; x_wconf 81' lang='lat' dir='ltr'><strong>Qui</strong></span> <span class='ocrx_word' id='word_1_364' title='bbox 555 4685 803 4744; x_wconf 73' lang='lat' dir='ltr'><strong>seminam</strong></span> <span class='ocrx_word' id='word_1_365' title='bbox 827 4685 880 4739; x_wconf 85' lang='lat' dir='ltr'><strong>in</strong></span> <span class='ocrx_word' id='word_1_366' title='bbox 909 4681 1166 4752; x_wconf 76' lang='lat' dir='ltr'><strong>lacryntis,</strong></span> <span class='ocrx_word' id='word_1_367' title='bbox 1192 4680 1246 4738; x_wconf 80' lang='lat' dir='ltr'><strong>in</strong></span> <span class='ocrx_word' id='word_1_368' title='bbox 1270 4678 1604 4740; x_wconf 72' lang='lat' dir='ltr'><strong>multatione</strong></span> <span class='ocrx_word' id='word_1_369' title='bbox 1627 4684 1806 4730; x_wconf 71' lang='lat' dir='ltr'><strong>metant</strong></span> <span class='ocrx_word' id='word_1_370' title='bbox 1835 4674 2010 4745; x_wconf 72' lang='lat' dir='ltr'><strong>(Paul.</strong></span> 
     </span>
    </p>
   </div>
   <div class='ocr_carea' id='block_1_49' title="bbox 431 4765 2014 4848">
    <p class='ocr_par' dir='ltr' id='par_1_49' title="bbox 431 4765 2014 4848">
     <span class='ocr_line' id='line_1_49' title="bbox 431 4765 2014 4848; baseline -0.01 -11"><span class='ocrx_word' id='word_1_371' title='bbox 431 4781 556 4839; x_wconf 66' lang='lat'><strong>£25.</strong></span> <span class='ocrx_word' id='word_1_372' title='bbox 577 4779 659 4848; x_wconf 82' lang='lat'><strong>5).</strong></span> <span class='ocrx_word' id='word_1_373' title='bbox 689 4776 838 4831; x_wconf 81' lang='lat' dir='ltr'><strong>lianc</strong></span> <span class='ocrx_word' id='word_1_374' title='bbox 872 4769 1185 4832; x_wconf 71' lang='lat' dir='ltr'><strong>aemulemur</strong></span> <span class='ocrx_word' id='word_1_375' title='bbox 1221 4770 1341 4838; x_wconf 87' lang='lat' dir='ltr'><strong>viri,</strong></span> <span class='ocrx_word' id='word_1_376' title='bbox 1375 4768 1514 4824; x_wconf 86' lang='lat' dir='ltr'><strong>hanc</strong></span> <span class='ocrx_word' id='word_1_377' title='bbox 1553 4767 1826 4824; x_wconf 89' lang='lat' dir='ltr'><strong>imitentur</strong></span> <span class='ocrx_word' id='word_1_378' title='bbox 1859 4765 2014 4822; x_wconf 82' lang='lat' dir='ltr'><strong>femi-</strong></span> 
     </span>
    </p>
   </div>
   <div class='ocr_carea' id='block_1_50' title="bbox 435 4857 2016 4937">
    <p class='ocr_par' dir='ltr' id='par_1_50' title="bbox 435 4857 2016 4937">
     <span class='ocr_line' id='line_1_50' title="bbox 435 4857 2016 4937; baseline -0.011 -9"><span class='ocrx_word' id='word_1_379' title='bbox 435 4887 558 4932; x_wconf 70' lang='lat' dir='ltr'><strong>ntn:</strong></span> <span class='ocrx_word' id='word_1_380' title='bbox 590 4883 713 4932; x_wconf 85' lang='lat' dir='ltr'><strong>nam</strong></span> <span class='ocrx_word' id='word_1_381' title='bbox 756 4866 1031 4937; x_wconf 76' lang='lat' dir='ltr'><strong>utriusque</strong></span> <span class='ocrx_word' id='word_1_382' title='bbox 1070 4877 1230 4928; x_wconf 73' lang='lat' dir='ltr'><strong>sexus</strong></span> <span class='ocrx_word' id='word_1_383' title='bbox 1257 4859 1508 4934; x_wconf 75' lang='lat' dir='ltr'><strong>magistra</strong></span> <span class='ocrx_word' id='word_1_384' title='bbox 1537 4866 1621 4915; x_wconf 89' lang='lat' dir='ltr'><strong>est</strong></span> <span class='ocrx_word' id='word_1_385' title='bbox 1647 4858 1856 4916; x_wconf 88' lang='lat' dir='ltr'><strong>mulier.</strong></span> <span class='ocrx_word' id='word_1_386' title='bbox 1885 4857 2016 4924; x_wconf 67' lang='lat' dir='ltr'><strong>Quae</strong></span> 
     </span>
    </p>
   </div>
   <div class='ocr_carea' id='block_1_51' title="bbox 432 4948 2018 5028">
    <p class='ocr_par' dir='ltr' id='par_1_51' title="bbox 432 4948 2018 5028">
     <span class='ocr_line' id='line_1_51' title="bbox 432 4948 2018 5028; baseline -0.012 -6"><span class='ocrx_word' id='word_1_387' title='bbox 432 4963 646 5024; x_wconf 84' lang='lat' dir='ltr'><strong>steriles</strong></span> <span class='ocrx_word' id='word_1_388' title='bbox 687 4969 813 5018; x_wconf 87' lang='lat' dir='ltr'><strong>sunt</strong></span> <span class='ocrx_word' id='word_1_389' title='bbox 836 5001 850 5025; x_wconf 84' lang='lat'><strong>,</strong></span> <span class='ocrx_word' id='word_1_390' title='bbox 887 4973 956 5014; x_wconf 91' lang='lat' dir='ltr'><strong>ne</strong></span> <span class='ocrx_word' id='word_1_391' title='bbox 1000 4956 1322 5028; x_wconf 85' lang='lat' dir='ltr'><strong>desperent:</strong></span> <span class='ocrx_word' id='word_1_392' title='bbox 1349 4967 1468 5024; x_wconf 62' lang='lat' dir='ltr'><strong>quae</strong></span> <span class='ocrx_word' id='word_1_393' title='bbox 1507 4959 1702 5008; x_wconf 87' lang='lat' dir='ltr'><strong>matres</strong></span> <span class='ocrx_word' id='word_1_394' title='bbox 1739 4958 1900 5014; x_wconf 89' lang='lat' dir='ltr'><strong>sunt,</strong></span> <span class='ocrx_word' id='word_1_395' title='bbox 1937 4948 2018 5004; x_wconf 90' lang='lat' dir='ltr'><strong>sic</strong></span> 
     </span>
    </p>
   </div>
   <div class='ocr_carea' id='block_1_52' title="bbox 432 5041 2016 5112">
    <p class='ocr_par' dir='ltr' id='par_1_52' title="bbox 432 5041 2016 5112">
     <span class='ocr_line' id='line_1_52' title="bbox 432 5041 2016 5112; baseline -0.007 -5"><span class='ocrx_word' id='word_1_396' title='bbox 432 5057 663 5112; x_wconf 75' lang='lat' dir='ltr'><strong>educent</strong></span> <span class='ocrx_word' id='word_1_397' title='bbox 705 5062 857 5107; x_wconf 86' lang='lat' dir='ltr'><strong>natos</strong></span> <span class='ocrx_word' id='word_1_398' title='bbox 901 5050 1138 5110; x_wconf 62' lang='lat' dir='ltr'><strong>liberis;</strong></span> <span class='ocrx_word' id='word_1_399' title='bbox 1167 5045 1261 5102; x_wconf 87' lang='lat' dir='ltr'><strong>sed</strong></span> <span class='ocrx_word' id='word_1_400' title='bbox 1307 5059 1494 5098; x_wconf 90' lang='lat' dir='ltr'><strong>omnes</strong></span> <span class='ocrx_word' id='word_1_401' title='bbox 1540 5043 1698 5098; x_wconf 90' lang='lat' dir='ltr'><strong>simul</strong></span> <span class='ocrx_word' id='word_1_402' title='bbox 1746 5041 2016 5097; x_wconf 87' lang='lat' dir='ltr'><strong>imitemur</strong></span> 
     </span>
    </p>
   </div>
   <div class='ocr_carea' id='block_1_53' title="bbox 433 5132 2017 5214">
    <p class='ocr_par' dir='ltr' id='par_1_53' title="bbox 433 5132 2017 5214">
     <span class='ocr_line' id='line_1_53' title="bbox 433 5132 2017 5214; baseline -0.009 -14"><span class='ocrx_word' id='word_1_403' title='bbox 433 5145 672 5210; x_wconf 85' lang='lat' dir='ltr'><strong>mulieris</strong></span> <span class='ocrx_word' id='word_1_404' title='bbox 686 5139 1093 5214; x_wconf 77' lang='lat' dir='ltr'><strong>philosOphiam,</strong></span> <span class='ocrx_word' id='word_1_405' title='bbox 1112 5152 1269 5206; x_wconf 87' lang='lat' dir='ltr'><strong>quam</strong></span> <span class='ocrx_word' id='word_1_406' title='bbox 1284 5135 1467 5192; x_wconf 88' lang='lat' dir='ltr'><strong>habuit</strong></span> <span class='ocrx_word' id='word_1_407' title='bbox 1481 5144 1603 5189; x_wconf 90' lang='lat' dir='ltr'><strong>ante</strong></span> <span class='ocrx_word' id='word_1_408' title='bbox 1619 5141 1848 5204; x_wconf 86' lang='lat' dir='ltr'><strong>partum,</strong></span> <span class='ocrx_word' id='word_1_409' title='bbox 1861 5132 2017 5186; x_wconf 91' lang='lat' dir='ltr'><strong>ﬁdem</strong></span> 
     </span>
    </p>
   </div>
   <div class='ocr_carea' id='block_1_54' title="bbox 435 5221 2022 5306">
    <p class='ocr_par' dir='ltr' id='par_1_54' title="bbox 435 5221 2022 5306">
     <span class='ocr_line' id='line_1_54' title="bbox 435 5221 2022 5306; baseline -0.009 -16"><span class='ocrx_word' id='word_1_410' title='bbox 435 5250 595 5306; x_wconf 80' lang='lat' dir='ltr'><strong>quam</strong></span> <span class='ocrx_word' id='word_1_411' title='bbox 649 5231 833 5292; x_wconf 85' lang='lat' dir='ltr'><strong>habuit</strong></span> <span class='ocrx_word' id='word_1_412' title='bbox 886 5233 938 5286; x_wconf 91' lang='lat' dir='ltr'><strong>in</strong></span> <span class='ocrx_word' id='word_1_413' title='bbox 987 5237 1138 5298; x_wconf 89' lang='lat' dir='ltr'><strong>partu</strong></span> <span class='ocrx_word' id='word_1_414' title='bbox 1178 5267 1192 5290; x_wconf 91' lang='lat'><strong>,</strong></span> <span class='ocrx_word' id='word_1_415' title='bbox 1243 5225 1581 5295; x_wconf 89' lang='lat' dir='ltr'><strong>studiumque</strong></span> <span class='ocrx_word' id='word_1_416' title='bbox 1633 5221 1775 5294; x_wconf 91' lang='lat' dir='ltr'><strong>quod</strong></span> <span class='ocrx_word' id='word_1_417' title='bbox 1838 5221 2022 5276; x_wconf 88' lang='lat' dir='ltr'><strong>habuit</strong></span> 
     </span>
    </p>
   </div>
   <div class='ocr_carea' id='block_1_55' title="bbox 439 5313 2019 5398">
    <p class='ocr_par' dir='ltr' id='par_1_55' title="bbox 439 5313 2019 5398">
     <span class='ocr_line' id='line_1_55' title="bbox 439 5313 2019 5398; baseline -0.009 -19"><span class='ocrx_word' id='word_1_418' title='bbox 439 5335 573 5398; x_wconf 65' lang='lat' dir='ltr'><strong>post</strong></span> <span class='ocrx_word' id='word_1_419' title='bbox 596 5334 824 5394; x_wconf 79' lang='lat' dir='ltr'><strong>partum.</strong></span> <span class='ocrx_word' id='word_1_420' title='bbox 851 5319 991 5387; x_wconf 84' lang='lat' dir='ltr'><strong>Quid</strong></span> <span class='ocrx_word' id='word_1_421' title='bbox 1015 5319 1156 5375; x_wconf 89' lang='lat' dir='ltr'><strong>enim</strong></span> <span class='ocrx_word' id='word_1_422' title='bbox 1191 5332 1310 5374; x_wconf 89' lang='lat' dir='ltr'><strong>esse</strong></span> <span class='ocrx_word' id='word_1_423' title='bbox 1349 5316 1515 5386; x_wconf 88' lang='lat' dir='ltr'><strong>possit</strong></span> <span class='ocrx_word' id='word_1_424' title='bbox 1540 5315 1627 5368; x_wconf 87' lang='lat' dir='ltr'><strong>illa</strong></span> <span class='ocrx_word' id='word_1_425' title='bbox 1656 5313 1877 5368; x_wconf 86' lang='lat' dir='ltr'><strong>muliere</strong></span> <span class='ocrx_word' id='word_1_426' title='bbox 1903 5327 2019 5366; x_wconf 88' lang='lat' dir='ltr'><strong>ma-</strong></span> 
     </span>
    </p>
   </div>
   <div class='ocr_carea' id='block_1_56' title="bbox 436 5401 2025 5490">
    <p class='ocr_par' dir='ltr' id='par_1_56' title="bbox 436 5401 2025 5490">
     <span class='ocr_line' id='line_1_56' title="bbox 436 5401 2025 5490; baseline -0.011 -17"><span class='ocrx_word' id='word_1_427' title='bbox 436 5421 521 5490; x_wconf 77' lang='lat' dir='ltr'><strong>gis</strong></span> <span class='ocrx_word' id='word_1_428' title='bbox 581 5411 1003 5486; x_wconf 81' lang='lat' dir='ltr'><strong>philosophicum</strong></span> <span class='ocrx_word' id='word_1_429' title='bbox 1031 5451 1046 5477; x_wconf 95' lang='lat'><strong>,</strong></span> <span class='ocrx_word' id='word_1_430' title='bbox 1095 5423 1214 5479; x_wconf 65' lang='lat' dir='ltr'><strong>qua:</strong></span> <span class='ocrx_word' id='word_1_431' title='bbox 1256 5405 1613 5462; x_wconf 87' lang='lat' dir='ltr'><strong>calamitatem</strong></span> <span class='ocrx_word' id='word_1_432' title='bbox 1654 5402 1789 5457; x_wconf 89' lang='lat' dir='ltr'><strong>adeo</strong></span> <span class='ocrx_word' id='word_1_433' title='bbox 1833 5401 2025 5456; x_wconf 85' lang='lat' dir='ltr'><strong>intole-</strong></span> 
     </span>
    </p>
   </div>
   <div class='ocr_carea' id='block_1_57' title="bbox 440 5486 2022 5574">
    <p class='ocr_par' dir='ltr' id='par_1_57' title="bbox 440 5486 2022 5574">
     <span class='ocr_line' id='line_1_57' title="bbox 440 5486 2022 5574; baseline -0.014 -8"><span class='ocrx_word' id='word_1_434' title='bbox 440 5486 662 5566; x_wconf 68' lang='lat' dir='ltr'><strong>rabiletn</strong></span> <span class='ocrx_word' id='word_1_435' title='bbox 703 5499 910 5574; x_wconf 87' lang='lat' dir='ltr'><strong>placide</strong></span> <span class='ocrx_word' id='word_1_436' title='bbox 958 5498 1267 5570; x_wconf 84' lang='lat' dir='ltr'><strong>fortiterque</strong></span> <span class='ocrx_word' id='word_1_437' title='bbox 1297 5496 1451 5560; x_wconf 90' lang='lat' dir='ltr'><strong>tulit,</strong></span> <span class='ocrx_word' id='word_1_438' title='bbox 1485 5509 1584 5548; x_wconf 90' lang='lat' dir='ltr'><strong>nec</strong></span> <span class='ocrx_word' id='word_1_439' title='bbox 1618 5486 1760 5563; x_wconf 78' lang='lat' dir='ltr'><strong>prius</strong></span> <span class='ocrx_word' id='word_1_440' title='bbox 1788 5491 2022 5557; x_wconf 91' lang='lat' dir='ltr'><strong>destitit,</strong></span> 
     </span>
    </p>
   </div>
   <div class='ocr_carea' id='block_1_58' title="bbox 441 5580 2023 5654">
    <p class='ocr_par' dir='ltr' id='par_1_58' title="bbox 441 5580 2023 5654">
     <span class='ocr_line' id='line_1_58' title="bbox 441 5580 2023 5654; baseline -0.011 -4"><span class='ocrx_word' id='word_1_441' title='bbox 441 5596 613 5654; x_wconf 87' lang='lat' dir='ltr'><strong>donec</strong></span> <span class='ocrx_word' id='word_1_442' title='bbox 650 5608 768 5654; x_wconf 82' lang='lat' dir='ltr'><strong>eam</strong></span> <span class='ocrx_word' id='word_1_443' title='bbox 797 5589 1098 5650; x_wconf 87' lang='lat' dir='ltr'><strong>molestiam</strong></span> <span class='ocrx_word' id='word_1_444' title='bbox 1126 5587 1396 5647; x_wconf 55' lang='lat' dir='ltr'><strong>discussa.</strong></span> <span class='ocrx_word' id='word_1_445' title='bbox 1424 5583 1658 5652; x_wconf 88' lang='lat' dir='ltr'><strong>malique</strong></span> <span class='ocrx_word' id='word_1_446' title='bbox 1687 5580 1845 5636; x_wconf 90' lang='lat' dir='ltr'><strong>ﬁnem</strong></span> <span class='ocrx_word' id='word_1_447' title='bbox 1869 5595 2023 5650; x_wconf 87' lang='lat' dir='ltr'><strong>repe-</strong></span> 
     </span>
    </p>
   </div>
   <div class='ocr_carea' id='block_1_59' title="bbox 445 5668 2024 5752">
    <p class='ocr_par' dir='ltr' id='par_1_59' title="bbox 445 5668 2024 5752">
     <span class='ocr_line' id='line_1_59' title="bbox 445 5668 2024 5752; baseline -0.013 -10"><span class='ocrx_word' id='word_1_448' title='bbox 445 5686 550 5752; x_wconf 86' lang='lat' dir='ltr'><strong>rit,</strong></span> <span class='ocrx_word' id='word_1_449' title='bbox 581 5693 700 5740; x_wconf 90' lang='lat' dir='ltr'><strong>tum</strong></span> <span class='ocrx_word' id='word_1_450' title='bbox 743 5679 1146 5744; x_wconf 88' lang='lat' dir='ltr'><strong>admirandum,</strong></span> <span class='ocrx_word' id='word_1_451' title='bbox 1191 5687 1300 5732; x_wconf 90' lang='lat' dir='ltr'><strong>tum</strong></span> <span class='ocrx_word' id='word_1_452' title='bbox 1354 5670 1755 5736; x_wconf 86' lang='lat' dir='ltr'><strong>incredibilem,</strong></span> <span class='ocrx_word' id='word_1_453' title='bbox 1793 5668 1936 5724; x_wconf 83' lang='lat' dir='ltr'><strong>nullo</strong></span> <span class='ocrx_word' id='word_1_454' title='bbox 1991 5683 2024 5724; x_wconf 91' lang='lat' dir='ltr'><strong>e</strong></span> 
     </span>
    </p>
   </div>
   <div class='ocr_carea' id='block_1_60' title="bbox 1047 290 2847 358">
    <p class='ocr_par' dir='ltr' id='par_1_60' title="bbox 1047 290 2847 358">
     <span class='ocr_line' id='line_1_60' title="bbox 1047 290 2847 358; baseline -0.007 0"><span class='ocrx_word' id='word_1_455' title='bbox 1047 302 1104 358; x_wconf 91' lang='lat' dir='ltr'><strong>S.</strong></span> <span class='ocrx_word' id='word_1_456' title='bbox 1143 299 1422 358; x_wconf 78' lang='lat' dir='ltr'><strong>JOANNIS</strong></span> <span class='ocrx_word' id='word_1_457' title='bbox 1457 292 1931 355; x_wconf 75' lang='lat' dir='ltr'><strong>CllRYSOS&#39;I&#39;OMl</strong></span> <span class='ocrx_word' id='word_1_458' title='bbox 1971 290 2285 348; x_wconf 79' lang='lat' dir='ltr'><strong>ARCHIEP.</strong></span> <span class='ocrx_word' id='word_1_459' title='bbox 2315 291 2847 348; x_wconf 70' lang='lat' dir='ltr'><strong>CONS‘I&#39;ANTINOI‘.</strong></span> 
     </span>
    </p>
   </div>
   <div class='ocr_carea' id='block_1_61' title="bbox 3559 295 3661 352">
    <p class='ocr_par' dir='ltr' id='par_1_61' title="bbox 3559 295 3661 352">
     <span class='ocr_line' id='line_1_61' title="bbox 3559 295 3661 352; baseline 0 0"><span class='ocrx_word' id='word_1_460' title='bbox 3559 295 3661 352; x_wconf 62' lang='grc'><strong>641</strong></span> 
     </span>
    </p>
   </div>
   <div class='ocr_carea' id='block_1_62' title="bbox 2082 400 3669 473">
    <p class='ocr_par' dir='ltr' id='par_1_62' title="bbox 2082 400 3669 473">
     <span class='ocr_line' id='line_1_62' title="bbox 2082 400 3669 473; baseline 0.004 -17"><span class='ocrx_word' id='word_1_461' title='bbox 2082 404 2309 458; x_wconf 86' lang='lat' dir='ltr'><strong>terrenis</strong></span> <span class='ocrx_word' id='word_1_462' title='bbox 2333 403 2503 458; x_wconf 91' lang='lat' dir='ltr'><strong>accito</strong></span> <span class='ocrx_word' id='word_1_463' title='bbox 2528 403 2772 473; x_wconf 86' lang='lat' dir='ltr'><strong>adjutore</strong></span> <span class='ocrx_word' id='word_1_464' title='bbox 2797 411 2852 458; x_wconf 90' lang='lat' dir='ltr'><strong>et</strong></span> <span class='ocrx_word' id='word_1_465' title='bbox 2877 400 3238 472; x_wconf 86' lang='lat' dir='ltr'><strong>opitulatore?</strong></span> <span class='ocrx_word' id='word_1_466' title='bbox 3266 401 3496 460; x_wconf 85' lang='lat' dir='ltr'><strong>Noverat</strong></span> <span class='ocrx_word' id='word_1_467' title='bbox 3518 407 3669 462; x_wconf 87' lang='lat' dir='ltr'><strong>enim</strong></span> 
     </span>
    </p>
   </div>
   <div class='ocr_carea' id='block_1_63' title="bbox 2079 493 3670 564">
    <p class='ocr_par' dir='ltr' id='par_1_63' title="bbox 2079 493 3670 564">
     <span class='ocr_line' id='line_1_63' title="bbox 2079 493 3670 564; baseline 0.001 -16"><span class='ocrx_word' id='word_1_468' title='bbox 2079 495 2459 548; x_wconf 87' lang='lat' dir='ltr'><strong>humanitatem</strong></span> <span class='ocrx_word' id='word_1_469' title='bbox 2491 494 2718 559; x_wconf 87' lang='lat' dir='ltr'><strong>Domini,</strong></span> <span class='ocrx_word' id='word_1_470' title='bbox 2742 507 2912 564; x_wconf 92' lang='lat' dir='ltr'><strong>eoque</strong></span> <span class='ocrx_word' id='word_1_471' title='bbox 2940 493 3054 547; x_wconf 91' lang='lat' dir='ltr'><strong>sola</strong></span> <span class='ocrx_word' id='word_1_472' title='bbox 3082 494 3229 548; x_wconf 91' lang='lat' dir='ltr'><strong>illum</strong></span> <span class='ocrx_word' id='word_1_473' title='bbox 3255 493 3405 559; x_wconf 90' lang='lat' dir='ltr'><strong>adiit,</strong></span> <span class='ocrx_word' id='word_1_474' title='bbox 3433 505 3488 550; x_wconf 91' lang='lat' dir='ltr'><strong>et</strong></span> <span class='ocrx_word' id='word_1_475' title='bbox 3513 499 3670 564; x_wconf 82' lang='lat' dir='ltr'><strong>quid-</strong></span> 
     </span>
    </p>
   </div>
   <div class='ocr_carea' id='block_1_64' title="bbox 2077 585 3670 657">
    <p class='ocr_par' dir='ltr' id='par_1_64' title="bbox 2077 585 3670 657">
     <span class='ocr_line' id='line_1_64' title="bbox 2077 585 3670 657; baseline 0.003 -19"><span class='ocrx_word' id='word_1_476' title='bbox 2077 587 2192 656; x_wconf 90' lang='lat' dir='ltr'><strong>quit</strong></span> <span class='ocrx_word' id='word_1_477' title='bbox 2207 587 2370 641; x_wconf 90' lang='lat' dir='ltr'><strong>voluit</strong></span> <span class='ocrx_word' id='word_1_478' title='bbox 2387 587 2701 657; x_wconf 83' lang='lat' dir='ltr'><strong>impetravit.</strong></span> <span class='ocrx_word' id='word_1_479' title='bbox 2722 585 2904 656; x_wconf 85' lang='lat' dir='ltr'><strong>Neque</strong></span> <span class='ocrx_word' id='word_1_480' title='bbox 2917 585 3060 640; x_wconf 92' lang='lat' dir='ltr'><strong>enim</strong></span> <span class='ocrx_word' id='word_1_481' title='bbox 3079 586 3369 641; x_wconf 89' lang='lat' dir='ltr'><strong>humanum</strong></span> <span class='ocrx_word' id='word_1_482' title='bbox 3384 588 3670 655; x_wconf 75' lang='lat' dir='ltr'><strong>auxilium,</strong></span> 
     </span>
    </p>
   </div>
   <div class='ocr_carea' id='block_1_65' title="bbox 2078 677 3672 748">
    <p class='ocr_par' dir='ltr' id='par_1_65' title="bbox 2078 677 3672 748">
     <span class='ocr_line' id='line_1_65' title="bbox 2078 677 3672 748; baseline 0.002 -16"><span class='ocrx_word' id='word_1_483' title='bbox 2078 677 2173 733; x_wconf 91' lang='lat' dir='ltr'><strong>sed</strong></span> <span class='ocrx_word' id='word_1_484' title='bbox 2201 678 2436 734; x_wconf 87' lang='lat' dir='ltr'><strong>divinam</strong></span> <span class='ocrx_word' id='word_1_485' title='bbox 2461 679 2684 748; x_wconf 78' lang='lat' dir='ltr'><strong>gratiam</strong></span> <span class='ocrx_word' id='word_1_486' title='bbox 2709 678 3013 747; x_wconf 83' lang='lat' dir='ltr'><strong>requirebat</strong></span> <span class='ocrx_word' id='word_1_487' title='bbox 3041 677 3182 731; x_wconf 85' lang='lat' dir='ltr'><strong>illius</strong></span> <span class='ocrx_word' id='word_1_488' title='bbox 3209 677 3440 733; x_wconf 74' lang='lat' dir='ltr'><strong>tristitia:</strong></span> <span class='ocrx_word' id='word_1_489' title='bbox 3479 693 3672 735; x_wconf 87' lang='lat' dir='ltr'><strong>corre-</strong></span> 
     </span>
    </p>
   </div>
   <div class='ocr_carea' id='block_1_66' title="bbox 2077 769 3672 838">
    <p class='ocr_par' dir='ltr' id='par_1_66' title="bbox 2077 769 3672 838">
     <span class='ocr_line' id='line_1_66' title="bbox 2077 769 3672 838; baseline -0.001 -12"><span class='ocrx_word' id='word_1_490' title='bbox 2077 773 2186 826; x_wconf 91' lang='lat' dir='ltr'><strong>ctio</strong></span> <span class='ocrx_word' id='word_1_491' title='bbox 2209 788 2221 823; x_wconf 90' lang='lat'><strong>:</strong></span> <span class='ocrx_word' id='word_1_492' title='bbox 2243 786 2305 826; x_wconf 84' lang='lat' dir='ltr'><strong>ea</strong></span> <span class='ocrx_word' id='word_1_493' title='bbox 2322 771 2468 826; x_wconf 89' lang='lat' dir='ltr'><strong>enim</strong></span> <span class='ocrx_word' id='word_1_494' title='bbox 2497 785 2603 824; x_wconf 91' lang='lat' dir='ltr'><strong>non</strong></span> <span class='ocrx_word' id='word_1_495' title='bbox 2633 769 2948 824; x_wconf 88' lang='lat' dir='ltr'><strong>nascebatur</strong></span> <span class='ocrx_word' id='word_1_496' title='bbox 2974 784 3040 823; x_wconf 86' lang='lat' dir='ltr'><strong>ex</strong></span> <span class='ocrx_word' id='word_1_497' title='bbox 3063 769 3270 837; x_wconf 88' lang='lat' dir='ltr'><strong>jactura</strong></span> <span class='ocrx_word' id='word_1_498' title='bbox 3297 771 3672 838; x_wconf 80' lang='lat' dir='ltr'><strong>pecuniarum.</strong></span> 
     </span>
    </p>
   </div>
   <div class='ocr_carea' id='block_1_67' title="bbox 2081 858 3670 930">
    <p class='ocr_par' dir='ltr' id='par_1_67' title="bbox 2081 858 3670 930">
     <span class='ocr_line' id='line_1_67' title="bbox 2081 858 3670 930; baseline 0.001 -16"><span class='ocrx_word' id='word_1_499' title='bbox 2081 870 2136 915; x_wconf 90' lang='lat' dir='ltr'><strong>ut</strong></span> <span class='ocrx_word' id='word_1_500' title='bbox 2185 860 2375 930; x_wconf 87' lang='lat' dir='ltr'><strong>aliquis</strong></span> <span class='ocrx_word' id='word_1_501' title='bbox 2411 861 2574 914; x_wconf 89' lang='lat' dir='ltr'><strong>allato</strong></span> <span class='ocrx_word' id='word_1_502' title='bbox 2615 874 2748 914; x_wconf 89' lang='lat' dir='ltr'><strong>auro</strong></span> <span class='ocrx_word' id='word_1_503' title='bbox 2788 858 3016 914; x_wconf 84' lang='lat' dir='ltr'><strong>dilueret</strong></span> <span class='ocrx_word' id='word_1_504' title='bbox 3061 873 3318 929; x_wconf 89' lang='lat' dir='ltr'><strong>angorem</strong></span> <span class='ocrx_word' id='word_1_505' title='bbox 3345 876 3362 916; x_wconf 88' lang='lat'><strong>:</strong></span> <span class='ocrx_word' id='word_1_506' title='bbox 3389 875 3564 930; x_wconf 80' lang='lat' dir='ltr'><strong>neque</strong></span> <span class='ocrx_word' id='word_1_507' title='bbox 3604 878 3670 916; x_wconf 83' lang='lat' dir='ltr'><strong>ex</strong></span> 
     </span>
    </p>
   </div>
   <div class='ocr_carea' id='block_1_68' title="bbox 2079 949 3674 1020">
    <p class='ocr_par' dir='ltr' id='par_1_68' title="bbox 2079 949 3674 1020">
     <span class='ocr_line' id='line_1_68' title="bbox 2079 949 3674 1020; baseline 0 -14"><span class='ocrx_word' id='word_1_508' title='bbox 2079 951 2300 1006; x_wconf 87' lang='lat' dir='ltr'><strong>adversa</strong></span> <span class='ocrx_word' id='word_1_509' title='bbox 2327 951 2567 1020; x_wconf 86' lang='lat' dir='ltr'><strong>corporis</strong></span> <span class='ocrx_word' id='word_1_510' title='bbox 2595 949 2894 1005; x_wconf 88' lang='lat' dir='ltr'><strong>valetudine</strong></span> <span class='ocrx_word' id='word_1_511' title='bbox 2915 991 2929 1014; x_wconf 96' lang='lat'><strong>,</strong></span> <span class='ocrx_word' id='word_1_512' title='bbox 2957 957 3013 1002; x_wconf 91' lang='lat' dir='ltr'><strong>ut</strong></span> <span class='ocrx_word' id='word_1_513' title='bbox 3039 949 3228 1004; x_wconf 82' lang='lat' dir='ltr'><strong>accitis</strong></span> <span class='ocrx_word' id='word_1_514' title='bbox 3268 950 3489 1005; x_wconf 87' lang='lat' dir='ltr'><strong>medicis</strong></span> <span class='ocrx_word' id='word_1_515' title='bbox 3519 966 3674 1006; x_wconf 77' lang='lat' dir='ltr'><strong>mor-</strong></span> 
     </span>
    </p>
   </div>
   <div class='ocr_carea' id='block_1_69' title="bbox 2083 1039 3672 1109">
    <p class='ocr_par' dir='ltr' id='par_1_69' title="bbox 2083 1039 3672 1109">
     <span class='ocr_line' id='line_1_69' title="bbox 2083 1039 3672 1109; baseline 0.001 -15"><span class='ocrx_word' id='word_1_516' title='bbox 2083 1042 2210 1096; x_wconf 87' lang='lat' dir='ltr'><strong>bum</strong></span> <span class='ocrx_word' id='word_1_517' title='bbox 2239 1051 2417 1108; x_wconf 86' lang='lat' dir='ltr'><strong>posset</strong></span> <span class='ocrx_word' id='word_1_518' title='bbox 2445 1041 2680 1109; x_wconf 83' lang='lat' dir='ltr'><strong>abigere.</strong></span> <span class='ocrx_word' id='word_1_519' title='bbox 2713 1039 2910 1094; x_wconf 88' lang='lat' dir='ltr'><strong>Natura</strong></span> <span class='ocrx_word' id='word_1_520' title='bbox 2937 1048 3053 1094; x_wconf 87' lang='lat' dir='ltr'><strong>erat</strong></span> <span class='ocrx_word' id='word_1_521' title='bbox 3079 1042 3218 1094; x_wconf 92' lang='lat' dir='ltr'><strong>male</strong></span> <span class='ocrx_word' id='word_1_522' title='bbox 3245 1039 3435 1096; x_wconf 81' lang='lat' dir='ltr'><strong>affccta</strong></span> <span class='ocrx_word' id='word_1_523' title='bbox 3461 1083 3477 1107; x_wconf 94' lang='lat'><strong>,</strong></span> <span class='ocrx_word' id='word_1_524' title='bbox 3504 1043 3672 1096; x_wconf 68' lang='lat' dir='ltr'><strong>cmic-</strong></span> 
     </span>
    </p>
   </div>
   <div class='ocr_carea' id='block_1_70' title="bbox 2082 1131 3674 1203">
    <p class='ocr_par' dir='ltr' id='par_1_70' title="bbox 2082 1131 3674 1203">
     <span class='ocr_line' id='line_1_70' title="bbox 2082 1131 3674 1203; baseline 0.002 -17"><span class='ocrx_word' id='word_1_525' title='bbox 2082 1143 2219 1186; x_wconf 91' lang='lat' dir='ltr'><strong>stem</strong></span> <span class='ocrx_word' id='word_1_526' title='bbox 2257 1147 2474 1186; x_wconf 89' lang='lat' dir='ltr'><strong>manum</strong></span> <span class='ocrx_word' id='word_1_527' title='bbox 2513 1131 2845 1186; x_wconf 88' lang='lat' dir='ltr'><strong>desiderans.</strong></span> <span class='ocrx_word' id='word_1_528' title='bbox 2898 1131 3081 1202; x_wconf 86' lang='lat' dir='ltr'><strong>quue</strong></span> <span class='ocrx_word' id='word_1_529' title='bbox 3121 1146 3253 1186; x_wconf 81' lang='lat' dir='ltr'><strong>sane</strong></span> <span class='ocrx_word' id='word_1_530' title='bbox 3293 1136 3674 1203; x_wconf 84' lang='lat' dir='ltr'><strong>praetermissis</strong></span> 
     </span>
    </p>
   </div>
   <div class='ocr_carea' id='block_1_71' title="bbox 2083 1223 3673 1296">
    <p class='ocr_par' dir='ltr' id='par_1_71' title="bbox 2083 1223 3673 1296">
     <span class='ocr_line' id='line_1_71' title="bbox 2083 1223 3673 1296; baseline 0.003 -19"><span class='ocrx_word' id='word_1_531' title='bbox 2083 1225 2332 1278; x_wconf 89' lang='lat' dir='ltr'><strong>omnibus</strong></span> <span class='ocrx_word' id='word_1_532' title='bbox 2353 1224 2600 1288; x_wconf 87' lang='lat' dir='ltr'><strong>terrenis,</strong></span> <span class='ocrx_word' id='word_1_533' title='bbox 2631 1223 2697 1277; x_wconf 91' lang='lat' dir='ltr'><strong>ad</strong></span> <span class='ocrx_word' id='word_1_534' title='bbox 2730 1232 2935 1278; x_wconf 73' lang='lat' dir='ltr'><strong>natura:</strong></span> <span class='ocrx_word' id='word_1_535' title='bbox 2968 1225 3250 1279; x_wconf 89' lang='lat' dir='ltr'><strong>Dominum</strong></span> <span class='ocrx_word' id='word_1_536' title='bbox 3273 1225 3536 1296; x_wconf 87' lang='lat' dir='ltr'><strong>confugit,</strong></span> <span class='ocrx_word' id='word_1_537' title='bbox 3569 1243 3673 1282; x_wconf 87' lang='lat' dir='ltr'><strong>nec</strong></span> 
     </span>
    </p>
   </div>
   <div class='ocr_carea' id='block_1_72' title="bbox 2086 1316 3676 1386">
    <p class='ocr_par' dir='ltr' id='par_1_72' title="bbox 2086 1316 3676 1386">
     <span class='ocr_line' id='line_1_72' title="bbox 2086 1316 3676 1386; baseline 0.002 -16"><span class='ocrx_word' id='word_1_538' title='bbox 2086 1319 2229 1386; x_wconf 82' lang='lat' dir='ltr'><strong>prius</strong></span> <span class='ocrx_word' id='word_1_539' title='bbox 2256 1317 2476 1382; x_wconf 88' lang='lat' dir='ltr'><strong>destitit,</strong></span> <span class='ocrx_word' id='word_1_540' title='bbox 2507 1333 2666 1385; x_wconf 87' lang='lat' dir='ltr'><strong>quam</strong></span> <span class='ocrx_word' id='word_1_541' title='bbox 2697 1316 2847 1371; x_wconf 89' lang='lat' dir='ltr'><strong>illum</strong></span> <span class='ocrx_word' id='word_1_542' title='bbox 2872 1326 3141 1384; x_wconf 86' lang='lat' dir='ltr'><strong>exoraret,</strong></span> <span class='ocrx_word' id='word_1_543' title='bbox 3175 1327 3231 1374; x_wconf 89' lang='lat' dir='ltr'><strong>ut</strong></span> <span class='ocrx_word' id='word_1_544' title='bbox 3255 1319 3540 1374; x_wconf 85' lang='lat' dir='ltr'><strong>orbitatem</strong></span> <span class='ocrx_word' id='word_1_545' title='bbox 3571 1320 3676 1374; x_wconf 72' lang='lat' dir='ltr'><strong>tol-</strong></span> 
     </span>
    </p>
   </div>
   <div class='ocr_carea' id='block_1_73' title="bbox 2087 1409 3670 1480">
    <p class='ocr_par' dir='ltr' id='par_1_73' title="bbox 2087 1409 3670 1480">
     <span class='ocr_line' id='line_1_73' title="bbox 2087 1409 3670 1480; baseline 0 -15"><span class='ocrx_word' id='word_1_546' title='bbox 2087 1411 2238 1475; x_wconf 85' lang='lat' dir='ltr'><strong>leret,</strong></span> <span class='ocrx_word' id='word_1_547' title='bbox 2269 1426 2331 1464; x_wconf 89' lang='lat' dir='ltr'><strong>ac</strong></span> <span class='ocrx_word' id='word_1_548' title='bbox 2349 1411 2564 1465; x_wconf 87' lang='lat' dir='ltr'><strong>vulvam</strong></span> <span class='ocrx_word' id='word_1_549' title='bbox 2586 1410 2837 1480; x_wconf 89' lang='lat' dir='ltr'><strong>aperiret,</strong></span> <span class='ocrx_word' id='word_1_550' title='bbox 2857 1425 2994 1480; x_wconf 88' lang='lat' dir='ltr'><strong>eque</strong></span> <span class='ocrx_word' id='word_1_551' title='bbox 3013 1409 3178 1464; x_wconf 86' lang='lat' dir='ltr'><strong>sterili</strong></span> <span class='ocrx_word' id='word_1_552' title='bbox 3202 1410 3402 1467; x_wconf 87' lang='lat' dir='ltr'><strong>faceret</strong></span> <span class='ocrx_word' id='word_1_553' title='bbox 3423 1422 3670 1467; x_wconf 86' lang='lat' dir='ltr'><strong>matrem.</strong></span> 
     </span>
    </p>
   </div>
   <div class='ocr_carea' id='block_1_74' title="bbox 2087 1501 3670 1572">
    <p class='ocr_par' dir='ltr' id='par_1_74' title="bbox 2087 1501 3670 1572">
     <span class='ocr_line' id='line_1_74' title="bbox 2087 1501 3670 1572; baseline 0.001 -16"><span class='ocrx_word' id='word_1_554' title='bbox 2087 1501 2266 1571; x_wconf 87' lang='lat' dir='ltr'><strong>Itaque</strong></span> <span class='ocrx_word' id='word_1_555' title='bbox 2289 1503 2441 1558; x_wconf 82' lang='lat' dir='ltr'><strong>beata</strong></span> <span class='ocrx_word' id='word_1_556' title='bbox 2465 1510 2549 1556; x_wconf 89' lang='lat' dir='ltr'><strong>est</strong></span> <span class='ocrx_word' id='word_1_557' title='bbox 2573 1510 2628 1558; x_wconf 88' lang='lat' dir='ltr'><strong>et</strong></span> <span class='ocrx_word' id='word_1_558' title='bbox 2654 1502 2724 1556; x_wconf 93' lang='lat' dir='ltr'><strong>ob</strong></span> <span class='ocrx_word' id='word_1_559' title='bbox 2751 1501 2872 1568; x_wconf 93' lang='lat' dir='ltr'><strong>hoc,</strong></span> <span class='ocrx_word' id='word_1_560' title='bbox 2904 1515 3009 1556; x_wconf 92' lang='lat' dir='ltr'><strong>non</strong></span> <span class='ocrx_word' id='word_1_561' title='bbox 3039 1502 3180 1572; x_wconf 92' lang='lat' dir='ltr'><strong>quod</strong></span> <span class='ocrx_word' id='word_1_562' title='bbox 3205 1511 3379 1558; x_wconf 83' lang='lat' dir='ltr'><strong>mater</strong></span> <span class='ocrx_word' id='word_1_563' title='bbox 3403 1503 3537 1560; x_wconf 86' lang='lat' dir='ltr'><strong>facta</strong></span> <span class='ocrx_word' id='word_1_564' title='bbox 3563 1506 3670 1569; x_wconf 87' lang='lat' dir='ltr'><strong>sit,</strong></span> 
     </span>
    </p>
   </div>
   <div class='ocr_carea' id='block_1_75' title="bbox 2087 1593 3674 1664">
    <p class='ocr_par' dir='ltr' id='par_1_75' title="bbox 2087 1593 3674 1664">
     <span class='ocr_line' id='line_1_75' title="bbox 2087 1593 3674 1664; baseline 0.002 -16"><span class='ocrx_word' id='word_1_565' title='bbox 2087 1593 2180 1648; x_wconf 90' lang='lat' dir='ltr'><strong>sed</strong></span> <span class='ocrx_word' id='word_1_566' title='bbox 2209 1593 2374 1663; x_wconf 89' lang='lat' dir='ltr'><strong>quod,</strong></span> <span class='ocrx_word' id='word_1_567' title='bbox 2395 1609 2518 1648; x_wconf 90' lang='lat' dir='ltr'><strong>cum</strong></span> <span class='ocrx_word' id='word_1_568' title='bbox 2545 1609 2648 1647; x_wconf 92' lang='lat' dir='ltr'><strong>non</strong></span> <span class='ocrx_word' id='word_1_569' title='bbox 2674 1601 2837 1653; x_wconf 88' lang='lat' dir='ltr'><strong>esset.</strong></span> <span class='ocrx_word' id='word_1_570' title='bbox 2863 1593 2997 1648; x_wconf 82' lang='lat' dir='ltr'><strong>facta</strong></span> <span class='ocrx_word' id='word_1_571' title='bbox 3025 1595 3112 1647; x_wconf 88' lang='lat' dir='ltr'><strong>sit.</strong></span> <span class='ocrx_word' id='word_1_572' title='bbox 3139 1593 3412 1664; x_wconf 77' lang='lat' dir='ltr'><strong>Siquidem</strong></span> <span class='ocrx_word' id='word_1_573' title='bbox 3437 1595 3561 1650; x_wconf 84' lang='lat' dir='ltr'><strong>illud</strong></span> <span class='ocrx_word' id='word_1_574' title='bbox 3589 1607 3674 1652; x_wconf 85' lang='lat' dir='ltr'><strong>est</strong></span> 
     </span>
    </p>
   </div>
   <div class='ocr_carea' id='block_1_76' title="bbox 2088 1683 3674 1747">
    <p class='ocr_par' dir='ltr' id='par_1_76' title="bbox 2088 1683 3674 1747">
     <span class='ocr_line' id='line_1_76' title="bbox 2088 1683 3674 1747; baseline 0.002 -7"><span class='ocrx_word' id='word_1_575' title='bbox 2088 1694 2291 1740; x_wconf 82' lang='lat' dir='ltr'><strong>natura:</strong></span> <span class='ocrx_word' id='word_1_576' title='bbox 2313 1699 2631 1747; x_wconf 87' lang='lat' dir='ltr'><strong>commune,</strong></span> <span class='ocrx_word' id='word_1_577' title='bbox 2662 1683 2766 1738; x_wconf 87' lang='lat' dir='ltr'><strong>hoc</strong></span> <span class='ocrx_word' id='word_1_578' title='bbox 2793 1694 2972 1738; x_wconf 90' lang='lat' dir='ltr'><strong>autem</strong></span> <span class='ocrx_word' id='word_1_579' title='bbox 3007 1694 3125 1740; x_wconf 88' lang='lat' dir='ltr'><strong>erat</strong></span> <span class='ocrx_word' id='word_1_580' title='bbox 3160 1685 3416 1741; x_wconf 87' lang='lat' dir='ltr'><strong>eximium</strong></span> <span class='ocrx_word' id='word_1_581' title='bbox 3461 1686 3674 1743; x_wconf 67' lang='lat' dir='ltr'><strong>fembta</strong></span> 
     </span>
    </p>
   </div>
   <div class='ocr_carea' id='block_1_77' title="bbox 2088 1775 3669 1846">
    <p class='ocr_par' dir='ltr' id='par_1_77' title="bbox 2088 1775 3669 1846">
     <span class='ocr_line' id='line_1_77' title="bbox 2088 1775 3669 1846; baseline 0.001 -14"><span class='ocrx_word' id='word_1_582' title='bbox 2088 1778 2355 1832; x_wconf 19' lang='lat' dir='ltr'><strong>meritum.</strong></span> <span class='ocrx_word' id='word_1_583' title='bbox 2394 1776 2553 1832; x_wconf 87' lang='lat' dir='ltr'><strong>Beata</strong></span> <span class='ocrx_word' id='word_1_584' title='bbox 2578 1775 2794 1846; x_wconf 88' lang='lat' dir='ltr'><strong>quidem</strong></span> <span class='ocrx_word' id='word_1_585' title='bbox 2824 1776 2981 1844; x_wconf 83' lang='lat' dir='ltr'><strong>igitur</strong></span> <span class='ocrx_word' id='word_1_586' title='bbox 3007 1783 3063 1830; x_wconf 89' lang='lat' dir='ltr'><strong>et</strong></span> <span class='ocrx_word' id='word_1_587' title='bbox 3091 1785 3307 1845; x_wconf 85' lang='lat' dir='ltr'><strong>prepter</strong></span> <span class='ocrx_word' id='word_1_588' title='bbox 3336 1778 3490 1832; x_wconf 86' lang='lat' dir='ltr'><strong>nixus</strong></span> <span class='ocrx_word' id='word_1_589' title='bbox 3516 1778 3669 1844; x_wconf 88' lang='lat' dir='ltr'><strong>illos,</strong></span> 
     </span>
    </p>
   </div>
   <div class='ocr_carea' id='block_1_78' title="bbox 2091 1865 3677 1936">
    <p class='ocr_par' dir='ltr' id='par_1_78' title="bbox 2091 1865 3677 1936">
     <span class='ocr_line' id='line_1_78' title="bbox 2091 1865 3677 1936; baseline -0.001 -15"><span class='ocrx_word' id='word_1_590' title='bbox 2091 1868 2436 1922; x_wconf 82' lang='lat' dir='ltr'><strong>nihilominus</strong></span> <span class='ocrx_word' id='word_1_591' title='bbox 2463 1876 2638 1921; x_wconf 91' lang='lat' dir='ltr'><strong>tamen</strong></span> <span class='ocrx_word' id='word_1_592' title='bbox 2667 1865 2816 1920; x_wconf 92' lang='lat' dir='ltr'><strong>beata</strong></span> <span class='ocrx_word' id='word_1_593' title='bbox 2846 1873 3063 1934; x_wconf 88' lang='lat' dir='ltr'><strong>pr0pter</strong></span> <span class='ocrx_word' id='word_1_594' title='bbox 3087 1865 3265 1920; x_wconf 85' lang='lat' dir='ltr'><strong>omnia</strong></span> <span class='ocrx_word' id='word_1_595' title='bbox 3293 1866 3378 1921; x_wconf 90' lang='lat' dir='ltr'><strong>illa</strong></span> <span class='ocrx_word' id='word_1_596' title='bbox 3405 1882 3525 1936; x_wconf 66' lang='lat' dir='ltr'><strong>quae</strong></span> <span class='ocrx_word' id='word_1_597' title='bbox 3554 1882 3677 1936; x_wconf 83' lang='lat' dir='ltr'><strong>par-</strong></span> 
     </span>
    </p>
   </div>
   <div class='ocr_carea' id='block_1_79' title="bbox 2093 1957 3676 2027">
    <p class='ocr_par' dir='ltr' id='par_1_79' title="bbox 2093 1957 3676 2027">
     <span class='ocr_line' id='line_1_79' title="bbox 2093 1957 3676 2027; baseline 0.002 -13"><span class='ocrx_word' id='word_1_598' title='bbox 2093 1969 2206 2014; x_wconf 91' lang='lat' dir='ltr'><strong>tum</strong></span> <span class='ocrx_word' id='word_1_599' title='bbox 2237 1967 2643 2027; x_wconf 69' lang='lat' dir='ltr'><strong>praecesserunt.</strong></span> <span class='ocrx_word' id='word_1_600' title='bbox 2672 1957 2832 2012; x_wconf 89' lang='lat' dir='ltr'><strong>Scitis</strong></span> <span class='ocrx_word' id='word_1_601' title='bbox 2855 1957 3000 2012; x_wconf 91' lang='lat' dir='ltr'><strong>enim</strong></span> <span class='ocrx_word' id='word_1_602' title='bbox 3037 1957 3276 2026; x_wconf 91' lang='lat' dir='ltr'><strong>profecto</strong></span> <span class='ocrx_word' id='word_1_603' title='bbox 3305 1974 3490 2016; x_wconf 90' lang='lat' dir='ltr'><strong>omnes</strong></span> <span class='ocrx_word' id='word_1_604' title='bbox 3513 2001 3529 2022; x_wconf 89' lang='lat'><strong>,</strong></span> <span class='ocrx_word' id='word_1_605' title='bbox 3561 1962 3676 2018; x_wconf 84' lang='lat' dir='ltr'><strong>sive</strong></span> 
     </span>
    </p>
   </div>
   <div class='ocr_carea' id='block_1_80' title="bbox 2091 2047 3678 2118">
    <p class='ocr_par' dir='ltr' id='par_1_80' title="bbox 2091 2047 3678 2118">
     <span class='ocr_line' id='line_1_80' title="bbox 2091 2047 3678 2118; baseline 0.003 -14"><span class='ocrx_word' id='word_1_606' title='bbox 2091 2050 2380 2112; x_wconf 82' lang='lat' dir='ltr'><strong>mulieres,</strong></span> <span class='ocrx_word' id='word_1_607' title='bbox 2407 2049 2520 2103; x_wconf 83' lang='lat' dir='ltr'><strong>sive</strong></span> <span class='ocrx_word' id='word_1_608' title='bbox 2568 2048 2704 2114; x_wconf 91' lang='lat' dir='ltr'><strong>viri,</strong></span> <span class='ocrx_word' id='word_1_609' title='bbox 2729 2047 2861 2102; x_wconf 89' lang='lat' dir='ltr'><strong>nihil</strong></span> <span class='ocrx_word' id='word_1_610' title='bbox 2902 2049 3119 2118; x_wconf 84' lang='lat' dir='ltr'><strong>gravius</strong></span> <span class='ocrx_word' id='word_1_611' title='bbox 3161 2059 3253 2104; x_wconf 92' lang='lat' dir='ltr'><strong>aut</strong></span> <span class='ocrx_word' id='word_1_612' title='bbox 3292 2050 3678 2108; x_wconf 88' lang='lat' dir='ltr'><strong>intolerabilius</strong></span> 
     </span>
    </p>
   </div>
   <div class='ocr_carea' id='block_1_81' title="bbox 2091 2138 3679 2210">
    <p class='ocr_par' dir='ltr' id='par_1_81' title="bbox 2091 2138 3679 2210">
     <span class='ocr_line' id='line_1_81' title="bbox 2091 2138 3679 2210; baseline 0.001 -15"><span class='ocrx_word' id='word_1_613' title='bbox 2091 2141 2336 2196; x_wconf 83' lang='lat' dir='ltr'><strong>accidere</strong></span> <span class='ocrx_word' id='word_1_614' title='bbox 2363 2153 2518 2209; x_wconf 88' lang='lat' dir='ltr'><strong>posse</strong></span> <span class='ocrx_word' id='word_1_615' title='bbox 2548 2138 2758 2194; x_wconf 70' lang='lat' dir='ltr'><strong>feminae</strong></span> <span class='ocrx_word' id='word_1_616' title='bbox 2776 2180 2791 2204; x_wconf 97' lang='lat'><strong>,</strong></span> <span class='ocrx_word' id='word_1_617' title='bbox 2815 2154 2972 2210; x_wconf 88' lang='lat' dir='ltr'><strong>quam</strong></span> <span class='ocrx_word' id='word_1_618' title='bbox 3011 2148 3068 2194; x_wconf 93' lang='lat' dir='ltr'><strong>ut</strong></span> <span class='ocrx_word' id='word_1_619' title='bbox 3100 2139 3280 2195; x_wconf 89' lang='lat' dir='ltr'><strong>liberis</strong></span> <span class='ocrx_word' id='word_1_620' title='bbox 3303 2150 3515 2206; x_wconf 87' lang='lat' dir='ltr'><strong>careat;</strong></span> <span class='ocrx_word' id='word_1_621' title='bbox 3541 2141 3679 2198; x_wconf 87' lang='lat' dir='ltr'><strong>adeo</strong></span> 
     </span>
    </p>
   </div>
   <div class='ocr_carea' id='block_1_82' title="bbox 2093 2228 3677 2300">
    <p class='ocr_par' dir='ltr' id='par_1_82' title="bbox 2093 2228 3677 2300">
     <span class='ocr_line' id='line_1_82' title="bbox 2093 2228 3677 2300; baseline 0.001 -14"><span class='ocrx_word' id='word_1_622' title='bbox 2093 2242 2153 2286; x_wconf 91' lang='lat' dir='ltr'><strong>ut</strong></span> <span class='ocrx_word' id='word_1_623' title='bbox 2174 2231 2218 2286; x_wconf 90' lang='lat' dir='ltr'><strong>si</strong></span> <span class='ocrx_word' id='word_1_624' title='bbox 2244 2231 2392 2286; x_wconf 90' lang='lat' dir='ltr'><strong>mille</strong></span> <span class='ocrx_word' id='word_1_625' title='bbox 2412 2230 2852 2300; x_wconf 88' lang='lat' dir='ltr'><strong>prosperitatibus</strong></span> <span class='ocrx_word' id='word_1_626' title='bbox 2875 2230 3072 2300; x_wconf 88' lang='lat' dir='ltr'><strong>alioqui</strong></span> <span class='ocrx_word' id='word_1_627' title='bbox 3093 2228 3320 2296; x_wconf 87' lang='lat' dir='ltr'><strong>fruatur,</strong></span> <span class='ocrx_word' id='word_1_628' title='bbox 3340 2231 3580 2286; x_wconf 91' lang='lat' dir='ltr'><strong>dolorem</strong></span> <span class='ocrx_word' id='word_1_629' title='bbox 3608 2248 3677 2288; x_wconf 87' lang='lat' dir='ltr'><strong>ex</strong></span> 
     </span>
    </p>
   </div>
   <div class='ocr_carea' id='block_1_83' title="bbox 2094 2323 3680 2393">
    <p class='ocr_par' dir='ltr' id='par_1_83' title="bbox 2094 2323 3680 2393">
     <span class='ocr_line' id='line_1_83' title="bbox 2094 2323 3680 2393; baseline 0.001 -15"><span class='ocrx_word' id='word_1_630' title='bbox 2094 2323 2198 2380; x_wconf 91' lang='lat' dir='ltr'><strong>hoc</strong></span> <span class='ocrx_word' id='word_1_631' title='bbox 2225 2324 2446 2380; x_wconf 88' lang='lat' dir='ltr'><strong>vulnere</strong></span> <span class='ocrx_word' id='word_1_632' title='bbox 2472 2330 2653 2378; x_wconf 88' lang='lat' dir='ltr'><strong>natum</strong></span> <span class='ocrx_word' id='word_1_633' title='bbox 2683 2337 2970 2392; x_wconf 90' lang='lat' dir='ltr'><strong>numquam</strong></span> <span class='ocrx_word' id='word_1_634' title='bbox 3001 2338 3067 2378; x_wconf 88' lang='lat' dir='ltr'><strong>ex</strong></span> <span class='ocrx_word' id='word_1_635' title='bbox 3094 2323 3273 2377; x_wconf 91' lang='lat' dir='ltr'><strong>animo</strong></span> <span class='ocrx_word' id='word_1_636' title='bbox 3296 2323 3470 2378; x_wconf 85' lang='lat' dir='ltr'><strong>valeat</strong></span> <span class='ocrx_word' id='word_1_637' title='bbox 3493 2323 3680 2393; x_wconf 87' lang='lat' dir='ltr'><strong>depel-</strong></span> 
     </span>
    </p>
   </div>
   <div class='ocr_carea' id='block_1_84' title="bbox 2096 2412 3679 2483">
    <p class='ocr_par' dir='ltr' id='par_1_84' title="bbox 2096 2412 3679 2483">
     <span class='ocr_line' id='line_1_84' title="bbox 2096 2412 3679 2483; baseline 0 -14"><span class='ocrx_word' id='word_1_638' title='bbox 2096 2414 2228 2471; x_wconf 90' lang='lat' dir='ltr'><strong>lere.</strong></span> <span class='ocrx_word' id='word_1_639' title='bbox 2256 2413 2408 2483; x_wconf 88' lang='lat' dir='ltr'><strong>Quod</strong></span> <span class='ocrx_word' id='word_1_640' title='bbox 2435 2415 2478 2469; x_wconf 93' lang='lat' dir='ltr'><strong>si</strong></span> <span class='ocrx_word' id='word_1_641' title='bbox 2515 2413 2567 2468; x_wconf 87' lang='lat' dir='ltr'><strong>id</strong></span> <span class='ocrx_word' id='word_1_642' title='bbox 2595 2427 2734 2468; x_wconf 92' lang='lat' dir='ltr'><strong>nunc</strong></span> <span class='ocrx_word' id='word_1_643' title='bbox 2759 2412 2893 2468; x_wconf 89' lang='lat' dir='ltr'><strong>adeo</strong></span> <span class='ocrx_word' id='word_1_644' title='bbox 2917 2421 3000 2468; x_wconf 88' lang='lat' dir='ltr'><strong>est</strong></span> <span class='ocrx_word' id='word_1_645' title='bbox 3032 2412 3438 2479; x_wconf 88' lang='lat' dir='ltr'><strong>intolerandum,</strong></span> <span class='ocrx_word' id='word_1_646' title='bbox 3462 2429 3584 2470; x_wconf 93' lang='lat' dir='ltr'><strong>cum</strong></span> <span class='ocrx_word' id='word_1_647' title='bbox 3611 2415 3679 2469; x_wconf 92' lang='lat' dir='ltr'><strong>ad</strong></span> 
     </span>
    </p>
   </div>
   <div class='ocr_carea' id='block_1_85' title="bbox 2097 2503 3680 2576">
    <p class='ocr_par' dir='ltr' id='par_1_85' title="bbox 2097 2503 3680 2576">
     <span class='ocr_line' id='line_1_85' title="bbox 2097 2503 3680 2576; baseline -0.001 -15"><span class='ocrx_word' id='word_1_648' title='bbox 2097 2506 2357 2576; x_wconf 88' lang='lat' dir='ltr'><strong>majorem</strong></span> <span class='ocrx_word' id='word_1_649' title='bbox 2383 2505 2771 2576; x_wconf 78' lang='lat' dir='ltr'><strong>phiIOSOphiam</strong></span> <span class='ocrx_word' id='word_1_650' title='bbox 2797 2503 2970 2561; x_wconf 90' lang='lat' dir='ltr'><strong>vocati</strong></span> <span class='ocrx_word' id='word_1_651' title='bbox 2997 2518 3202 2571; x_wconf 90' lang='lat' dir='ltr'><strong>sumus,</strong></span> <span class='ocrx_word' id='word_1_652' title='bbox 3230 2517 3457 2576; x_wconf 87' lang='lat' dir='ltr'><strong>eumque</strong></span> <span class='ocrx_word' id='word_1_653' title='bbox 3480 2505 3547 2560; x_wconf 92' lang='lat' dir='ltr'><strong>ad</strong></span> <span class='ocrx_word' id='word_1_654' title='bbox 3572 2520 3680 2560; x_wconf 69' lang='lat' dir='ltr'><strong>ea:-</strong></span> 
     </span>
    </p>
   </div>
   <div class='ocr_carea' id='block_1_86' title="bbox 2094 2597 3682 2669">
    <p class='ocr_par' dir='ltr' id='par_1_86' title="bbox 2094 2597 3682 2669">
     <span class='ocr_line' id='line_1_86' title="bbox 2094 2597 3682 2669; baseline -0.006 -13"><span class='ocrx_word' id='word_1_655' title='bbox 2094 2601 2208 2656; x_wconf 83' lang='lat' dir='ltr'><strong>lum</strong></span> <span class='ocrx_word' id='word_1_656' title='bbox 2230 2598 2568 2654; x_wconf 87' lang='lat' dir='ltr'><strong>tendentibus</strong></span> <span class='ocrx_word' id='word_1_657' title='bbox 2596 2597 2772 2653; x_wconf 91' lang='lat' dir='ltr'><strong>nullus</strong></span> <span class='ocrx_word' id='word_1_658' title='bbox 2800 2606 2884 2654; x_wconf 90' lang='lat' dir='ltr'><strong>est</strong></span> <span class='ocrx_word' id='word_1_659' title='bbox 2912 2613 3092 2653; x_wconf 88' lang='lat' dir='ltr'><strong>rerum</strong></span> <span class='ocrx_word' id='word_1_660' title='bbox 3128 2599 3462 2668; x_wconf 69' lang='lat' dir='ltr'><strong>praesentiunt</strong></span> <span class='ocrx_word' id='word_1_661' title='bbox 3491 2614 3682 2669; x_wconf 83' lang='lat' dir='ltr'><strong>respe.</strong></span> 
     </span>
    </p>
   </div>
   <div class='ocr_carea' id='block_1_87' title="bbox 2095 2687 3683 2756">
    <p class='ocr_par' dir='ltr' id='par_1_87' title="bbox 2095 2687 3683 2756">
     <span class='ocr_line' id='line_1_87' title="bbox 2095 2687 3683 2756; baseline -0.003 -10"><span class='ocrx_word' id='word_1_662' title='bbox 2095 2696 2240 2756; x_wconf 84' lang='lat' dir='ltr'><strong>ctus,</strong></span> <span class='ocrx_word' id='word_1_663' title='bbox 2264 2687 2359 2742; x_wconf 87' lang='lat' dir='ltr'><strong>sed</strong></span> <span class='ocrx_word' id='word_1_664' title='bbox 2385 2687 2452 2742; x_wconf 85' lang='lat' dir='ltr'><strong>ad</strong></span> <span class='ocrx_word' id='word_1_665' title='bbox 2479 2687 2702 2744; x_wconf 89' lang='lat' dir='ltr'><strong>alteram</strong></span> <span class='ocrx_word' id='word_1_666' title='bbox 2727 2687 2895 2743; x_wconf 88' lang='lat' dir='ltr'><strong>vitam</strong></span> <span class='ocrx_word' id='word_1_667' title='bbox 2919 2687 3258 2753; x_wconf 83' lang='lat' dir='ltr'><strong>adornamur,</strong></span> <span class='ocrx_word' id='word_1_668' title='bbox 3287 2703 3513 2755; x_wconf 86' lang='lat' dir='ltr'><strong>cumque</strong></span> <span class='ocrx_word' id='word_1_669' title='bbox 3536 2689 3683 2742; x_wconf 82' lang='lat' dir='ltr'><strong>mul-</strong></span> 
     </span>
    </p>
   </div>
   <div class='ocr_carea' id='block_1_88' title="bbox 2098 2777 3680 2848">
    <p class='ocr_par' dir='ltr' id='par_1_88' title="bbox 2098 2777 3680 2848">
     <span class='ocr_line' id='line_1_88' title="bbox 2098 2777 3680 2848; baseline -0.003 -12"><span class='ocrx_word' id='word_1_670' title='bbox 2098 2778 2168 2836; x_wconf 91' lang='lat' dir='ltr'><strong>tis</strong></span> <span class='ocrx_word' id='word_1_671' title='bbox 2209 2778 2454 2834; x_wconf 88' lang='lat' dir='ltr'><strong>landibus</strong></span> <span class='ocrx_word' id='word_1_672' title='bbox 2479 2777 2702 2834; x_wconf 80' lang='lat' dir='ltr'><strong>effertur</strong></span> <span class='ocrx_word' id='word_1_673' title='bbox 2730 2778 3005 2848; x_wconf 82' lang='lat' dir='ltr'><strong>virginitas</strong></span> <span class='ocrx_word' id='word_1_674' title='bbox 3033 2779 3238 2848; x_wconf 88' lang='lat' dir='ltr'><strong>:eogita</strong></span> <span class='ocrx_word' id='word_1_675' title='bbox 3265 2788 3468 2848; x_wconf 79' lang='lat' dir='ltr'><strong>quanta:</strong></span> <span class='ocrx_word' id='word_1_676' title='bbox 3495 2777 3680 2836; x_wconf 85' lang='lat' dir='ltr'><strong>infeli-</strong></span> 
     </span>
    </p>
   </div>
   <div class='ocr_carea' id='block_1_89' title="bbox 2099 2869 3685 2933">
    <p class='ocr_par' dir='ltr' id='par_1_89' title="bbox 2099 2869 3685 2933">
     <span class='ocr_line' id='line_1_89' title="bbox 2099 2869 3685 2933; baseline -0.004 -5"><span class='ocrx_word' id='word_1_677' title='bbox 2099 2872 2276 2928; x_wconf 86' lang='lat' dir='ltr'><strong>citatis</strong></span> <span class='ocrx_word' id='word_1_678' title='bbox 2317 2887 2380 2928; x_wconf 89' lang='lat' dir='ltr'><strong>ea</strong></span> <span class='ocrx_word' id='word_1_679' title='bbox 2415 2887 2502 2926; x_wconf 90' lang='lat' dir='ltr'><strong>res</strong></span> <span class='ocrx_word' id='word_1_680' title='bbox 2542 2871 2651 2926; x_wconf 87' lang='lat' dir='ltr'><strong>visa</strong></span> <span class='ocrx_word' id='word_1_681' title='bbox 2694 2880 2804 2926; x_wconf 91' lang='lat' dir='ltr'><strong>tum</strong></span> <span class='ocrx_word' id='word_1_682' title='bbox 2852 2870 3030 2933; x_wconf 91' lang='lat' dir='ltr'><strong>fuerit,</strong></span> <span class='ocrx_word' id='word_1_683' title='bbox 3063 2885 3186 2925; x_wconf 83' lang='lat' dir='ltr'><strong>cum</strong></span> <span class='ocrx_word' id='word_1_684' title='bbox 3209 2869 3504 2925; x_wconf 75' lang='lat' dir='ltr'><strong>futurorum</strong></span> <span class='ocrx_word' id='word_1_685' title='bbox 3533 2869 3685 2924; x_wconf 90' lang='lat' dir='ltr'><strong>nulla</strong></span> 
     </span>
    </p>
   </div>
   <div class='ocr_carea' id='block_1_90' title="bbox 2098 2960 3686 3034">
    <p class='ocr_par' dir='ltr' id='par_1_90' title="bbox 2098 2960 3686 3034">
     <span class='ocr_line' id='line_1_90' title="bbox 2098 2960 3686 3034; baseline -0.003 -15"><span class='ocrx_word' id='word_1_686' title='bbox 2098 2972 2244 3019; x_wconf 87' lang='lat' dir='ltr'><strong>esset</strong></span> <span class='ocrx_word' id='word_1_687' title='bbox 2267 2978 2414 3034; x_wconf 90' lang='lat' dir='ltr'><strong>spes,</strong></span> <span class='ocrx_word' id='word_1_688' title='bbox 2442 2973 2504 3017; x_wconf 86' lang='lat' dir='ltr'><strong>ac</strong></span> <span class='ocrx_word' id='word_1_689' title='bbox 2545 2978 2612 3017; x_wconf 89' lang='lat' dir='ltr'><strong>ne</strong></span> <span class='ocrx_word' id='word_1_690' title='bbox 2632 2961 2880 3031; x_wconf 82' lang='lat' dir='ltr'><strong>cogitatio</strong></span> <span class='ocrx_word' id='word_1_691' title='bbox 2905 2961 3117 3030; x_wconf 84' lang='lat' dir='ltr'><strong>quidem</strong></span> <span class='ocrx_word' id='word_1_692' title='bbox 3137 2960 3408 3016; x_wconf 86' lang='lat' dir='ltr'><strong>veteribus</strong></span> <span class='ocrx_word' id='word_1_693' title='bbox 3426 2960 3562 3024; x_wconf 87' lang='lat' dir='ltr'><strong>illis,</strong></span> <span class='ocrx_word' id='word_1_694' title='bbox 3589 2961 3686 3014; x_wconf 86' lang='lat' dir='ltr'><strong>sed</strong></span> 
     </span>
    </p>
   </div>
   <div class='ocr_carea' id='block_1_91' title="bbox 2099 3050 3686 3121">
    <p class='ocr_par' dir='ltr' id='par_1_91' title="bbox 2099 3050 3686 3121">
     <span class='ocr_line' id='line_1_91' title="bbox 2099 3050 3686 3121; baseline -0.004 -11"><span class='ocrx_word' id='word_1_695' title='bbox 2099 3055 2277 3110; x_wconf 89' lang='lat' dir='ltr'><strong>omnia</strong></span> <span class='ocrx_word' id='word_1_696' title='bbox 2307 3054 2494 3108; x_wconf 85' lang='lat' dir='ltr'><strong>tierent</strong></span> <span class='ocrx_word' id='word_1_697' title='bbox 2522 3067 2700 3110; x_wconf 88' lang='lat' dir='ltr'><strong>rerum</strong></span> <span class='ocrx_word' id='word_1_698' title='bbox 2729 3051 3070 3120; x_wconf 74' lang='lat' dir='ltr'><strong>prmsentium</strong></span> <span class='ocrx_word' id='word_1_699' title='bbox 3096 3053 3263 3121; x_wconf 85' lang='lat' dir='ltr'><strong>gratia</strong></span> <span class='ocrx_word' id='word_1_700' title='bbox 3290 3069 3302 3104; x_wconf 89' lang='lat'><strong>:</strong></span> <span class='ocrx_word' id='word_1_701' title='bbox 3326 3066 3448 3106; x_wconf 88' lang='lat' dir='ltr'><strong>cum</strong></span> <span class='ocrx_word' id='word_1_702' title='bbox 3464 3050 3523 3110; x_wconf 85' lang='lat' dir='ltr'><strong>id</strong></span> <span class='ocrx_word' id='word_1_703' title='bbox 3551 3059 3686 3106; x_wconf 84' lang='lat' dir='ltr'><strong>tctu-</strong></span> 
     </span>
    </p>
   </div>
   <div class='ocr_carea' id='block_1_92' title="bbox 2103 3143 3687 3217">
    <p class='ocr_par' dir='ltr' id='par_1_92' title="bbox 2103 3143 3687 3217">
     <span class='ocr_line' id='line_1_92' title="bbox 2103 3143 3687 3217; baseline -0.003 -17"><span class='ocrx_word' id='word_1_704' title='bbox 2103 3147 2249 3217; x_wconf 89' lang='lat' dir='ltr'><strong>poris</strong></span> <span class='ocrx_word' id='word_1_705' title='bbox 2286 3144 2523 3200; x_wconf 89' lang='lat' dir='ltr'><strong>sterilem</strong></span> <span class='ocrx_word' id='word_1_706' title='bbox 2558 3154 2612 3202; x_wconf 86' lang='lat' dir='ltr'><strong>et</strong></span> <span class='ocrx_word' id='word_1_707' title='bbox 2643 3143 2826 3200; x_wconf 84' lang='lat' dir='ltr'><strong>orbam</strong></span> <span class='ocrx_word' id='word_1_708' title='bbox 2873 3158 2994 3201; x_wconf 86' lang='lat' dir='ltr'><strong>esse</strong></span> <span class='ocrx_word' id='word_1_709' title='bbox 3031 3143 3300 3212; x_wconf 83' lang='lat' dir='ltr'><strong>feminam,</strong></span> <span class='ocrx_word' id='word_1_710' title='bbox 3329 3143 3687 3198; x_wconf 86' lang='lat' dir='ltr'><strong>damnationis</strong></span> 
     </span>
    </p>
   </div>
   <div class='ocr_carea' id='block_1_93' title="bbox 2103 3235 3688 3306">
    <p class='ocr_par' dir='ltr' id='par_1_93' title="bbox 2103 3235 3688 3306">
     <span class='ocr_line' id='line_1_93' title="bbox 2103 3235 3688 3306; baseline -0.003 -11"><span class='ocrx_word' id='word_1_711' title='bbox 2103 3248 2286 3298; x_wconf 77' lang='lat' dir='ltr'><strong>notam</strong></span> <span class='ocrx_word' id='word_1_712' title='bbox 2310 3237 2495 3297; x_wconf 86' lang='lat' dir='ltr'><strong>ferret.</strong></span> <span class='ocrx_word' id='word_1_713' title='bbox 2527 3236 2692 3295; x_wconf 86' lang='lat' dir='ltr'><strong>Nemo</strong></span> <span class='ocrx_word' id='word_1_714' title='bbox 2722 3237 2890 3306; x_wconf 83' lang='lat' dir='ltr'><strong>possit</strong></span> <span class='ocrx_word' id='word_1_715' title='bbox 2917 3237 3093 3306; x_wconf 88' lang='lat' dir='ltr'><strong>eloqui</strong></span> <span class='ocrx_word' id='word_1_716' title='bbox 3120 3276 3135 3303; x_wconf 89' lang='lat'><strong>,</strong></span> <span class='ocrx_word' id='word_1_717' title='bbox 3164 3251 3265 3303; x_wconf 79' lang='lat' dir='ltr'><strong>nec</strong></span> <span class='ocrx_word' id='word_1_718' title='bbox 3296 3235 3408 3298; x_wconf 87' lang='lat' dir='ltr'><strong>ullo</strong></span> <span class='ocrx_word' id='word_1_719' title='bbox 3438 3250 3688 3290; x_wconf 88' lang='lat' dir='ltr'><strong>sermone</strong></span> 
     </span>
    </p>
   </div>
   <div class='ocr_carea' id='block_1_94' title="bbox 2103 3327 3690 3400">
    <p class='ocr_par' dir='ltr' id='par_1_94' title="bbox 2103 3327 3690 3400">
     <span class='ocr_line' id='line_1_94' title="bbox 2103 3327 3690 3400; baseline -0.004 -13"><span class='ocrx_word' id='word_1_720' title='bbox 2103 3329 2358 3400; x_wconf 83' lang='lat' dir='ltr'><strong>consequi</strong></span> <span class='ocrx_word' id='word_1_721' title='bbox 2378 3328 2579 3386; x_wconf 86' lang='lat' dir='ltr'><strong>doloris</strong></span> <span class='ocrx_word' id='word_1_722' title='bbox 2599 3327 3019 3398; x_wconf 77' lang='lat' dir='ltr'><strong>magnitudinem</strong></span> <span class='ocrx_word' id='word_1_723' title='bbox 3033 3343 3097 3382; x_wconf 85' lang='lat' dir='ltr'><strong>ex</strong></span> <span class='ocrx_word' id='word_1_724' title='bbox 3124 3327 3224 3384; x_wconf 88' lang='lat' dir='ltr'><strong>hoc</strong></span> <span class='ocrx_word' id='word_1_725' title='bbox 3239 3327 3458 3383; x_wconf 77' lang='lat' dir='ltr'><strong>vulnere</strong></span> <span class='ocrx_word' id='word_1_726' title='bbox 3477 3327 3690 3382; x_wconf 89' lang='lat' dir='ltr'><strong>venien-</strong></span> 
     </span>
    </p>
   </div>
   <div class='ocr_carea' id='block_1_95' title="bbox 2105 3418 3690 3490">
    <p class='ocr_par' dir='ltr' id='par_1_95' title="bbox 2105 3418 3690 3490">
     <span class='ocr_line' id='line_1_95' title="bbox 2105 3418 3690 3490; baseline -0.004 -12"><span class='ocrx_word' id='word_1_727' title='bbox 2105 3423 2195 3479; x_wconf 90' lang='lat' dir='ltr'><strong>tis.</strong></span> <span class='ocrx_word' id='word_1_728' title='bbox 2225 3422 2414 3477; x_wconf 88' lang='lat' dir='ltr'><strong>Testes</strong></span> <span class='ocrx_word' id='word_1_729' title='bbox 2455 3435 2584 3476; x_wconf 92' lang='lat' dir='ltr'><strong>vero</strong></span> <span class='ocrx_word' id='word_1_730' title='bbox 2629 3427 2754 3475; x_wconf 90' lang='lat' dir='ltr'><strong>sunt</strong></span> <span class='ocrx_word' id='word_1_731' title='bbox 2804 3419 3018 3474; x_wconf 65' lang='lat' dir='ltr'><strong>feminae</strong></span> <span class='ocrx_word' id='word_1_732' title='bbox 3040 3459 3054 3484; x_wconf 93' lang='lat'><strong>,</strong></span> <span class='ocrx_word' id='word_1_733' title='bbox 3083 3434 3202 3490; x_wconf 70' lang='lat' dir='ltr'><strong>qua:</strong></span> <span class='ocrx_word' id='word_1_734' title='bbox 3238 3434 3362 3479; x_wconf 85' lang='lat' dir='ltr'><strong>cum</strong></span> <span class='ocrx_word' id='word_1_735' title='bbox 3400 3419 3455 3473; x_wconf 92' lang='lat' dir='ltr'><strong>in</strong></span> <span class='ocrx_word' id='word_1_736' title='bbox 3482 3418 3690 3482; x_wconf 62' lang='lat' dir='ltr'><strong>caneris</strong></span> 
     </span>
    </p>
   </div>
   <div class='ocr_carea' id='block_1_96' title="bbox 2105 3509 3690 3585">
    <p class='ocr_par' dir='ltr' id='par_1_96' title="bbox 2105 3509 3690 3585">
     <span class='ocr_line' id='line_1_96' title="bbox 2105 3509 3690 3585; baseline -0.005 -13"><span class='ocrx_word' id='word_1_737' title='bbox 2105 3530 2316 3572; x_wconf 86' lang='lat' dir='ltr'><strong>omnem</strong></span> <span class='ocrx_word' id='word_1_738' title='bbox 2336 3511 2677 3568; x_wconf 85' lang='lat' dir='ltr'><strong>exbibuerlnt</strong></span> <span class='ocrx_word' id='word_1_739' title='bbox 2700 3510 3096 3585; x_wconf 76' lang='lat' dir='ltr'><strong>philosophiam</strong></span> <span class='ocrx_word' id='word_1_740' title='bbox 3114 3552 3129 3577; x_wconf 95' lang='lat'><strong>,</strong></span> <span class='ocrx_word' id='word_1_741' title='bbox 3158 3509 3296 3566; x_wconf 85' lang='lat' dir='ltr'><strong>hanc</strong></span> <span class='ocrx_word' id='word_1_742' title='bbox 3326 3509 3690 3564; x_wconf 87' lang='lat' dir='ltr'><strong>infelicitatem</strong></span> 
     </span>
    </p>
   </div>
   <div class='ocr_carea' id='block_1_97' title="bbox 2108 3599 3692 3675">
    <p class='ocr_par' dir='ltr' id='par_1_97' title="bbox 2108 3599 3692 3675">
     <span class='ocr_line' id='line_1_97' title="bbox 2108 3599 3692 3675; baseline -0.005 -15"><span class='ocrx_word' id='word_1_743' title='bbox 2108 3620 2216 3660; x_wconf 89' lang='lat' dir='ltr'><strong>non</strong></span> <span class='ocrx_word' id='word_1_744' title='bbox 2263 3604 2596 3675; x_wconf 91' lang='lat' dir='ltr'><strong>pertulerunt</strong></span> <span class='ocrx_word' id='word_1_745' title='bbox 2641 3617 2797 3672; x_wconf 67' lang='lat' dir='ltr'><strong>aequo</strong></span> <span class='ocrx_word' id='word_1_746' title='bbox 2833 3601 3055 3665; x_wconf 90' lang='lat' dir='ltr'><strong>animo;</strong></span> <span class='ocrx_word' id='word_1_747' title='bbox 3081 3600 3175 3656; x_wconf 87' lang='lat' dir='ltr'><strong>sed</strong></span> <span class='ocrx_word' id='word_1_748' title='bbox 3201 3600 3444 3669; x_wconf 67' lang='lat' dir='ltr'><strong>qumdam</strong></span> <span class='ocrx_word' id='word_1_749' title='bbox 3486 3599 3692 3654; x_wconf 89' lang='lat' dir='ltr'><strong>maritis</strong></span> 
     </span>
    </p>
   </div>
   <div class='ocr_carea' id='block_1_98' title="bbox 2108 3689 3692 3766">
    <p class='ocr_par' dir='ltr' id='par_1_98' title="bbox 2108 3689 3692 3766">
     <span class='ocr_line' id='line_1_98' title="bbox 2108 3689 3692 3766; baseline -0.004 -15"><span class='ocrx_word' id='word_1_750' title='bbox 2108 3695 2400 3766; x_wconf 87' lang='lat' dir='ltr'><strong>indignatae</strong></span> <span class='ocrx_word' id='word_1_751' title='bbox 2430 3701 2582 3758; x_wconf 89' lang='lat' dir='ltr'><strong>sunt,</strong></span> <span class='ocrx_word' id='word_1_752' title='bbox 2615 3692 2735 3747; x_wconf 63' lang='lat' dir='ltr'><strong>alia:</strong></span> <span class='ocrx_word' id='word_1_753' title='bbox 2761 3691 2861 3749; x_wconf 90' lang='lat' dir='ltr'><strong>sibi</strong></span> <span class='ocrx_word' id='word_1_754' title='bbox 2887 3692 3053 3746; x_wconf 87' lang='lat' dir='ltr'><strong>vitam</strong></span> <span class='ocrx_word' id='word_1_755' title='bbox 3075 3690 3383 3760; x_wconf 89' lang='lat' dir='ltr'><strong>judicarunt</strong></span> <span class='ocrx_word' id='word_1_756' title='bbox 3407 3704 3527 3745; x_wconf 89' lang='lat' dir='ltr'><strong>esse</strong></span> <span class='ocrx_word' id='word_1_757' title='bbox 3555 3689 3692 3760; x_wconf 86' lang='lat' dir='ltr'><strong>inju-</strong></span> 
     </span>
    </p>
   </div>
   <div class='ocr_carea' id='block_1_99' title="bbox 2107 3779 3693 3843">
    <p class='ocr_par' dir='ltr' id='par_1_99' title="bbox 2107 3779 3693 3843">
     <span class='ocr_line' id='line_1_99' title="bbox 2107 3779 3693 3843; baseline -0.006 0"><span class='ocrx_word' id='word_1_758' title='bbox 2107 3785 2358 3843; x_wconf 89' lang='lat' dir='ltr'><strong>cundam.</strong></span> <span class='ocrx_word' id='word_1_759' title='bbox 2407 3784 2554 3842; x_wconf 80' lang='lat' dir='ltr'><strong>lianc</strong></span> <span class='ocrx_word' id='word_1_760' title='bbox 2590 3798 2719 3840; x_wconf 86' lang='lat' dir='ltr'><strong>vero</strong></span> <span class='ocrx_word' id='word_1_761' title='bbox 2757 3783 3010 3840; x_wconf 89' lang='lat' dir='ltr'><strong>feminam</strong></span> <span class='ocrx_word' id='word_1_762' title='bbox 3060 3795 3164 3836; x_wconf 93' lang='lat' dir='ltr'><strong>non</strong></span> <span class='ocrx_word' id='word_1_763' title='bbox 3196 3782 3437 3838; x_wconf 81' lang='lat' dir='ltr'><strong>anxietas</strong></span> <span class='ocrx_word' id='word_1_764' title='bbox 3471 3779 3631 3838; x_wconf 91' lang='lat' dir='ltr'><strong>modo</strong></span> <span class='ocrx_word' id='word_1_765' title='bbox 3660 3794 3693 3835; x_wconf 85' lang='lat' dir='ltr'><strong>a</strong></span> 
     </span>
    </p>
   </div>
   <div class='ocr_carea' id='block_1_100' title="bbox 2109 3871 3694 3946">
    <p class='ocr_par' dir='ltr' id='par_1_100' title="bbox 2109 3871 3694 3946">
     <span class='ocr_line' id='line_1_100' title="bbox 2109 3871 3694 3946; baseline -0.004 -14"><span class='ocrx_word' id='word_1_766' title='bbox 2109 3877 2390 3933; x_wconf 89' lang='lat' dir='ltr'><strong>sterilitate</strong></span> <span class='ocrx_word' id='word_1_767' title='bbox 2421 3876 2741 3946; x_wconf 89' lang='lat' dir='ltr'><strong>proveniens</strong></span> <span class='ocrx_word' id='word_1_768' title='bbox 2758 3917 2774 3941; x_wconf 92' lang='lat'><strong>,</strong></span> <span class='ocrx_word' id='word_1_769' title='bbox 2796 3890 2986 3930; x_wconf 89' lang='lat' dir='ltr'><strong>verum</strong></span> <span class='ocrx_word' id='word_1_770' title='bbox 3009 3881 3064 3930; x_wconf 92' lang='lat' dir='ltr'><strong>et</strong></span> <span class='ocrx_word' id='word_1_771' title='bbox 3091 3871 3236 3928; x_wconf 84' lang='lat' dir='ltr'><strong>aliud</strong></span> <span class='ocrx_word' id='word_1_772' title='bbox 3262 3871 3514 3943; x_wconf 88' lang='lat' dir='ltr'><strong>quiddam</strong></span> <span class='ocrx_word' id='word_1_773' title='bbox 3544 3871 3694 3930; x_wconf 81' lang='lat' dir='ltr'><strong>obsi-</strong></span> 
     </span>
    </p>
   </div>
   <div class='ocr_carea' id='block_1_101' title="bbox 2098 3962 3697 4036">
    <p class='ocr_par' dir='ltr' id='par_1_101' title="bbox 2098 3962 3697 4036">
     <span class='ocr_line' id='line_1_101' title="bbox 2098 3962 3697 4036; baseline -0.004 -12"><span class='ocrx_word' id='word_1_774' title='bbox 2098 3967 2272 4024; x_wconf 77' lang='lat' dir='ltr'><strong>debat</strong></span> <span class='ocrx_word' id='word_1_775' title='bbox 2319 3967 2549 4035; x_wconf 89' lang='lat' dir='ltr'><strong>malum,</strong></span> <span class='ocrx_word' id='word_1_776' title='bbox 2580 3966 2658 4023; x_wconf 87' lang='lat' dir='ltr'><strong>ira</strong></span> <span class='ocrx_word' id='word_1_777' title='bbox 2710 3965 2957 4022; x_wconf 69' lang='lat' dir='ltr'><strong>videlicet</strong></span> <span class='ocrx_word' id='word_1_778' title='bbox 2997 3973 3215 4036; x_wconf 88' lang='lat' dir='ltr'><strong>propter</strong></span> <span class='ocrx_word' id='word_1_779' title='bbox 3255 3962 3462 4021; x_wconf 66' lang='lat' dir='ltr'><strong>aemulae</strong></span> <span class='ocrx_word' id='word_1_780' title='bbox 3502 3977 3697 4033; x_wconf 85' lang='lat' dir='ltr'><strong>oppro-</strong></span> 
     </span>
    </p>
   </div>
   <div class='ocr_carea' id='block_1_102' title="bbox 2110 4055 3698 4116">
    <p class='ocr_par' dir='ltr' id='par_1_102' title="bbox 2110 4055 3698 4116">
     <span class='ocr_line' id='line_1_102' title="bbox 2110 4055 3698 4116; baseline -0.004 -1"><span class='ocrx_word' id='word_1_781' title='bbox 2110 4059 2248 4115; x_wconf 89' lang='lat' dir='ltr'><strong>bria.</strong></span> <span class='ocrx_word' id='word_1_782' title='bbox 2276 4059 2343 4114; x_wconf 84' lang='lat' dir='ltr'><strong>Et</strong></span> <span class='ocrx_word' id='word_1_783' title='bbox 2379 4059 2518 4116; x_wconf 86' lang='lat' dir='ltr'><strong>sicut</strong></span> <span class='ocrx_word' id='word_1_784' title='bbox 2543 4057 2716 4112; x_wconf 91' lang='lat' dir='ltr'><strong>ventis</strong></span> <span class='ocrx_word' id='word_1_785' title='bbox 2759 4072 2826 4112; x_wconf 84' lang='lat' dir='ltr'><strong>ex</strong></span> <span class='ocrx_word' id='word_1_786' title='bbox 2862 4057 3088 4112; x_wconf 87' lang='lat' dir='ltr'><strong>adverso</strong></span> <span class='ocrx_word' id='word_1_787' title='bbox 3129 4055 3273 4111; x_wconf 87' lang='lat' dir='ltr'><strong>inter</strong></span> <span class='ocrx_word' id='word_1_788' title='bbox 3315 4069 3436 4110; x_wconf 86' lang='lat' dir='ltr'><strong>sese</strong></span> <span class='ocrx_word' id='word_1_789' title='bbox 3473 4068 3698 4110; x_wconf 87' lang='lat' dir='ltr'><strong>concur-</strong></span> 
     </span>
    </p>
   </div>
   <div class='ocr_carea' id='block_1_103' title="bbox 2113 4145 3695 4218">
    <p class='ocr_par' dir='ltr' id='par_1_103' title="bbox 2113 4145 3695 4218">
     <span class='ocr_line' id='line_1_103' title="bbox 2113 4145 3695 4218; baseline -0.003 -13"><span class='ocrx_word' id='word_1_790' title='bbox 2113 4149 2384 4215; x_wconf 90' lang='lat' dir='ltr'><strong>rentibus,</strong></span> <span class='ocrx_word' id='word_1_791' title='bbox 2433 4147 2770 4218; x_wconf 87' lang='lat' dir='ltr'><strong>mediamque</strong></span> <span class='ocrx_word' id='word_1_792' title='bbox 2813 4147 3098 4218; x_wconf 87' lang='lat' dir='ltr'><strong>scapham,</strong></span> <span class='ocrx_word' id='word_1_793' title='bbox 3150 4147 3278 4202; x_wconf 86' lang='lat' dir='ltr'><strong>dum</strong></span> <span class='ocrx_word' id='word_1_794' title='bbox 3325 4146 3464 4201; x_wconf 89' lang='lat' dir='ltr'><strong>inter</strong></span> <span class='ocrx_word' id='word_1_795' title='bbox 3502 4161 3565 4202; x_wconf 86' lang='lat' dir='ltr'><strong>se</strong></span> <span class='ocrx_word' id='word_1_796' title='bbox 3598 4145 3695 4201; x_wconf 85' lang='lat' dir='ltr'><strong>de-</strong></span> 
     </span>
    </p>
   </div>
   <div class='ocr_carea' id='block_1_104' title="bbox 2115 4237 3696 4313">
    <p class='ocr_par' dir='ltr' id='par_1_104' title="bbox 2115 4237 3696 4313">
     <span class='ocr_line' id='line_1_104' title="bbox 2115 4237 3696 4313; baseline -0.004 -15"><span class='ocrx_word' id='word_1_797' title='bbox 2115 4250 2350 4313; x_wconf 88' lang='lat' dir='ltr'><strong>pugnant</strong></span> <span class='ocrx_word' id='word_1_798' title='bbox 2368 4283 2382 4304; x_wconf 87' lang='lat'><strong>,</strong></span> <span class='ocrx_word' id='word_1_799' title='bbox 2409 4239 2817 4309; x_wconf 90' lang='lat' dir='ltr'><strong>corripientibus</strong></span> <span class='ocrx_word' id='word_1_800' title='bbox 2835 4279 2854 4305; x_wconf 94' lang='lat'><strong>,</strong></span> <span class='ocrx_word' id='word_1_801' title='bbox 2891 4253 2955 4294; x_wconf 88' lang='lat' dir='ltr'><strong>ac</strong></span> <span class='ocrx_word' id='word_1_802' title='bbox 2981 4239 3160 4293; x_wconf 89' lang='lat' dir='ltr'><strong>multis</strong></span> <span class='ocrx_word' id='word_1_803' title='bbox 3182 4237 3428 4293; x_wconf 82' lang='lat' dir='ltr'><strong>ﬂuctibus</strong></span> <span class='ocrx_word' id='word_1_804' title='bbox 3455 4240 3643 4306; x_wconf 87' lang='lat' dir='ltr'><strong>partim</strong></span> <span class='ocrx_word' id='word_1_805' title='bbox 3665 4251 3696 4292; x_wconf 89' lang='lat' dir='ltr'><strong>a</strong></span> 
     </span>
    </p>
   </div>
   <div class='ocr_carea' id='block_1_105' title="bbox 2115 4328 3700 4404">
    <p class='ocr_par' dir='ltr' id='par_1_105' title="bbox 2115 4328 3700 4404">
     <span class='ocr_line' id='line_1_105' title="bbox 2115 4328 3700 4404; baseline -0.003 -16"><span class='ocrx_word' id='word_1_806' title='bbox 2115 4349 2311 4404; x_wconf 91' lang='lat' dir='ltr'><strong>prora,</strong></span> <span class='ocrx_word' id='word_1_807' title='bbox 2354 4333 2545 4402; x_wconf 91' lang='lat' dir='ltr'><strong>partim</strong></span> <span class='ocrx_word' id='word_1_808' title='bbox 2602 4345 2632 4384; x_wconf 89' lang='lat' dir='ltr'><strong>a</strong></span> <span class='ocrx_word' id='word_1_809' title='bbox 2686 4330 2846 4400; x_wconf 89' lang='lat' dir='ltr'><strong>puppi</strong></span> <span class='ocrx_word' id='word_1_810' title='bbox 2903 4328 3334 4400; x_wconf 84' lang='lat' dir='ltr'><strong>insurgentibus,</strong></span> <span class='ocrx_word' id='word_1_811' title='bbox 3376 4328 3700 4398; x_wconf 85' lang='lat' dir='ltr'><strong>gubernator</strong></span> 
     </span>
    </p>
   </div>
   <div class='ocr_carea' id='block_1_106' title="bbox 2113 4419 3700 4488">
    <p class='ocr_par' dir='ltr' id='par_1_106' title="bbox 2113 4419 3700 4488">
     <span class='ocr_line' id='line_1_106' title="bbox 2113 4419 3700 4488; baseline -0.005 -8"><span class='ocrx_word' id='word_1_812' title='bbox 2113 4423 2266 4480; x_wconf 89' lang='lat' dir='ltr'><strong>clavo</strong></span> <span class='ocrx_word' id='word_1_813' title='bbox 2295 4420 2538 4477; x_wconf 89' lang='lat' dir='ltr'><strong>assidens</strong></span> <span class='ocrx_word' id='word_1_814' title='bbox 2575 4429 2752 4475; x_wconf 90' lang='lat' dir='ltr'><strong>servat</strong></span> <span class='ocrx_word' id='word_1_815' title='bbox 2779 4421 2953 4474; x_wconf 88' lang='lat' dir='ltr'><strong>navim</strong></span> <span class='ocrx_word' id='word_1_816' title='bbox 2979 4461 2995 4486; x_wconf 97' lang='lat'><strong>,</strong></span> <span class='ocrx_word' id='word_1_817' title='bbox 3025 4419 3288 4474; x_wconf 90' lang='lat' dir='ltr'><strong>undarum</strong></span> <span class='ocrx_word' id='word_1_818' title='bbox 3329 4419 3574 4473; x_wconf 87' lang='lat' dir='ltr'><strong>incursus</strong></span> <span class='ocrx_word' id='word_1_819' title='bbox 3599 4433 3700 4488; x_wconf 59' lang='lat' dir='ltr'><strong>gn-</strong></span> 
     </span>
    </p>
   </div>
   <div class='ocr_carea' id='block_1_107' title="bbox 2116 4511 3699 4583">
    <p class='ocr_par' dir='ltr' id='par_1_107' title="bbox 2116 4511 3699 4583">
     <span class='ocr_line' id='line_1_107' title="bbox 2116 4511 3699 4583; baseline -0.004 -12"><span class='ocrx_word' id='word_1_820' title='bbox 2116 4514 2373 4571; x_wconf 74' lang='lat' dir='ltr'><strong>liernandi</strong></span> <span class='ocrx_word' id='word_1_821' title='bbox 2421 4512 2697 4583; x_wconf 83' lang='lat' dir='ltr'><strong>prudentia</strong></span> <span class='ocrx_word' id='word_1_822' title='bbox 2747 4512 3027 4581; x_wconf 87' lang='lat' dir='ltr'><strong>depellens</strong></span> <span class='ocrx_word' id='word_1_823' title='bbox 3070 4529 3084 4565; x_wconf 88' lang='lat'><strong>:</strong></span> <span class='ocrx_word' id='word_1_824' title='bbox 3128 4511 3205 4566; x_wconf 91' lang='lat' dir='ltr'><strong>sic</strong></span> <span class='ocrx_word' id='word_1_825' title='bbox 3255 4519 3310 4566; x_wconf 91' lang='lat' dir='ltr'><strong>et</strong></span> <span class='ocrx_word' id='word_1_826' title='bbox 3354 4511 3546 4566; x_wconf 87' lang='lat' dir='ltr'><strong>mulier</strong></span> <span class='ocrx_word' id='word_1_827' title='bbox 3589 4521 3699 4565; x_wconf 85' lang='lat' dir='ltr'><strong>tum</strong></span> 
     </span>
    </p>
   </div>
   <div class='ocr_carea' id='block_1_108' title="bbox 2116 4600 3702 4674">
    <p class='ocr_par' dir='ltr' id='par_1_108' title="bbox 2116 4600 3702 4674">
     <span class='ocr_line' id='line_1_108' title="bbox 2116 4600 3702 4674; baseline -0.004 -13"><span class='ocrx_word' id='word_1_828' title='bbox 2116 4606 2231 4674; x_wconf 75' lang='lat' dir='ltr'><strong>illa,</strong></span> <span class='ocrx_word' id='word_1_829' title='bbox 2255 4620 2378 4660; x_wconf 91' lang='lat' dir='ltr'><strong>eum</strong></span> <span class='ocrx_word' id='word_1_830' title='bbox 2421 4603 2498 4658; x_wconf 88' lang='lat' dir='ltr'><strong>ira</strong></span> <span class='ocrx_word' id='word_1_831' title='bbox 2547 4611 2602 4658; x_wconf 88' lang='lat' dir='ltr'><strong>et</strong></span> <span class='ocrx_word' id='word_1_832' title='bbox 2643 4615 2809 4672; x_wconf 86' lang='lat' dir='ltr'><strong>angor</strong></span> <span class='ocrx_word' id='word_1_833' title='bbox 2846 4617 2944 4656; x_wconf 90' lang='lat' dir='ltr'><strong>ceu</strong></span> <span class='ocrx_word' id='word_1_834' title='bbox 2988 4600 3129 4655; x_wconf 86' lang='lat' dir='ltr'><strong>venti</strong></span> <span class='ocrx_word' id='word_1_835' title='bbox 3175 4601 3225 4654; x_wconf 92' lang='lat' dir='ltr'><strong>in</strong></span> <span class='ocrx_word' id='word_1_836' title='bbox 3262 4600 3498 4655; x_wconf 90' lang='lat' dir='ltr'><strong>animum</strong></span> <span class='ocrx_word' id='word_1_837' title='bbox 3539 4601 3702 4670; x_wconf 88' lang='lat' dir='ltr'><strong>ipsius</strong></span> 
     </span>
    </p>
   </div>
   <div class='ocr_carea' id='block_1_109' title="bbox 2118 4689 3704 4764">
    <p class='ocr_par' dir='ltr' id='par_1_109' title="bbox 2118 4689 3704 4764">
     <span class='ocr_line' id='line_1_109' title="bbox 2118 4689 3704 4764; baseline -0.006 -12"><span class='ocrx_word' id='word_1_838' title='bbox 2118 4695 2353 4752; x_wconf 88' lang='lat' dir='ltr'><strong>facerent</strong></span> <span class='ocrx_word' id='word_1_839' title='bbox 2376 4696 2652 4764; x_wconf 88' lang='lat' dir='ltr'><strong>impetum,</strong></span> <span class='ocrx_word' id='word_1_840' title='bbox 2681 4693 2939 4748; x_wconf 89' lang='lat' dir='ltr'><strong>rationem</strong></span> <span class='ocrx_word' id='word_1_841' title='bbox 2977 4692 3116 4747; x_wconf 92' lang='lat' dir='ltr'><strong>illius</strong></span> <span class='ocrx_word' id='word_1_842' title='bbox 3137 4689 3538 4762; x_wconf 83' lang='lat' dir='ltr'><strong>perturbantes,</strong></span> <span class='ocrx_word' id='word_1_843' title='bbox 3571 4691 3704 4744; x_wconf 73' lang='lat' dir='ltr'><strong>mul—</strong></span> 
     </span>
    </p>
   </div>
   <div class='ocr_carea' id='block_1_110' title="bbox 2123 4781 3701 4858">
    <p class='ocr_par' dir='ltr' id='par_1_110' title="bbox 2123 4781 3701 4858">
     <span class='ocr_line' id='line_1_110' title="bbox 2123 4781 3701 4858; baseline -0.006 -15"><span class='ocrx_word' id='word_1_844' title='bbox 2123 4798 2312 4858; x_wconf 89' lang='lat' dir='ltr'><strong>tosque</strong></span> <span class='ocrx_word' id='word_1_845' title='bbox 2357 4785 2547 4841; x_wconf 80' lang='lat' dir='ltr'><strong>ﬂuctus</strong></span> <span class='ocrx_word' id='word_1_846' title='bbox 2586 4785 2917 4850; x_wconf 89' lang='lat' dir='ltr'><strong>excitarent,</strong></span> <span class='ocrx_word' id='word_1_847' title='bbox 2950 4799 3056 4840; x_wconf 89' lang='lat' dir='ltr'><strong>non</strong></span> <span class='ocrx_word' id='word_1_848' title='bbox 3097 4781 3207 4853; x_wconf 89' lang='lat' dir='ltr'><strong>jam</strong></span> <span class='ocrx_word' id='word_1_849' title='bbox 3245 4782 3460 4837; x_wconf 84' lang='lat' dir='ltr'><strong>biduum</strong></span> <span class='ocrx_word' id='word_1_850' title='bbox 3490 4789 3583 4839; x_wconf 91' lang='lat' dir='ltr'><strong>aut</strong></span> <span class='ocrx_word' id='word_1_851' title='bbox 3610 4783 3701 4835; x_wconf 89' lang='lat' dir='ltr'><strong>tri-</strong></span> 
     </span>
    </p>
   </div>
   <div class='ocr_carea' id='block_1_111' title="bbox 2120 4871 3701 4947">
    <p class='ocr_par' dir='ltr' id='par_1_111' title="bbox 2120 4871 3701 4947">
     <span class='ocr_line' id='line_1_111' title="bbox 2120 4871 3701 4947; baseline -0.003 -15"><span class='ocrx_word' id='word_1_852' title='bbox 2120 4877 2323 4947; x_wconf 89' lang='lat' dir='ltr'><strong>duum,</strong></span> <span class='ocrx_word' id='word_1_853' title='bbox 2365 4886 2456 4931; x_wconf 89' lang='lat' dir='ltr'><strong>aut</strong></span> <span class='ocrx_word' id='word_1_854' title='bbox 2503 4875 2618 4932; x_wconf 91' lang='lat' dir='ltr'><strong>dies</strong></span> <span class='ocrx_word' id='word_1_855' title='bbox 2660 4875 2888 4945; x_wconf 82' lang='lat' dir='ltr'><strong>viginti,</strong></span> <span class='ocrx_word' id='word_1_856' title='bbox 2931 4873 3024 4929; x_wconf 90' lang='lat' dir='ltr'><strong>sed</strong></span> <span class='ocrx_word' id='word_1_857' title='bbox 3062 4883 3116 4930; x_wconf 89' lang='lat' dir='ltr'><strong>et</strong></span> <span class='ocrx_word' id='word_1_858' title='bbox 3155 4883 3294 4928; x_wconf 88' lang='lat' dir='ltr'><strong>totos</strong></span> <span class='ocrx_word' id='word_1_859' title='bbox 3330 4871 3548 4946; x_wconf 88' lang='lat' dir='ltr'><strong>annos(</strong></span> <span class='ocrx_word' id='word_1_860' title='bbox 3585 4888 3701 4930; x_wconf 86' lang='lat' dir='ltr'><strong>nam</strong></span> 
     </span>
    </p>
   </div>
   <div class='ocr_carea' id='block_1_112' title="bbox 2122 4963 3703 5036">
    <p class='ocr_par' dir='ltr' id='par_1_112' title="bbox 2122 4963 3703 5036">
     <span class='ocr_line' id='line_1_112' title="bbox 2122 4963 3703 5036; baseline -0.003 -12"><span class='ocrx_word' id='word_1_861' title='bbox 2122 4968 2268 5036; x_wconf 89' lang='lat' dir='ltr'><strong>hoc,</strong></span> <span class='ocrx_word' id='word_1_862' title='bbox 2315 4978 2376 5024; x_wconf 88' lang='lat' dir='ltr'><strong>ut</strong></span> <span class='ocrx_word' id='word_1_863' title='bbox 2420 4968 2495 5023; x_wconf 89' lang='lat' dir='ltr'><strong>ait</strong></span> <span class='ocrx_word' id='word_1_864' title='bbox 2532 4967 2804 5036; x_wconf 87' lang='lat' dir='ltr'><strong>Scriptura</strong></span> <span class='ocrx_word' id='word_1_865' title='bbox 2829 5006 2844 5031; x_wconf 97' lang='lat'><strong>,</strong></span> <span class='ocrx_word' id='word_1_866' title='bbox 2891 4965 3059 5023; x_wconf 88' lang='lat' dir='ltr'><strong>multo</strong></span> <span class='ocrx_word' id='word_1_867' title='bbox 3103 4973 3347 5035; x_wconf 88' lang='lat' dir='ltr'><strong>tempore</strong></span> <span class='ocrx_word' id='word_1_868' title='bbox 3384 4963 3581 5020; x_wconf 89' lang='lat' dir='ltr'><strong>factum</strong></span> <span class='ocrx_word' id='word_1_869' title='bbox 3624 4971 3703 5020; x_wconf 86' lang='lat' dir='ltr'><strong>est</strong></span> 
     </span>
    </p>
   </div>
   <div class='ocr_carea' id='block_1_113' title="bbox 2127 5055 3712 5132">
    <p class='ocr_par' dir='ltr' id='par_1_113' title="bbox 2127 5055 3712 5132">
     <span class='ocr_line' id='line_1_113' title="bbox 2127 5055 3712 5132; baseline -0.004 -18"><span class='ocrx_word' id='word_1_870' title='bbox 2127 5059 2204 5132; x_wconf 84' lang='grc' dir='ltr'><strong>[ι.</strong></span> <span class='ocrx_word' id='word_1_871' title='bbox 2236 5059 2366 5129; x_wconf 84' lang='lat' dir='ltr'><strong>Reg.</strong></span> <span class='ocrx_word' id='word_1_872' title='bbox 2417 5059 2470 5113; x_wconf 84' lang='lat' dir='ltr'><strong>l.</strong></span> <span class='ocrx_word' id='word_1_873' title='bbox 2521 5057 2600 5130; x_wconf 88' lang='lat'><strong>7])</strong></span> <span class='ocrx_word' id='word_1_874' title='bbox 2649 5058 2856 5112; x_wconf 86' lang='lat' dir='ltr'><strong>fortiter</strong></span> <span class='ocrx_word' id='word_1_875' title='bbox 2898 5055 3113 5125; x_wconf 87' lang='lat' dir='ltr'><strong>pertulit</strong></span> <span class='ocrx_word' id='word_1_876' title='bbox 3157 5062 3563 5124; x_wconf 88' lang='lat' dir='ltr'><strong>tempestatem,</strong></span> <span class='ocrx_word' id='word_1_877' title='bbox 3609 5067 3712 5108; x_wconf 86' lang='lat' dir='ltr'><strong>nec</strong></span> 
     </span>
    </p>
   </div>
   <div class='ocr_carea' id='block_1_114' title="bbox 2125 5141 3706 5220">
    <p class='ocr_par' dir='ltr' id='par_1_114' title="bbox 2125 5141 3706 5220">
     <span class='ocr_line' id='line_1_114' title="bbox 2125 5141 3706 5220; baseline -0.006 -14"><span class='ocrx_word' id='word_1_878' title='bbox 2125 5165 2281 5220; x_wconf 83' lang='lat' dir='ltr'><strong>passa</strong></span> <span class='ocrx_word' id='word_1_879' title='bbox 2317 5157 2400 5205; x_wconf 88' lang='lat' dir='ltr'><strong>est</strong></span> <span class='ocrx_word' id='word_1_880' title='bbox 2441 5149 2700 5203; x_wconf 91' lang='lat' dir='ltr'><strong>rationem</strong></span> <span class='ocrx_word' id='word_1_881' title='bbox 2739 5144 2998 5214; x_wconf 85' lang='lat' dir='ltr'><strong>demergi.</strong></span> <span class='ocrx_word' id='word_1_882' title='bbox 3041 5143 3316 5214; x_wconf 88' lang='lat' dir='ltr'><strong>Siquidem</strong></span> <span class='ocrx_word' id='word_1_883' title='bbox 3359 5142 3452 5198; x_wconf 88' lang='lat' dir='ltr'><strong>Dei</strong></span> <span class='ocrx_word' id='word_1_884' title='bbox 3499 5141 3663 5198; x_wconf 89' lang='lat' dir='ltr'><strong>timor</strong></span> <span class='ocrx_word' id='word_1_885' title='bbox 3687 5182 3706 5208; x_wconf 91' lang='lat'><strong>,</strong></span> 
     </span>
    </p>
   </div>
   <div class='ocr_carea' id='block_1_115' title="bbox 2127 5232 3709 5310">
    <p class='ocr_par' dir='ltr' id='par_1_115' title="bbox 2127 5232 3709 5310">
     <span class='ocr_line' id='line_1_115' title="bbox 2127 5232 3709 5310; baseline -0.004 -16"><span class='ocrx_word' id='word_1_886' title='bbox 2127 5249 2392 5310; x_wconf 88' lang='lat' dir='ltr'><strong>tamquam</strong></span> <span class='ocrx_word' id='word_1_887' title='bbox 2421 5238 2705 5294; x_wconf 83' lang='lat' dir='ltr'><strong>nauclerus</strong></span> <span class='ocrx_word' id='word_1_888' title='bbox 2727 5234 3100 5305; x_wconf 85' lang='lat' dir='ltr'><strong>gubernaculis</strong></span> <span class='ocrx_word' id='word_1_889' title='bbox 3137 5232 3410 5298; x_wconf 88' lang='lat' dir='ltr'><strong>assidens,</strong></span> <span class='ocrx_word' id='word_1_890' title='bbox 3440 5233 3709 5302; x_wconf 87' lang='lat' dir='ltr'><strong>persuasit</strong></span> 
     </span>
    </p>
   </div>
   <div class='ocr_carea' id='block_1_116' title="bbox 2127 5323 3710 5400">
    <p class='ocr_par' dir='ltr' id='par_1_116' title="bbox 2127 5323 3710 5400">
     <span class='ocr_line' id='line_1_116' title="bbox 2127 5323 3710 5400; baseline -0.006 -12"><span class='ocrx_word' id='word_1_891' title='bbox 2127 5347 2246 5389; x_wconf 86' lang='lat' dir='ltr'><strong>eam</strong></span> <span class='ocrx_word' id='word_1_892' title='bbox 2277 5338 2645 5400; x_wconf 88' lang='lat' dir='ltr'><strong>tempestatem</strong></span> <span class='ocrx_word' id='word_1_893' title='bbox 2689 5341 2882 5396; x_wconf 88' lang='lat' dir='ltr'><strong>magno</strong></span> <span class='ocrx_word' id='word_1_894' title='bbox 2915 5326 3098 5382; x_wconf 90' lang='lat' dir='ltr'><strong>animo</strong></span> <span class='ocrx_word' id='word_1_895' title='bbox 3136 5323 3510 5395; x_wconf 87' lang='lat' dir='ltr'><strong>perferendam</strong></span> <span class='ocrx_word' id='word_1_896' title='bbox 3547 5337 3710 5387; x_wconf 83' lang='lat' dir='ltr'><strong>esse;</strong></span> 
     </span>
    </p>
   </div>
   <div class='ocr_carea' id='block_1_117' title="bbox 2131 5411 3714 5490">
    <p class='ocr_par' dir='ltr' id='par_1_117' title="bbox 2131 5411 3714 5490">
     <span class='ocr_line' id='line_1_117' title="bbox 2131 5411 3714 5490; baseline -0.008 -13"><span class='ocrx_word' id='word_1_897' title='bbox 2131 5436 2231 5477; x_wconf 90' lang='lat' dir='ltr'><strong>nec</strong></span> <span class='ocrx_word' id='word_1_898' title='bbox 2282 5420 2427 5490; x_wconf 92' lang='lat' dir='ltr'><strong>prius</strong></span> <span class='ocrx_word' id='word_1_899' title='bbox 2468 5417 2673 5472; x_wconf 89' lang='lat' dir='ltr'><strong>destitit</strong></span> <span class='ocrx_word' id='word_1_900' title='bbox 2700 5425 2935 5472; x_wconf 85' lang='lat' dir='ltr'><strong>mentem</strong></span> <span class='ocrx_word' id='word_1_901' title='bbox 2982 5413 3129 5468; x_wconf 92' lang='lat' dir='ltr'><strong>illius</strong></span> <span class='ocrx_word' id='word_1_902' title='bbox 3163 5413 3506 5485; x_wconf 71' lang='lat' dir='ltr'><strong>gubernare,</strong></span> <span class='ocrx_word' id='word_1_903' title='bbox 3538 5411 3714 5465; x_wconf 90' lang='lat' dir='ltr'><strong>donec</strong></span> 
     </span>
    </p>
   </div>
   <div class='ocr_carea' id='block_1_118' title="bbox 2132 5501 3712 5579">
    <p class='ocr_par' dir='ltr' id='par_1_118' title="bbox 2132 5501 3712 5579">
     <span class='ocr_line' id='line_1_118' title="bbox 2132 5501 3712 5579; baseline -0.006 -14"><span class='ocrx_word' id='word_1_904' title='bbox 2132 5511 2184 5566; x_wconf 89' lang='lat' dir='ltr'><strong>in</strong></span> <span class='ocrx_word' id='word_1_905' title='bbox 2215 5507 2556 5579; x_wconf 89' lang='lat' dir='ltr'><strong>tranquillum</strong></span> <span class='ocrx_word' id='word_1_906' title='bbox 2601 5505 2890 5560; x_wconf 86' lang='lat' dir='ltr'><strong>adduceret</strong></span> <span class='ocrx_word' id='word_1_907' title='bbox 2927 5513 3140 5577; x_wconf 88' lang='lat' dir='ltr'><strong>portum</strong></span> <span class='ocrx_word' id='word_1_908' title='bbox 3180 5517 3366 5558; x_wconf 86' lang='lat' dir='ltr'><strong>navem</strong></span> <span class='ocrx_word' id='word_1_909' title='bbox 3402 5518 3566 5558; x_wconf 89' lang='lat' dir='ltr'><strong>onere</strong></span> <span class='ocrx_word' id='word_1_910' title='bbox 3595 5501 3712 5570; x_wconf 85' lang='lat' dir='ltr'><strong>ple-</strong></span> 
     </span>
    </p>
   </div>
   <div class='ocr_carea' id='block_1_119' title="bbox 2133 5589 3715 5666">
    <p class='ocr_par' dir='ltr' id='par_1_119' title="bbox 2133 5589 3715 5666">
     <span class='ocr_line' id='line_1_119' title="bbox 2133 5589 3715 5666; baseline -0.006 -10"><span class='ocrx_word' id='word_1_911' title='bbox 2133 5615 2279 5666; x_wconf 90' lang='lat' dir='ltr'><strong>nam,</strong></span> <span class='ocrx_word' id='word_1_912' title='bbox 2303 5599 2406 5654; x_wconf 92' lang='lat' dir='ltr'><strong>hoc</strong></span> <span class='ocrx_word' id='word_1_913' title='bbox 2425 5606 2525 5663; x_wconf 91' lang='lat' dir='ltr'><strong>est,</strong></span> <span class='ocrx_word' id='word_1_914' title='bbox 2549 5608 2755 5653; x_wconf 91' lang='lat' dir='ltr'><strong>uterum</strong></span> <span class='ocrx_word' id='word_1_915' title='bbox 2779 5596 3008 5666; x_wconf 89' lang='lat' dir='ltr'><strong>pretioso</strong></span> <span class='ocrx_word' id='word_1_916' title='bbox 3033 5593 3286 5649; x_wconf 86' lang='lat' dir='ltr'><strong>thesauro</strong></span> <span class='ocrx_word' id='word_1_917' title='bbox 3317 5605 3590 5651; x_wconf 86' lang='lat' dir='ltr'><strong>onustum.</strong></span> <span class='ocrx_word' id='word_1_918' title='bbox 3609 5589 3715 5648; x_wconf 60' lang='lat' dir='ltr'><strong>Nec</strong></span> 
     </span>
    </p>
   </div>
   <div class='ocr_carea' id='block_1_120' title="bbox 2135 5681 3719 5761">
    <p class='ocr_par' dir='ltr' id='par_1_120' title="bbox 2135 5681 3719 5761">
     <span class='ocr_line' id='line_1_120' title="bbox 2135 5681 3719 5761; baseline -0.011 -16"><span class='ocrx_word' id='word_1_919' title='bbox 2135 5705 2238 5761; x_wconf 83' lang='lat' dir='ltr'><strong>que</strong></span> <span class='ocrx_word' id='word_1_920' title='bbox 2250 5691 2392 5744; x_wconf 90' lang='lat' dir='ltr'><strong>enim</strong></span> <span class='ocrx_word' id='word_1_921' title='bbox 2415 5705 2598 5742; x_wconf 90' lang='lat' dir='ltr'><strong>aurum</strong></span> <span class='ocrx_word' id='word_1_922' title='bbox 2624 5695 2967 5755; x_wconf 81' lang='lat' dir='ltr'><strong>argentumvc</strong></span> <span class='ocrx_word' id='word_1_923' title='bbox 2991 5685 3252 5756; x_wconf 84' lang='lat' dir='ltr'><strong>portabat,</strong></span> <span class='ocrx_word' id='word_1_924' title='bbox 3277 5685 3370 5736; x_wconf 73' lang='lat' dir='ltr'><strong>sczl</strong></span> <span class='ocrx_word' id='word_1_925' title='bbox 3405 5681 3719 5753; x_wconf 88' lang='lat' dir='ltr'><strong>prophetam</strong></span> 
     </span>
    </p>
   </div>
  </div>
