4110 6214
373 375 472 432 043

372 489 464 546 καὶ
511 487 650 558 μετά
682 487 858 558 γάμον
901 488 1039 558 πρὸς
1086 487 1184 554 τάς
1227 487 1635 560 ἐταιριζομένας
1681 493 1942 559 γυναῖκας

370 573 672 643 τρέχουσιν,
707 569 894 640 ἐπειδὴ
923 570 1028 642 πρὸ
1052 570 1144 623 τοῦ
1167 571 1346 641 γάμου
1377 575 1674 642 σωφρονεῖν
1702 574 1800 626 οὐκ
1825 576 1948 644 ἐμε-

371 654 623 725 λέτησαν.
662 651 939 705 Ἐντεῦθεν
976 652 1166 722 μάχαι,
1207 655 1300 706 καὶ
1326 653 1606 724 λοιδορίαι,
1643 659 1734 709 καὶ
1760 656 1948 710 οἰκιῶν

371 734 694 804 ἀνατροπαὶ,
725 733 817 787 καλ⁴
837 734 1194 806 καθημερινοὶ
1222 736 1466 806 πόλεμοι·
1498 737 1744 791 ἐντεῦθεν
1761 741 1790 791 ὀ
1813 738 1948 808 πρὸς

371 818 469 887 τὴν
493 820 722 885 γυναῖκα
741 818 877 889 ἔρως
899 817 1129 888 ὑπορρεῖ
1154 819 1246 872 καὶ
1270 820 1609 891 μαραίνεται,
1630 821 1730 890 τῆς
1751 823 1807 873 ὲν
1836 823 1949 884 τοῖς

375 901 644 970 πορνείοις
661 901 874 970 ὀμιλίας
900 900 1199 973 ἐκλυούσης
1225 903 1404 957 αὐτόν.
1423 903 1510 966 Ὠς
1535 903 1629 956 ἐάν
1653 906 1948 973 σωφρονεῖν

375 981 542 1053 μάθῃ,
580 981 798 1036 πάντων
827 981 1206 1052 ποθεινοτέραν
1234 983 1332 1054 τὴν
1362 983 1524 1037 αὐτοῦ
1561 988 1790 1052 γυναῖκα
1810 986 1947 1056 ἡγή-

375 1080 524 1116 σεται
546 1065 662 1126 ,καὶ
681 1064 818 1134 μετά
837 1064 1035 1132 πολλῆς
1057 1065 1226 1134 αὐτὴν
1251 1065 1439 1134 δψεται
1465 1066 1566 1136 τῆς
1598 1066 1828 1132 εὐνοίας,
1854 1069 1948 1121 καὶ⁴

374 1146 574 1217 πολλὴν
596 1147 733 1217 πρὸς
759 1146 926 1216 αὐτὴν
952 1147 1181 1217 τηρήσει
1215 1147 1312 1217 τὴν
1339 1149 1612 1218 ὁμόνοιαν,
1644 1151 1866 1220 εἰρήνης
1891 1151 1948 1203 δὲ

371 1229 537 1300 οὔσης
587 1230 678 1282 καὶ
728 1229 998 1298 ὁμονοίας,
1039 1233 1214 1283 πάντα
1257 1233 1336 1294 είς
1383 1232 1481 1302 τὴν
1520 1232 1698 1284 οίκίαν
1734 1232 1946 1301 ἐκείνην

373 1313 732 1366 εἰσελεύσεται
761 1313 828 1366 τὰ
855 1313 1052 1381 ἀγαθά.
1080 1314 1176 1366 ’Ἱν’
1207 1310 1300 1368 οὖν
1329 1316 1421 1368 καὶ
1446 1315 1511 1368 τὰ
1543 1314 1776 1367 ἐνταῦθα
1799 1313 1946 1385 [711]

372 1397 502 1464 ἡμῖν
545 1395 724 1458 καλῶς
765 1395 1138 1465 οίκονομῆται,
1174 1397 1266 1450 καὶ
1303 1396 1441 1467 μετὰ
1470 1397 1671 1449 τούτων
1711 1399 1804 1449 καὶ
1848 1396 1946 1465 τῆς

373 1478 647 1546 βασιλείας
679 1478 784 1530 τῶν
808 1478 1051 1548 οὐρανῶν
1073 1479 1438 1549 ἐπιτύχωμεν,
1471 1481 1562 1533 καλ⁵
1591 1479 1747 1550 ήμῶν
1770 1480 1946 1532 αὐτῶν

372 1560 596 1612 καὶτῶν
628 1560 855 1612 παιδίων
889 1560 1228 1630 προνοῶμεν,
1252 1561 1454 1631 ταύτης
1494 1562 1678 1614 ἕνεκεν
1713 1562 1944 1631 μάλιστα

368 1642 465 1712 τῆς
483 1641 717 1712 ἐντολῆς,
743 1643 890 1704 ὅπως
919 1641 992 1711 μή
1028 1643 1246 1712 ῥυπαρά
1274 1643 1604 1713 ἐνδεδυμένοι
1630 1646 1840 1713 ἱμάτια,
1867 1647 1945 1706 είς

368 1725 459 1777 τὸν
480 1723 843 1794 πνευματικὸν
866 1726 1072 1776 ἐκεῖνον
1093 1725 1420 1795 εἰσέλθωμεν
1443 1727 1637 1797 γάμον,
1655 1727 1790 1780 ἀλλὰ
1808 1726 1944 1797 μετά

368 1807 682 1878 παρρησίας
718 1806 917 1875 πολλῆς
959 1806 1353 1876 ἀπολαύσωμεν
1396 1808 1496 1878 τῆς
1526 1811 1642 1861 ἐκεῖ
1688 1810 1944 1879 κειμένης

372 1894 479 1952 τοῖς
507 1889 676 1954 ἀξίοις
704 1891 888 1961 τιμῆς·
917 1885 984 1960 ἦς
1006 1890 1214 1958 γένοιτο
1236 1891 1442 1954 πάντας
1469 1893 1616 1962 ήμᾶς
1645 1894 1941 1962 ἐπιτυχεῖν,

370 1972 548 2043 χάριτι
595 1972 688 2024 καὶ
730 1971 1107 2044 φιλανθρωπίᾳ
1152 1972 1243 2026 τοῦ
1304 1974 1508 2044 Κυρίου
1556 1974 1714 2046 ήμῶν
1769 1973 1942 2047 Ἰησοῦ

371 2053 628 2124 Χριστοῦ,
662 2054 783 2126 μεθ’
805 2050 866 2108 οῦ
903 2055 1074 2126 Πατρὶ
1117 2055 1264 2122 δόξα,
1295 2056 1448 2128 τιμὴ.
1486 2059 1707 2128 κράτος,
1746 2059 1842 2111 σὺν
1865 2056 1944 2127 τῷ

368 2137 506 2208 ἀγίῳ
549 2137 842 2209 Πνεύματι.
891 2137 988 2191 νῦν
1034 2139 1127 2192 καὶ
1175 2138 1281 2206 ἀεὶ,
1327 2140 1423 2194 καὶ
1454 2142 1534 2204 είς
1570 2140 1697 2204 τούς
1741 2139 1944 2204 αίῶνας

368 2217 474 2273 τῶν
503 2219 733 2274 αιώνων.
765 2221 958 2292 Ἀμήν.

1001 2366 1220 2421 ΛΟΓΟΣ
1256 2367 1332 2422 B'.

371 2491 473 2556 Είς
497 2490 621 2564 τὴν
656 2491 866 2564 πίστιν
893 2491 996 2564 τῆς
1032 2493 1281 2562 ’Λννης,
1315 2493 1412 2547 καὶ
1448 2496 1534 2561 εις
1562 2495 1677 2563 τὴν
1702 2497 1942 2564 pulmo-

443 2513 473 2556 ς
507 2510 621 2557 την
656 2510 866 2545 πιστιν
893 2510 924 2546 τ
968 2510 996 2556 ς
1033 2510 1281 2562 Ἀννης,
1315 2510 1412 2547 και
1448 2510 1534 2561 εις
1562 2510 1677 2563 την
1702 2510 1939 2564 φιλοσο-

437 2562 602 2633 φίαν,
646 2561 745 2614 καὶ
777 2564 873 2633 ,εις
911 2510 1024 2627 λιν
1056 2564 1380 2633 ἐπιείκειαν
1411 2564 1620 2631 αὐτῆς,
1665 2565 1764 2618 καὶ
1807 2566 1939 2633 περὶ

437 2629 548 2701 τῆς
583 2633 670 2701 είς
697 2631 838 2696 τοὺς
867 2633 1060 2701 Ιερέας
1093 2632 1290 2701 τιμῆς,
1325 2633 1425 2686 καὶ
1455 2629 1638 2699 ειςτὸ
1679 2634 1808 2687 δεῖν
1840 2629 1940 2687 καὶ

436 2700 810 2771 ἀρχομένους
842 2700 1115 2768 φίστου,
1147 2700 1245 2755 καὶ
1281 2701 1583 2773 λήγοντος
1629 2705 1938 2772 εὔχεσθαι.

438 2864 507 2912 α’.
530 2855 694 2911 Οὐδὲν
731 2859 837 2928 ἀρα
879 2858 990 2911 ἴσον
1023 2855 1524 2931 εὐχῆς,άγαπητοὶ,
1542 2863 1691 2917 οὐδὲν
1713 2863 1942 2928 πίστεως

371 2939 752 3010 δυνατώτερον.
784 2939 1090 3010 Ἀμφότερα
1113 2942 1311 3008 ἔδειξεν
1333 2945 1463 3014 ἡμῖν
1483 2947 1516 3016 ή
1537 2946 1702 2999 Ἀννα
1731 2945 1938 3016 πρώην·

374 3022 510 3092 μετά
549 3023 655 3092 γάρ
687 3019 889 3074 τούτων
920 3023 1289 3092 προσελθοῦσα
1324 3025 1402 3098 τῷ
1435 3026 1553 3098 Θεῷ
1589 3027 1697 3082 τῶν
1732 3027 1940 3099 δώρων,

371 3106 547 3158 πάντα
585 3106 687 3157 ὃσα
719 3103 980 3175 ἠθέλησεν
1009 3106 1194 3175 ήνυσε,
1226 3107 1319 3160 καὶ
1349 3107 1510 3177 φύσιν
1539 3109 1943 3181 πεπηρωμένην

367 3185 669 3256 διώιρθιιισε,
705 3187 799 3239 καὶ
833 3189 1046 3258 μήτραν
1072 3188 1461 3262 κεκλεισμένην
1487 3191 1709 3262 ἀνέῳξε,
1734 3192 1829 3246 καὶ
1853 3194 1940 3245 αί-

369 3268 571 3340 σχύνην
592 3269 788 3332 ἀνεῖλε,
815 3271 909 3322 καὶ
931 3270 999 3324 τά
1028 3269 1205 3342 ὀνείδη
1225 3273 1326 3342 τῆς
1348 3272 1633 3347 ἀντιζήλου
1657 3275 1939 3338 κατέλυσε,

370 3353 464 3405 καὶ
495 3352 631 3422 πρὸς
664 3353 978 3424 παρρησίαν
1007 3355 1206 3426 ἑαυτὴν
1239 3355 1438 3427 πολλὴν
1476 3359 1844 3429 ἐπανήγαγεν,
1878 3361 1944 3412 ἐκ

370 3435 570 3504 πέτρας
603 3435 798 3503 άγόνου
829 3436 1030 3506 στάχυν
1057 3437 1311 3508 κομῶντα
1346 3439 1627 3510 θερίσασα.
1663 3441 1774 3496 Καὶ
1803 3442 1940 3494 πάν·

366 3533 458 3580 τες
487 3517 778 3586 ἠκούσατε,
825 3518 940 3582 πῶς
979 3518 1203 3589 ηὐξατο,
1240 3521 1358 3584 πῶς
1389 3522 1581 3593 ᾔτησε,
1630 3524 1724 3577 καὶ
1755 3524 1942 3578 ἔπεισε

373 3603 466 3654 καὶ
486 3601 664 3664 ελαδε,
697 3603 790 3654 καὶ
817 3601 969 3654 ἔτεκε
998 3605 1090 3656 καὶ
1115 3601 1310 3674 ἔθρεψε
1340 3604 1434 3656 καὶ
1459 3605 1691 3676 ἀνέθηκε
1723 3606 1814 3660 τὸν
1834 3609 1941 3660 Σα-

373 3684 564 3753 μουήλ.
603 3683 762 3735 Ὥστε
801 3685 900 3736 οὐκ
938 3684 1003 3739 ἀν
1035 3701 1120 3748 τις
1157 3686 1414 3756 ἁμάρτοι,
1446 3688 1656 3760 μητέρα
1680 3689 1814 3759 όμοῦ
1849 3693 1943 3745 καὶ

369 3765 582 3834 πατέρα
615 3763 709 3816 τοῦ
739 3765 951 3818 παιδίου
985 3765 1082 3836 τὴν
1118 3769 1351 3835 γυναῖκα
1373 3768 1580 3838 ταύτην
1612 3771 1940 3841 προσειπών.

343 3849 433 3901 ιιςι
466 3848 574 3918 7&9
610 3847 705 3900 καὶ
742 3849 771 3899 ό
800 3850 940 3922 ἀνὴρ
978 3849 1252 3921 ἔσπειρεν,
1277 3850 1411 3907 ἀλλά
1432 3851 1509 3920 τῷ
1538 3851 1811 3923 σπέρματι
1844 3856 1942 3925 τήν

367 3931 593 4000 δύναμιν
620 3931 820 4001 ταύτης
847 3931 1118 4004 παρέσχεν
1140 3935 1172 4004 ή
1197 3933 1352 4005 εὐχὴ,
1376 3934 1470 3988 καὶ
1495 3935 1824 4006 σεμνοτέρας
1845 3935 1940 3990 τοῦ

370 4013 622 4084 Σαμουὴλ
653 4013 751 4078 τάς
783 4015 958 4086 ἀρχάς
980 4015 1082 4084 τῆς
1104 4018 1408 4087 γεννήσεως
1430 4017 1704 4088 ἐποίησεν.
1734 4019 1810 4072 Οὐ
1833 4019 1941 4091 7&9

366 4096 452 4166 δὴ,
481 4096 734 4168 καθάπερ
758 4099 849 4150 ἐπὶ
881 4097 990 4150 τῶν
1019 4098 1240 4162 λοιπῶν,
1274 4099 1438 4163 ὕπνος
1469 4100 1562 4152 καὶ
1599 4100 1805 4154 σύνοδοι
1834 4103 1940 4156 τῶν

366 4181 783 4252 γεννησαμένων
840 4181 1018 4252 μόνον,
1067 4181 1180 4236 ἀλλ’
1225 4183 1401 4253 εὐχαὶ,
1445 4183 1540 4236 καὶ
1581 4183 1810 4255 δάκρυα,
1847 4188 1942 4240 καὶ

367 4266 548 4328 πίστις
591 4265 758 4336 ἀρχαὶ
807 4263 909 4334 1?};
955 4267 1260 4338 γεννήσεως
1302 4266 1506 4339 ταύτης
1552 4268 1818 4336 ἐγένοντο,
1846 4271 1940 4324 καὶ

367 4347 696 4418 σεμνοτέρας
718 4346 827 4401 τῶν
858 4347 1032 4402 ἀλλων
1055 4349 1179 4420 ἔσχε
1201 4349 1298 4413 τάς
1327 4348 1491 4418 γονάς
1517 4351 1821 4421 προφήτης,
1852 4352 1940 4406 διά

364 4431 464 4500 τὴν
503 4431 684 4484 πίστιν
707 4430 807 4500 τῆς
836 4432 1040 4502 μητρὸς
1059 4432 1317 4501 γεγονώς.
1348 4433 1438 4486 Διὸ
1460 4433 1552 4487 καὶ
1581 4434 1708 4505 περὶ
1737 4434 1939 4507 ταύτης

366 4513 637 4582 εὐκαίρως
668 4511 734 4564 ἀν
771 4529 856 4576 τις
887 4515 1026 4567 εῐποι
1056 4515 1153 4585 τῆς
1176 4516 1452 4584 γυναικός·
1494 4519 1558 4570 οι
1587 4519 1939 4587 σπείροντες

369 4594 768 4662 ἐνδάκρυσιν,
791 4595 862 4647 ἐν
887 4596 1239 4665 ἀγαλλιάσει
1274 4599 1562 4670 θεριοῦσι.
1593 4601 1809 4672 Ταύτην
1838 4603 1938 4673 ζη-

371 4677 630 4747 λώσωμεν
656 4677 868 4749 ἄνδρες,
886 4678 1088 4747 ταύτην
1133 4681 1812 4751 μιμησώμεθα,γυναῖκες’
1845 4688 1936 4738 καὶ

365 4761 474 4831 7&9
516 4759 776 4832 ἐκατέρου
818 4761 914 4814 τοῦ
947 4761 1136 4830 γένους
1173 4762 1488 4828 διδάσκαλός
1527 4765 1675 4818 ἐστιν
1704 4767 1738 4837 ή
1774 4768 1932 4837 γυνή.

367 4843 527 4897 Ὅσαι
569 4847 798 4916 στεῖραι,
849 4845 923 4915 μή
958 4847 1470 4917 ἀπαγορευέτωσαν·
1509 4848 1629 4901 ὅσαι
1677 4849 1931 4920 μητέρες,

365 4926 508 4980 οῦτω
550 4929 897 5000 τρεφέτωσαν
940 4928 1201 5000 τεχθέντα
1240 4929 1308 4982 τά
1350 4930 1559 4984 παιδίαο
1592 4932 1688 4984 καὶ
1735 4933 1935 4997 πάντες

367 5011 692 5081 ζηλώσωμεν
715 5014 816 5083 τῆς
838 5013 1092 5082 γυναικὸς
1115 5013 1213 5084 τὴν
1241 5012 1554 5085 φιλοσοφίαν
1579 5017 1678 5087 τήν
1708 5017 1816 5088 πρὸ
1836 5017 1931 5071 τοῦ

365 5095 545 5156 τόκου,
582 5094 679 5166 τήν
714 5096 894 5150 πίστιν
917 5098 1015 5168 τὴν
1050 5099 1107 5151 ἐν
1133 5096 1210 5168 τῷ
1241 5098 1404 5169 τόκῳ,
1437 5100 1535 5170 τὴν
1566 5101 1801 5171 σπουδὴν
1833 5102 1933 5172 τήν

367 5176 506 5246 μετά
530 5176 619 5228 τὸν
647 5178 821 5231 τόκον.
846 5177 910 5232 Τί
937 5181 1045 5251 7&9
1067 5180 1132 5235 ἂν
1160 5180 1369 5249 γένοιτο
1388 5182 1485 5253 τῆς
1512 5183 1769 5250 γυναικὸς
1791 5184 1934 5236 ἐκεί-

364 5275 462 5328 νης
513 5257 962 5330 φιλοσοφώτερον,
1011 5265 1045 5333 ἢ
1108 5264 1394 5336 συμφοράν
1444 5264 1617 5328 οὓτως
1659 5267 1932 5338 ἀφόρητον

363 5342 551 5411 πράως
581 5344 779 5414 ήνεγκε
809 5346 903 5399 καὶ
931 5347 1213 5413 γενναίως,
1241 5350 1333 5403 καὶ
1360 5350 1461 5403 οὐκ
1489 5350 1698 5421 ἀπέστη
1732 5353 1928 5422 πρότε-

366 5441 477 5494 ρον,
514 5427 619 5491 ἔως
649 5427 806 5482 έλυσε
833 5429 896 5482 τὸ
918 5429 1108 5492 δεινὸν,
1143 5433 1236 5485 καὶ
1263 5431 1359 5486 τοῦ
1400 5431 1572 5488 κακοῦ
1600 5434 1771 5504 πέρας
1803 5429 1934 5506 εὗρε

361 5506 670 5578 θαυμαστὸν
704 5512 798 5565 καὶ
835 5513 1153 5584 παράδοξον,
1191 5513 1378 5569 οὐδένα
1415 5516 1658 5570 κάτωθεν
1689 5516 1928 5574 λαϐοῦσα

361 5588 646 5663 σύμμαχον
676 5593 768 5648 καὶ
801 5595 1024 5668 βοηθόνς
1063 5596 1172 5651 Καὶ
1204 5596 1312 5668 7&9
1336 5597 1452 5668 ᾔδει
1476 5598 1574 5670 τήν
1600 5598 1695 5652 τοῦ
1725 5599 1929 5654 Δεσπό-

360 5689 452 5725 του
475 5675 900 5748 φιλανθρωπίαν·
934 5678 1083 5752 [7H]
1107 5679 1188 5732 διὸ
1217 5680 1311 5734 καὶ
1339 5681 1478 5751 μόνη
1518 5682 1809 5752 προσῆλθε,
1833 5685 1925 5738 καὶ

361 5755 551 5818 ἤνυσεν
581 5759 677 5812 δπε
687 5779 718 5833 ρ
739 5760 1017 5828 ἠθέλησεν.
1047 5763 1121 5818 Οὐ
1143 5763 1250 5835 7&9
1271 5763 1614 5838 ἀνθρωπίνης
1645 5765 1916 5838 βοηθείας,

1674 374 1760 428 DE
1796 371 1976 430 ANNA
2023 374 2254 432 δεηΜο
2284 376 2354 431 ll.

3513 373 3616 431 θη

2048 489 2184 544 ἀλλὰ
2217 493 2314 561 τῆς
2354 491 2502 555 θείας
2535 494 2704 545 ἐδεῖτο
2728 492 2945 563 χάριτος
2983 493 3014 562 ή
3047 487 3327 560 διόρθωσις
3360 487 3457 559 τῆς
3484 486 3616 542 ἀθυ-

2048 579 2177 647 μίας
2207 580 2444 651 ἐκείνης·
2484 583 2577 635 καὶ
2607 582 2712 652 γὰρ
2751 582 2849 634 οὐκ
2893 581 2950 632 ἐν
2986 577 3157 650 ζημίᾳ
3201 577 3499 648 χρημάτων
3526 572 3618 649 ἦν,

2045 665 2131 718 ¹ίνα
2160 684 2242 730 τις
2272 667 2508 736 ἐνεγκὼν
2546 668 2766 738 χρυσίον
2791 663 2928 738 λύσῃ
2975 665 3073 736 τὴν
3110 665 3367 734 ἀθυμίαν·
3414 664 3514 717 οὐκ
3560 665 3620 718 ἐν

2046 753 2293 822 σώματος
2313 754 2612 824 ἀρρωστίᾳ,
2640 755 2725 806 ἵνα
2747 765 2771 793 ει
2799 755 2998 824 ίατρῶν
3021 750 3377 823 παρακαλέσῃ
3401 751 3618 815 παῖδας.

2044 839 2135 892 καὶ
2165 839 2412 913 ἀπελάσῃ
2441 840 2500 893 τὸ
2533 841 2763 910 νόσημα.
2793 840 2957 902 Φύσις
2990 833 3057 910 ἦν
3101 841 3135 909 ή
3170 837 3618 909 ἐπηρεαζομένη,

2043 927 2140 996 τῆς
2175 927 2381 980 ἀνωθεν
2406 928 2630 998 δεομένη
2662 928 2864 997 χειρός.
2898 926 2988 980 Διὸ
3017 923 3081 996 δὴ
3113 923 3290 980 πάντα
3311 925 3379 978 τά
3405 924 3498 978 ἐπὶ
3518 926 3622 994 γῆς

2042 1015 2260 1083 ἀφεῖσα,
2289 1015 2425 1087 πρὸς
2455 1014 2546 1067 τὸν
2579 1031 2676 1084 της
2712 1015 2924 1082 φύσεως
2963 1012 3166 1084 έδραμε
3196 1013 3491 1081 Δεσπότην,
3528 1013 3623 1067 καὶ

2041 1104 2141 1155 οὐκ
2171 1103 2378 1173 ἀπέστη
2412 1103 2691 1172 πρότερον,
2721 1102 2826 1165 ἕως
2851 1101 2916 1155 ἀν
2944 1100 3106 1154 αὐτὴν
3125 1099 3306 1154 ἔπεισε
3337 1098 3496 1154 λῦσαι
3523 1099 3623 1169 τήν

2042 1189 2318 1253 ἀπαιδίαν,
2353 1191 2446 1243 κάὶ
2480 1189 2578 1259 τὴν
2620 1190 2833 1259 μήτραν
2870 1187 3098 1254 ἀνοῖξαι,
3131 1186 3225 1241 καὶ
3253 1188 3473 1258 ποιῆσαι
3511 1204 3613 1257 μη-

2040 1277 2174 1347 τέρα
2221 1278 2318 1347 τὴν
2346 1281 2584 1349 στεῖραν.
2618 1276 2877 1348 Μακαρία
2910 1278 3008 1348 μὲν
3040 1273 3134 1331 οὖν
3177 1277 3273 1331 καὶ
3312 1275 3399 1330 διὰ
3434 1274 3618 1337 τοῦτο,

2041 1365 2138 1434 οὐχ
2188 1365 2269 1417 ὅτι
2320 1365 2501 1435 μήτηρ
2541 1365 2777 1432 ἐγένετο,
2821 1364 2937 1418 ἀλλ’
2965 1365 3046 1418 ὅτι
3078 1364 3178 1417 οὐκ
3214 1360 3348 1417 οὖσα
3381 1363 3618 1430 ἐγένετο.

2055 1449 2261 1501 Ἐκεῖνο
2299 1448 2398 1518 μὲν
2434 1447 2542 1518 γάρ
2566 1448 2741 1501 κοινὸν
2770 1449 2869 1518 τῆς
2892 1448 3128 1516 φύσεως,
3157 1446 3314 1500 τοῦτο
3333 1445 3389 1500 δέ
3415 1446 3621 1516 ἐξαίρε-

2041 1551 2132 1587 τον
2178 1537 2274 1605 τῆς
2309 1535 2566 1602 γυναικὸς
2601 1530 2668 1605 ἦν
2704 1535 3049 1606 κατόρθωμα.
3097 1533 3360 1604 Μακαρία
3399 1533 3495 1602 μὲν
3524 1526 3620 1584 οὖν

2043 1621 2137 1673 καὶ
2169 1620 2256 1672 διά
2301 1621 2400 1683 τὰς
2439 1621 2634 1683 ὠδῖνας
2674 1622 2909 1684 ἐκείνας,
2955 1620 3201 1691 μακαρία
3237 1621 3294 1673 δέ
3322 1620 3420 1689 οὐχ
3456 1613 3618 1691 ἧττον

2043 1709 2133 1760 καὶ
2153 1707 2242 1760 διὰ
2261 1709 2326 1760 τὰ
2358 1709 2462 1780 πρὸ
2483 1709 2591 1761 τῶν
2623 1708 2827 1761 ὠδίνων
2855 1709 3088 1763 ἅπαντα.
3131 1710 3271 1761 Ἰστε
3315 1707 3422 1778 γὰρ
3445 1708 3618 1776 δήπου

2042 1795 2264 1858 πάντες,
2304 1795 2396 1849 καὶ
2423 1797 2698 1862 γυναῖκες,
2730 1796 2822 1848 καὶ⁸
2851 1794 3061 1864 ἀνδρες.
3095 1795 3173 1858 ὡς
3211 1793 3364 1848 οὐδὲν
3407 1787 3618 1863 ἀφορη-

2039 1883 2258 1953 τότερον
2294 1882 2546 1946 ἀπαιδίας
2589 1883 2806 1950 γυναικὶ
2849 1883 3042 1950 γένοιτ’
3080 1882 3166 1936 ἀν’
3197 1881 3334 1934 ἀλλά
3362 1880 3468 1933 κᾶν
3513 1897 3618 1950 μυ-

2044 1968 2221 2038 ριάκις
2254 1968 2282 2008 ιι
2304 1967 2552 2042 ἀπολαύῃ
2572 1968 2670 2038 τῆς
2704 1967 3022 2039 εὐημερίας,
3054 1967 3150 2038 τήν
3179 1969 3242 2020 ἐκ
3272 1967 3370 2036 τῆς
3406 1965 3619 2038 πληγῆς

2038 2055 2238 2127 ταύτης
2279 2056 2469 2126 ὀδύνην
2499 2057 2854 2126 ἐγγινομένην
2891 2056 3029 2127 αὐτῇ
3075 2055 3175 2108 οὐκ
3213 2055 3280 2108 ἀν
3317 2065 3450 2110 ποτε
3479 2056 3618 2109 ἀπο-

2039 2143 2350 2216 κρούσαιτο.
2404 2143 2466 2196 Εί
2520 2143 2578 2197 δὲ
2626 2143 2720 2198 νῦν
2773 2142 2945 2207 οὕτως
2991 2144 3287 2216 ἀφόρητον,
3343 2142 3434 2196 ὅτε
3482 2143 3618 2214 πρὸς

2041 2233 2264 2304 μείζονα
2293 2232 2608 2304 φιλοσοφίαν
2633 2231 2962 2302 ἐκλήθημεν,
2990 2231 3084 2284 καὶ
3108 2230 3243 2304 πρὸς
3271 2228 3362 2281 τὸν
3389 2228 3617 2299 οὐρανὸν

2037 2319 2318 2390 δδεύομεν,
2349 2321 2443 2373 καὶ
2471 2319 2628 2387 λόγος
2656 2321 2786 2390 ήμῖν
2812 2319 2921 2372 τῶν
2947 2318 3228 2389 παρόντων
3253 2316 3450 2380 οὐδεὶς,
3479 2315 3617 2368 ἀλλά

2040 2407 2177 2478 πρὸς
2222 2407 2414 2478 ἑτέραν
2451 2407 2595 2478 ζωὴν
2637 2405 3188 2480 παρασκευαζόμεθα,
3234 2404 3328 2456 καὶ
3369 2402 3504 2456 πολύ
3553 2402 3617 2455 τὸ

2038 2495 2138 2564 τῆς
2163 2493 2460 2564 παρθενίας
2489 2493 2785 2563 ἐγκώμιον,
2809 2493 3060 2564 ἐννόησον
3089 2493 3274 2564 ήλίκον
3302 2491 3423 2543 τότε
3446 2489 3616 2543 κακὸν

2037 2581 2099 2633 τὸ
2127 2583 2362 2650 πρᾶγμα
2389 2579 2665 2651 ἐνομίζετο
2704 2577 2863 2645 εἶναι,
2895 2581 2984 2632 ὅτε
3023 2579 3129 2632 τῶν
3180 2577 3483 2648 μελλόντων
3519 2575 3618 2646 μιν

2037 2668 2263 2737 οὐδεμία
2283 2685 2367 2731 τις
2387 2663 2454 2738 ἦν
2479 2668 2651 2731 ἐλπὶς,
2677 2668 2796 2720 οὐδὲ
2819 2666 2994 2720 ἔννοια
3019 2668 3131 2728 τοῖς
3151 2665 3416 2729 παλαιοῖς,
3438 2663 3618 2718 πάντα

2037 2755 2096 2808 δέ
2122 2755 2261 2826 ὑπὲρ
2276 2755 2383 2807 τῶν
2404 2755 2684 2824 παρόντων
2706 2754 2972 2826 ἔπραττον
3002 2752 3361 2824 πραγμάτων,
3383 2751 3478 2804 καὶ
3506 2749 3618 2820 ἀρά

2039 2859 2122 2900 τις
2147 2839 2214 2913 ἦν
2238 2842 2334 2894 καὶ
2351 2841 2614 2912 καταδίκη
2642 2841 2702 2894 τὸ
2731 2843 2945 2912 στεῖραν
2974 2837 3115 2894 εἶναι
3141 2839 3235 2893 καὶ
3260 2840 3472 2908 ἄγονον.
3501 2837 3617 2890 Οὐκ

2040 2930 2185 2983 ἔστιν
2217 2932 2412 2994 εἰπεῖν,
2448 2930 2568 2982 οὐδὲ
2595 2933 2944 3001 παραστῆσαι
2975 2928 3053 2999 τῷ
3086 2928 3228 2998 λόγῳ
3263 2926 3361 2997 τὴν
3383 2926 3491 2980 ἀπὸ
3516 2924 3616 2992 τῆς

2043 3016 2253 3088 πληγῆς
2275 3016 2478 3086 ταύτης
2501 3015 2712 3086 ὀδύνην.
2743 3015 3094 3089 Μαρτυροῦσι
3121 3015 3178 3068 δέ
3201 3015 3474 3082 γυναῖκες,
3492 3013 3615 3064 ὅσαι

2039 3106 2220 3156 πᾶσαν
2267 3103 2365 3174 μὲν
2400 3103 2742 3168 ἐπεδείξαντο
2779 3101 3118 3172 φιλοσοφίαν,
3161 3100 3366 3170 ταύτην
3416 3099 3473 3151 δὲ
3516 3098 3616 3168 τὴν

2037 3189 2374 3259 δυσκληρίαν
2421 3190 2522 3244 οὐκ
2550 3190 2804 3259 ήνεγκανο
2837 3188 2951 3242 ἀλλ’
2980 3189 3038 3242 αἱ
3075 3189 3172 3259 μέν
3203 3186 3340 3258 πρὸς
3367 3183 3492 3248 τούς
3519 3183 3615 3238 ἇνρ

2037 3278 2170 3348 δρας
2207 3277 2603 3347 ἐδυσχέραινον,
2642 3277 2697 3328 αἱ
2737 3276 2792 3329 δὲ
2819 3277 2910 3329 τὸν
2941 3276 3055 3346 βίον
3077 3275 3309 3329 ἀδίωτον
3335 3268 3472 3326 εἶναι
3502 3269 3615 3325 ἐνό-

2042 3381 2225 3435 μισαν.
2255 3364 2366 3436 Τὴν
2408 3365 2466 3419 δέ
2502 3368 2737 3433 γυναῖκα
2771 3363 2972 3434 ταύτην
3012 3364 3112 3418 οὐκ
3149 3361 3355 3432 ἀθυμία
3385 3359 3543 3430 μόνον
3578 3357 3616 3429 ή

2037 3455 2124 3510 διά
2144 3455 2242 3527 τήν
2266 3455 2574 3528 στείρωσιν,
2606 3455 2742 3510 ἀλλά
2762 3457 2856 3510 καὶ
2874 3456 2962 3509 ἐτε
2971 3473 3060 3527 ρον
3080 3453 3390 3524 ἐπολιόρκει
3420 3450 3612 3514 πάθος,

2039 3547 2210 3618 θυμὸς
2258 3547 2347 3600 διὰ
2391 3547 2460 3600 τὰ
2495 3547 2670 3619 ὀνείδη
2722 3548 2820 3618 τῆς
2849 3546 3155 3615 άντιζήλου.
3206 3546 3316 3599 Καὶ
3364 3543 3619 3613 καθάπερ.

2038 3639 2255 3710 ἀνέμων
2269 3639 2596 3703 ἀπεναντίας
2612 3639 2856 3711 ἀλλήλοις
2872 3639 3272 3712 ἐμπιπτόντων,
3295 3637 3389 3690 καὶ
3408 3635 3613 3704 σκάφος

2041 3727 2206 3798 μέσον
2237 3729 2293 3780 ἐν
2332 3729 2396 3798 τῇ
2427 3729 2562 3798 πρὸς
2596 3727 2856 3800 ἀλλήλους
2893 3727 3272 3783 άπολαὸόντων
3309 3727 3481 3798 μάχῃ,
3519 3727 3616 3780 καὶ

2039 3818 2206 3872 πολλὰ
2237 3818 2333 3889 μὲν
2359 3819 2464 3871 ἀπὸ
2491 3819 2589 3890 τῆς
2623 3818 2898 3891 πρύμνης,
2931 3818 3100 3873 πολλά
3124 3818 3180 3872 δέ
3211 3818 3319 3872 ἀπὸ
3340 3821 3440 3890 τῆς
3464 3817 3613 3890 πρώ-

2040 3927 2138 3982 ρας
2173 3910 2491 3980 ἐγειρόντων
2536 3908 2605 3962 τά
2633 3909 2869 3980 κύματα,
2909 3911 2938 3963 ό
2984 3909 3324 3980 κυϐερνήτης
3375 3910 3468 3963 ἐπὶ
3503 3909 3626 3962 τῶν.

2038 4003 2238 4056 οἰάκων
2275 3999 2578 4072 καθήμενος
2605 4000 2858 4066 διασώζει
2898 4001 2959 4053 τὸ
2991 3999 3217 4068 σκάφος,
3245 3998 3344 4063 τάς
3385 4000 3494 4054 τῶν
3526 4017 3615 4053 κυ-

2041 4093 2228 4164 μάτων
2255 4092 2486 4163 ἐμϐολάς
2510 4095 2575 4164 τῇ
2594 4092 2695 4163 τῆς
2717 4093 3023 4164 ἐπιστήμης
3058 4092 3220 4163 σοφίᾳ.
3250 4091 3580 4163 διακρουόμε
3597 4120 3612 4131 -

2038 4203 2147 4250 νοςο
2173 4186 2316 4240 οὕτω
2340 4188 2434 4240 καὶ
2463 4188 2498 4258 ή
2528 4189 2668 4259 γυνὴ
2693 4187 2814 4240 τότε
2838 4186 3051 4258 ἐκείνη,
3078 4186 3328 4257 καθάπερ
3364 4189 3608 4256 πνευμάτι

2037 4295 2145 4330 των
2177 4277 2452 4343 ἐναντίων,
2493 4277 2586 4331 τοῦ
2617 4277 2812 4348 θυμοῦ,
2847 4278 2942 4331 καὶ
2965 4278 3067 4348 τῆς
3094 4277 3350 4348 ἀθυμίας,
3391 4268 3470 4340 είς
3513 4276 3614 4347 την

2036 4365 2215 4439 ψυχήν
2251 4367 2421 4439 αὐτῆς
2449 4369 2819 4440 ἐμπεσόντων,
2848 4369 3090 4432 καὶτοὺς
3120 4367 3412 4437 λογισμοὺς
3439 4367 3611 4437 αὐτῆς

2036 4459 2454 4527 διακοπτόντων,
2481 4460 2766 4516 καὶπολλὰ
2789 4461 2858 4516 τά
2876 4459 3096 4533 κύματα
3125 4459 3465 4532 ἐγειρόντων,
3488 4459 3621 4530 οὐχι

2035 4554 2148 4618 δύο,
2188 4554 2282 4607 καὶ
2307 4556 2473 4626 τρεῖς.
2502 4554 2596 4608 καὶ
2626 4555 2797 4608 εἰκοσι
2829 4554 3064 4626 ἡμέρας,
3086 4551 3201 4606 ἀλλ’
3221 4553 3309 4606 ἐπ’
3331 4553 3612 4618 ἐνιαυτοὺς

2034 4644 2359 4716 ὁλοκλήρους
2385 4644 2499 4717 (καὶ
2519 4645 2630 4715 γάρ
2657 4645 2715 4712 ἐξ
2744 4645 2928 4699 ἱκανοῦ
2955 4643 3114 4698 τοῦτο
3139 4643 3377 4713 ἐγένετο,
3399 4645 3610 4715 φησίν)·

2034 4734 2233 4805 ήνεγκε
2273 4733 2363 4787 τὸν
2395 4733 2640 4805 χειμῶνα
2665 4733 2946 4803 γενναίως,
2990 4735 3085 4790 καὶ
3112 4735 3610 4806 καταποντισθῆναι

2033 4822 2125 4875 τὸν
2168 4822 2424 4892 λογισμὸν
2469 4824 2571 4876 οὐκ
2613 4821 2815 4879 εἴασεν.
2857 4825 2917 4878 '0
2957 4825 3064 4896 7&9
3103 4826 3199 4880 τοῦ
3240 4827 3375 4880 Θεοῦ
3422 4827 3614 4895 φόϐος,

2036 4914 2284 4986 καθάπερ
2335 4916 2671 4985 κυϐερνήτης
2718 4915 2810 4968 ἐπὶ
2865 4915 2972 4971 τῶν
3018 4917 3220 4971 οἰάκων
3277 4918 3606 4989 καθήμενος,

2037 5005 2186 5078 [715]
2227 5005 2410 5059 έπειθε
2456 5006 2717 5074 γενναίως
2754 5010 2940 5081 φέρειν
2976 5010 3037 5063 τδ
3075 5008 3360 5062 κλυδώνιον
3408 5012 3604 5063 mm-

2035 5099 2126 5153 καὶ
2172 5099 2233 5152 οὐ
2261 5101 2521 5171 πρότερον
2552 5100 2762 5172 ἀπέστη
2786 5101 3152 5170 διακυϐερνῶν
3180 5100 3349 5171 αὐτῆς
3389 5101 3483 5172 τὴν
3505 5103 3609 5171 ψυ-

2033 5190 2158 5261 χὴν,
2195 5190 2300 5254 ἐως
2337 5193 2414 5255 εις
2442 5191 2534 5245 τὸν
2563 5190 2734 5247 εὖδιον
2766 5192 2959 5263 λιμένα
2993 5193 3272 5263 κατήγαγε
3305 5193 3602 5266 πεπληρω-

2035 5284 2201 5354 μένην
2228 5281 2323 5336 τοῦ
2362 5281 2580 5354 φορτίου
2611 5283 2709 5354 τὴν
2739 5283 2891 5347 ναῦν,
2933 5283 3028 5336 καὶ
3063 5281 3357 5355 πολυτίμου
3401 5285 3606 5358 θησαυ-

2035 5371 2128 5443 ροῦ
2156 5370 2252 5442 τὴν
2271 5370 2511 5442 γαστέρα
2532 5370 2823 5443 γέμουσαν.
2846 5371 2921 5424 υύ
2941 5372 3049 5444 7&9
3079 5375 3321 5446 χρυσίον,
3351 5377 3471 5431 ούδέ
3501 5378 3603 5449 ἀρ-

2031 5461 2218 5532 γύριον
2273 5461 2585 5527 ἐϐάσταζεν,
2633 5462 2771 5517 άλλά
2824 5466 3106 5537 προφήτην
3157 5468 3248 5521 καὶ
3290 5469 3458 5539 ίερέα’
3514 5473 3606 5526 καὶ

2027 5651 2118 5760 tv;
2143 5650 2280 5701 Colb.
2309 5651 2408 5703 duo
2430 5659 2483 5703 et
2521 5652 2646 5719 Reg.
2691 5658 2747 5706 οὐ
2785 5660 3009 5721 σώματος
3043 5662 3286 5728 ἀρρωστία
3319 5663 3601 5729 σύμμετρος,

2095 5748 2125 5812 ἱ
2144 5773 2268 5839 Reg.
2295 5775 2382 5824 κᾶν
2401 5776 2584 5842 μυρίας.
