4110 6214
280 288 384 345 αδ

280 411 333 458 et
354 400 686 457 sacerdotem
702 414 718 464 ;
733 403 954 467 eratque
973 393 1181 466 gemina
1203 394 1319 463 ejus
1339 394 1475 451 uteri
1496 393 1865 462 sanctificatio,

279 502 333 546 et
358 490 498 560 quod
525 488 615 543 tali
639 502 805 559 puero
829 500 1111 558 prmgnans
1130 494 1294 551 esset,
1324 495 1379 539 et
1403 484 1543 554 quod
1566 484 1873 553 conceptio-

283 582 367 637 nis
426 580 632 635 initium
682 594 777 649 per
813 578 1175 650 preattiouem
1226 590 1290 632 ac
1332 577 1602 630 caelestem
1645 573 1871 645 gratiam

282 674 596 743 accepisset.

354 767 409 820 2.
439 765 583 819 Onus
611 773 787 819 autem
812 761 936 817 illud
961 776 1066 816 non
1090 760 1262 816 solum
1291 767 1408 816 erat
1451 758 1777 830 inopinatum
1821 766 1876 813 et

284 856 617 922 admirabile,
657 871 840 911 verum
868 864 923 909 et
959 853 1330 925 negotiationis
1356 852 1547 908 modus
1580 851 1677 907 fuit
1700 850 1874 906 admi-

287 950 502 1006 rabilior
531 968 543 1003 :
572 964 745 1021 neque
780 949 921 1004 enim
961 946 1088 1002 illud
1132 946 1435 1001 hominibus
1479 944 1600 999 ullis
1642 942 1878 999 vendidit

286 1052 377 1096 aut
422 1040 857 1113 negotiatoribus,
886 1038 979 1094 sed
1013 1038 1254 1109 protinus
1280 1046 1336 1092 ut
1361 1046 1680 1106 exposuerat
1705 1049 1737 1089 e
1759 1048 1875 1089 sca-

288 1133 413 1200 pha,
446 1132 554 1187 Deo
598 1130 876 1188 vendidit:
911 1137 1115 1184 tantum
1154 1137 1333 1184 autem
1379 1129 1478 1182 hac
1519 1125 1877 1196 negotiatione

290 1225 495 1279 lucrum
520 1224 660 1285 fecit,
705 1232 961 1293 quantum
1007 1221 1179 1275 facere
1214 1234 1307 1290 par
1330 1227 1413 1274 est
1440 1233 1579 1281 eam,
1610 1231 1729 1287 quae
1755 1230 1875 1271 cum

288 1314 398 1370 Deo
425 1314 668 1369 habuerit
688 1312 1091 1368 commercium.
1120 1311 1330 1366 Etenim
1378 1318 1722 1381 posteaquam
1754 1322 1877 1362 eum

288 1404 455 1461 fetum
471 1415 747 1475 acceperat
765 1404 925 1468 Deus,
946 1402 1177 1459 reddidit
1197 1402 1272 1457 illi
1290 1401 1517 1456 alterum
1534 1399 1701 1454 filium
1732 1416 1744 1451 :
1772 1397 1879 1452 imo

289 1498 485 1568 potius,
505 1511 610 1551 non
633 1510 814 1559 unum,
834 1508 1008 1564 neque
1026 1492 1180 1558 duos,
1203 1506 1374 1562 neque
1401 1499 1532 1556 tres,
1557 1503 1725 1558 neque
1747 1504 1877 1555 qua-

294 1598 412 1642 tuor
430 1597 654 1653 tantum,
674 1587 766 1642 sed
790 1586 874 1639 his
894 1584 1063 1639 multo
1080 1584 1281 1653 plures,
1304 1582 1436 1649 Quia
1455 1581 1655 1644 sterilis,
1674 1579 1874 1649 inquit,

288 1679 479 1745 peperit
519 1686 707 1746 septem
739 1674 814 1746 (ι.
848 1674 973 1743 Reg.
1006 1673 1059 1728 2.
1092 1673 1169 1740 5),
1201 1679 1255 1725 et
1283 1686 1441 1724 usura
1466 1678 1664 1724 sortem
1694 1683 1881 1723 exces-

286 1769 377 1821 sit.
406 1768 549 1822 Talis
581 1766 725 1823 cnim
752 1774 833 1820 est
862 1763 1167 1834 negotiatio,
1194 1775 1312 1831 quin
1350 1776 1471 1815 cum
1502 1760 1610 1813 Deo
1635 1759 1836 1829 geritur
1860 1773 1875 1810 :

290 1873 396 1912 non
426 1857 513 1911 ille
552 1855 1089 1925 quantulamcumque
1124 1852 1285 1906 sortis
1313 1859 1536 1920 partem,
1562 1848 1656 1902 sed
1699 1847 1879 1902 multis

290 1949 529 2018 partibus
576 1945 1000 2015 conduplicatatn
1045 1943 1239 1998 reddit.
1288 1941 1470 2011 Neque
1512 1940 1690 1995 solum
1734 1940 1880 1995 dedit

291 2042 367 2095 illi
401 2040 575 2109 proles
629 2040 902 2101 femineas,
926 2036 1019 2091 sed
1047 2051 1111 2090 ex
1144 2044 1369 2103 utroque
1407 2047 1539 2087 sexu
1578 2031 1782 2086 lucrum
1810 2031 1876 2085 il-

287 2133 391 2186 lius
432 2132 741 2194 cumulavit,
775 2138 832 2183 ut
856 2128 931 2183 illi
978 2128 1088 2197 jam
1125 2124 1419 2196 perfectum
1446 2123 1731 2195 contigerit
1753 2138 1879 2194 gau-

290 2227 459 2281 dium.
510 2226 636 2280 llaec
664 2240 729 2279 eo
757 2236 1141 2287 commemoro,
1172 2236 1276 2274 non
1304 2227 1362 2274 ut
1386 2217 1611 2274 laudetis
1652 2225 1878 2284 tantum,

292 2318 388 2372 sed
415 2326 469 2371 et
496 2315 819 2371 tntnnlemini
842 2315 857 2346 ⁸
892 2313 1049 2383 lmjus
1091 2310 1329 2367 mulieris
1369 2310 1527 2366 fidem
1557 2323 1621 2365 ac
1644 2308 1879 2363 toleran—

291 2408 439 2472 tiam,
474 2419 632 2477 quam
662 2420 730 2460 ex
762 2412 909 2475 parte
948 2402 1163 2473 quidem
1192 2401 1416 2457 audistis
1464 2415 1667 2471 nuper;
1696 2414 1883 2455 verum

292 2510 343 2550 ut
379 2496 627 2567 reliquias
654 2495 1040 2565 persolvamus,
1070 2491 1347 2547 concedite
1374 2491 1506 2545 mihi
1536 2505 1698 2561 pauca
1726 2504 1881 2546 com-

300 2604 600 2644 memorare
619 2587 686 2643 de
716 2585 1052 2643 sermonibus
1095 2592 1215 2653 post
1257 2584 1481 2654 primum
1523 2582 1880 2652 precationem

293 2697 416 2738 cum
442 2678 720 2737 sacerdote
762 2678 985 2749 ejusque
1032 2678 1277 2733 ministro
1324 2674 1552 2739 habitis,
1583 2681 1641 2728 ut
1678 2674 1883 2744 perspi-

289 2772 443 2828 ciatis
471 2770 657 2827 mitem
688 2784 752 2825 ac
782 2767 1051 2841 placidum
1077 2767 1235 2836 hujus
1262 2764 1499 2821 mulieris
1524 2764 1784 2821 animum.
1813 2760 1881 2817 Et

292 2866 485 2932 factum
525 2870 615 2927 est,
655 2861 846 2931 inquit,
891 2875 1007 2914 cum
1052 2856 1417 2927 multiplicant
1464 2856 1800 2925 precationem
1828 2855 1883 2908 in

290 2961 560 3023 conspectu
603 2951 832 3020 Domini,
883 2948 1005 3005 Heli
1044 2948 1280 3005 sacerdos
1324 2947 1617 3003 observabat
1649 2963 1707 3003 os
1746 2946 1887 3003 illius

296 3043 459 3115 (Ibid.
492 3045 544 3099 l.
570 3042 683 3115 te).

366 3134 636 3206 Duplieem
660 3136 822 3190 Anna:
858 3136 1089 3191 virtutem
1128 3132 1327 3189 laudat.
1354 3130 1573 3188 Assidue
1611 3131 1882 3187 orandum.

293 3227 661 3283 --Geminam
725 3226 953 3297 scriptor
998 3226 1083 3282 hic
1135 3226 1387 3281 virtutem
1436 3225 1489 3280 in
1535 3225 1731 3279 femina
1784 3238 1887 3279 suo

295 3319 600 3374 testimonio
625 3318 992 3390 comprobavit
1020 3335 1033 3371 :
1066 3319 1118 3373 in
1145 3317 1395 3389 precibus
1435 3316 1798 3374 assiduitatem
1833 3325 1888 3371 et

297 3410 461 3465 animi
508 3410 831 3481 vigilantiam
857 3427 871 3463 :
903 3410 1047 3464 illam
1090 3408 1327 3479 quidem,
1352 3422 1474 3463 cum
1502 3409 1595 3475 ait,
1627 3406 1887 3477 Multipli-

294 3502 422 3555 cavit
451 3518 470 3566 ;
498 3500 654 3568 hanc,
678 3517 799 3557 cum
838 3500 1073 3565 addidit,
1107 3498 1174 3554 In
1193 3509 1462 3569 conspectu
1490 3498 1698 3555 Domini
1719 3515 1739 3554 :
1764 3514 1886 3553 nam

295 3606 484 3648 omnes
503 3592 717 3661 quidem
764 3606 1002 3657 oramus,
1032 3589 1126 3645 sed
1154 3605 1261 3645 non
1307 3605 1496 3646 omnes
1522 3591 1575 3646 in
1600 3599 1887 3661 conspectu

300 3683 414 3737 Dei.
463 3683 671 3737 Etenim
708 3697 830 3736 cum
865 3696 1092 3750 corpore
1121 3680 1171 3735 in
1206 3690 1344 3735 terra
1381 3692 1665 3749 prostrato,
1695 3692 1750 3737 et
1795 3697 1890 3736 ore

299 3782 501 3828 temere
543 3772 823 3836 delirante,
863 3786 1014 3826 mens
1040 3771 1233 3840 ubique
1257 3786 1350 3840 per
1378 3771 1597 3826 domum
1624 3788 1688 3828 ac
1717 3773 1887 3827 forum

298 3865 721 3932 circumvagatur
750 3880 763 3917 :
794 3876 901 3932 quo
920 3878 1013 3917 ore
1039 3862 1161 3915 talis
1186 3872 1368 3930 posset
1384 3861 1586 3927 dicere,
1608 3864 1749 3933 quod
1770 3878 1889 3918 ora-

301 3956 435 4010 verit
455 3956 507 4009 in
523 3963 811 4023 conspectu
831 3953 961 4007 Dei?
981 3951 1114 4006 Nam
1133 3952 1184 4005 in
1197 3961 1484 4022 conspectu
1510 3953 1715 4007 Domini
1748 3962 1886 4019 orat,

298 4047 391 4116 qui
412 4055 529 4101 orat
554 4046 784 4116 undique
803 4044 1059 4113 colligens
1082 4058 1231 4097 suam
1252 4052 1504 4106 mentem,
1526 4044 1657 4099 nihil
1688 4045 1888 4101 habens

298 4154 422 4194 cum
445 4149 579 4194 terra
608 4136 937 4202 couunercii,
954 4134 1048 4191 sed
1072 4134 1139 4190 ad
1161 4134 1333 4207 ipsum
1354 4136 1575 4191 caelum’
1598 4146 1738 4191 totus
1753 4152 1892 4193 com-

299 4233 553 4303 migrans,
575 4230 718 4286 omni
735 4228 1053 4299 cogitatione
1088 4226 1318 4282 humana
1335 4228 1403 4283 ab
1418 4228 1597 4284 animo
1615 4228 1838 4298 depulsa
1862 4245 1876 4281 :

302 4324 754 4397 quemadmodum
783 4322 833 4377 id
860 4320 1115 4391 temporis
1143 4321 1259 4376 ha:c
1286 4321 1411 4378 fecit
1455 4322 1649 4378 mulier
1681 4340 1694 4377 :
1723 4330 1887 4378 totam

300 4420 447 4475 enim
470 4433 590 4473 sese
617 4416 903 4486 collegerat
928 4428 993 4468 ac
1020 4411 1255 4468 mentem
1297 4412 1616 4480 intenderat,
1637 4424 1796 4484 atque
1816 4414 1889 4472 ita

304 4511 474 4567 Deum
515 4507 780 4563 invocavit
823 4504 1004 4560 animo
1039 4503 1273 4560 dolente.
1316 4504 1423 4561 Sed
1448 4520 1546 4561 cur
1587 4506 1887 4571 dicit,eam

303 4600 684 4671 multiplieasae
718 4596 1096 4670 pretationem,
1113 4595 1325 4667 quando
1349 4598 1572 4668 exiguus
1593 4608 1678 4653 est
1700 4596 1889 4654 modus

303 4692 817 4765 precationis,quam
842 4686 977 4744 fudit
1001 4687 1226 4741 mulier?
1249 4686 1431 4757 Neque
1454 4689 1505 4743 in
1529 4689 1741 4759 longum
1763 4704 1889 4761 pro-

302 4785 452 4838 duxit
475 4795 802 4847 sermonem,
820 4792 993 4848 neque
1022 4777 1075 4830 iu
1105 4776 1330 4832 multum
1349 4780 1890 4848 temporisextendit'

302 4875 739 4944 supplicationem
759 4913 776 4938 ,
807 4868 903 4926 sed
931 4880 1096 4937 pauca
1130 4864 1377 4937 nudaque
1391 4868 1552 4925 verba
1577 4870 1890 4942 proloquuta

302 4974 403 5018 cst.
435 4966 638 5019 Aeosst
668 4978 863 5019 nouus
885 4962 1017 5018 Ειοι
1060 4969 1321 5026 ssnon,
1346 4960 1388 5013 si
1414 4959 1685 5030 respiciens
1724 4977 1891 5031 respe-

302 5056 439 5110 xeris
466 5055 535 5107 ad
554 5056 885 5111 humilitatem
926 5057 1129 5111 ancillte
1172 5067 1305 5121 tute,
1342 5055 1536 5124 meique
1566 5070 1753 5109 memor
1775 5055 1888 5123 [ue-

222 5214 223 5217 η
306 5148 396 5210 ris,
426 5161 514 5199 nec
531 5146 712 5200 oblitus
731 5148 931 5202 ancilla
956 5157 1075 5216 tute,
1104 5147 1397 5217 dederisque
1421 5145 1739 5199 ancillarum
1771 5161 1891 5215 pro-

226 5234 227 5241 “
306 5241 405 5295 lem
449 5240 989 5306 masculam,o/Ieram
1030 5241 1174 5295 illam
1202 5240 1335 5295 dono
1372 5238 1425 5292 in
1454 5246 1720 5306 conspectu
1761 5248 1847 5291 tuo
1868 5276 1887 5304 ,

305 5350 461 5405 usque
516 5333 585 5386 ad
622 5332 754 5387 diem
794 5334 968 5387 mortis
1013 5334 1192 5404 ipsius.
1238 5331 1423 5387 Vinum
1446 5342 1490 5385 et
1531 5330 1773 5401 quidquid
1805 5331 1891 5385 in-

369 5472 386 5502 ι
424 5477 537 5531 tteg.
562 5467 753 5518 etColb.
778 5468 894 5527 duo,
907 5480 998 5517 non
1010 5474 1060 5517 ut
1079 5465 1330 5519 laudemus
1349 5473 1548 5529 tantum,
1568 5464 1657 5518 sed
1678 5470 1723 5517 et
1737 5477 1890 5517 m-

304 5531 477 5587 lemur,
505 5538 599 5580 etc.

368 5596 388 5665 ξ
422 5590 757 5665 temptentur,
780 5592 933 5665 deest
946 5590 995 5640 in
1018 5590 1227 5665 Colh.__et
1248 5598 1364 5653 Reg.
1441 5660 1463 5665 Π
1536 5652 1543 5659 ι

369 5654 389 5685 ³
412 5658 493 5717 διε
528 5649 797 5717 (mulino
833 5661 885 5703 et
909 5660 1043 5717 πως..
1071 5653 1245 5703 melius
1276 5649 1424 5716 quam
1440 5651 1581 5702 savii.
1618 5659 1670 5703 et
1700 5649 1887 5715 κοῖαι..

296 5721 380 5771 ’ἷυι
407 5716 587 5767 habent
599 5747 616 5770 .
639 5714 826 5777 objecti.

1593 278 1682 333 DE
1720 276 1900 333 ANNA
1940 275 2169 333 SEllMO
2194 274 2260 336 ιι.

3468 281 3573 336 (illi

1980 392 2139 447 ebriat
2165 410 2265 447 non
2290 392 2437 457 bibet,
2468 403 2513 447 et
2540 393 2725 460 [errant
2747 408 2846 445 non
2872 393 3103 448 ascendet
3114 409 3265 464 super
3288 401 3438 463 caput
3456 394 3571 464 ejus

1980 484 2056 556 (ι.
2084 485 2211 556 Reg.
2262 486 2311 540 l.
2350 486 2460 555 ll).
2497 485 2627 554 Quae
2669 494 2752 540 est
2790 484 2875 539 hic
2918 485 3199 541 verborum
3250 483 3573 541 multitudo?

1980 576 2119 645 Quid
2156 578 2315 648 igitur
2363 579 2554 642 innuit,
2583 593 2703 633 cum
2746 578 2839 645 ait,
2870 577 3262 649 Multiplicattit?
3298 577 3421 633 llaec
3469 576 3575 632 frc-

1980 679 2206 739 quenter
2250 669 2478 735 dicebat,
2526 685 2624 724 nec
2649 669 2852 724 destitit
2877 669 3063 724 iisdem
3106 669 3283 725 verbis
3322 669 3578 724 iterandis

1986 763 2211 816 multum
2253 764 2508 834 temporis
2548 762 2851 818 absumere.
2878 761 2954 818 lta
2980 771 3033 819 et
3060 754 3314 813 Christus
3331 756 3387 813 in
3404 754 3575 814 Evan-

1981 852 2119 922 gelio
2145 854 2323 908 docuit
2348 868 2522 908 orare.
2556 853 2690 908 Cum
2723 852 2864 909 enim
2887 853 3137 923 jussisset
3178 851 3473 925 discipulis,
3508 865 3576 905 ne

1982 959 2132 1001 more
2173 946 2446 1016 gentilium
2491 955 2727 1011 orarent,
2757 954 2969 1001 utentes
3015 944 3367 1017 multiloquio,
3411 942 3573 999 etiam

1982 1036 2197 1091 modum
2224 1037 2542 1105 precationis
2562 1036 2737 1092 docuit
2761 1035 2975 1106 (Matth.
2993 1035 3048 1089 6.
3074 1035 3149 1104 7):
3176 1033 3485 1097 ostendens,
3516 1041 3573 1087 ut

1982 1126 2333 1181 exaudiamur
2380 1142 2484 1181 non
2545 1142 2666 1182 esse
2714 1127 2871 1180 situm
2913 1126 2965 1180 in
3008 1124 3293 1180 verborum
3340 1122 3577 1178 multitu-

1984 1216 2128 1283 dine,
2178 1215 2272 1271 sed
2291 1216 2345 1271 in
2370 1217 2638 1286 vigilantia
2665 1216 2879 1271 mentis.
2908 1214 3185 1281 Quomodo
3220 1213 3397 1284 igitur,
3430 1212 3582 1267 dixe-

1986 1307 2056 1363 rit
2100 1306 2328 1377 aliquis,
2375 1308 2419 1361 si
2461 1308 2642 1376 paucis
2690 1306 2953 1362 orandum
2992 1314 3103 1370 est,
3151 1303 3456 1376 parabolam
3498 1304 3578 1358 eis

1985 1400 2279 1470 proposuit,
2322 1399 2699 1455 admonentem
2733 1414 2947 1469 semper
2991 1414 3111 1456 esse
3147 1398 3446 1455 orandum?
3480 1398 3566 1452 Vi-

1983 1492 2085 1547 dua
2128 1492 2369 1562 qumdatn
2413 1502 2563 1558 erat,
2604 1509 2723 1563 quae
2770 1492 2984 1547 assidue
3036 1491 3354 1562 appellando
3378 1491 3572 1547 crude-

1985 1582 2090 1638 lctn
2137 1592 2190 1637 et
2211 1583 2558 1639 inhumanum
2594 1583 2849 1652 iudicem,
2874 1597 3044 1654 neque
3083 1582 3249 1638 Deum
3277 1582 3575 1647 timentem,

1985 1688 2156 1744 neque
2197 1673 2442 1729 homines
2466 1683 2821 1741 reverentem,
2854 1672 3159 1744 frequenter
3202 1672 3388 1728 adiens
3425 1672 3571 1728 flexit

1984 1763 2137 1834 (Luc.
2163 1764 2248 1819 l8.
2270 1763 2415 1837 3-5).
2431 1764 2710 1832 Quomodo
2727 1779 2822 1820 uos
2837 1774 2889 1820 et
2908 1764 3100 1821 Paulus
3112 1766 3355 1820 hortatur
3371 1764 3575 1829 dicens,

1984 1856 2276 1913 Precationi
2316 1859 2559 1913 instantes
2586 1857 2766 1927 (Rom.
2801 1856 2884 1910 l2.
2921 1856 3030 1928 12),
3054 1872 3118 1911 ac
3146 1871 3347 1919 rursus,
3376 1854 3576 1911 Indesi-

1984 1957 2158 2003 neuter
2181 1958 2321 2002 orate
2341 1948 2417 2017 (l.
2442 1946 2619 2002 Thess.
2646 1947 2699 2001 5.
2726 1944 2811 2017 l7)
2834 1947 2855 1999 ?
2876 1943 3009 2001 Nam
3025 1947 3069 2001 si
3099 1945 3258 2002 verba
3273 1946 3509 2016 proferre
3526 1947 3579 2001 in

1985 2039 2203 2109 longum
2232 2054 2341 2096 non
2364 2046 2600 2109 oportet,
2616 2046 2670 2093 et
2692 2044 2871 2092 tamen
2893 2036 3107 2093 assidue
3130 2054 3304 2103 orare,
3331 2038 3430 2093 hoc
3454 2053 3580 2095 cum

1987 2132 2079 2187 illo
2121 2140 2338 2203 pugnat.
2384 2130 2502 2187 Non
2546 2128 2775 2187 interse
2820 2138 3057 2201 pugnant
3100 2130 3230 2196 ista;
3275 2130 3449 2186 absit:
3483 2131 3579 2186 sed

1984 2240 2308 2295 magnopere
2353 2225 2492 2279 inter
2520 2238 2580 2280 sc
2609 2233 2931 2294 congruunt.
2955 2221 3227 2293 Siquidem
3256 2233 3310 2278 et
3332 2224 3580 2278 Christus

1983 2325 2039 2371 et
2064 2315 2436 2385 l’aulusjussit
2464 2315 2677 2382 breves,
2699 2312 2792 2371 sed
2823 2312 3043 2370 crebras
3086 2314 3203 2369 fieri
3245 2312 3581 2384 precationes

1983 2420 2050 2461 ex
2096 2406 2280 2476 paucis
2322 2406 2632 2461 intervallis.
2677 2402 2813 2461 Nam
2856 2400 2904 2459 si
2927 2405 2979 2461 in
3014 2405 3230 2475 longum
3270 2404 3580 2460 extenderis

1986 2496 2174 2562 verba,
2202 2512 2326 2553 cum
2373 2497 2683 2567 frequenter
2722 2512 2910 2568 parum
2947 2497 3025 2552 sis
3072 2506 3327 2563 attentus,
3357 2498 3579 2556 multam

1984 2586 2258 2641 audaciam
2283 2586 2497 2643 diabolo
2520 2586 2890 2657 suppeditasti,
2914 2597 2968 2641 ut
2996 2587 3218 2643 accedat
3240 2590 3574 2660 supplantet-

1983 2692 2107 2748 que,
2138 2693 2201 2732 ac
2223 2688 2455 2733 mentem
2476 2676 2544 2731 ab
2574 2677 2638 2731 iis
2661 2692 2781 2747 quae
2800 2676 3051 2732 dicuntur
3094 2687 3285 2733 avocet
3316 2696 3330 2733 :
3358 2680 3503 2749 quod
3527 2682 3575 2737 si

1985 2770 2291 2840 frequenter
2304 2785 2367 2827 ac
2394 2768 2620 2827 subinde
2643 2768 2906 2835 oraveris,
2936 2776 3145 2840 tempus
3189 2784 3349 2827 omne
3375 2770 3584 2828 crebris

1985 2862 2243 2919 dirimens
2270 2862 2582 2929 intervallis,
2610 2860 2763 2917 facile
2799 2862 2999 2932 poteris
3025 2876 3147 2919 esse
3174 2862 3386 2918 sobrius
3407 2877 3473 2919 ac
3498 2864 3581 2921 vi-

1988 2955 2161 3025 gilans
2188 2996 2204 3020 ,
2243 2962 2301 3010 ut
2336 2954 2699 3026 precationem
2742 2952 2911 3008 multa
2956 2968 3078 3008 cum
3116 2953 3411 3009 attentione
3452 2968 3580 3025 per-

1992 3048 2163 3103 licias.
2193 3045 2344 3115 Quod
2392 3060 2523 3102 sane
2560 3042 2676 3100 hmc
2723 3044 2883 3110 fecit,
2931 3043 3057 3098 dum
3106 3059 3214 3100 non
3262 3044 3420 3116 longo
3461 3060 3581 3104 scr-

1990 3155 2169 3206 mnne,
2185 3138 2282 3195 sed
2308 3136 2511 3193 crebris
2531 3152 2594 3194 ac
2616 3135 2979 3206 frequentibus
3005 3136 3250 3207 precibus
3268 3136 3399 3191 adiit
3416 3136 3583 3194 Deum

1990 3229 2067 3303 (ι.
2101 3229 2228 3303 Reg.
2263 3230 2312 3284 l.
2344 3228 2432 3287 12.
2464 3228 2578 3299 l3).
2613 3226 2815 3284 Deinde
2847 3236 3190 3299 posteaquam
3228 3227 3478 3283 sacerdos
3506 3227 3581 3283 illi

1989 3322 2214 3379 occlusit
2240 3337 2301 3377 os
2332 3338 2345 3375 :
2375 3336 2499 3375 nam
2523 3320 2624 3375 hoc
2641 3328 2722 3375 est
2746 3318 2887 3390 quod
2916 3318 3013 3386 ait,
3044 3316 3347 3375 Obseruabat
3371 3334 3427 3373 os
3450 3319 3581 3390 ejus,

1990 3427 2036 3471 et
2065 3415 2202 3471 labia
2225 3415 2333 3485 ejus
2357 3414 2697 3479 mouebantur,
2730 3427 2825 3467 eos:
2850 3419 3016 3465 autent
3054 3410 3190 3467 illius
3217 3426 3317 3464 non
3341 3408 3584 3464 audieba-

1991 3517 2074 3560 tur
2104 3522 2122 3560 :
2147 3513 2330 3560 coacta
2368 3512 2452 3559 est
2491 3502 2707 3558 obedire
2753 3501 3037 3564 sacerdoti,
3066 3509 3119 3555 et
3146 3500 3216 3555 ab
3257 3500 3460 3555 orando
3488 3501 3583 3557 de~

1991 3596 2199 3651 sistere.
2229 3595 2294 3648 Et
2320 3609 2422 3649 vos
2463 3592 2680 3663 quidem
2709 3590 2784 3646 illi
2833 3591 3116 3645 interclusa
3157 3598 3259 3657 est,
3285 3599 3340 3645 at
3366 3606 3470 3645 nun
3498 3599 3583 3645 est

1991 3687 2201 3742 exclusa
2234 3686 2445 3749 fiducia,
2476 3684 2571 3741 sed
2608 3684 2975 3739 vehementius
2998 3682 3162 3739 etiam
3192 3699 3285 3738 cor
3313 3684 3579 3739 clamabat

1993 3777 2155 3830 intus.
2184 3775 2317 3829 Nam
2344 3774 2428 3829 illa
2457 3774 2791 3843 potissimum
2816 3782 2899 3827 est
2928 3775 3181 3842 precatio,
3215 3789 3336 3835 cum
3360 3775 3429 3829 ab
3455 3776 3579 3830 inti-

1993 3866 2095 3921 mis
2120 3879 2277 3919 voees
2297 3878 2511 3920 sursum
2540 3863 2776 3917 feruntur
2808 3879 2822 3917 :
2853 3861 2956 3917 hoc
2984 3862 3245 3932 praecipue
3279 3864 3473 3925 mentis
3497 3876 3583 3921 est

1993 3956 2316 4021 exercitata),
2346 3970 2453 4010 non
2482 3955 2776 4009 intentione
2821 3953 2985 4020 vocis,
3019 3954 3113 4009 scd
3164 3955 3326 4013 animi
3369 3956 3582 4018 fervore

1994 4048 2363 4120 precationem
2392 4045 2689 4102 absolvere.

2064 4140 2117 4195 5.
2140 4139 2227 4193 Sic
2252 4140 2421 4191 oravit
2449 4145 2506 4193 et
2532 4136 2704 4193 Moses
2745 4154 2758 4193 :
2788 4136 2875 4206 qui
2906 4152 3028 4194 cun)
3052 4137 3180 4193 nihil
3206 4154 3333 4194 voce
3358 4156 3579 4200 resona-

1994 4240 2096 4298 ret,
2129 4230 2267 4286 Deus
2307 4240 2504 4295 tamen,
2546 4227 2704 4299 Quid,
2728 4228 2918 4300 inquit,
2960 4229 3153 4285 clamas
3189 4233 3258 4285 ad
3281 4232 3577 4305 me(E:rod.

1995 4324 2082 4381 ll.
2115 4324 2232 4393 l5)?
2260 4322 2512 4379 flamines
2551 4321 2763 4393 quidem
2783 4332 3059 4379 externam
3086 4323 3223 4380 hanc
3249 4340 3434 4382 vocem
3464 4336 3582 4382 tan-

1996 4426 2106 4473 tum
2131 4416 2370 4481 audiunt,
2397 4423 2454 4470 at
2481 4415 2619 4471 Deus
2643 4422 2698 4471 ct
2721 4425 2846 4470 ante
2885 4418 3022 4472 Lanc
3066 4417 3206 4473 intus
3232 4416 3583 4478 inclamantes

1990 4505 2159 4563 audit.
2196 4505 2376 4575 Itaque
2420 4504 2534 4561 fieri
2567 4512 2763 4576 potest,
2794 4513 2853 4560 ut
2893 4506 3053 4561 etiam
3098 4506 3189 4579 qui
3218 4522 3323 4565 non
3346 4509 3581 4568 clamant

1993 4598 2298 4664 audiantur,
2326 4606 2385 4653 ut
2416 4612 2512 4668 per
2559 4596 2733 4653 forum
2758 4596 3039 4653 ambulans
3065 4598 3186 4669 quis
3213 4610 3333 4657 oret
3358 4616 3580 4658 accura-

1995 4690 2220 4758 tissime,
2248 4699 2303 4747 et
2328 4690 2379 4745 in
2406 4704 2663 4748 consessu
2712 4691 3003 4746 amicorum
3050 4691 3384 4766 aliorumque
3427 4696 3581 4768 quid.

1994 4781 2074 4837 vis
2103 4780 2243 4837 aliud
2269 4796 2431 4853 agens
2457 4780 2755 4837 vehementi
2780 4781 3015 4837 clamore
3039 4781 3251 4840 invocet
3272 4785 3459 4853 Deum,
3479 4787 3581 4842 cla.

1995 4887 2167 4940 more,
2199 4873 2437 4945 inquam,
2465 4872 2693 4937 intento,
2728 4871 2936 4927 etiamsi
2976 4872 3106 4928 nihil
3152 4873 3328 4942 faciat,
3367 4876 3510 4947 quod
3548 4893 3581 4932 a

1992 4978 2258 5036 quoquam
2288 4963 2630 5032 prtesentium
2675 4962 2954 5019 sentiatur.
2985 4962 3137 5037 Quod
3163 4979 3295 5021 sane
3324 4974 3434 5020 tum
3466 4965 3582 5022 htec

1994 5056 2119 5111 fecit
2164 5052 2375 5108 mulier.
2439 5050 2568 5115 Vox,
2601 5050 2791 5122 inquit,
2839 5053 2979 5109 illius
3022 5070 3123 5108 non
3166 5054 3500 5119 audiebatur;
3527 5069 3582 5113 et

1993 5150 2269 5206 exaudivit
2312 5148 2457 5203 illaut
2507 5146 2694 5201 Deus:
2727 5155 2904 5202 tantus
2936 5155 3051 5202 erat
3085 5146 3224 5204 illius
3269 5148 3473 5205 clamor
3501 5152 3579 5208 in-

1995 5251 2197 5297 ternus.
2231 5239 2295 5293 Et
2323 5238 2450 5292 dixit
2491 5238 2567 5291 illi
2598 5254 2723 5307 puer
2768 5237 2885 5292 Heli
2907 5255 2925 5291 :
2960 5237 3229 5309 Quousque
3263 5243 3361 5296 eris
3407 5243 3583 5300 ebria?

1997 5332 2202 5387 Discute
2227 5331 2397 5384 vinum
2436 5340 2576 5383 tuum
2615 5329 2703 5382 abs
2724 5338 2789 5394 te,
2824 5338 2871 5383 et
2912 5329 3087 5383 recede
3110 5346 3142 5384 a
3174 5344 3449 5403 conspectu
3476 5335 3580 5390 Do.

1994 5421 2352 5493 mini(l.Reg.
2375 5421 2426 5477 t.
2451 5421 2559 5492 ιι).
2580 5418 2678 5475 llic
2698 5418 3029 5489 potissimum
3054 5418 3181 5477 licet
3207 5422 3365 5496 hujus
3389 5426 3582 5485 mulie-

1994 5517 2069 5572 ris
2087 5514 2472 5586 philosophiam
2496 5512 2811 5584 perspicere.
2833 5510 2983 5566 Domi
2999 5512 3354 5583 exprobrabat
3366 5518 3579 5586 aemula;

1995 5609 2144 5665 venit
2166 5608 2218 5661 iu
2241 5605 2519 5676 templum.
2537 5614 2593 5660 et
2612 5601 2905 5660 sacerdotis
2926 5618 3060 5673 puer
3096 5605 3259 5660 allicit
3281 5605 3425 5663 illam
3444 5624 3579 5665 cou-

1994 5694 2237 5764 tumelia,
2261 5708 2315 5756 et
2345 5700 2582 5771 increpat
2624 5696 2738 5771 ipse
2778 5695 3048 5756 sacerdos.
3090 5694 3357 5774 Etl'ngcrat
3393 5701 3579 5761 domo-
