4110 6214
540 285 642 340 ω’)

534 401 722 455 stlcam
766 403 1150 466 tempestatem,
1171 393 1316 448 venit
1334 393 1387 447 in
1409 401 1642 462 portum,
1664 400 1720 447 et
1753 406 1937 446 rursus
1974 390 2119 446 ini-e—

536 491 616 544 nit
636 488 856 543 ﬂuctus:
877 487 1018 541 venit
1045 491 1325 554 acceptura
1347 483 1700 549 medicamen,
1725 481 1818 538 sed
1845 481 2021 536 addita
2038 487 2122 536 est

538 580 851 649 probrorum
879 575 1054 647 plaga,
1075 590 1177 644 qua
1209 572 1400 628 vulnus
1425 582 1711 638 cresceret,
1743 572 1940 628 nedum
1967 585 2119 626 cura-

538 680 705 725 retur.
717 667 874 723 Scitis
891 667 1032 721 enim
1050 665 1125 736 (η)
1143 665 1410 735 quomodo
1424 664 1587 718 animi
1615 672 1902 719 maerentes
1930 662 2118 716 adver-

546 774 639 814 sus
682 756 1031 812 contumelias
1059 763 1110 811 et
1136 755 1371 811 convicia
1421 755 1526 809 sint
1569 754 1760 810 ali‘azti.
1791 752 1938 808 Sicut
1976 753 2119 808 enim

535 850 728 905 acerba
771 849 992 903 vulnera
1017 863 1083 901 ne
1122 847 1293 902 levem
1339 846 1554 916 quidem
1596 859 1782 901 manus
1818 851 2118 899 contactum

537 941 717 996 ferunt
745 957 759 993 :
787 941 864 994 sic
889 947 944 993 et
969 938 1182 992 animus
1205 937 1541 1006 perturbatus
1565 951 1627 990 ac
1657 949 1900 990 morosus
1914 934 1980 988 ad
2000 949 2119 989 om-

539 1033 624 1086 nia
657 1029 960 1100 indignatur
998 1028 1209 1098 levique
1233 1027 1399 1082 verbo
1438 1026 1710 1080 mordetur
1734 1034 1789 1079 et
1816 1024 2118 1080 offenditur.

535 1121 733 1177 Verum
763 1121 865 1176 hoc
886 1133 990 1175 non
1017 1119 1208 1174 accidit
1231 1118 1353 1173 huic
1382 1117 1611 1184 mulieri,
1641 1132 1711 1172 ne
1739 1127 1848 1172 tum
1878 1116 2118 1187 quidem,

543 1228 664 1268 cum
693 1228 720 1266 a
765 1227 931 1282 puero
969 1211 1228 1266 conviciis
1273 1219 1555 1280 peteretur.
1607 1209 1736 1264 Nam
1785 1209 1830 1264 si
1874 1209 2123 1264 sacerdos

539 1305 725 1360 fuisset
744 1303 1093 1368 conviciutus,
1117 1317 1225 1356 non
1243 1310 1355 1356 erat
1381 1299 1599 1370 perinde
1627 1299 1862 1355 miranda
1889 1298 2124 1353 toleran-

541 1398 616 1452 tia
645 1413 659 1451 :
687 1397 959 1466 dignitatis
995 1395 1191 1466 quippe
1223 1392 1546 1463 magnitudo,
1575 1407 1639 1446 ac
1664 1393 2001 1462 magistratus
2028 1406 2124 1445 au-

537 1489 756 1544 ctoritas
781 1487 865 1542 vel
895 1487 1113 1541 invitam
1150 1486 1292 1539 illam
1325 1483 1666 1552 compulisset
1690 1482 1756 1536 ad
1783 1482 2116 1537 modestiam.

525 1579 690 1634 'Nunc
714 1593 844 1633 vero
869 1592 966 1632 nec
985 1576 1241 1631 adversus
1267 1573 1562 1630 sacerdotis
1593 1589 1814 1643 puerum
1856 1572 2123 1642 indignata

538 1678 620 1724 est
648 1686 662 1723 :
692 1683 797 1738 quo
824 1667 990 1738 magis
1013 1666 1172 1722 etiam
1202 1665 1303 1721 sibi
1330 1663 1634 1720 conciliavit
1663 1665 1846 1719 Deum.
1877 1663 1966 1718 Sic
1993 1677 2126 1733 quo-

522 1762 642 1818 -ties
679 1761 983 1832 opprobriis
1022 1759 1274 1831 milleque
1321 1759 1475 1813 malis
1518 1757 1714 1825 alfecti,
1761 1759 2124 1814 conviciantcs

539 1869 802 1924 generoso
827 1852 1046 1908 ferimus
1077 1852 1276 1918 animo,
1301 1850 1554 1920 majorem
1589 1850 1741 1905 nobis
1765 1863 1794 1904 a
1823 1849 1938 1905 Deo
1961 1849 2126 1904 bene-

539 1947 825 2002 volentiam
855 1945 1220 2000 conciliamus.

524 2041 526 2044 ’
613 2036 902 2090 Toleramia
928 2035 1263 2089 conviciorum
1296 2034 1492 2088 occasio
1517 2033 1680 2087 meriti
1709 2031 1914 2086 Dauidi.
1945 2063 2018 2076 —-
2048 2033 2115 2088 Et

520 2125 688 2183 “unde
714 2126 815 2180 hoc
851 2125 1053 2195 liquet?
1081 2121 1156 2178 Ex
1199 2121 1281 2179 his
1323 2134 1440 2194 quae
1483 2135 1712 2178 evenere
1747 2123 1949 2180 Davidi.
1993 2123 2128 2191 Quid

543 2228 722 2274 autem
753 2217 827 2272 illi
854 2216 1073 2273 evenit?
1117 2215 1402 2271 Exsulabat
1446 2215 1729 2286 aliquando
1771 2230 1803 2270 e
1829 2217 2018 2285 patria,
2052 2216 2129 2270 si-

546 2310 657 2364 mul
683 2307 825 2364 etde
855 2306 1098 2362 libertate
1117 2315 1171 2362 et
1198 2306 1304 2361 vita
1334 2320 1431 2361 sua
1461 2306 1786 2376 periclitans,
1817 2315 1872 2360 et
1897 2307 2129 2360 exercitu

519 2403 800 2459 adversus
836 2401 1277 2471 intemperantem
1306 2399 1454 2454 illum
1477 2399 1728 2468 juvenem
1761 2407 2042 2470 tyrannum
2068 2413 2130 2454 ac

543 2493 861 2564 parricidam
893 2493 1168 2557 instructo,
1197 2491 1408 2546 errabat
1435 2491 1486 2544 in
1508 2489 1734 2546 desertis
1758 2489 1831 2562 (ἓ.
1857 2491 1985 2562 Reg.
2008 2488 2126 2560 l6):

543 2600 646 2641 nec
688 2595 865 2640 tamen
921 2583 1221 2653 indignatus
1278 2589 1383 2648 est,
1429 2596 1527 2637 nec
1571 2581 1850 2650 despondit
1895 2583 2130 2636 animum

547 2677 691 2748 apud
720 2677 909 2740 Deum,
941 2690 1113 2746 neque
1133 2675 1265 2731 dixit
1296 2693 1309 2729 :
1341 2673 1477 2742 Quid
1517 2673 1726 2729 tandem
1777 2674 1878 2730 hoc
1905 2677 1982 2730 rei
2011 2675 2131 2730 est?

545 2767 791 2840 permisit
833 2775 890 2823 ut
922 2767 1062 2822 [ilius
1101 2767 1395 2836 insurgeret
1433 2765 1693 2822 adversus
1730 2765 1912 2832 illum,
1953 2781 1983 2820 a
2027 2781 2132 2836 quo

546 2861 758 2932 genitus
783 2857 1248 2930 est:quietiamsi
1291 2856 1417 2928 quid
1459 2856 1699 2924 haberet,
1744 2857 1812 2913 de
1852 2873 1958 2929 quo
1990 2859 2134 2928 juste

548 2954 700 3023 queri
749 2960 953 3023 posset,
991 2966 1096 3006 non
1136 2948 1372 3019 oportuit
1418 2957 1594 3004 tamen
1647 2949 1698 3004 id
1743 2949 1920 3006 facere
1949 2969 1962 3004 :
1993 2967 2133 3007 nunc

547 3061 677 3101 vero
701 3061 799 3100 nec
829 3046 880 3100 in
905 3059 1071 3114 parvo
1099 3058 1199 3098 nec
1225 3045 1278 3097 in
1305 3058 1496 3114 magno
1527 3044 1682 3099 lmsus
1709 3061 1738 3099 a
1771 3046 1923 3101 nobis
1949 3047 2132 3101 obam-

548 3138 717 3203 bulat,
741 3136 959 3207 cupiens
984 3135 1222 3190 dextram
1255 3145 1472 3206 paterno
1499 3137 1756 3208 sanguine
1796 3137 2052 3206 polluere,
2080 3147 2135 3193 et

551 3229 692 3283 Deus
713 3227 828 3282 haec
853 3227 1038 3283 vide-ns
1064 3227 1278 3296 patitur.
1307 3227 1412 3283 Sed
1443 3227 1573 3282 nihil
1603 3233 1788 3282 horum
1815 3229 1968 3283 dixit.
1995 3229 2132 3295 Quin

550 3319 689 3389 quod
713 3319 950 3390 profecto
977 3319 1148 3388 majus
1177 3329 1257 3374 est
1285 3330 1336 3375 et
1372 3319 1758 3387 admirabilius,
1789 3330 2053 3376 errantem
2079 3331 2134 3376 et

552 3410 784 3480 undique
831 3411 1111 3480 expulsum
1160 3411 1335 3467 Semei
1388 3410 1602 3480 quidam
1651 3411 1730 3464 vir
1769 3411 2044 3480 improbus
2071 3427 2134 3467 ac

551 3505 809 3560 scelestus
855 3504 1142 3559 insectatus
1172 3512 1272 3566 est,
1327 3502 1614 3556 homicidio
1659 3502 1912 3572 pollutum
1955 3514 2003 3558 et
2036 3505 2134 3558 im-

550 3597 698 3666 pium
746 3595 1018 3665 appellans
1064 3593 1287 3663 aliisque
1333 3594 1624 3648 innumeris
1667 3593 1921 3649 conviciis
1968 3595 2134 3665 impe-

553 3697 711 3742 tens:
739 3695 795 3740 at
820 3700 888 3740 ne
909 3686 986 3740 sic
1010 3684 1220 3755 quidem
1248 3684 1346 3738 fuit
1377 3693 1737 3754 exasperatus.
1763 3683 1915 3752 Quod
1945 3686 1990 3740 si
2016 3688 2134 3756 quis

552 3775 782 3832 dixerit:
815 3775 952 3844 Quid
995 3775 1184 3830 mirum
1215 3777 1260 3830 sl
1297 3790 1403 3829 non
1451 3774 1594 3830 ultus
1619 3785 1719 3838 est.
1769 3790 1886 3830 cum
1920 3786 2134 3846 pmpter

553 3867 968 3924 imbecillitatem
1012 3868 1299 3923 ulciscendi
1348 3876 1664 3937 potestatem
1710 3882 1814 3922 non
1877 3867 2134 3923 haberet?

555 3963 783 4032 primum
816 3961 943 4016 illud
974 3961 1196 4016 dixerim
1222 3979 1236 4014 :
1267 3976 1371 4014 non
1409 3959 1625 4028 perinde
1661 3960 1885 4014 mirarer
1914 3975 2055 4024 eum,
2087 3961 2133 4015 si

552 4053 795 4108 diadema
821 4061 1035 4123 gestans
1061 4062 1114 4107 et
1143 4067 1306 4122 regno
1334 4051 1560 4120 potiens,
1595 4051 1755 4120 inque
1781 4051 1914 4108 solio
1939 4051 2133 4107 sedens

553 4144 937 4199 conviciantem
970 4143 1296 4213 pertulisset,
1325 4152 1382 4196 ut
1425 4157 1564 4196 nunc
1605 4143 1749 4196 illum
1789 4151 1843 4198 et
1870 4143 2050 4208 laudo,
2081 4154 2133 4199 et

553 4234 789 4289 admiror
831 4243 1069 4303 tempore
1111 4233 1426 4288 calamitatis
1474 4233 1955 4303 philosophantem.
2000 4233 2135 4289 Nam

555 4326 663 4381 illic
692 4335 744 4380 et
773 4325 982 4396 imperil
1011 4325 1334 4396 magnitudo,
1367 4333 1421 4379 et
1459 4325 1811 4380 conviciantis
1833 4325 2005 4379 \ilitas
2033 4339 2134 4380 sae-

553 4433 618 4487 pe
647 4418 931 4488 persuasit,
961 4427 1018 4472 ut
1045 4415 1418 4471 contumeliam
1453 4416 1760 4484 negligeret.
1789 4415 1936 4469 Multi
1977 4431 2133 4486 reges

552 4505 859 4574 frequenter
877 4504 1100 4560 similem
1127 4503 1288 4557 animi
1311 4502 1727 4559 moderationem
1750 4506 2136 4573 praestiterunt,

553 4597 641 4665 qui
671 4597 932 4666 insignem
956 4593 1364 4649 conviciantinm
1392 4592 1650 4647 insaniam
1687 4605 2007 4664 acceperunt
2037 4609 2134 4664 pro

556 4687 917 4741 excusatione.
948 4685 1127 4755 Neque
1152 4685 1291 4740 enim
1324 4697 1474 4753 inque
1505 4699 1602 4739 nos
1633 4686 1689 4740 in
1713 4700 1888 4739 rerum
1914 4702 2131 4758 prospe-

556 4778 710 4831 ritate
735 4783 892 4844 atque
936 4775 992 4829 in
1023 4775 1260 4831 adversis
1302 4775 1584 4846 opprobria
1624 4775 1870 4831 mordere
1905 4779 2078 4832 solent
2115 4797 2130 4834 :

554 4868 646 4925 sed
675 4867 760 4921 ubi
784 4866 1130 4932 concidimus,
1163 4875 1286 4920 tunc
1315 4867 1482 4936 magis
1517 4875 1756 4937 pungunt
1785 4880 1902 4933 nos,
1926 4869 2131 4922 acrius-

553 4975 657 5030 que
687 4957 936 5015 mordent
959 4957 1217 5013 convieia.
1249 4957 1323 5013 De
1366 4955 1468 5014 hoc
1510 4973 1671 5027 porro
1697 4957 1840 5012 aliud
1880 4957 2130 5028 quiddam

554 5054 677 5108 licet
701 5050 918 5118 addere,
946 5049 1192 5105 videlicet
1218 5049 1358 5120 quod
1397 5050 1469 5104 illi
1517 5049 1680 5106 fuerit
1733 5051 1784 5104 in
1826 5065 1984 5105 manu
2013 5051 2132 5105 vin-

554 5143 749 5196 dictam
779 5156 1014 5207 sumere,
1049 5156 1148 5196 nec
1175 5142 1482 5210 sumpserit.
1529 5144 1702 5211 Atque
1730 5143 1801 5196 uti
1843 5142 2131 5212 perspicias

553 5248 669 5287 eam
700 5233 862 5288 animi
893 5233 1309 5289 moderationem
1337 5249 1440 5287 non
1468 5231 1628 5287 fuisse
1657 5233 2004 5302 impotentia,
2035 5233 2132 5288 sed

555 5325 840 5394 patientiae,
886 5341 1006 5380 cum
1062 5326 1111 5380 id
1155 5326 1258 5380 dux
1308 5325 1573 5381 exercitus
1613 5333 1831 5395 cuperet
1859 5323 1956 5379 sibi
1986 5338 2131 5380 com-

554 5416 713 5482 mitti,
759 5427 817 5472 ut
859 5417 924 5472 ad
967 5417 1353 5472 conviciantcm
1401 5416 1934 5488 transiret,'ejusque
1972 5426 2132 5488 caput

614 5573 690 5634 (a)
720 5579 816 5621 Hoc
837 5571 1065 5634 probrum
1098 5570 1319 5634 intulisse
1361 5570 1532 5618 dicitur
1569 5571 1706 5620 matri
1746 5568 1976 5634 Samuelis
1999 5583 2129 5634 puer

554 5631 660 5682 sive
671 5631 854 5682 servus
873 5631 977 5694 Heli
998 5632 1263 5694 semiudum
1288 5637 1392 5694 LX);
1439 5637 1751 5694 interpretes.
1778 5636 1834 5694 At
1855 5631 1905 5678 in
1927 5631 2128 5681 Hebrteo

556 5705 606 5744 et
628 5693 677 5744 in
695 5696 891 5755 Vulgata
917 5691 1020 5756 ipse
1036 5691 1138 5742 ttcli
1161 5691 1292 5741 solus
1316 5690 1551 5743 inducitur
1569 5690 1752 5741 )tnnain
1776 5692 2048 5754 increpans.

1263 280 1318 335 S.
1359 277 1635 335 JOANNlS
1671 271 2142 332 CHRYSOSTOMI
2185 269 2498 326 ARCHIEP.
2540 271 3070 332 CONSTANTINOP.

2225 395 2545 457 amputaret,
2579 405 2683 444 non
2727 391 2898 445 solum
2946 405 3052 446 non
3103 392 3345 462 permisit
3389 393 3575 464 David,
3624 411 3809 454 verum

2224 478 2384 533 etiam
2438 478 2738 549 indignatus
2781 491 2884 548 est,
2930 482 3154 537 dicens:
3189 483 3324 552 Quid
3361 485 3488 540 mihi
3508 493 3691 550 tecum,
3735 491 3818 557 ﬁll

2227 567 2464 623 δαιτυῑωῖ
2502 569 2668 624 Sinite
2711 571 2855 625 illum
2899 574 3209 639 maledicere,
3256 584 3312 629 ut
3357 577 3520 630 uideat
3563 576 3815 634 Dominus

2226 659 2560 712 humilitatem
2587 677 2767 728 meam,
2807 674 2854 716 et
2883 663 3062 717 reddat
3085 665 3210 718 mihi
3240 665 3372 719 bona
3412 684 3506 737 pro
3534 669 3820 725 maledictis

2226 749 2376 818 hujus
2416 751 2468 804 in
2503 751 2582 806 die
2619 752 2712 807 huc
2748 753 2824 824 (2.
2862 753 2989 826 Reg.
3028 755 3114 811 1-6.
3164 756 3253 829 19)
3282 775 3299 813 :
3329 758 3472 829 quod
3505 760 3722 831 quidem
3759 774 3817 818 et

2233 842 2429 897 evenit.

2295 934 2348 988 6.
2381 934 2513 990 Vide
2537 935 2739 1005 justum
2781 937 3107 994 intellexisse
3149 954 3340 1010 magno
3380 943 3559 998 animo
3601 946 3814 1014 perpeti

2227 1027 2485 1093 convicia,
2520 1029 2854 1084 reensionem
2882 1043 3002 1086 esse
3040 1031 3396 1101 adipiscendae
3424 1034 3642 1104 glorim?
3662 1037 3820 1096 lianc

2226 1116 2294 1172 ob
2319 1133 2532 1172 causam
2581 1119 2793 1174 Saulem
2841 1121 3122 1189 aliquando
3163 1133 3347 1179 nactus
3375 1123 3514 1180 inter
3539 1131 3820 1197 geminum

2231 1211 2504 1278 parietem,
2533 1225 2653 1265 cum
2681 1221 2823 1266 esset
2849 1212 3120 1275 occidendi
3160 1213 3402 1282 facultas,
3431 1220 3689 1288 pepercit,
3735 1221 3820 1275 id-

2228 1317 2350 1369 que,
2379 1317 2499 1356 cum
2543 1303 2766 1358 comites
2809 1303 3166 1368 hortarentur,
3200 1315 3256 1359 ut
3293 1307 3470 1376 gladio
3495 1309 3817 1366 confoderet

2229 1393 2306 1462 (Ι.
2339 1391 2466 1464 Reg.
2497 1392 2607 1462 24).
2641 1392 2747 1448 Sed
2793 1409 2971 1464 neque
2995 1403 3099 1450 tam
3133 1407 3371 1467 prompta
3411 1398 3687 1457 occidendi
3733 1401 3816 1457 fa-

2229 1482 2416 1545 cultas,
2446 1498 2618 1554 neque
2641 1485 2890 1538 comitum
2917 1486 3004 1556 qui
3031 1485 3252 1541 aderant
3280 1488 3603 1555 provccatixi,
3634 1506 3820 1560 neque

2229 1575 2511 1628 multarum
2567 1573 2898 1642 injuriarum,
2944 1591 3077 1645 quas
3119 1593 3402 1647 perpessos
3441 1579 3634 1644 fuerat,
3693 1597 3816 1636 me-

2231 1657 2422 1726 moria,
2449 1671 2623 1728 neque
2647 1658 2885 1726 graviora
2915 1659 3145 1728 patiendi
3177 1663 3491 1730 periculum,
3535 1664 3598 1717 ad
3643 1667 3818 1720 strin-

2231 1748 2456 1818 gendum
2485 1749 2714 1817 gladium
2744 1749 2892 1802 illum
2923 1750 3201 1820 impellere
3241 1763 3525 1821 potuerunt
3555 1774 3568 1809 :
3599 1757 3814 1809 tametsi

2232 1855 2404 1909 neque
2430 1839 2685 1894 exercitui
2712 1837 3026 1896 manifestus
3059 1839 3326 1896 homicidii
3357 1842 3563 1900 futurus
3598 1855 3736 1910 erat,
3766 1847 3820 1902 si

2233 1929 2430 1984 caedem
2463 1930 2604 1983 illam
2631 1939 2892 1999 patrasset
2921 1949 2934 1985 :
2962 1931 3221 2001 siquidem
3264 1933 3512 2002 spelunca
3551 1945 3687 1993 erat.
3714 1951 3817 1992 nec

2233 2019 2370 2073 ullus
2416 2019 2550 2074 alius
2591 2019 2773 2075 aderat
2812 2020 2910 2092 (a),
2948 2023 3048 2078 nisi
3091 2023 3202 2092 ipse
3250 2025 3416 2078 solus.
3461 2022 3644 2096 Neque
3680 2024 3816 2083 dixit

2232 2110 2371 2178 quod
2420 2111 2681 2180 quispia‘u
2731 2112 3050 2167 adulterium
3114 2115 3493 2170 comniissiirus
3540 2117 3754 2171 dicebat
3798 2135 3813 2171 :

2232 2200 2468 2256 Tenebrae
2491 2203 2684 2255 circum
2711 2217 2788 2256 me
2816 2213 2865 2257 et
2885 2205 3039 2269 muri,
3057 2205 3178 2271 quid
3199 2207 3347 2259 timeo
3369 2205 3550 2278 (Eccli.
3580 2206 3671 2261 25.
3691 2207 3818 2277 26)?

2233 2293 2326 2347 sed
2359 2295 2656 2348 insmnnem
2684 2295 2898 2348 Oculum
2933 2295 3222 2364 spectabat,
3253 2306 3304 2351 et
3347 2298 3547 2354 sciebat
3595 2299 3818 2356 infinitis

2234 2384 2474 2454 partibus
2515 2384 2901 2453 splendidiores
2943 2399 3061 2440 esse
3100 2385 3212 2441 sole
3256 2388 3460 2442 Domini
3491 2389 3697 2444 oculos.
3726 2389 3818 2443 ld-

2235 2476 2377 2528 circo
2422 2475 2498 2528 sic
2539 2475 2715 2529 omnia
2745 2475 2935 2546 agebat
2961 2483 3017 2530 et
3043 2477 3358 2547 loquebatur
3396 2489 3660 2549 tamquam
3700 2480 3822 2549 ipso

2234 2575 2516 2635 pricsente,
2541 2575 2595 2622 et
2613 2566 2680 2621 de
2709 2566 2772 2622 iis
2801 2583 2919 2639 qua:
2948 2567 3282 2636 dicebantur,
3307 2569 3562 2640 judicium
3585 2571 3819 2628 ferente.

2235 2658 2324 2712 Ait
2343 2673 2488 2728 ergo.
2520 2657 2638 2712 Non
2663 2659 2882 2729 inferam
2919 2676 3124 2715 manum
3155 2676 3311 2716 vneam
3337 2663 3389 2716 in
3415 2664 3660 2717 chriam
3705 2663 3818 2718 Do-

2235 2750 2358 2804 mini
2382 2751 2455 2821 (l.
2482 2749 2607 2821 Reg.
2637 2750 2727 2807 24.
2759 2749 2837 2824 7).
2873 2751 2988 2806 Non
3016 2752 3242 2822 respicio
3267 2752 3687 2824 improbitatem,
3716 2753 3822 2810 sed

2235 2842 2462 2912 respicio
2501 2843 2839 2911 dignitatem.
2879 2842 3062 2912 Neque
3099 2843 3227 2898 mihi
3254 2843 3393 2897 dicat
3430 2843 3621 2912 aliquis
3662 2845 3828 2901 illum

2236 2948 2355 2988 esse
2384 2933 2671 2988 violentum
2719 2947 2783 2988 ac
2825 2931 3085 2987 nefarium
3118 2951 3131 2985 :
3162 2949 3260 3004 ego
3289 2933 3431 2987 enim
3468 2933 3561 2987 Dei
3608 2935 3821 2989 calculo

2239 3026 2496 3079 honorem
2519 3024 2722 3089 defero,
2750 3025 2988 3094 quamvis
3020 3024 3268 3094 indignus
3294 3026 3394 3078 iste
3413 3025 3672 3079 videatur.
3704 3025 3818 3081 Non

2234 3106 2378 3170 enim
2408 3131 2582 3171 meum
2611 3126 2693 3171 est
2718 3118 2818 3169 hoc
2843 3117 3067 3179 crimen,
3109 3115 3250 3185 quod
3282 3116 3367 3170 hic
3392 3115 3598 3172 honore
3638 3117 3819 3172 videa-

2238 3213 2323 3260 tur
2370 3205 2635 3274 indignus.
2696 3204 2930 3260 Audiant
2965 3205 3054 3275 qui
3101 3205 3408 3261 sacerdotes
3444 3219 3821 3277 aspernantur,

2235 3296 2440 3351 discant
2490 3307 2738 3366 quantum
2786 3297 2872 3351 hic
2917 3299 3026 3368 regi
3075 3300 3431 3354 reverentiam
3490 3300 3816 3356 exhibuerit.

2236 3387 2470 3444 Tametsi
2499 3390 2668 3444 multo
2693 3389 2902 3459 dignior
2926 3399 3008 3445 est
3034 3389 3238 3445 honore
3262 3405 3327 3445 ac
3355 3392 3704 3446 veneratione
3729 3410 3814 3446 sa-

2235 3481 2445 3545 cerdos,
2472 3497 2628 3550 quam
2653 3497 2768 3545 rex,
2796 3493 2999 3552 quanto
3026 3481 3089 3536 ad
3122 3483 3378 3550 majorem
3415 3483 3574 3538 etiam
3603 3494 3817 3538 voratus

2236 3582 2320 3628 est
2349 3573 2724 3645 principalium
2779 3574 2990 3628 Discant
3038 3590 3141 3629 non
3188 3575 3447 3643 judicare,
3495 3586 3594 3630 nec
3632 3590 3823 3645 prunas

2236 3667 2468 3735 exigere,
2501 3665 2593 3720 sed
2622 3665 2807 3734 subjici
2837 3681 2899 3720 ac
2929 3666 3140 3720 cedere.
3169 3665 3300 3720 Nam
3327 3676 3380 3719 tu
3407 3666 3620 3736 quidem
3653 3668 3816 3721 vitam

2237 3758 2527 3813 sacerdotis
2557 3759 2772 3813 minime
2801 3758 2959 3822 nosti,
2999 3759 3340 3826 quantumvis
3367 3759 3608 3826 ahjet'ttts
3634 3757 3728 3813 ille
3750 3758 3820 3814 sit

2238 3867 2297 3905 ac
2321 3852 2436 3905 vilis
2465 3867 2479 3904 :
2513 3851 2597 3904 hic
2625 3866 2751 3904 vero
2775 3859 2962 3904 cuncta
2995 3851 3158 3918 probe
3182 3859 3405 3904 noverat
3429 3866 3546 3921 qum
3569 3851 3693 3905 Sail?
3722 3868 3819 3921 pa-

2240 3950 2402 3995 trarat
2432 3958 2445 3994 :
2480 3941 2820 3994 nihilominus
2848 3941 2925 3993 sic
2952 3930 3186 3994 delatum
3216 3941 3287 3992 illi
3327 3955 3356 3992 a
3399 3941 3508 3994 Deo
3553 3941 3820 4011 principa-

2239 4043 2350 4088 tum
2380 4034 2737 4088 reverebatur.
2792 4031 2942 4100 Quod
2985 4041 3184 4097 autem,
3229 4032 3470 4101 quamvis
3509 4046 3608 4088 tos
3651 4034 3827 4103 probo

2239 4126 2471 4188 noveris,
2501 4123 2651 4178 venia
2699 4132 2871 4177 tamen
2900 4134 2954 4178 et
2983 4124 3324 4178 excusatione
3365 4123 3608 4193 indignus
3649 4127 3746 4187 sis,
3774 4125 3820 4179 si

2237 4216 2576 4285 magistratus
2603 4224 2938 4282 contemnas,
2989 4229 3088 4270 nec
3133 4230 3316 4268 eorum
3358 4215 3512 4270 dictis
3538 4215 3821 4285 obtempe-

2238 4320 2346 4370 res,
2378 4305 2501 4360 audi
2530 4318 2636 4374 quo
2681 4314 2833 4373 pacto
2880 4305 3018 4359 hunc
3049 4306 3200 4360 nobis
3241 4316 3556 4374 praetextum
3609 4323 3706 4376 per
3755 4324 3818 4363 ea

2236 4397 2484 4454 Christus
2506 4395 2778 4464 eripuerit,
2812 4411 2934 4466 quas
2951 4395 3011 4450 iu
3028 4396 3316 4467 Evangelio
3337 4396 3503 4452 dixit:
3536 4397 3708 4466 Super
3729 4417 3818 4451 ca-

2237 4487 2465 4540 thedram
2497 4485 2667 4556 Moysi
2717 4485 2949 4538 sederunt
2995 4487 3171 4538 scriba:
3215 4495 3260 4539 et
3305 4484 3558 4539 Phariuri
3600 4502 3620 4539 :
3647 4488 3822 4540 omnia

2236 4593 2354 4646 ergo
2378 4591 2704 4646 quaecumque
2744 4573 2961 4628 dixerint
2989 4574 3126 4629 vobis
3151 4577 3382 4645 facienda
3427 4577 3606 4646 facite;
3631 4593 3817 4630 secun-

2235 4667 2354 4721 dum
2379 4683 2494 4721 vero
2541 4681 2696 4734 Opera
2723 4681 2894 4719 eorum
2935 4665 3090 4721 nolite
3120 4669 3284 4737 farm
3307 4663 3516 4726 (Matth.
3540 4659 3632 4723 23.
3655 4665 3712 4722 2.
3737 4666 3816 4738 5).

2236 4759 2468 4814 Videsne
2495 4773 2604 4829 quo
2623 4769 2776 4829 pacto
2797 4773 3024 4830 quorum
3063 4759 3197 4814 :deo
3219 4760 3492 4830 depravati
3516 4769 3671 4817 erant
3697 4775 3818 4817 no-

2235 4866 2341 4915 res,
2377 4861 2432 4904 ut
2460 4849 2602 4921 digiti
2639 4861 2840 4916 essent,
2867 4851 2954 4921 qui
2987 4865 3015 4904 a
3052 4850 3326 4920 discipulis
3361 4851 3815 4920 reprehenderen-

2238 4952 2341 5008 tur,
2369 4959 2555 4998 eorum
2579 4953 2754 4999 tamen
2777 4943 3203 4998 adhortationem
3236 4959 3342 4996 non
3370 4951 3682 5012 aspernatus
3709 4953 3814 5003 est,

2236 5051 2407 5106 neque
2436 5037 2730 5091 doctrinam
2761 5035 2976 5104 reiecit?
3005 5035 3129 5089 Ilico
3149 5049 3255 5090 non
3294 5048 3362 5088 eo
3387 5033 3528 5096 dico,
3558 5031 3701 5101 quod
3725 5046 3808 5085 se-

2235 5127 2483 5182 cerdotes
2511 5126 2670 5181 velim
2714 5141 2966 5182 accusare
3009 5144 3023 5180 :
3061 5125 3228 5191 absit;
3268 5123 3534 5194 siquidem
3567 5139 3663 5178 vos
3690 5137 3814 5178 cou-

2237 5219 2551 5274 versatinnis
2576 5233 2640 5274 ac
2663 5217 2874 5288 pietatis
2894 5232 3081 5272 eorum
3103 5226 3266 5272 testes
3298 5216 3462 5280 estis;
3490 5215 3585 5270 sed
3613 5226 3669 5269 ut
3698 5214 3817 5270 lon-

2236 5328 2301 5382 ge
2324 5313 2583 5381 majorem
2634 5310 2737 5366 illis
2779 5309 3136 5364 reverentiam
3171 5316 3228 5362 et
3267 5307 3528 5362 honorem
3554 5303 3812 5363 exhibea-

2235 5421 2373 5461 mus.
2402 5405 2586 5476 Neque
2614 5404 2757 5460 enim
2797 5401 2932 5458 adeo
2968 5402 3018 5456 in
3050 5402 3188 5463 illos,
3239 5407 3398 5469 atque
3446 5399 3500 5454 in
3549 5413 3646 5452 nos
3672 5399 3817 5468 ipsos

2237 5498 2437 5552 utilitas
2464 5494 2771 5551 dimanabit.
2820 5493 2919 5560 Qui
2945 5494 3117 5560 recipit
3156 5505 3284 5560 ergo
3314 5490 3611 5559 prophetarit
3636 5492 3690 5542 in
3732 5503 3815 5542 no-

2294 5631 2368 5691 (a)
2400 5631 2568 5679 Nescio
2587 5641 2672 5678 cur
2682 5627 2816 5691 dicat
2838 5625 3020 5676 nullum
3038 5623 3183 5691 altum
3205 5623 3446 5684 adfuisse;
3463 5622 3664 5674 aderant
3684 5630 3821 5672 enim

2235 5688 2383 5755 ipsius
2405 5691 2591 5741 Davidis
2611 5689 2806 5750 milites,
2832 5693 3058 5738 narrante
3079 5688 3335 5750 scriptura.
