4110 6214
417 239 522 294 ϐω

415 361 612 432 φήτου
635 357 916 428 λήψεται.
940 359 1004 413 El
1035 359 1142 428 7&9
1165 362 1290 425 τοὺς
1307 363 1552 432 ἀλλήλων
1588 364 1736 435 βίους
1763 367 1862 420 οὐκ
1899 368 1997 420 ἐπ-

414 445 628 515 ετράπη
638 460 736 513 μεν
756 443 957 513 κρίνειν
970 455 1017 508 α,
1038 443 1219 514 πολλῷ
1241 445 1439 514 μᾶλλον
1458 448 1584 511 τοὺς
1599 447 1708 500 τῶν
1724 449 1994 520 πατέρων.

430 527 571 580 Ἀλλ’
591 527 728 595 ὅπερ
755 525 940 594 ἔλεγον
963 524 1146 593 (πάλιν
1165 527 1273 597 γὰρ
1299 528 1391 581 ἐπὶ
1420 528 1516 600 τὴν
1539 535 1770 598 γυναῖκα
1795 534 1998 604 ταύτην

415 609 729 664 ἐπανελθεῖν
772 609 1086 678 ἀναγκαῖον)
1107 649 1122 673 ,
1157 611 1252 662 καὶ
1290 611 1461 666 ὅτιτὸ
1500 615 1688 686 φέρειν
1735 616 1998 683 γενναίως

413 694 511 756 τάς
545 690 808 761 λοιδορίας
853 691 1062 746 πολλῶν
1112 695 1239 764 ἡμῖν
1291 695 1510 764 ἀγαθῶν
1544 698 1716 752 αἴτιον
1744 699 1992 767 γίνεται,

413 777 573 830 τοῦτο
594 775 688 830 καὶ
729 776 822 829 ἐπὶ
849 775 942 828 τοῦ
984 775 1102 830 Ἰὼϐ
1133 777 1351 849 συνέϐη.
1393 779 1502 833 Καὶ
1528 780 1636 852 γάρ
1665 783 1868 836 ἐκεῖνον
1897 783 1995 854 οὐχ

413 859 558 914 οὕτω
606 858 870 928 θαυμάξω
905 859 1013 930 πρὸ
1038 860 1139 930 τῆς
1165 862 1539 933 παραινέσεως
1565 864 1666 935 τῆς
1715 866 1992 933 γυναικὸς,

413 943 490 1007 ὡς
525 941 661 1014 μετά
681 942 780 1014 τὴν
801 942 1050 1014 ὀλεθρίαν
1081 945 1389 1018 συμϐουλήν
1419 947 1652 1015 ἐκείνην.
1678 947 1783 1002 Καὶ
1815 951 1888 1021 μή
1912 968 1995 1014 τις

413 1025 710 1097 παράδοξον
750 1023 888 1079 εἶναι
943 1026 1208 1097 νομιζέτω
1259 1027 1320 1082 τὸ
1371 1028 1679 1100 λεγόμενον.
1729 1031 1993 1096 Πολλάκις

411 1109 545 1177 γοῦν
567 1107 662 1171 οὓς
698 1110 732 1178 ἡ
759 1109 880 1180 τῶν
928 1110 1267 1180 πραγμάτων
1309 1111 1469 1180 φύσις
1500 1113 1597 1183 οὐχ
1636 1113 1990 1178 ὑπεσκέλισε,

414 1192 566 1262 ῥῆμα
599 1192 694 1245 καὶ
717 1191 1033 1263 παραίνεσις
1067 1192 1434 1264 διεφθαρμένη
1466 1194 1779 1251 κατέλυσεν.
1813 1197 1992 1270 Ὅπερ

409 1271 503 1328 οῦν
525 1273 620 1328 καὶ
643 1275 673 1328 ό
698 1273 942 1338 διάϐολος
965 1273 1238 1341 συνειδὼς,
1267 1276 1406 1346 μετά
1433 1275 1530 1349 τὴν
1551 1277 1657 1331 ἀπὸ
1676 1278 1774 1348 τῆς
1796 1279 1990 1350 πείρας

412 1355 645 1428 πληγὴν,
674 1357 770 1410 καὶ
791 1356 889 1428 τὴν
908 1356 999 1410 διά
1022 1357 1130 1411 τῶν
1152 1360 1411 1430 ῥημάτων
1433 1359 1626 1428 ἐπάγει
1651 1361 1956 1434 προσϐολήν
1970 1379 1985 1394 ο

409 1438 547 1510 ὅπερ
585 1434 679 1492 οῦν
718 1440 972 1510 ἐποίησεν
1011 1441 1105 1495 καὶ
1141 1441 1232 1495 ἐ·ηῶ⁸
1282 1440 1374 1496 τοῦ
1409 1441 1588 1497 Δαυῖδ.
1629 1443 1845 1516 Ἐπειδὴ
1879 1445 1988 1515 7&9

409 1517 548 1574 εἶδεν
582 1523 743 1577 αὐτὸν
763 1523 1028 1591 γενναίως
1055 1525 1347 1593 ἐνεγκόντα
1370 1524 1469 1597 τὴν
1501 1526 1868 1581 ἐπανάστασιν
1892 1528 1985 1580 τοῦ

411 1603 617 1667 παιδὸς,
651 1604 745 1658 καὶ
775 1607 874 1677 τὴν
901 1607 1212 1678 παράνομον
1235 1608 1449 1679 ἐκείνην
1469 1607 1777 1678 τυραννίδα,
1801 1607 1986 1677 βουλό-

412 1705 573 1758 μενος
600 1689 952 1744 ὑποσκελίσαι
983 1691 1082 1762 τὴν
1107 1691 1366 1756 διάνοιαν,
1394 1693 1486 1745 καὶ
1510 1695 1692 1746 πεῖσαι
1712 1694 1792 1756 είς
1816 1693 1987 1766 ὀργὴν

407 1771 681 1833 ἐκπεσεῖν,
709 1771 948 1841 καθῆκεν
970 1775 1177 1826 ἐκεῖνον
1222 1773 1314 1826 τὸν
1340 1774 1532 1843 Σεμεεὶ
1560 1774 1613 1839 δ,
1658 1778 1862 1847 ῥήμασι
1889 1794 1982 1830 πι-

408 1857 558 1923 κροῖς
593 1857 1014 1923 παρασκευάσας
1043 1856 1227 1908 δακεῖν
1257 1855 1422 1908 αὐτοῦ
1455 1857 1554 1927 τὴν
1589 1857 1784 1928 ψυχήν.
1814 1859 1984 1912 Τοῦτο

407 1936 502 1989 καὶ
529 1936 622 1988 ἐπὶ
645 1935 739 1988 τοῦ
783 1936 900 1988 Ἰὼϐ
926 1937 1335 2008 ἐκακούργησεν
1354 1977 1368 1990 .
1407 1941 1497 2002 Ὠς
1524 1938 1632 2012 γάρ
1661 1937 1766 1993 εἶδε
1797 1943 1984 1995 κάκεῖ-

405 2035 494 2070 νον
517 2019 963 2088 καταγελάσαντα
982 2021 1144 2075 αὑτοῦ
1167 2021 1274 2075 τῶν
1296 2021 1484 2092 βελῶν,
1518 2025 1612 2078 καὶ
1633 2024 1821 2096 ῶσπερ
1863 2027 1985 2080 ἀδα-

408 2103 660 2171 μάντινον
692 2103 1052 2176 πύργον-πρὸς
1074 2104 1251 2158 πάντα
1280 2106 1478 2159 στάντα
1503 2108 1794 2175 γενναίως,
1847 2110 1982 2163 καθ-

403 2183 608 2238 ώπλισε
635 2186 732 2257 τὴν
755 2189 1007 2254 γυναῖκα,
1039 2187 1124 2240 ίνα
1150 2187 1506 2260 ἀνύποπτοςή
1533 2191 1806 2262 συμϐουλὴ
1822 2194 1980 2264 γένη-

401 2284 513 2330 ται,
541 2269 633 2322 καὶ
659 2269 922 2340 ἐνέκρυψε
947 2269 1007 2322 τὸ
1033 2269 1353 2341 δηλητήριον
1379 2275 1490 2335 τοῖς
1515 2273 1728 2344 ἐκείνης
1751 2275 1979 2346 ῥήμασι,

403 2351 498 2404 καὶ
549 2350 646 2421 τὴν
693 2351 976 2423 συμφορὰν
1019 2353 1386 2423 ἐτραγῴδησε.
1434 2355 1499 2408 Τί
1540 2353 1632 2410 οῦν
1662 2359 1690 2410 ὁ
1739 2361 1982 2425 γενναῖος

399 2434 608 2498 ἐκεῖνος
631 2446 653 2473 ε
677 2451 692 2499 ;
723 2435 845 2489 Ἵνα
883 2436 941 2488 τί
978 2436 1058 2503 ὡς
1080 2438 1190 2505 μία
1219 2437 1340 2492 τῶν
1364 2439 1644 2508 ἀφρόνων
1678 2443 1982 2510 γυναικῶν

397 2516 741 2584 ἐλάλησας;
762 2519 832 2572 El
868 2517 942 2572 τὰ
967 2519 1157 2587 ἀγαθὰ
1182 2520 1509 2591 ἐδεξάμεθα
1535 2523 1606 2577 ἐκ
1631 2525 1833 2593 χειρὸς
1863 2529 1980 2580 Κυ-

396 2599 552 2668 ρίου,
581 2599 655 2654 τὰ
686 2601 842 2654 κακά
870 2603 981 2670 οὐχ
1015 2600 1165 2676 [718]
1199 2605 1565 2674 ὑποισομονς
1616 2609 1682 2660 ’0
1709 2608 1768 2661 δέ
1808 2607 1976 2677 λέγει,

397 2680 638 2734 τοιοῦτόν
686 2683 863 2736 ἐστιν·
907 2677 973 2736 EI
1009 2684 1084 2756 μὴ
1115 2686 1394 2757 Δεσπότης
1420 2683 1508 2759 ἦν,
1546 2689 1680 2760 μηδέ
1725 2692 1977 2748 τοσοῦτον

398 2762 556 2847 ήμῶν
577 2763 876 2847 ὑπερέχων,
901 2763 1036 2819 ἀλλὰ
1066 2767 1217 2836 φίλος
1244 2786 1328 2832 τις
1347 2769 1628 2842 ὁμότιμος,
1666 2773 1825 2830 ποίαν
1845 2778 1980 2847 ετχο-

400 2861 502 2914 μεν
529 2845 843 2916 ἀπολογίαν,
873 2847 1108 2904 τοσαῦτα
1132 2851 1581 2924 εὐεργετηθέντες
1613 2857 1742 2929 παρ’
1775 2845 1939 2912 αὐτοῦ
1957 2900 1974 2928 ,

399 2930 496 2982 καὶ
521 2932 636 2994 τοῖς
661 2932 923 2995 ἐναντίοις
945 2933 1106 2987 αὐτὸν
1127 2935 1474 3006 ἀμειϐόμενοι
1493 2955 1507 3004 ;
1531 2933 1684 3001 Εἶδες
1703 2939 1729 2980 ά
1750 2940 1975 3014 γνώμην

396 3012 663 3096 φιλόθεον,
691 3015 786 3069 καὶ
808 3016 925 3080 πῶς
945 3017 1006 3071 οὑ
1037 3019 1447 3090 μεγαλοφρονεῖ,
1483 3022 1603 3076 οὐδὲ
1624 3012 1972 3096 ἐναϐρύνεται

397 3095 491 3148 ἐπὶ
535 3097 612 3166 τῷ
647 3099 909 3166 γενναίως
960 3101 1206 3167 ἐνεγκεῖν
1256 3101 1353 3166 τάς
1381 3102 1521 3175 ὑπὲρ
1555 3105 1716 3175 φύσιν
1760 3095 1972 3174 ἐκείνας

395 3177 630 3249 πληγὰς,
659 3177 780 3262 οὐτε
814 3181 1006 3249 σοφίας
1039 3175 1179 3235 εἶναι
1215 3184 1426 3249 νομίζει
1449 3187 1538 3239 καὶ
1569 3189 1973 3262 μεγαλοψυχίας

393 3259 497 3330 τήν
522 3259 790 3345 τοσαύτην
820 3262 1116 3345 ὑπομονὴν,
1141 3263 1254 3318 ἀλλ’
1280 3264 1470 3338 ῶσπερ
1493 3259 1972 3345 ἀναγκαῖονὸφλη-

398 3358 476 3411 μα
527 3341 770 3405 ἐκτιννὺς
792 3384 805 3403 .
839 3343 932 3398 καὶ
983 3345 1135 3400 οὐδὲν
1172 3348 1398 3413 ἀπεικὸς
1437 3350 1657 3418 παθὼν,
1695 3341 1866 3419 οὓτως
1907 3341 1972 3410 ἐκ

397 3423 710 3493 περιουσίας
733 3424 795 3509 το
817 3425 1034 3494 γύναιον
1062 3429 1385 3500 ἐπεστόμισε
1405 3447 1420 3496 ;
1449 3432 1620 3486 Τοῦτο
1647 3436 1740 3488 καὶ
1759 3438 1851 3490 ἐπὶ
1870 3439 1972 3509 τῆς

394 3506 651 3593 γυναικὸς
685 3507 887 3593 ταύτης
913 3511 1158 3593 γέγονεν.
1210 3513 1426 3585 Ἐπιδή
1460 3515 1566 3587 7&9
1614 3512 1753 3572 είδεν
1799 3506 1970 3593 αὐτην

393 3587 656 3654 γενναίως
685 3589 954 3661 φέρουσαν
977 3592 1075 3662 τὴν
1112 3594 1388 3660 ἀπαιδίαν,
1414 3599 1508 3651 καὶ
1545 3599 1624 3668 τῷ
1649 3599 1769 3671 Θεῷ
1799 3587 1970 3673 προσ-

392 3669 716 3735 πίπτουσαν,
753 3673 959 3745 καθῆκε
1001 3676 1060 3728 τὺ
1111 3677 1394 3751 παιδάριον
1425 3682 1518 3734 τοῦ
1574 3669 1793 3754 ἱερέως,
1826 3669 1968 3742 ῶστε

390 3753 596 3824 μᾶλλον
618 3755 787 3828 αὐτὴν
819 3758 1075 3831 ἀγριᾶναι
1108 3772 1153 3816 θ.
1194 3762 1334 3816 Ἀλλ’
1361 3764 1514 3818 οὐδὲν
1540 3753 1745 3822 τούτων
1768 3769 1968 3826 ἔπαθεν

390 3838 792 3924 ⁴ήῷγυνὴ,άλλὲι
839 3843 1182 3915 μελετήσασα
1217 3847 1402 3918 φέρειν
1444 3849 1542 3913 τὰς
1574 3849 1836 3924 λοιδορίας
1876 3855 1968 3909 ἐπὶ

387 3919 490 3992 τῆς
519 3923 730 4007 Αοίκίας,
780 3926 873 3980 καὶ
925 3930 1036 3992 τοῖς
1063 3928 1317 3982 ὀνείδεσιν
1356 3919 1820 4007 ἐγγυμνασαμένη
1869 3937 1966 4007 τῆς

387 4004 697 4077 ἀντιζήλου,
729 4007 898 4072 ἀδεῶς
921 4011 1106 4065 λοιπὸν
1130 4013 1266 4084 πρὸς
1300 4012 1398 4076 τὰς
1427 4015 1680 4079 τοιαύτας
1705 4004 1967 4074 ἀπενδύετο

389 4089 714 4158 προσϐολάς.
738 4091 828 4144 Διὸ
848 4094 940 4146 καὶ
961 4095 1017 4146 ἐν
1045 4095 1124 4166 τῷ
1150 4097 1280 4167 ἱερῷ
1304 4097 1500 4169 πολλὴν
1544 4101 1844 4155 ἐπιείκειαν
1867 4103 1965 4154 ἐπ-

384 4170 675 4235 εδείκνυτο,
693 4175 949 4247 ἀνδρείως
983 4177 1127 4248 μάλα
1153 4181 1246 4234 καὶ
1265 4182 1654 4253 μεγαλοψύχως
1677 4183 1748 4238 τὰ
1777 4185 1961 4258 σκὼμ⁹

388 4270 544 4339 ματα,
563 4255 822 4339 φέρουσα,
850 4259 916 4312 τά
945 4259 1036 4312 ἐπὶ
1056 4263 1121 4332 τῇ
1161 4263 1297 4335 μέθη
1328 4265 1420 4318 καὶ
1451 4268 1518 4337 τῇ
1555 4269 1827 4339 παροινίᾳ.
1858 4255 1962 4324 Οὑ-

381 4335 472 4388 δέν
501 4337 558 4390 δέ
581 4332 693 4391 οἷον
721 4341 814 4394 καὶ
842 4341 1022 4396 αὐτῶν
1045 4332 1416 4400 ἀκοῦσαιτῶν
1444 4332 1724 4419 ῥημάτων.
1771 4332 1962 4406 tum.

381 4433 470 4480 τος
492 4420 601 4491 7&9
621 4421 715 4475 τοῦ
737 4424 1023 4496 παιδαρίου
1043 4443 1060 4459 ο
1083 4431 1367 4497 Περιελοῦ
1389 4433 1494 4486 τὸν
1513 4429 1682 4488 οἶνόν
1699 4450 1815 4490 σου
1839 4437 1957 4492 ἀπὸ

379 4499 521 4590 σοῦ,
545 4503 644 4555 καὶ
676 4504 903 4590 ἄπελθε
920 4508 989 4560 ἐκ
1017 4511 1338 4577 προσώπου
1380 4516 1605 4584 Κυρίου
1620 4556 1635 4580 ,
1663 4518 1954 4590 ἀπεκρίθη

381 4583 423 4672 ᾖ
460 4584 794 4672 Ἄνναςκαί
842 4585 1033 4658 εἶπεν,
1072 4594 1240 4662 οὐχὶ,
1278 4583 1474 4664 κύριε.
1501 4598 1605 4652 Τὸν
1655 4583 1955 4672 ὑϐρίσαντα

377 4664 643 4756 δεσπότην
663 4667 908 4756 ἐκάλεσε.
934 4673 1043 4728 Καὶ
1067 4676 1168 4729 οὐκ
1186 4673 1336 4731 εἶπεν
1355 4679 1384 4732 ὃ
1409 4680 1590 4735 πολλοὶ
1614 4664 1956 4756 τῶνάνθρώ-

379 4764 498 4836 πων
532 4748 806 4818 λέγουσιν·
829 4751 965 4808 Είπέ
1000 4775 1090 4828 μοι
1116 4759 1288 4816 ταῦτα
1316 4763 1345 4816 ὀ
1381 4763 1589 4836 ίερεύς;
1617 4765 1790 4820 ταῦτα
1818 4748 1955 4822 6-6:.-

376 4833 592 4922 δάσκων
605 4836 730 4922 τοὺς
749 4836 941 4903 ἄλλους
962 4842 1042 4904 εἰς
1065 4842 1235 4916 μέθην
1259 4847 1354 4900 καὶ
1368 4833 1650 4920 παροινίαν
1673 4850 1950 4922 ἐσκωψενς

375 4917 491 4970 ἀλλ’
521 4919 825 5009 ἐσκόπησεν
857 4923 1004 4988 ὅπως
1028 4917 1462 5009 ἀποκρούσαιτο
1485 4934 1646 5004 μόνον
1689 4935 1788 5009 τὴν
1821 4917 1953 4991 ὑπόέ-

376 5015 541 5065 νοιαν,
573 5003 742 5058 καίτοι
775 5022 838 5074 γε
871 5009 970 5062 οὐκ
993 5005 1157 5067 οὖσαν
1187 5013 1383 5086 ἀληθῆ.

445 5081 712 5158 ε’.⁹Ημεῖς
742 5089 799 5143 δέ
833 5092 1112 5164 πολλάκις,
1146 5081 1365 5155 ἐπειδὰν
1385 5101 1804 5178 λοιδορηθῶμεν,
1831 5107 1950 5166 δέον

435 5278 460 5356 ς
487 5279 623 5356 ςοιι).
647 5282 842 5356 ἐρευνᾷχ
859 5301 948 5356 prq
971 5292 1159 5356 κρίνειν.

431 5337 461 5410 ἲ]
491 5340 632 5410 εἷο-141).
660 5337 962 5410 ιὶιιιιέΣίμεί.

425 5401 927 5488 ὸ-ιξειξᾴξξξς
946 5412 1136 5488 ἐκεῖνος.
1162 5415 1244 5466 Sic
1265 5425 1320 5470 cl
1337 5419 1460 5484 Reg.
1480 5422 1565 5484 qui
1587 5424 1723 5474 addit
1741 5424 1822 5473 καὶ
1841 5443 1945 5488 γεν-

371 5469 517 5529 ναῐρς,
541 5469 761 5529 itemque
781 5469 916 5520 COIb.
943 5475 1088 5524 alius.

433 5521 633 5609 1301!:
640 5521 1091 5609 φίλοίειηιξρςῖᾗᾶρ
1130 5540 1190 5586 τὰ
1215 5540 1399 5609 ἐναντία
1441 5544 1496 5591 οὐ
1533 5546 1764 5609 φέροντες.
1791 5548 1939 5604 Εἶδες.

370 5579 524 5633 Paulo
546 5597 658 5697 rost
679 5591 814 5641 Colb.
828 5579 1007 5645 runlﬁlg‘e
1013 5579 1124 5648 (“lie
1139 5579 1937 5672 '703}?Qioééyﬁlvé'zzféoﬁzi

433 5657 457 5684 ⁸
476 5647 544 5698 Co
563 5649 614 5699 ι».
639 5651 934 5709 ἐξαγριῶσαι.
962 5655 1084 5709 Infra
1109 5613 1239 5709 igem
1265 5663 1389 5709 éwm
1399 5669 1687 5709 υιινασιιένῃ-

433 5657 457 5684 ⁸
476 5647 614 5699 Colb.
639 5651 934 5717 ἐξαγριῶσαι.
962 5655 1084 5710 lnl'ra
1109 5647 1239 5711 ἰδεῶ

1164 245 1220 300 S.
1263 247 1550 302 JOANNIS
1590 249 2087 311 CHRYSOSTOMI
2115 255 2436 322 ARCHIEP.
2477 268 3028 330 CONSTANTINOP.

3569 290 3683 346 650

2100 373 2539 482 ἀπολογήσασθαι
2567 390 2660 444 καὶ
2688 391 3086 465 ἀπαλλαγῆναι,
3118 395 3422 472 ἐξάπτομεν
3448 404 3511 459 τδ
3543 409 3682 482 πῦρο

2099 466 2194 520 καὶ
2227 469 2476 544 καθάπερ
2500 474 2661 546 θηρία
2706 481 2816 542 τοῖς
2848 481 3130 552 ὑϐρικόσιν
3163 466 3534 562 ἐπιπηδῶμεν,
3576 466 3682 566 an}:

2098 573 2304 626 χοντες,
2337 562 2604 630 ἕλκοντες,
2637 568 2865 633 εὐθύνας
2903 572 3261 642 ἀπαιτοῦντες
3303 581 3412 634 τῶν
3449 562 3683 660 εἰρημέ-

2096 665 2223 714 νων,
2246 653 2340 705 καὶ
2364 654 2572 720 τούτοις
2600 659 2803 726 αὐτοῖς,
2827 657 2908 726 οἷς
2933 665 3213 737 ποιοῦμεν,
3243 670 3341 741 τὴν
3365 674 3488 728 καθ’
3516 680 3682 749 ήμῶν

2099 735 2440 806 βεϐαιοῦντες
2467 743 2740 801 ὑπόνοιαν.
2773 748 2838 802 El
2857 750 2966 822 7&9
2992 735 3172 823 βούλει
3193 735 3361 824 δεῖξαι
3387 766 3500 828 τοῖς
3525 735 3682 839 ὑϐρι-

2097 831 2269 894 κόσιν,
2303 831 2379 896 ὡς
2406 834 2466 888 οὐ
2501 836 2740 906 μεθύεις,
2757 840 2928 908 δεῖξον
2948 843 3036 899 διά
3064 849 3362 919 πραότητος
3386 857 3478 910 καὶ
3494 831 3677 913 ἐπιει-

2097 923 2270 1022 κείας,
2303 924 2379 997 μὴ
2426 926 2495 980 δι’
2529 928 2769 1022 ὕϐρεως,
2815 933 2950 1005 μηδὲ
2979 937 3066 990 διά
3107 939 3391 1014 λοιδορίας.
3435 949 3532 1004 Ἂν
3569 953 3680 1022 μὲν

2095 1010 2204 1082 γὰρ
2251 1016 2530 1088 τυπτήσῃς
2565 1017 2656 1073 τὸν
2696 1021 2993 1093 ὑϐρικότα,
3048 1029 3219 1101 μέθην
3394 1010 3678 1108 καταγξιῐι..

2095 1117 2278 1156 σονται
2316 1105 2544 1172 πάντες·
2580 1109 2648 1164 ἀν
2667 1111 2724 1165 δὲ
2757 1114 3017 1181 γενναίως
3043 1120 3273 1194 ἐνέγκῃς
3296 1165 3313 1190 ,
3344 1105 3675 1199 ἀπεκρούσω

2091 1195 2178 1250 διὰ
2206 1198 2314 1253 τῶν
2332 1199 2508 1272 ἔργων
2534 1203 2634 1274 τὴν
2669 1207 2914 1280 πονηράν
2934 1210 3170 1282 ὑποψίαν
3189 1231 3204 1245 ’
3238 1217 3376 1290 ὅπερ
3395 1195 3607 1278 οῦν-καὶ
3631 1229 3673 1298 ὴ

2030 1325 2054 1366 μ,
2090 1288 2226 1361 γυνὴ
2249 1291 2369 1344 τότε
2400 1292 2642 1364 ἐποίησε,
2667 1297 2763 1352 καὶ
2793 1299 3044 1366 εἰποῦσα,
3079 1306 3248 1374 Οὐχί,
3272 1288 3460 1379 κύριε,
3481 1313 3548 1368 δι’
3569 1288 3670 1369 αὐί

2090 1379 2198 1434 τῶν
2224 1381 2334 1434 τῶν
2367 1385 2706 1457 πραγμάτων
2737 1389 2949 1444 ἐδείκνυ
2971 1433 2986 1459 ,
3027 1394 3108 1449 ὅτι
3139 1397 3338 1472 ψευδὴς
3375 1398 3443 1474 ῆν
3485 1407 3516 1476 ἡ
3557 1408 3666 1460 ὑπ-

2089 1471 2238 1540 οψία.
2270 1474 2441 1528 Πόθεν
2468 1476 2526 1531 δέ
2552 1477 2687 1542 ὅλως
2707 1481 2803 1535 καὶ
2834 1482 3190 1542 ὑπώπτευσεν
3215 1491 3244 1543 ὑ
3269 1471 3447 1564 ἱερεύς
3476 1471 3664 1567 τοῦτος

2092 1559 2167 1633 μὴ
2197 1561 2306 1634 γὰρ
2338 1564 2583 1633 γελῶσαν
2616 1564 2754 1636 είδε;
2791 1570 2866 1644 μὴ
2897 1573 3006 1645 γάρ
3045 1559 3412 1648 χορεύουσαν;
3448 1585 3520 1656 μὴ
3554 1559 3666 1663 γὰρ

2087 1659 2525 1730 περιφερομένην
2553 1663 2646 1716 καὶ
2677 1666 3159 1738 καταπίπτουσαν;
3200 1673 3276 1744 μὴ
3304 1674 3412 1747 7&9
3440 1659 3664 1753 αἰσχρόν

2084 1765 2138 1801 τι
2181 1748 2275 1802 καὶ
2320 1751 2669 1826 ἀνελεύθερον
2718 1757 3095 1833 φθεγγομένην
3138 1763 3324 1836 ῥῆμα;
3364 1748 3660 1828 Πόθενῃοῦν

2084 1846 2285 1919 ταύτην
2309 1850 2434 1921 ἔσχε
2462 1850 2558 1923 τὴν
2575 1852 2830 1910 ὑπόνοιαν
2850 1872 2865 1922 ;
2888 1858 3000 1929 Οὐχ
3013 1859 3220 1926 ἁπλῶς,
3243 1863 3362 1918 οὐδὲ
3379 1865 3455 1930 ὡς
3475 1868 3666 1941 ἔτυχεν

2083 1939 2311 2007 ἐκεῖνος,
2340 1942 2456 1996 ἀλλ’
2480 1944 2591 1999 ἀπὸ
2608 1946 2701 2000 τοῦ
2731 1948 2922 2020 καιροῦ
2946 1952 3045 2022 τῆς
3065 1953 3276 2026 ήμέρας
3299 1972 3314 1987 ο
3349 1959 3444 2010 καὶ
3467 1939 3577 2033 7&9
3592 1939 3663 2032 ἦν

2081 2029 2143 2083 τὸ
2164 2032 2554 2105 μεσημϐρινὸν,
2579 2038 2670 2090 ὅτε
2697 2038 2799 2108 τὴν
2825 2040 2990 2113 εὐχὴν
3017 2045 3267 2100 ἐποιεῖτο.
3308 2048 3479 2104 Πόθεν
3503 2029 3663 2107 τοῦτο

2081 2121 2238 2192 δῆλον
2257 2140 2294 2190 ;,
2325 2123 2445 2178 Ἀπ’
2469 2127 2646 2183 αὐτῶν
2674 2128 2781 2182 τῶν
2807 2130 3013 2188 ἀνωθεν
3039 2137 3365 2208 εἰρημένων.
3413 2141 3660 2214 Ἀνέστη

2082 2223 2211 2294 7&9,
2246 2224 2430 2293 φησὶν,
2467 2228 2646 2282 Ἅννα
2685 2230 2836 2298 μετὰ
2881 2233 2951 2286 τὸ
2997 2235 3212 2304 φαγεῖν
3255 2239 3477 2308 αὐτοὺς
3508 2242 3658 2316 1719]

2079 2319 2152 2373 ἐν
2169 2322 2405 2391 Σηλὼμ,
2428 2324 2528 2378 καὶ
2543 2325 2695 2395 μετὰ
2713 2327 2781 2380 τὸ
2798 2328 2975 2396 πιεῖν,
2999 2330 3099 2384 καί
3119 2333 3380 2404 κατέστη
3402 2337 3661 2393 ἐνώπιον

2080 2421 2321 2489 Κυρίου.
2361 2422 2555 2495 Ὀρᾷςς
2587 2426 2684 2478 Ὃν
2703 2426 2938 2492 ἀνέσεως
2963 2429 3152 2501 καιρὸν
3179 2432 3455 2489 ποιοῦνται
3481 2437 3658 2491 ἀπαν-

2080 2528 2193 2576 τες,
2221 2513 2412 2570 τοῦτον
2453 2517 2620 2588 εὐχῆς
2661 2519 2898 2576 ἐποιεῖτο
2944 2523 3082 2595 αὐτη
3121 2523 3332 2596 καιρὸν,
3380 2528 3473 2580 καὶ
3515 2529 3662 2597 μετά

2078 2603 2353 2673 τράπεζαν
2381 2607 2516 2678 πρὸς
2543 2610 2824 2682 ἱκετηρίαν
2848 2614 3108 2685 ἀνέτρεχε
3129 2655 3145 2681 ,
3177 2617 3270 2670 καὶ
3295 2617 3480 2688 πηγὰς
3501 2620 3660 2717 ήφίεέ

2077 2697 2349 2770 δακρύων,
2380 2703 2473 2756 καὶ
2497 2703 2733 2759 διάνοιαν
2763 2710 2990 2779 παρεῖχε
3029 2709 3405 2780 σωφρονοῦσαν
3428 2712 3523 2765 καὶ
3545 2697 3648 2785 vi}:

2079 2804 2302 2857 φουσαν,
2329 2791 2420 2844 καὶ
2437 2792 2575 2862 μετὰ
2599 2794 2875 2866 τράπεζαν
2891 2795 3064 2862 οὕτως
3086 2797 3312 2862 ἐκτενῶς
3331 2798 3546 2871 ηὔξατο,
3567 2800 3648 2864 ὡς

2075 2877 2246 2950 δῶρον
2271 2881 2412 2954 ὑπὲρ
2450 2883 2611 2951 φύσιν
2659 2884 2866 2950 λαϐεῖν,
2893 2888 2987 2942 καὶ
3025 2887 3184 2944 λῦσαι
3212 2890 3493 2961 στείρωσιν
3511 2931 3534 2959 ,
3553 2892 3654 2946 καὶ

2077 2968 2238 3036 φύσιν
2265 2971 2640 3042 ἀσθενήσασαν
2664 2975 2976 3047 διορθῶσαι.
2999 2978 3185 3032 Ταῦτα
3216 2980 3393 3034 τοίνυν
3417 2981 3524 3037 ἀπὸ
3550 2982 3652 3051 τῆς

2075 3057 2335 3124 γυναικὸς
2351 3060 2746 3133 ἐκερδάναμεν,
2774 3063 2913 3120 ὥστε
2947 3067 3145 3121 εἰδέναι
3166 3070 3287 3139 μετ’
3309 3068 3542 3142 εὐωχίαν
3563 3070 3652 3126 εὖ·

2073 3147 2286 3216 χεσθαι.
2327 3149 2384 3203 ὐ
2412 3151 2520 3223 γὰρ
2552 3154 2689 3224 πρὸς
2720 3154 2879 3209 τοῦτο
2918 3159 3459 3230 παρεσκευασμένος,
3499 3161 3650 3214 οὐδέ-

2074 3255 2206 3292 ποτε
2245 3243 2326 3305 εἰς
2358 3243 2530 3314 μέθην
2573 3248 2667 3299 καὶ
2707 3249 2993 3319 παροινίαν
3023 3253 3358 3316 ἐκπεσεῖται,
3393 3251 3652 3307 οὐδέποτε

2075 3338 2182 3392 ὑπὸ
2205 3339 2542 3411 ἀδδηφαγίας
2561 3343 3010 3418 διαρραγήσεται,
3039 3348 3178 3406 ἀλλά
3198 3349 3295 3422 τὴν
3317 3351 3650 3422 προσδοκίαν

2071 3429 2172 3500 τῆς
2210 3431 2378 3502 εὐχῆς
2403 3433 2524 3486 ἀντὶ
2565 3435 2787 3507 χαλινοῦ
2827 3440 2942 3503 τοῖς
2974 3436 3252 3510 λογισμοῖς
3291 3443 3646 3514 ἐπικειμένην

2071 3527 2230 3598 ἔχων,
2270 3531 2410 3601 μετὰ
2426 3533 2516 3586 τοῦ
2547 3536 2914 3606 προσήκοντος
2941 3538 3141 3611 μέτρου
3162 3540 3271 3594 τῶν
3304 3543 3649 3615 παρακειμέ⁹

2071 3637 2177 3673 νων
2202 3620 2397 3691 ἆψεται
2421 3622 2658 3691 πάντων,
2693 3628 2788 3680 καὶ
2813 3627 3011 3700 πολλῆς
3035 3630 3134 3700 μὲν
3158 3632 3255 3702 τὴν
3281 3631 3483 3704 ψυχὴν,
3517 3635 3648 3688 πολε

2069 3719 2169 3789 λῆς
2199 3720 2256 3774 δὲ
2296 3720 2356 3774 τὸ
2397 3723 2559 3794 σῶμα
2605 3726 2878 3800 ἐμπλήσει
2925 3729 3026 3800 τῆς
3071 3731 3346 3801 εὐλογίας.
3383 3733 3646 3806 Τράπεζα

2058 3818 2179 3894 ,γὰρ
2204 3821 2313 3875 ἀπὸ
2329 3822 2496 3894 εὐχῆς
2513 3824 2812 3898 ἀρχομένη,
2833 3829 2927 3883 καὶ
2949 3832 3028 3894 είς
3049 3831 3213 3904 εὐχὴν
3235 3834 3641 3905 καταλήγουσα,

2067 3911 2319 3964 οὐδέποτε
2361 3913 2813 3986 ὑστερηθήσεται,
2862 3918 2997 3972 ἀλλά
3035 3922 3216 3992 πηγῆς
3259 3923 3642 3996 δαψιλέστερον

2069 4003 2281 4057 ἅπαντα
2313 4006 2444 4076 ἡμῖν
2472 4007 2604 4059 οἴσει
2637 4007 2705 4060 τὰ
2733 4007 2932 4077 ἀγαθά.
2967 4011 3058 4083 Μὴ
3087 4012 3152 4084 δὴ
3197 4014 3448 4069 τοσοῦτον
3491 4035 3638 4088 παρ⁴

2065 4090 2282 4162 ορῶμεν
2299 4093 2506 4165 κέρδος.
2524 4096 2633 4149 Καὶ
2653 4096 2763 4168 7&9
2781 4095 2980 4153 ἄτοπον
2999 4101 3126 4164 τούς
3149 4102 3246 4172 μὲν
3266 4103 3485 4168 οἰκέτας
3509 4105 3638 4168 τοὺς

2065 4181 2392 4254 ἡμετέρους,
2443 4185 2500 4237 εῖ
2548 4188 2679 4241 ποτέ
2713 4203 2766 4241 τι
2799 4187 2906 4242 τῶν
2959 4192 3384 4265 παρακειμένων
3420 4193 3638 4249 λάϐοιεν

2065 4272 2198 4344 παρ’
2233 4273 2390 4345 ἡμῶν
2424 4277 2608 4348 μέρος,
2639 4279 2983 4359 εὐχαριστεῖν
3012 4299 3071 4334 τε
3095 4285 3227 4354 ήμῖν
3263 4283 3360 4339 καὶ
3391 4286 3510 4357 μετ’
3541 4287 3636 4339 εὐ-

2064 4365 2275 4435 φημίας
2306 4368 2640 4442 ἀναχωρεῖν⁹
2671 4372 2821 4443 ἡμᾶς
2860 4373 2920 4427 δὲ
2961 4375 3230 4431 τοσούτων
3266 4376 3639 4444 ἀπολαύοντας

2061 4458 2287 4526 ἀγαθῶν
2319 4460 2454 4532 μηδέ
2473 4461 2745 4534 τοσαύτην
2761 4464 3068 4521 ἀποδιδόναι
3092 4468 3171 4539 τῷ
3187 4469 3307 4542 Θεῷ
3321 4469 3421 4542 τὴν
3442 4470 3631 4541 τιμὴν,

2061 4550 2156 4606 καὶ
2179 4549 2371 4616 ταῦτα,
2391 4552 2684 4623 μέλλοντας
2709 4554 2908 4627 πολλῆς
2928 4559 3329 4614 ἀπολαύσεσθαι
3344 4560 3443 4632 τῆς
3460 4561 3636 4631 ἀσφα-

2059 4640 2230 4707 λείας.
2275 4643 2448 4696 Ὅπου
2480 4644 2589 4716 γάρ
2616 4645 2751 4718 εὐχῆ
2780 4648 2874 4701 καὶ
2906 4648 3247 4722 εὐχαριστία,
3279 4652 3436 4721 άγίου
3463 4653 3633 4708 Πνεύ-

2060 4749 2228 4802 ματος
2248 4735 2611 4806 παραγίνεται
2625 4736 2807 4809 χάρις,
2830 4739 2928 4792 καὶ
2949 4741 3336 4811 φυγαδεύονται
3351 4744 3634 4816 δαίμονες,

2057 4823 2151 4876 καὶ
2186 4825 2341 4878 πᾶσα
2373 4826 2728 4900 ἀντικειμένη
2772 4829 3002 4902 δύναμις
3033 4833 3354 4903 δραπετεύει
3398 4838 3491 4890 καὶ
3519 4837 3629 4906 ἀφ-

2058 4916 2292 4970 ίσταται.
2327 4916 2387 4971 Ὀ
2411 4917 2624 4989 μέλλων
2641 4921 2898 4994 εἰςεύχὴν
2918 4923 3236 4995 τρέπεσθαι,
3264 4925 3414 4981 οὐδὲν
3428 4929 3627 4983 ἄτοπον

2057 5009 2229 5081 τολμᾷ
2254 5009 2611 5079 φθέγξασθαι,
2641 5015 2759 5068 οὐδέ
2783 5017 2839 5068 ἐν
2862 5015 3002 5091 μέσῃ
3032 5019 3276 5090 τραπέζῃ
3296 5035 3310 5049 ·
3339 5019 3441 5073 κᾶν
3462 5020 3627 5090 φθέγ-

2053 5099 2233 5171 ξηται,
2293 5103 2694 5172 μεταγινώσκει
2728 5106 2958 5177 ταχέως.
3007 5107 3098 5161 Διὸ
3131 5107 3236 5180 χρὴ
3267 5111 3361 5164 καὶ
3389 5110 3626 5184 ἀρχομέο

2050 5209 2176 5265 νους
2198 5195 2294 5249 καὶ
2317 5193 2582 5266 λήγοντας
2611 5198 2953 5270 εὐχαριστεῖν
2979 5198 3056 5271 τῷ
3077 5200 3195 5272 Θεῷ
3217 5217 3230 5231 °
3261 5201 3500 5272 μάλιστα
3524 5203 3626 5273 μὲν

2049 5284 2158 5357 7&9
2198 5286 2321 5340 οὐδὲ
2365 5290 2446 5354 είς
2481 5289 2655 5362 μέθην
2680 5290 3070 5362 ὲμπεσούμεθα
3110 5293 3325 5365 ῥᾳδίως,
3372 5295 3622 5366 καθάπερ

2047 5385 2220 5458 ἔφθην
2259 5387 2460 5457 εἰπὼν,
2491 5392 2539 5445 εί
2567 5393 3012 5464 καταστήσαιμεν
3039 5394 3122 5459 εἰς
3152 5393 3357 5467 ταύτην
3390 5397 3620 5462 ἑαυτοὺς

2045 5486 2143 5558 τὴν
2193 5491 2504 5560 συνήθειαν.
2545 5493 2706 5546 ’Ὥστε
2755 5494 2862 5548 κᾶν
2897 5495 3215 5568 κραιπαλῶν
3265 5496 3368 5552 κᾶν
3404 5497 3620 5569 μεθύων

2045 5579 2177 5631 ποτέ
2217 5579 2480 5651 ἀναστῇς,
2524 5584 2660 5653 μηδὲ
2692 5583 2835 5639 οὕτω
2867 5585 3174 5658 καταλύσῃς
3216 5587 3276 5641 τὺ
3307 5586 3448 5654 ἓθος,
3481 5587 3618 5642 ἀλλά

2045 5669 2151 5726 κᾶν
2185 5672 2610 5743 καρηϐαρῶμεν,
2642 5674 2743 5730 κᾶν
2784 5676 3213 5748 περιφερὼμεθα
3258 5680 3350 5735 καὶ
3379 5678 3616 5735 καταπίο
