4110 6214
399 302 504 363 649

401 421 538 477 mine
574 415 854 488 prophetae,
896 411 1183 470 mercedem
1226 404 1487 477 propheta:
1529 401 1737 472 accipiet
1764 400 1979 474 (Matth.

1696 285 1785 342 DE
1824 283 2010 341 ANNA
2047 279 2279 338 SEBMO
2316 279 2386 338 ll.

3568 278 3676 334 (ὄζοι)

2096 395 2410 452 sam—Nos
2427 404 2633 460 contra,
2650 394 2701 451 si
2720 393 2931 466 quando
2946 393 3201 450 conviciis
3218 394 3535 465 appetimur,
3552 411 3673 452 cum

400 511 490 566 lo.
529 484 644 577 ll).
673 484 743 562 Si
787 503 933 559 enim
968 501 1038 556 de
1086 508 1268 555 nostra
1308 498 1538 553 invicem
1581 496 1689 549 vita
1726 493 1986 565 judicium
2090 496 2368 559 oporteret
2394 501 2655 542 excusare
2695 495 2751 542 et
2790 486 2844 541 in
2879 484 3101 554 gratiam
3144 485 3341 553 redire,
3383 486 3678 542 excitamus

400 600 540 656 ferre
568 574 931 666 prohibemur,
961 590 1129 646 multo
1156 588 1325 659 magis
1365 587 1435 644 de
1468 596 1680 657 patrum
1724 585 1851 640 vita.
1880 582 1986 640 Sed
2092 578 2418 645 incendium,
2440 592 2504 632 ac
2531 579 2763 631 ferarum
2800 577 2854 631 in
2893 589 3097 630 morem
3124 574 3384 631 insilimus
3409 575 3461 631 in
3490 578 3676 632 convi-

400 686 541 759 quod
566 664 745 742 dicere
768 684 1103 739 institueram
1126 680 1333 750 (rursus
1360 678 1505 733 enim
1532 675 1600 731 ad
1638 674 1774 730 hanc
1810 673 1988 729 redire
2091 669 2340 735 eiatores,
2362 674 2733 738 pmlocanles,
2748 666 3039 729 trahentes,
3054 680 3151 735 pro
3173 664 3333 720 dictis
3359 680 3571 736 ponam
3593 680 3681 721 re-

402 776 682 832 mulierem
727 771 1003 842 oportet),
1048 769 1487 837 quotiescumque
1510 766 1751 821 convicia
1775 762 1989 818 excelso

2096 769 2398 829 poscentes,
2425 768 2587 830 atque
2607 758 2689 813 his
2721 759 2851 829 ipsis
2875 758 3027 813 factis
3048 757 3403 827 suspicionem
3429 758 3497 812 de
3523 757 3681 813 nobis

403 866 623 922 ferimus
655 864 856 927 animo,
886 861 1178 916 multorum
1208 857 1360 912 nobis
1408 856 1667 912 bonorum
1692 869 1906 909 causam
1936 853 1987 906 id
2092 850 2495 907 conﬁrmamus.
2519 850 2649 904 Nam
2674 852 2719 905 si
2748 851 2899 920 cupis
2926 849 3367 919 exprobrantibus
3396 848 3681 906 ostendere

400 958 541 1023 ﬁeri,
585 969 869 1027 possumus
914 962 970 1008 et
1008 952 1106 1022 ipsi
1151 950 1254 1006 .lob
1276 963 1500 1004 cernere
1537 947 1841 1017 contigisse.
1887 944 1993 1000 Ne-

400 1066 507 1119 que
540 1049 685 1105 enim
725 1047 873 1101 illum
919 1042 1138 1115 perinde
1172 1042 1357 1105 miror,
1405 1030 1713 1111 priusquam
1756 1034 1991 1091 essetab

406 1157 574 1197 uxore
624 1141 926 1209 instigatus,
975 1144 1034 1191 ut
1082 1142 1201 1205 post
1238 1132 1367 1189 illud
1416 1130 1771 1201 perniciosum
1807 1126 1992 1183 consi-

407 1236 555 1292 lium.
580 1232 775 1288 Verum
797 1246 863 1285 ne
891 1228 977 1285 cui
1008 1226 1249 1282 videatur
1282 1222 1591 1279 incredibile
1622 1219 1764 1292 quod
1792 1233 1989 1273 narro:

407 1325 715 1395 frequenter
754 1334 890 1391 quos
934 1319 1048 1388 ipsa
1092 1330 1271 1373 rerum
1322 1324 1511 1368 natura
1558 1326 1664 1366 non
1706 1308 1989 1375 subvertit,

409 1415 630 1470 verbum
645 1422 1001 1481 corruptaque
1015 1406 1316 1463 exhortatio
1336 1403 1548 1459 devicit.
1568 1402 1720 1469 Quod
1742 1414 1864 1455 eum
1886 1413 1991 1453 non

409 1506 678 1575 ignoraret
704 1500 965 1565 diabolus,
1006 1508 1127 1568 post
1163 1495 1421 1550 indictum
1450 1494 1663 1556 vulnus,
1696 1501 1752 1546 ut
1780 1489 1992 1559 experi-

410 1605 577 1659 retur,
606 1594 767 1650 etiam
794 1606 892 1661 per
914 1603 1190 1644 sermones
1218 1585 1339 1641 fecit
1359 1584 1642 1645 insultum;
1670 1581 1809 1650 quod
1832 1580 1995 1636 etiam

413 1688 541 1742 fecit
568 1686 622 1739 in
659 1682 879 1737 Davide.
913 1680 1263 1746 Posteaquam
1294 1676 1438 1731 enim
1472 1673 1602 1728 vidit
1648 1672 1795 1726 illum
1828 1686 1995 1741 gene-

413 1792 535 1832 rose
573 1776 756 1830 tulisse
796 1773 887 1827 filii
919 1771 1283 1835 rebellionem,
1312 1776 1365 1821 et
1388 1767 1600 1836 impiam
1629 1766 1772 1819 illam
1812 1774 1995 1835 tyran-

416 1868 613 1930 nidem,
638 1865 821 1919 volens
849 1862 1189 1931 supplantare
1219 1857 1431 1912 Davidis
1459 1866 1714 1920 mentem,
1742 1864 1901 1921 atque
1929 1851 1996 1906 ad

417 1955 742 2011 iracundiam
772 1966 1008 2014 movere,
1032 1963 1316 2019 aggressus
1339 1956 1423 2002 est
1457 1946 1603 1999 illum
1647 1944 1998 1998 amarulentis

416 2045 593 2101 Semel
616 2043 815 2109 verbis,
848 2041 950 2095 hoc
976 2054 1163 2109 agens,
1198 2048 1254 2092 ut
1280 2035 1551 2091 morderet
1570 2036 1808 2088 animum
1834 2033 1994 2086 illius.

416 2136 529 2191 lloc
559 2136 732 2205 ipsum
759 2142 812 2187 et
855 2132 907 2186 in
953 2131 1165 2185 beatum
1210 2128 1310 2183 Job
1354 2135 1475 2181 astu
1522 2126 1739 2179 molitus
1782 2130 1884 2179 est.
1931 2123 2000 2178 Ut

416 2230 561 2286 enim
605 2224 877 2296 perspexit
903 2232 959 2278 et
1006 2222 1155 2276 illum
1182 2235 1278 2274 sua
1304 2217 1552 2274 deridere
1588 2216 1785 2285 jacula,
1825 2229 2000 2283 neque

417 2333 576 2374 secus
600 2327 759 2386 atque
786 2314 975 2370 turrim
1002 2310 1288 2381 quamdam
1325 2308 1719 2363 adamantiuam
1744 2304 2003 2361 adversus

419 2411 597 2466 omnia
627 2408 835 2464 fortiter
864 2408 1182 2467 consistere,
1207 2402 1503 2458 obarmavit
1529 2400 1582 2454 in
1607 2414 1729 2453 eum
1758 2410 2000 2463 uxorem,

418 2517 525 2572 quo
556 2500 802 2556 videlicet
828 2514 934 2553 non
974 2507 1121 2553 esset
1152 2502 1460 2564 suspectum
1485 2491 1794 2556 consilium,
1822 2499 1876 2545 et
1904 2502 2000 2543 ve-

425 2606 625 2648 nenum
654 2589 833 2645 verbis
858 2588 1069 2643 femina:
1090 2584 1242 2647 texit,
1262 2583 1625 2637 calamitatem
1653 2592 1998 2649 exaggerans.

419 2682 565 2751 Quid
593 2683 751 2751 igitur
788 2681 877 2735 ille
902 2676 1309 2749 magnanimus?
1338 2673 1440 2728 Cur
1463 2674 1669 2743 loquartu
1706 2688 1780 2736 es,
1807 2670 2005 2739 inquit,

418 2774 550 2827 sicut
576 2789 676 2825 una
702 2771 765 2824 de
787 2769 956 2825 stultis
983 2766 1275 2822 mulieribus
1296 2766 1321 2820 7
1344 2764 1427 2829 _Si
1454 2764 1588 2818 bona
1628 2763 1911 2832 occepimus
1940 2760 2004 2816 de

421 2882 576 2919 manu
600 2864 826 2926 Domini,
844 2863 981 2916 mala
1008 2878 1108 2915 non
1133 2860 1435 2929 excipientes
1455 2857 1573 2927 (Job
1591 2856 1648 2910 2.
1677 2856 1806 2927 10)?
1849 2854 2004 2922 Quod

422 2965 598 3012 autem
625 2956 710 3009 hic
734 2956 882 3021 dicit,
906 2954 1045 3008 hunc
1068 2966 1285 3007 sensum
1307 2950 1466 3005 habet
1493 2967 1508 3002 :
1529 2949 1585 3004 Si
1608 2963 1713 3003 non
1733 2957 1893 3014 esset,
1925 2947 2006 3001 in-

423 3046 555 3115 quit,
585 3046 857 3107 Dominus,
896 3058 1069 3113 neqne
1105 3049 1252 3096 tanto
1294 3040 1449 3095 nobis
1493 3038 1865 3102 excellentior,
1908 3038 2005 3093 sed

424 3138 625 3191 amicus
652 3136 842 3205 aliquis
867 3135 978 3205 pari
1007 3133 1314 3189 conditione
1338 3149 1352 3183 :
1379 3147 1537 3200 quant
1566 3130 1885 3184 haberemus
1905 3144 2004 3184 ex-

423 3227 771 3289 cusationem,
815 3226 859 3279 si
911 3235 985 3279 tot
1016 3223 1281 3292 tantisque
1306 3221 1479 3275 aﬂ'ecti
1510 3219 1803 3283 beneﬁciis,
1845 3220 2004 3274 etiam

423 3316 707 3370 contrariis
752 3331 872 3370 eum
917 3312 1428 3369 remnneraremur'!
1456 3309 1617 3365 Vides
1644 3318 1700 3363 ut
1727 3310 1809 3363 vir
1839 3310 2004 3365 Deum

423 3406 669 3476 diligens,
692 3421 790 3460 nec
816 3406 1034 3460 efl'ertur
1055 3402 1256 3467 animo,
1280 3414 1377 3456 nec
1404 3400 1683 3471 gloriatur,
1722 3400 1864 3470 quod
1896 3400 2005 3469 pla-

424 3514 517 3567 gas
533 3498 648 3552 illas
669 3498 949 3552 humanam
972 3507 1211 3549 naturam
1227 3493 1551 3549 excedentes
1571 3490 1778 3547 fortiter
1795 3493 2003 3558 toleret,

425 3603 599 3657 neque
636 3602 745 3641 sua:
786 3586 1058 3653 sapientia:
1100 3585 1183 3639 vel
1210 3583 1625 3651 magnanimiutti
1656 3583 1866 3637 tribuit’
1897 3592 2003 3637 tam

426 3678 686 3746 insignem
718 3676 1069 3737 tolerantiam,
1096 3675 1190 3728 sed
1223 3673 1372 3742 quasi
1401 3672 1637 3727 debitum
1667 3674 2001 3740 exsolvimet,

428 3766 662 3836 nihilque
693 3776 883 3832 przeter
905 3780 1114 3834 mquam
1139 3764 1432 3823 accidisset.
1464 3763 1531 3818 itu
1558 3772 1773 3818 strenue
1799 3764 2004 3820 mulieri

426 3874 489 3913 os
514 3857 765 3912 occlusit?
791 3855 933 3910 Idem
961 3855 1157 3909 factum
1182 3862 1265 3909 est
1292 3854 1344 3908 in
1372 3853 1473 3909 hac
1499 3855 1741 3908 muliere.
1774 3853 1905 3908 Nam
1931 3856 2003 3909 si-

428 3948 537 4002 mul
566 3958 619 4001 ut
643 3957 854 4001 satanas
880 3946 1149 4017 perspexit
1176 3961 1293 4001 eam
1318 3962 1508 4016 magno
1528 3945 1708 4000 animo
1736 3947 1872 4001 ferre
1898 3956 2007 4001 ste-

426 4040 696 4105 rilitatem,
724 4039 942 4094 immisit
963 4040 1254 4093 sacerdotis
1281 4054 1526 4109 puerum,
1549 4038 1639 4108 qui
1673 4040 1839 4109 magis
1861 4040 2003 4093 illam

425 4132 791 4188 exacerbaret.
809 4134 878 4186 At
891 4131 1019 4186 nihil
1042 4131 1228 4185 horum
1250 4132 1441 4187 accidit
1465 4132 1672 4187 mulieri
1695 4148 1708 4185 :
1736 4132 1831 4188 sed
1854 4133 1998 4188 domi

423 4233 607 4292 parata
634 4223 700 4277 ad
734 4222 1046 4293 perferenda
1075 4223 1375 4290 maledicta,
1415 4222 1726 4293 tumulisque
1750 4225 2004 4279 conviciis

421 4314 738 4378 exercitata,
776 4314 1040 4385 intrepide
1076 4314 1335 4370 adversus
1363 4314 1625 4384 ejusmodi
1652 4316 1885 4370 assultus
1928 4314 2004 4372 fe-

422 4406 619 4461 rendos
658 4420 717 4461 se
749 4407 1079 4476 aceingebat.
1114 4408 1447 4477 Quapropter
1474 4408 1527 4461 in
1553 4407 1752 4479 templo
1784 4408 2001 4463 multam

423 4496 669 4565 praestitit
714 4496 1095 4553 humanitatem
1127 4539 1144 4564 ,
1197 4498 1421 4553 viriliter
1480 4508 1535 4553 et
1589 4512 1782 4569 magno
1824 4500 2003 4555 animo

420 4597 710 4640 scommata
730 4586 1022 4655 perferens,
1047 4586 1173 4643 dum
1201 4599 1420 4644 vocatur
1441 4590 1727 4644 temulenta
1761 4605 1824 4645 ac
1852 4592 2002 4645 vino-

422 4678 581 4733 lenta.
614 4678 754 4733 Nihil
775 4687 949 4733 autem
972 4689 1111 4733 vetat
1133 4690 1187 4733 et
1214 4680 1327 4749 ipsa
1346 4680 1581 4733 mulieris
1607 4680 1790 4735 audire
1814 4681 1996 4736 verba.

418 4766 550 4821 Cum
576 4769 720 4823 enim
748 4783 881 4838 puer
918 4769 1159 4834 dixisset,
1188 4767 1372 4838 Digere
1412 4762 1579 4823 vinum
1623 4780 1763 4824 tuum
1802 4772 1891 4825 abs
1930 4783 1997 4839 te,

419 4870 464 4909 et
490 4861 662 4912 recede
678 4876 711 4913 a
729 4869 996 4928 conspectu
1026 4856 1230 4912 Domini
1250 4876 1269 4913 :
1285 4862 1539 4926 respondit
1566 4861 1739 4927 Anna,
1761 4870 1809 4914 ct
1832 4862 2000 4915 dixit:

423 4943 777 5016 Nequaquam,
815 4948 1016 5001 domine
1052 4948 1129 5015 (l.
1164 4948 1287 5017 Reg.
1323 4948 1377 5002 l.
1419 4950 1642 5017 “.15).
1674 4951 1774 5016 Qui
1808 4960 1998 5005 contu-

422 5035 639 5091 tneliose
666 5036 912 5106 loquutus
938 5038 1127 5102 fuerat,
1158 5052 1279 5092 eum
1306 5039 1537 5107 appellat
1561 5040 1853 5094 dominum.
1882 5040 1996 5095 Non

420 5124 551 5178 dixit
578 5127 719 5195 quod
749 5128 992 5197 plerique
1015 5130 1188 5183 solent
1216 5130 1475 5195 homines,
1507 5128 1678 5185 lstane
1706 5132 1999 5187 sacerdos?

419 5215 518 5267 ista
544 5215 633 5283 qui
657 5215 789 5271 alios
816 5217 991 5281 docet,
1023 5219 1382 5274 temulentiatn
1410 5235 1471 5275 ac
1494 5220 1835 5277 vinolenti-nn
1865 5222 1997 5277 mihi

418 5304 743 5371 exprobrat?
765 5305 858 5359 sed
881 5306 1006 5359 illud
1034 5310 1324 5377 spectabat,
1350 5312 1617 5380 quomodo
1640 5314 1998 5381 suspicionem

418 5392 726 5460 depelleret,
749 5393 870 5449 licet
895 5395 1103 5450 falsam.

486 5483 541 5538 5.
576 5483 840 5551 Quomodo
865 5486 1091 5555 ferenda:
1114 5491 1450 5545 contumeliis.
1487 5490 1726 5547 Precatio
1752 5495 1820 5548 ad
1859 5514 1996 5555 nien-

458 5749 473 5762 ‘
498 5685 513 5717 ¹
547 5670 684 5739 Colb.
711 5700 840 5740 unus
858 5694 914 5739 et
934 5686 1233 5751 Regnaque
1251 5690 1566 5759 pliilosopltiw
1582 5690 1765 5741 tribuit.

2096 951 2149 997 te
2176 956 2284 997 non
2325 956 2448 997 esse
2494 942 2841 997 temulentum
2866 981 2883 1007 ,
2927 940 3151 996 ostende
3194 956 3291 1011 per
3318 940 3682 997 mansuetudi-

2096 1051 2239 1099 nem,
2269 1035 2493 1091 ostende
2515 1050 2608 1103 per
2635 1034 3038 1099 humanitatem,
3068 1048 3173 1089 non
3212 1049 3307 1104 per
3332 1034 3684 1089 contumelias

2097 1137 2151 1184 et
2200 1128 2459 1184 convicia.
2508 1126 2639 1180 Nam
2687 1126 2732 1182 si
2782 1123 3110 1195 percusseris
3146 1139 3269 1180 eum
3306 1125 3397 1195 qui
3437 1133 3493 1180 te
3520 1124 3683 1182 allicit

2096 1220 2374 1286 conviciis,
2402 1218 2763 1273 temulentiam
2799 1225 2944 1272 tuam
2970 1216 3373 1272 condemnaturi
3403 1226 3528 1273 sunt
3568 1232 3687 1271 om-

2099 1325 2229 1375 nes;
2257 1311 2342 1366 sin
2380 1325 2572 1379 magno
2600 1308 2891 1378 pertuleris
2928 1307 3144 1375 animo,
3179 1308 3332 1365 factis
3362 1308 3490 1378 ipsis
3516 1308 3686 1378 depu-

2099 1400 2226 1456 leris
2256 1400 2449 1455 malam
2480 1400 2547 1453 de
2568 1409 2618 1454 te
2643 1400 2998 1468 suspicionem
3028 1419 3042 1455 :
3068 1399 3119 1453 id
3152 1399 3292 1469 quod
3323 1406 3435 1454 tum
3462 1398 3577 1454 hate
3603 1398 3685 1453 fe-

2099 1492 2173 1547 cit
2201 1492 2411 1547 mulier.
2440 1489 2572 1546 Cum
2612 1492 2752 1546 enim
2791 1490 3012 1556 diceret,
3054 1491 3408 1561 Nequaquam,
3445 1491 3689 1547 domine:

2098 1604 2159 1643 re
2200 1589 2312 1658 ipsa
2356 1587 2676 1651 declaravit,
2722 1586 2911 1641 falsam
2955 1601 3076 1642 esse
3122 1586 3269 1641 illius
3305 1585 3683 1655 suspicionem.

2102 1681 2255 1738 Unde
2282 1692 2458 1737 autem
2491 1680 2592 1735 hoc
2617 1680 2699 1734 vel
2748 1678 3004 1749 suspicari
3041 1679 3210 1748 potuit
3235 1678 3532 1733 sacerdos?
3557 1692 3685 1732 num

2102 1772 2363 1825 ridentem
2407 1770 2572 1823 vidit?
2614 1784 2738 1822 num
2776 1768 3098 1823 saltantem?
3124 1783 3249 1822 num
3289 1768 3690 1822 titubantem‘et

2100 1863 2508 1918 concidentem?
2537 1877 2661 1915 num
2697 1861 2896 1915 audivit
2938 1860 3155 1915 verbum
3200 1860 3550 1922 obscenum,
3595 1867 3690 1913 aut

2103 1952 2401 2008 illiberale?
2441 1951 2588 2007 Unde
2633 1951 2793 2020 igitur
2833 1952 3077 2019 concepit
3113 1949 3249 2005 hanc
3290 1949 3689 2018 suspicionem?

2104 2043 2253 2098 Haud
2284 2043 2375 2098 ille
2404 2043 2615 2112 quidem
2648 2052 2867 2103 temere,
2901 2042 3146 2109 nullaque
3173 2040 3241 2095 de
3267 2054 3466 2104 causa;
3498 2038 3593 2093 sed
3617 2054 3682 2093 ex

2103 2134 2209 2188 diei
2254 2143 2492 2203 tempore
2528 2143 2687 2187 :erat
2732 2132 2873 2185 enim
2919 2131 3169 2186 meridies
3213 2146 3332 2184 cum
3383 2139 3692 2200 precaretur

2105 2223 2222 2279 illa.
2247 2222 2401 2278 Unde
2436 2222 2538 2277 hoc
2567 2222 2765 2291 liquet?
2793 2221 2870 2275 Ex
2899 2221 2961 2275 iis
2990 2236 3108 2291 qua:
3151 2221 3326 2275 locum
3370 2219 3509 2274 hunc
3551 2234 3690 2289 prte-

2104 2317 2322 2373 cedunt.
2362 2317 2616 2375 Surrexit.
2653 2316 2842 2386 inquit,
2870 2316 3039 2383 Anna,
3071 2325 3333 2384 postquam
3359 2313 3439 2367 illi
3472 2313 3691 2367 comede.

2104 2420 2221 2462 rant
2258 2418 2307 2463 et
2346 2408 2569 2463 biberant
2597 2408 2651 2462 in
2692 2408 2886 2473 Selom,
2927 2415 2974 2461 et
3021 2414 3135 2474 post
3171 2414 3342 2475 potum
3381 2404 3599 2458 constitit
3636 2406 3691 2457 in

2106 2510 2372 2567 conspectu
2406 2498 2609 2553 Domini
2636 2499 2723 2567 (l.
2746 2496 2870 2567 Reg.
2903 2498 2957 2552 l.
2979 2496 3060 2566 9).
3084 2495 3303 2551 Viden‘?
3330 2495 3481 2563 Quod
3503 2509 3693 2551 omnes

2106 2587 2307 2643 faciunt
2332 2598 2539 2657 tempus
2567 2587 2930 2651 relaxatiouis,
2973 2587 3058 2640 illa
3101 2584 3228 2640 fecit
3271 2594 3483 2653 tempus
3509 2600 3693 2653 preca-

2107 2678 2268 2733 tionis
2298 2694 2313 2731 :
2346 2688 2466 2747 post
2490 2677 2794 2731 convivium
2817 2690 3106 2730 accurrens
3130 2675 3199 2729 ad
3225 2676 3690 2745 supplicationem,

2108 2768 2282 2824 fontes
2318 2770 2671 2838 lacrymarum
2719 2765 2915 2829 emisit,
2956 2774 3299 2834 mentemque
3337 2780 3447 2836 pra:
3480 2780 3542 2820 se
3577 2766 3695 2820 tulit

2107 2860 2340 2913 sobriam
2365 2873 2430 2913 ac
2467 2857 2773 2927 vigilantem
2803 2873 2816 2910 :
2850 2869 2914 2910 ac
2948 2865 3067 2924 post
3101 2857 3288 2926 epulas
3325 2854 3462 2911 adeo
3491 2854 3694 2911 intente

2108 2952 2302 3015 oravit,
2333 2960 2390 3004 ut
2414 2948 2614 3003 donum
2636 2948 2903 3017 acciperet
2931 2961 3088 3016 supra
3124 2955 3389 3013 naturam,
3432 2945 3690 3002 solvet-clr-

2108 3056 2212 3111 que
2240 3040 2600 3105 sterilitatem,
2628 3052 2692 3092 ac
2712 3047 2913 3092 natura:
2942 3036 3355 3091 imbecillitatem
3378 3037 3691 3108 corrigeret.

2113 3133 2223 3187 lloc
2250 3133 2409 3202 igitur
2431 3146 2459 3185 a
2490 3131 2682 3185 femina
2720 3128 2854 3185 lucri
2883 3128 3193 3198 consequuti
3224 3143 3427 3193 sumus,
3466 3138 3522 3183 ut
3555 3129 3694 3184 scia-

2110 3240 2230 3279 mus
2255 3232 2451 3293 etpost
2479 3222 2783 3278 convivium
2811 3237 2986 3277 orare.
3032 3220 3282 3291 Quisquis
3308 3222 3449 3276 enim
3483 3220 3549 3276 ad
3592 3222 3694 3278 hoc

2111 3326 2437 3386 praeparatus
2467 3315 2641 3380 fuerit,
2666 3329 2954 3384 numquam
2982 3315 3033 3369 in
3062 3312 3383 3369 ebrietatem
3418 3324 3509 3369 aut
3538 3315 3691 3371 vino-

2109 3405 2327 3461 lentiam
2354 3405 2570 3469 incidet,
2601 3419 2888 3474 numquam
2913 3403 3126 3473 crapula
3155 3404 3514 3473 disrmnpetur
3548 3422 3562 3457 :
3594 3407 3690 3461 sed

2109 3497 2357 3567 quoniam
2382 3495 2833 3567 exspectationem
2864 3495 3181 3564 precationis
3224 3493 3383 3548 habet
3410 3510 3506 3563 pro
3541 3494 3695 3551 freno

2110 3589 2411 3658 impositam
2449 3589 2651 3653 animo,
2693 3587 3048 3643 conveniente
3095 3600 3345 3641 mensura
3370 3587 3592 3656 attinget
3625 3604 3691 3642 ex

2108 3682 2355 3737 erunibus
2379 3696 2500 3751 quae
2525 3680 2719 3735 fuerint
2743 3678 3005 3749 apposita,
3029 3678 3299 3747 multaque
3321 3678 3692 3734 benedictione

2111 3784 2219 3828 tum
2248 3775 2507 3840 animum,
2540 3780 2652 3827 tum
2680 3786 2876 3842 corpus
2909 3773 3167 3841 implebit.
3197 3772 3510 3828 Convivium
3546 3774 3691 3830 enim

2108 3864 2248 3933 quod
2274 3878 2304 3917 a
2351 3864 2656 3932 precatione
2696 3869 2929 3932 coeptum
2974 3862 3029 3916 in
3078 3863 3435 3930 precationem
3475 3863 3693 3933 desinit,

2108 3972 2396 4027 numquam
2441 3955 2673 4022 deficiet,
2719 3954 2813 4009 sed
2864 3954 3051 4024 quovis
3093 3952 3240 4009 fonte
3284 3954 3501 4010 uberius
3539 3956 3694 4012 nobis

2107 4048 2284 4101 omnia
2305 4045 2508 4102 adferet
2537 4046 2695 4100 bona.
2722 4044 2800 4100 Ne
2834 4045 2993 4115 igitur
3026 4053 3226 4100 tantum
3254 4045 3581 4116 negligamus
3607 4047 3691 4102 lu-

2106 4152 2278 4193 crum.
2301 4138 2604 4193 Absurdum
2628 4137 2770 4192 enim
2797 4136 2978 4199 fuerit,
3000 4140 3044 4191 sl
3066 4152 3185 4190 eum
3216 4136 3396 4191 famuli
3426 4139 3616 4205 nostri,
3644 4140 3692 4195 si

2106 4228 2321 4301 quando
2358 4237 2561 4299 partem
2600 4227 2831 4296 aliquam
2870 4241 3057 4283 eorum
3094 4242 3214 4297 que
3257 4227 3409 4283 nobis
3448 4228 3690 4299 apposita

2108 4330 2234 4375 sunt
2268 4320 2592 4389 acceperint,
2624 4318 2783 4374 nobis
2816 4319 3015 4389 gratias
3055 4326 3236 4388 agant,
3264 4316 3505 4388 beneque
3536 4318 3694 4376 nobis

2109 4421 2389 4483 precantes
2418 4411 2611 4467 abeant
2650 4427 2665 4465 :
2697 4425 2817 4476 nos,
2861 4425 2981 4465 cum
3027 4418 3106 4464 tot
3146 4410 3413 4480 tantisque
3452 4410 3696 4468 fruamur

2110 4502 2286 4570 bonis,
2317 4516 2385 4557 ne
2409 4501 2510 4557 hoc
2537 4499 2748 4572 quidem
2774 4498 2996 4557 honoris
3017 4499 3126 4556 Deo
3154 4501 3537 4572 persolvamus,
3567 4501 3693 4559 licet

2109 4593 2234 4649 hinc
2261 4594 2479 4649 multam
2504 4593 2673 4649 simus
2684 4592 3021 4663 assequuturi
3038 4592 3401 4647 securitatem.
3423 4587 3527 4651 Ubi
3545 4595 3689 4651 enim

2110 4686 2345 4757 precatio
2372 4694 2427 4741 et
2455 4686 2746 4756 gratiarum
2791 4684 2952 4749 actio,
2980 4696 3048 4738 eo
3074 4684 3242 4739 sancti
3267 4683 3501 4754 Spiritus
3529 4684 3693 4743 adve-

2110 4780 2187 4834 nit
2214 4780 2403 4849 gratia,
2431 4778 2715 4847 abiguntur
2741 4774 3033 4841 daemones,
3078 4786 3135 4832 et
3174 4778 3349 4833 omnis
3387 4775 3691 4832 adversaria

2109 4878 2346 4940 potestas
2372 4866 2580 4937 diffugit
2606 4881 2667 4921 ac
2693 4864 2938 4921 discedit.
2987 4866 3090 4933 Qui
3126 4881 3186 4922 se
3213 4881 3568 4922 conversurus
3606 4875 3692 4923 est

2104 4962 2171 5017 ad
2193 4960 2472 5021 orandum,
2502 4974 2609 5014 non
2647 4958 2802 5013 audet
2834 4960 3121 5030 quidquam
3156 4960 3386 5014 absurde
3423 4960 3585 5029 loqui,
3615 4976 3685 5017 ne

2106 5055 2158 5108 in
2185 5052 2359 5106 medio
2383 5050 2594 5121 quidem
2617 5051 2893 5107 convivio:
2915 5060 3005 5104 aut
3025 5051 3069 5105 si
3096 5050 3342 5119 loquutus
3362 5049 3537 5117 fuerit,
3561 5067 3686 5109 mox

2108 5144 2394 5213 resipiscit.
2424 5141 2653 5197 Proinde
2681 5149 2894 5210 Oportet
2936 5149 3045 5194 tum
3078 5140 3129 5193 in
3158 5140 3329 5206 initio,
3358 5151 3468 5195 tum
3497 5143 3548 5197 in
3580 5142 3687 5199 fine

2105 5234 2332 5289 convivii
2360 5236 2558 5303 gratias
2580 5247 2737 5301 agere
2765 5232 2875 5286 Deo
2903 5230 2974 5286 ob
3001 5231 3137 5285 hanc
3162 5232 3427 5302 pra-cipue
3448 5249 3687 5301 causam,

2103 5324 2245 5396 quod
2270 5333 2327 5379 ut
2346 5322 2524 5378 dicere
2550 5336 2843 5391 cmperam,
2873 5320 3013 5375 haud
3055 5321 3207 5377 facile
3246 5323 3589 5393 prohibemur
3630 5325 3686 5380 in

2104 5416 2441 5479 ebrietatem,
2466 5413 2513 5469 si
2538 5428 2637 5469 nos
2662 5412 2809 5481 ipsos
2838 5412 2890 5466 in
2917 5411 3055 5467 hanc
3086 5412 3528 5471 consuetudian
3556 5428 3689 5470 con-

2105 5504 2455 5562 stituerimus.
2478 5502 2616 5570 Quin
2654 5502 2699 5558 si
2724 5502 2937 5572 quando
2963 5518 3145 5559 surres
3156 5503 3264 5559 eris
3291 5505 3505 5576 crapula
3533 5514 3687 5575 potu-

2105 5612 2209 5667 quc
2233 5607 2505 5666 gravatus,
2531 5610 2599 5667 ne
2623 5594 2701 5650 sic
2724 5592 2937 5663 quidem
2962 5594 3183 5664 abjicias
3205 5594 3685 5654 cottstaitudiucm:

2107 5687 2202 5746 sed
2226 5686 2468 5761 quamvis
2493 5685 2785 5744 habeamus
2804 5696 3077 5759 gnavatum
3098 5695 3275 5759 caput,
3305 5686 3551 5760 quamvis
3568 5700 3690 5745 vcr-
