4134 6214
452 271 550 325 651

454 385 621 455 tigine
640 379 1092 438 circumferamur,
1112 381 1165 428 ct
1184 370 1548 432 concidamus,
1573 365 1739 421 nihilo
1765 363 1936 455 secius
1958 369 2038 455 ta-

456 451 582 530 men
605 484 838 534 oremus,
868 480 968 522 nec
1001 463 1308 519 aboleamus
1343 455 1801 514 consuetudinem.
1828 451 2038 507 Etenim

456 565 501 620 si
532 558 850 632 praecedenti
876 554 964 612 die
986 555 1052 608 ad
1080 553 1223 607 hunc
1253 549 1491 606 oraveris
1517 547 1754 610 modum,
1787 540 2042 614 postridie

457 631 697 720 corriges
723 646 957 703 dedimus
997 642 1170 714 pridie
1211 639 1577 696 commissum.
1619 634 1842 703 Quoties
1885 631 2042 700 igitur

458 740 855 813 praudebimus,
884 736 1288 793 meminerimus
1325 731 1482 802 hujus
1507 729 1761 791 mulieris.
1795 735 1860 782 et
1899 725 2043 780 illius

457 834 836 904 lacrymarnm,
874 841 975 884 nec
1016 839 1125 883 nou
1151 820 1419 896 prteclam
1442 821 1559 891 ejus
1585 818 1874 876 ebrietatis.
1907 814 2040 870 Nam

455 923 602 979 ebria
626 931 740 976 erat
765 917 980 985 mulier,
1008 933 1114 972 non
1139 931 1171 972 e
1193 915 1336 978 vino,
1364 912 1458 968 sed
1486 927 1550 969 ex
1577 909 1898 966 abundantia
1927 908 2038 977 pie-

457 1015 601 1069 tatis.
634 1013 846 1069 Etenim
871 1011 916 1066 si
957 1017 1076 1080 post
1112 1004 1388 1079 prandium
1432 1001 1552 1058 talis
1595 1001 1710 1068 fuit,
1738 999 1910 1070 qualis
1929 1005 2044 1052 erat

456 1107 557 1161 sub
585 1103 869 1159 auroram?
900 1101 945 1156 si
974 1108 1078 1155 tam
1124 1099 1386 1153 instanter
1419 1092 1592 1150 oravit
1632 1101 1754 1162 post
1779 1092 1954 1146 cibum
1989 1099 2043 1144 et

460 1207 664 1266 potum,
691 1193 861 1264 qualis
882 1200 992 1247 erat
1011 1190 1190 1260 jejuna
1205 1189 1231 1242 l
1736 1225 1740 1229 λ
2040 1181 2049 1190 ’

533 1286 587 1340 ϐ.
638 1283 940 1339 Redeamus
977 1281 1134 1351 igitur
1161 1277 1339 1334 denuo
1367 1275 1433 1331 ad
1460 1274 1621 1330 verba
1668 1271 1842 1337 illius,
1881 1271 2041 1326 verba

462 1378 643 1430 inulta:
673 1374 825 1443 plena
853 1369 1202 1442 philosophiae
1223 1413 1238 1434 ,
1264 1367 1535 1436 multaque
1571 1364 1762 1420 referta
1793 1376 2042 1416 mansue-

458 1465 666 1520 tudine.
706 1461 838 1516 Cum
882 1462 1022 1518 enim
1069 1459 1333 1514 dixisset:
1368 1455 1733 1526 Nequaquam,
1801 1453 2040 1517 domine,

463 1553 728 1622 subjecit:
761 1549 951 1604 Mulier
977 1550 1032 1602 in
1059 1548 1188 1602 duro
1215 1547 1299 1602 die
1321 1562 1433 1601 sum
1456 1561 1548 1615 ego
1566 1584 1581 1609 ,
1611 1544 1782 1597 vinum
1823 1552 1870 1596 et
1908 1541 2045 1608 quod

461 1644 678 1701 inebriat
702 1660 804 1698 non
843 1641 942 1696 bibi
985 1641 1064 1710 (l.
1104 1640 1231 1710 Reg.
1274 1638 1471 1708 1.15).
1499 1635 1731 1691 Observa
1775 1632 2044 1703 quomodo

464 1752 564 1792 nec
590 1735 677 1791 hic
712 1741 1098 1790 commemorat
1120 1731 1326 1787 aemulae
1351 1729 1590 1786 convicia
1615 1769 1630 1794 ,
1664 1742 1836 1797 neque
1865 1725 2048 1781 tradu-

465 1829 542 1884 cit
595 1828 738 1882 illius
779 1826 1071 1890 malitiam,
1125 1839 1224 1879 nec
1287 1821 1634 1878 domesticam
1690 1819 2044 1874 calamitatem

463 1924 748 1988 exaggerat
771 1914 1063 1985 evulgans?
1091 1912 1184 1968 sed
1212 1913 1467 1966 hactenus
1494 1909 1666 1980 aperit
1684 1925 1832 1964 suam
1858 1909 2043 1962 anxie-

465 2018 663 2072 tatem,
717 2016 772 2061 ut
805 2014 1007 2060 tantum
1057 2018 1175 2059 sese
1213 2001 1350 2072 apud
1391 2000 1722 2056 sacerdotem
1774 2007 2043 2069 purgaret.

472 2099 657 2153 ﬂulier
681 2098 734 2151 in
760 2098 889 2150 duro
913 2097 995 2148 die
1018 2110 1108 2165 ego
1134 2109 1246 2147 sum
1276 2106 1294 2146 :
1325 2092 1492 2145 vinum
1515 2089 1816 2160 etquidquid
1835 2089 2045 2143 inebriat

467 2207 568 2244 non
595 2189 713 2255 bibi,
741 2188 830 2242 sed
863 2185 1069 2253 effando
1094 2185 1318 2238 animant
1359 2197 1521 2235 meam
1543 2183 1558 2212 ²
1595 2195 1765 2234 caram
1805 2179 2044 2234 Domino.

463 2281 580 2337 Non
609 2281 710 2342 ait,
737 2279 1002 2350 Deprecor
1028 2275 1310 2331 Dominum
1331 2315 1346 2338 ,
1369 2273 1610 2343 supplico
1638 2271 1862 2326 Domino
1882 2311 1896 2332 ,
1917 2270 2012 2324 sed
2029 2310 2043 2335 ,

468 2374 696 2441 Eﬂundo
725 2374 949 2428 animam
977 2387 1138 2426 meam
1165 2385 1339 2424 coram
1374 2367 1593 2420 Domino
1621 2382 1639 2419 :
1663 2365 1763 2420 hoc
1781 2373 1866 2420 est
1883 2405 1897 2427 ,
1939 2363 2049 2418 Me-

465 2466 635 2536 ipsam
662 2473 824 2518 totam
851 2464 1087 2517 converti
1126 2459 1193 2513 ad
1238 2458 1554 2522 Dominum,
1601 2464 1831 2511 mentem
1873 2469 2047 2509 meam

467 2555 722 2609 evacuavi
769 2551 908 2621 apud
954 2552 1137 2615 illum,
1179 2557 1289 2603 toto
1330 2549 1542 2610 animo,
1593 2553 1806 2614 totaque
1857 2546 2050 2600 virtute

466 2644 831 2716 precationem
888 2655 1062 2694 meam
1119 2639 1334 2706 peregi,
1396 2637 1505 2691 Deo
1569 2636 1776 2689 narravi
1826 2636 2046 2690 calami-

469 2744 632 2788 tatem
669 2747 839 2787 meam
863 2773 878 2795 ,
929 2729 1136 2783 ostendi
1185 2729 1414 2792 vulnus;
1459 2727 1546 2782 ille
1588 2734 1760 2795 potest
1791 2725 1922 2781 dare
1958 2740 2048 2781 re-

469 2825 724 2880 medium.
770 2822 852 2877 Ne
887 2826 973 2876 des
1013 2819 1252 2874 ancillam
1299 2821 1352 2872 in
1392 2818 1606 2890 faciem,
1648 2818 1700 2870 in
1751 2818 1912 2886 ﬁliam
1964 2832 2052 2886 pe-

467 2917 715 2969 stilentem
748 2915 826 2982 (l.
873 2913 994 2982 Reg.
1044 2913 1093 2964 l.
1137 2911 1246 2979 16).
1296 2910 1498 2963 Rursus
1526 2908 1769 2962 ancillam
1821 2909 2049 2978 appellat

468 3007 734 3074 seipsam,
788 3007 1005 3061 multam
1057 3003 1316 3058 adhibens
1351 3017 1566 3066 curam,
1608 3015 1674 3056 ne
1715 3017 1744 3055 a
1774 3001 2050 3056 sacerdote

469 3097 666 3152 malam
695 3096 887 3151 referat
911 3097 1104 3149 famam
1131 3112 1145 3148 :
1177 3109 1274 3152 nec
1299 3093 1436 3162 apud
1459 3107 1519 3148 se
1560 3092 1729 3148 dixit:
1757 3092 1892 3159 Quid
1920 3093 2049 3148 mihi

469 3205 613 3244 cura:
664 3197 746 3243 est
785 3188 936 3242 istius
974 3187 1281 3242 calumnia?
1315 3187 1620 3256 ignoranter
1646 3201 1709 3240 ac
1737 3194 1938 3242 temere
1963 3201 2052 3242 ac-

470 3289 621 3334 cusat
639 3320 654 3344 ,
675 3278 977 3348 suspicatur
1003 3277 1090 3332 ubi
1115 3277 1246 3332 nihil
1275 3286 1391 3332 erat
1413 3291 1577 3347 opus;
1595 3292 1714 3332 mea
1728 3278 2053 3334 conscientia

471 3387 604 3442 pura
626 3380 742 3425 esto
760 3411 775 3435 ,
803 3379 857 3424 et
883 3385 1070 3425 omnes
1099 3385 1186 3426 me
1217 3369 1496 3426 traducant
1523 3385 1537 3423 :
1579 3370 1676 3427 sed
1703 3371 2050 3439 apostolicam

472 3463 618 3516 illam
675 3460 911 3531 implevit
934 3460 1107 3530 legem
1129 3502 1145 3526 ,
1193 3476 1312 3530 qua:
1339 3459 1579 3531 prmeipit
1598 3468 1656 3514 ut
1682 3461 2053 3530 provideamus

470 3553 612 3608 bona
639 3567 744 3607 non
773 3560 974 3604 tantmu
999 3566 1180 3608 eorum
1221 3551 1479 3617 Domino,
1531 3551 1624 3606 sed
1673 3551 1834 3606 etiam
1871 3566 2054 3608 coram

473 3643 776 3699 horninibus
805 3641 987 3711 (Rom.
1017 3641 1104 3697 η.
1137 3643 1248 3712 l7).
1293 3641 1466 3711 Atque
1492 3642 1636 3696 omni
1667 3641 1826 3698 modo
1877 3643 2052 3712 suspi-

469 3734 682 3789 cionem
703 3732 937 3803 depulit,
963 3747 1084 3787 cum
1103 3733 1211 3800 ait,
1246 3731 1330 3786 Ne
1348 3732 1435 3788 des
1463 3735 1702 3788 ancillam
1726 3743 1866 3789 tuam
1892 3735 1946 3789 in
1967 3739 2051 3807 fa-

471 3827 617 3890 ciem,
640 3827 692 3880 in
714 3828 873 3894 ﬁliam
895 3826 1221 3895 pestilentem.
1247 3824 1383 3892 Quid
1404 3834 1582 3881 autem
1613 3835 1715 3891 est,
1744 3827 1810 3880 In
1832 3830 2012 3899 faciem
2028 3829 2058 3883 2·

472 3919 552 3975 Ne
578 3934 663 3974 me
690 3919 962 3974 existimes
989 3917 1268 3972 cllrontem
1306 3928 1358 3971 et
1386 3918 1745 3987 impudentem
1775 3933 1914 3974 esse.
1940 3920 2052 3973 An-

471 4011 620 4080 goris
637 4049 650 4074 .
682 4025 786 4064 non
809 4011 1110 4064 vinolentia:
1129 4019 1212 4064 est
1237 4007 1350 4064 hmc
1376 4009 1624 4064 audacia:
1655 4011 1921 4076 metro-is,
1945 4026 2050 4066 non

473 4100 767 4156 ebrietatis.
819 4100 953 4166 Quid
986 4100 1143 4169 igitur
1170 4097 1462 4153 sacerdos?
1489 4097 1780 4154 Considera
1819 4108 1873 4155 et
1913 4100 2056 4156 illius

479 4190 852 4260 prudentiam:
881 4204 986 4244 non
1027 4189 1298 4259 inquisivit
1327 4187 1536 4243 curiose
1580 4188 1648 4242 de
1673 4201 1870 4257 genere
1907 4192 2052 4247 cala-

475 4282 708 4347 mitatis,
742 4296 846 4334 non
876 4280 1116 4334 exactius
1143 4287 1409 4334 scrutatus
1446 4287 1530 4332 est
1553 4279 1768 4348 angoris
1793 4295 2008 4336 causam
2035 4299 2050 4337 :

474 4372 572 4428 sed
608 4372 733 4441 quid
760 4371 873 4425 ait?
912 4369 1049 4424 Vade
1071 4370 1122 4422 in
1165 4385 1322 4439 pace;
1368 4369 1450 4422 det
1496 4370 1588 4423 tibi
1631 4369 1878 4426 Dominus
1919 4373 2054 4430 Dens

477 4461 646 4519 Israel
669 4477 865 4515 omnem
894 4461 1210 4529 petitionem,
1251 4475 1404 4528 quam
1429 4459 1492 4513 ab
1516 4475 1576 4514 eo
1609 4462 1777 4531 petisti
1819 4465 1896 4533 (Ι.
1922 4464 2054 4537 Reg.

477 4555 534 4607 l.
563 4554 678 4622 l7).
697 4549 885 4606 Mulier
907 4566 977 4606 ex
1003 4559 1312 4606 accusatore
1341 4550 1466 4606 iecit
1493 4562 1792 4621 patronum.
1825 4555 2050 4614 Tantum

477 4643 676 4698 bonum
707 4652 789 4694 est
816 4641 1118 4696 humanitas
1145 4656 1208 4696 ac
1236 4643 1610 4698 mansuetudo.
1652 4644 1755 4698 Pro
1779 4657 2053 4705 contume-

472 4737 541 4792 lia
572 4734 791 4802 copioso
833 4742 1054 4803 accepto
1079 4734 1270 4789 viatico
1294 4734 1570 4802 discessit,
1621 4751 1850 4808 eumque
1897 4751 2050 4796 nacta

475 4835 558 4880 est
587 4833 1006 4895 propugnantem
1043 4833 1098 4880 et
1123 4825 1527 4891 intercessorem
1547 4868 1561 4893 ,
1592 4842 1749 4900 quem
1795 4831 2053 4888 habuerat

474 4915 891 4985 objurgatorem.
933 4915 1011 4970 Ac
1037 4931 1104 4972 ne
1129 4917 1206 4972 sic
1233 4918 1444 4988 quidem
1471 4920 1706 4987 destitit,
1735 4923 1828 4978 sed
1866 4939 2051 4981 rursus

474 5006 550 5061 sit
576 5023 590 5059 :
619 5005 850 5062 Inveniat
877 5008 1066 5062 ancilla
1099 5019 1186 5062 tua
1223 5011 1440 5080 gratiam
1476 5013 1530 5066 in
1559 5014 1721 5068 oculis
1751 5015 1848 5069 tuis
1883 5015 2048 5086 (Ibid.

472 5113 521 5152 ο.
546 5097 634 5169 18)
655 5115 668 5152 :
699 5097 799 5154 hoc
816 5108 898 5154 est
925 5115 940 5153 :
963 5097 1175 5155 Utinam
1192 5115 1223 5155 e
1251 5100 1354 5155 fine
1373 5116 1660 5173 rerumque
1681 5104 1828 5159 exitu
1849 5104 2046 5173 discas,

473 5204 562 5245 me
588 5189 724 5246 banc
750 5190 1106 5260 precationem
1135 5191 1668 5263 obsecrationemque
1695 5195 1911 5260 fecisse,
1943 5212 2047 5251 non

469 5291 534 5332 ex
561 5279 846 5335 vinolentia
865 5321 882 5346 ,
913 5280 1008 5336 sed
1036 5296 1102 5336 ex
1129 5297 1330 5353 angore
1356 5300 1370 5337 :
1402 5281 1471 5336 Et
1499 5299 1614 5337 cum
1638 5285 1788 5349 abiit,
1843 5286 2045 5357 inquit,

471 5383 572 5422 non
613 5370 840 5441 mplius
865 5373 1104 5426 concidit.
1133 5373 1294 5429 Vides
1345 5374 1586 5430 mulieris
1627 5375 1821 5430 fidem?
1863 5377 2048 5432 Prius-

469 5476 626 5530 quam
657 5465 922 5536 acciperet
950 5467 1093 5537 quod
1122 5470 1444 5538 postularat.
1475 5469 1696 5538 perinde
1715 5474 1916 5528 conlisa
1941 5484 2044 5543 est,

463 5642 509 5686 α
531 5573 550 5605 ι
581 5571 714 5624 uilli.
732 5575 849 5638 duo,
858 5578 980 5629 sicut
1006 5585 1058 5629 ct
1080 5585 1219 5639 neg.,
1242 5579 1562 5642 precatiovmn
1577 5593 1764 5646 meam;
1788 5585 1948 5642 minus
1966 5604 2046 5642 re-

513 5652 560 5686 Θ.

1201 255 1257 312 S.
1299 250 1576 310 JOANNIS
1609 240 2081 305 CHRYSOSTOMI
2122 239 2436 296 ARCHIEP.
2476 239 3005 298 CONSTANTINOP.

3621 246 3746 306 65!

2150 361 2300 428 quasi
2346 361 2458 432 jam
2507 361 2819 433 accepisset.
2871 362 2928 418 lu
2957 375 3116 418 causa
3165 374 3315 425 erat,
3356 367 3498 436 quod
3549 379 3745 426 oraret

2148 449 2317 506 multo
2340 465 2460 506 cum
2487 451 2696 507 fervore
2712 491 2731 518 ,
2761 451 3032 522 multoque
3052 453 3230 509 studio
3263 455 3394 510 citra
3417 456 3586 513 ullam
3613 461 3741 512 Ιιηο-

2147 540 2468 596 sitatiouem.
2512 541 2660 597 Hanc
2683 543 2754 597 ob
2779 557 2893 597 rem
2919 542 3048 597 abiit
3071 544 3223 613 quasi
3247 552 3414 601 totum
3440 547 3744 620 impetras-

2146 639 2244 685 set.
2295 630 2432 697 Quin
2471 631 2688 702 insuper
2733 631 2871 688 Deus
2917 632 3026 701 jam
3071 642 3235 690 totam
3281 637 3607 693 anxietatem
3657 641 3746 696 illi

2147 722 2382 777 excussit
2407 738 2474 778 ex
2498 724 2676 777 animo
2694 758 2710 790 ,
2733 723 3017 794 largiturus
3039 724 3237 780 donum
3265 729 3407 796 quod
3430 730 3668 799 petebat.

2219 812 2433 870 Mortalis
2464 815 2711 886 epilogus.
2739 845 2811 855 —
2860 815 3006 870 llanc
3053 815 3304 872 feminam
3352 819 3627 876 imitemur
3675 831 3743 877 et

2147 919 2280 973 nos,
2311 917 2368 962 et
2413 907 2466 962 in
2510 911 2758 966 omnibus
2794 912 3168 968 afﬂictionibus
3212 914 3281 970 ad
3320 915 3487 971 Deum
3534 919 3744 972 confu-

2144 996 2371 1068 giamus.
2401 999 2470 1054 Et
2494 1001 2539 1054 si
2566 1001 2721 1057 nobis
2745 1018 2850 1058 non
2888 1004 3081 1060 fuerint
3106 1006 3296 1076 liberi,
3328 1005 3397 1065 ab
3421 1010 3511 1067 illo
3537 1020 3741 1082 pustu—

2087 1154 2103 1163 ι
2147 1088 2504 1162 lemus;quos
2529 1093 2574 1147 si
2617 1095 2999 1165 acceperimus,
3041 1100 3204 1154 multa
3230 1115 3361 1155 cura
3387 1101 3686 1156 educamus
3724 1121 3742 1156 :

2146 1178 2512 1237 adolescentes
2562 1195 2684 1237 cum
2737 1185 2808 1240 ab
2855 1187 2999 1241 omni
3048 1188 3174 1242 vitio
3227 1203 3569 1254 scvocemus,
3617 1203 3742 1246 tum

2148 1272 2412 1339 praecipue
2432 1287 2461 1323 a
2493 1273 2731 1338 lascivia,
2751 1275 2892 1344 quod
2921 1276 3023 1331 hoc
3046 1277 3261 1335 difﬁcile
3283 1280 3356 1334 sit
3381 1280 3600 1346 bellum,
3631 1296 3742 1340 nec

2146 1360 2246 1414 alia
2290 1373 2379 1416 res
2412 1363 2688 1417 molestior
2715 1367 2784 1419 sit
2833 1366 2906 1421 illi
2953 1368 3122 1432 arta‘i,
3171 1384 3328 1438 quam
3361 1371 3447 1426 hic
3485 1372 3738 1427 morbus.

2154 1451 2396 1522 Undique
2422 1453 2582 1526 igitur
2607 1456 3071 1514 einumvallemus
3096 1459 3212 1515 illos
3236 1461 3476 1516 consiliis
3492 1504 3506 1524 .
3535 1463 3740 1518 adhor-

2148 1543 2436 1600 tationibus
2454 1587 2468 1610 ,
2506 1547 2818 1612 terroribus,
2847 1548 3023 1603 minis.
3053 1548 3110 1605 Si
3139 1549 3273 1605 hanc
3301 1551 3597 1608 deviceriut
3635 1570 3742 1609 cu-

2147 1635 2379 1703 pidinem
2406 1678 2421 1702 ,
2459 1651 2559 1692 nec
2596 1637 2664 1690 ab
2701 1639 2820 1692 aliis
2845 1638 3000 1695 facile
3045 1643 3505 1714 cxpugn-tbuntur,
3549 1647 3646 1702 sed
3676 1657 3740 1704 et

2149 1726 2390 1794 pecuniis
2413 1737 2570 1781 erunt
2605 1730 2927 1796 superiores,
2979 1740 3033 1786 et
3073 1733 3434 1790 temulentiam
3482 1738 3736 1794 vinolen-

2151 1819 2384 1887 tiamque
2437 1820 2796 1889 superabunt.
2844 1828 2900 1877 et
2946 1824 3216 1892 improbos
3261 1828 3537 1882 convictus
3580 1833 3736 1884 omni

2150 1907 2325 1963 studio
2353 1908 2672 1974 discutient,
2706 1918 2759 1964 et
2783 1911 3122 1968 amabiliores
3141 1924 3296 1970 erunt
3319 1919 3650 1991 parentibus,
3678 1929 3741 1976 et

2149 1998 2398 2053 omnibus
2427 1999 2732 2055 hominibus
2760 2001 2928 2070 magis
2956 2004 3260 2061 reverendi.
3297 2007 3425 2072 Quis
3450 2009 3591 2062 enim
3620 2026 3739 2064 non

2150 2097 2455 2144 revereatur
2487 2089 2735 2158 juvenem
2765 2102 2914 2148 caste
2950 2095 3233 2165 sobrii-que
3259 2097 3519 2153 viventem
3539 2099 3567 2152 ἓ
3607 2103 3746 2170 quis

2151 2194 2255 2233 nun
2280 2179 2648 2249 amplectatur,
2679 2184 3120 2254 cxosculeturque
3142 2202 3263 2240 eum
3289 2190 3378 2258 qui
3422 2191 3736 2260 cupiditati-

2151 2270 2250 2325 bus
2273 2269 2479 2324 frenum
2509 2271 2795 2338 imposuit?
2825 2274 2942 2343 quis
2966 2291 3072 2330 non
3104 2279 3184 2332 vel
3209 2293 3240 2332 e
3269 2295 3490 2335 numero
3531 2284 3736 2351 praedi-

2150 2362 2314 2416 vitum
2356 2363 2518 2417 multa
2543 2378 2663 2417 cum
2691 2367 2857 2434 gratia
2883 2367 3024 2421 volet
3046 2367 3120 2423 illi
3148 2368 3324 2426 locare
3353 2371 3522 2427 tiliam
3539 2389 3696 2429 suam
3715 2416 3733 2441 ,

2152 2452 2358 2506 etiamsi
2389 2453 2547 2508 fuerit
2569 2455 2808 2509 omnium
2840 2459 3248 2527 pauperrimus?
3274 2463 3420 2518 Sicut
3443 2480 3474 2518 e
3515 2465 3739 2522 diverso

2155 2541 2427 2598 luxuriose
2468 2544 2766 2609 viventem,
2795 2550 3003 2602 etiamsi
3046 2549 3204 2606 fuerit
3231 2555 3466 2610 omnium
3509 2560 3735 2628 opulen-

2153 2631 2418 2697 tissimus,
2466 2648 2623 2689 nemo
2664 2645 2769 2690 tam
2818 2637 2980 2693 miser
3006 2649 3118 2704 est,
3151 2657 3308 2697 nemo
3357 2657 3462 2702 tam
3508 2648 3735 2719 ahjeckn

2151 2720 2411 2788 fortuna}.
2440 2734 2498 2779 ut
2537 2725 2638 2781 sibi
2687 2742 2947 2798 generum.
2987 2731 3116 2786 velit
3150 2733 3491 2792 adsciscere:
3543 2748 3741 2796 contra

2153 2811 2329 2868 nullus
2371 2813 2506 2869 adeo
2556 2817 2749 2872 stultus
2789 2828 2872 2873 est
2893 2859 2908 2883 ,
2942 2828 2999 2874 ut
3021 2822 3256 2878 sobrium
3281 2840 3344 2880 ac
3373 2828 3620 2896 pudicum
3647 2845 3740 2884 re-

2148 2901 2317 2972 jiciat,
2347 2919 2409 2958 ac
2425 2904 2686 2962 dedecore
2712 2908 2930 2964 afficiet.
2959 2910 3025 2966 Ut
3043 2912 3202 2983 igitur
3231 2916 3323 2972 lilii
3350 2927 3410 2972 et
3426 2918 3741 2976 hominibus

2153 2998 2431 3052 reverendi
2459 2997 2607 3066 flant,
2629 3010 2682 3056 et
2720 3001 2830 3057 Deo
2854 3005 3130 3073 amabiles,
3161 3023 3481 3066 emrnemus
3520 3012 3737 3068 illorum

2153 3090 2380 3156 animos,
2400 3107 2626 3162 cumque
2655 3094 2905 3162 pudicitia
2929 3096 2996 3150 ad
3022 3099 3326 3169 conjugium
3357 3102 3734 3170 perducamus.

2153 3181 2243 3238 Sic
2261 3184 2402 3238 enim
2433 3184 2536 3240 illis
2563 3186 2705 3240 velut
2722 3202 2753 3241 e
2780 3189 3454 3261 fonteprovenientomnia,
3483 3206 3536 3250 et
3563 3196 3744 3257 Dem.

2156 3273 2384 3329 habituri
2402 3283 2525 3330 sunt
2553 3277 2860 3347 propitium,
2887 3293 2952 3335 ac
2980 3282 3257 3350 partientis
3285 3281 3582 3356 futuraeque
3609 3287 3760 3344 vitas.

2153 3363 2320 3434 gloria
2369 3365 2711 3436 perfruentur
2739 3385 2752 3423 :
2785 3385 2942 3439 quam
2991 3369 3202 3444 assequi
3255 3377 3527 3447 contingat
3577 3379 3737 3437 nobis

2153 3457 2421 3525 omnibus,
2437 3459 2604 3527 gratia
2623 3466 2679 3514 et
2703 3459 2935 3518 bonitate
2953 3461 3168 3520 Domini
3192 3466 3357 3521 nostri
3370 3467 3728 3537 lesuChristi,

2156 3561 2275 3603 cum
2299 3563 2408 3620 quo
2445 3549 2587 3605 Patri
2615 3550 2804 3621 gloria,
2859 3553 3050 3622 honor,
3097 3555 3399 3627 imperium,
3425 3561 3580 3616 simul
3610 3576 3736 3618 cum

2156 3648 2339 3694 saneto
2364 3640 2561 3711 Spiritu
2586 3683 2604 3710 ,
2633 3658 2773 3699 nunc
2799 3653 2855 3700 et
2897 3660 3132 3718 semper,
3163 3659 3218 3704 et
3247 3649 3301 3705 in
3349 3653 3539 3708 mula
3565 3668 3736 3711 sacu-

2158 3727 2353 3786 lorum.
2379 3732 2569 3787 Amen.

2765 3803 2994 3862 SERMO
3042 3805 3128 3863 ΙΙΙ.

2156 3887 2237 3945 De
2265 3890 2451 3959 Arma,
2475 3893 2636 3963 deque
2677 3894 2932 3952 Samuelis
2971 3899 3297 3966 educatione,
3338 3911 3386 3955 et
3419 3902 3554 3973 quod
3594 3904 3744 3959 utilis

2227 3982 2290 4035 sit
2328 3982 2382 4036 in
2410 3984 2651 4052 pariendo
2679 3987 2924 4055 tarditas,
2945 3997 2994 4042 et
3018 3993 3149 4057 quod
3189 3992 3528 4062 periculosum
3566 3993 3636 4048 sit
3664 3993 3737 4048 li-

2230 4073 2370 4127 beros
2397 4073 2708 4146 negligenter
2734 4077 2938 4134 habere.

2231 4184 2282 4238 1.
2313 4183 2491 4238 Oratio
2525 4185 2688 4242 Anna:
2728 4203 2878 4256 quam
2907 4199 3054 4260 grata
3103 4187 3235 4248 Deo.
3265 4191 3527 4264 Lacrymae
3568 4195 3746 4268 rigans

2159 4274 2384 4344 plantam
2428 4278 2689 4332 orationis.
2738 4277 2840 4334 Res
2888 4281 3176 4350 spiritales
3218 4284 3371 4338 variis
3401 4285 3741 4341 indesinenter

2159 4366 2334 4434 {armis
2368 4367 2609 4420 adornari
2645 4380 2882 4439 possunt.
2922 4372 3070 4425 Anna
3112 4372 3380 4428 liberorum
3423 4375 3740 4430 educationis

2159 4456 2513 4526 magistra.—-
2551 4457 2661 4513 Nisi
2687 4461 2872 4515 videor
2911 4461 3176 4532 aliquibus
3227 4464 3436 4518 fastidio
3487 4474 3542 4520 et
3584 4467 3736 4521 oneri

2157 4563 2300 4614 esse,
2331 4549 2453 4603 volo
2481 4549 2617 4604 idem
2665 4564 3035 4622 argumentum
3083 4570 3294 4612 rursum
3327 4558 3622 4629 attingere,
3666 4558 3736 4615 de

2157 4654 2262 4709 quo
2292 4639 2438 4694 vobis
2463 4655 2631 4710 nuper
2669 4641 2937 4698 disserui:
2961 4659 3161 4716 vosque
3201 4646 3270 4700 ad
3325 4647 3532 4702 Annam
3567 4647 3731 4702 intro-

2157 4733 2351 4786 ducere
2398 4741 2558 4802 atque
2606 4735 2658 4788 in
2704 4745 2910 4804 pratum
2965 4737 3217 4792 virtutum
3283 4737 3425 4794 illius
3486 4738 3741 4796 inducere

2084 4879 2099 4902 ἑ
2157 4838 2503 4878 sermonem:
2572 4837 2811 4893 pratum,
2871 4827 3121 4897 inquam,
3176 4843 3283 4884 non
3333 4829 3478 4900 quod
3533 4832 3740 4887 rosaria

2157 4916 2388 4983 profert,
2427 4925 2519 4970 aut
2544 4915 2703 4972 liores
2748 4919 2836 4988 qui
2879 4928 3245 4987 marcescunt,
3292 4921 3386 4977 sed
3427 4921 3569 4992 quod
3616 4935 3747 4992 pre-

2155 5004 2420 5058 cationem
2481 5019 2545 5061 ac
2599 5006 2788 5071 fidem,
2843 5022 3194 5079 magnamque
3241 5009 3592 5066 tolerantiam.

2155 5095 2370 5165 quidem
2402 5095 2516 5151 hare
2541 5099 2720 5152 vernis
2745 5097 2965 5154 tioribus
2993 5100 3147 5170 longe
3177 5109 3428 5170 praestant
3452 5102 3618 5157 odore
3636 5142 3652 5166 ,
3681 5110 3741 5156 ut

2155 5203 2274 5257 qua:
2312 5183 2417 5243 non
2443 5203 2697 5258 aquarum
2727 5189 2992 5255 fontibus,
3023 5189 3117 5246 sed
3165 5191 3519 5263 lacrymarum
3563 5193 3737 5248 imbre

2157 5277 2413 5348 rigantur.
2445 5279 2629 5351 Neque
2658 5280 2800 5335 enim
2832 5280 3051 5350 perinde
3069 5282 3304 5337 amnium
3325 5283 3497 5338 fontes
3517 5282 3742 5338 ﬂoridos

2156 5369 2382 5425 reddunt
2409 5371 2590 5426 hortos
2613 5412 2629 5438 ,
2661 5379 2719 5424 ut
2741 5370 2971 5440 plantam
3002 5372 3320 5441 precationis
3360 5370 3533 5429 fontes
3557 5373 3734 5444 lacry~
3793 5419 3802 5427 .

2156 5473 2361 5515 marum
2385 5461 2663 5531 irrigantes
2691 5461 2744 5514 in
2769 5475 3030 5516 summam
3056 5460 3388 5518 altitudinem
3416 5463 3693 5519 deducunt
3719 5480 3736 5520 :

2155 5552 2295 5622 quod
2323 5551 2447 5607 huic
2475 5552 2694 5622 contigit
2720 5552 2947 5608 mulieri.
2977 5549 3143 5608 Simul
3170 5553 3312 5608 enim
3326 5555 3625 5625 utloquuta
3639 5561 3746 5617 est,

2159 5645 2526 5702 subvolavitin
2551 5643 2738 5701 calum
2767 5644 2885 5716 ejus
2901 5643 3209 5717 deprecatio
3227 5685 3242 5716 ,
3274 5660 3340 5704 ac
3373 5645 3603 5703 nudum
3635 5643 3738 5716 ipsi
