4134 6214
334 260 450 317 65!

335 387 616 446 τετωμεν,
642 373 735 429 καὶ
755 372 927 439 οὕτως
946 371 1255 447 εὐξώμεθα,
1272 372 1456 446 καὶμὴ
1481 368 1821 443 διαλύσωμεν
1837 367 1933 440 τὴν

337 469 679 539 συνήθειαν.
719 471 814 524 Ἂν
851 470 960 542 γὰρ
985 473 1049 542 τῇ
1083 470 1325 541 προτέρᾳ
1364 469 1547 541 ἡμέρᾳ
1574 467 1747 532 οὕτως
1780 465 1932 537 εὔξῃ,

337 554 416 623 τῇ
454 552 696 625 δευτέρα
735 553 998 625 διορθὼσῃ
1033 554 1130 625 τὴν
1158 555 1216 606 έν
1249 555 1318 625 τῇ
1357 551 1599 624 προτέρᾳ
1637 547 1935 620 γενομένην
2007 596 2013 603 .

339 648 754 720 ἀσχημοσύνην
782 648 981 720 ἡμέρᾳ.
1011 649 1178 706 Ὅταν
1218 647 1395 702 τοίνυν
1438 643 1931 718 ἀριποποιὼμεθα,

345 745 800 816 μνημονεύωμεν
822 743 1025 815 ταύτης
1045 742 1143 812 τῆς
1167 743 1443 812 γυναικὸς,
1481 743 1576 795 καὶ
1601 740 1708 795 τῶν
1732 739 1936 808 ταύτης

339 836 638 909 δακρύων,
675 839 892 909 καὶτῆς
918 839 1087 909 μέθης
1109 842 1210 912 τῆς
1243 839 1415 910 καλῆς
1440 836 1663 907 ταύτης.
1706 834 1933 905 Ἐμέθυε

342 929 469 1001 γὰρ
498 933 596 986 καὶ
626 933 658 1003 ἡ
686 933 844 1004 γυνὴ,
880 932 980 987 οὐκ
1022 932 1131 988 ἀπὸ
1162 933 1330 997 οῐνου,
1380 931 1495 986 ἀλλ’
1529 933 1622 986 ἀπ’
1652 929 1935 992 εὐλαϐείας

344 1027 591 1098 πολλῆς.
619 1029 682 1082 Εἰ
707 1027 815 1099 γάρ
842 1030 961 1100 μετ’
984 1027 1204 1099 ἀριστον
1225 1027 1447 1099 τοιαύτη
1465 1023 1554 1098 ἦν,
1581 1025 1710 1080 ποία
1735 1021 1804 1096 ἦν
1829 1023 1936 1076 ὑπὸ

346 1121 459 1192 τὴν
491 1122 601 1190 ἕως
633 1124 682 1176 ιι
711 1122 847 1194 μετά
885 1122 947 1176 τὸ
977 1125 1170 1192 φαγεῖν
1201 1123 1296 1177 καὶ
1329 1125 1472 1176 πιεῖν
1501 1120 1674 1184 οὕτως
1703 1117 1935 1180 ἐκτενῶς

345 1215 730 1287 προσηύχετο,
759 1217 917 1270 όποὶα
945 1217 1158 1288 ὑπῆρχε
1194 1219 1383 1288 νῆστις
1406 1212 1540 1271 οὖσα
1565 1233 1581 1284 ;

409 1319 497 1372 ς’.
520 1312 927 1383 Ἐπανέλθωμεν
944 1313 1121 1366 τοίνυν
1141 1313 1302 1368 πάλιν
1317 1315 1407 1368 ἐπὶ
1422 1315 1490 1367 τά
1509 1315 1726 1385 ῥήματα
1741 1308 1932 1377 αὐτῆς,

344 1395 426 1446 τά
464 1394 785 1463 φιλοσοφίας
823 1395 1061 1465 γέμοντα
1101 1396 1300 1466 πολλῆς
1344 1397 1438 1449 καὶ
1473 1394 1790 1466 πραότητος.
1836 1391 1931 1444 Εἱ-

347 1475 545 1529 ποῦσα
559 1476 686 1547 γὰρ,
707 1477 877 1545 Οὐχί,
909 1478 1095 1544 κύριε,
1114 1479 1360 1548 ἐπήγαγε
1379 1495 1392 1508 ·
1414 1477 1586 1544 Γυνὴ
1613 1477 1682 1529 ἐν
1697 1471 1937 1542 σκληρᾷ

345 1558 557 1626 ἡμέρᾳ
571 1559 685 1628 ἐγώ
706 1562 844 1627 ειμι,
862 1559 960 1613 καὶ
980 1555 1148 1612 οἶνον
1165 1561 1262 1613 καὶ
1275 1558 1556 1628 μέθυσμα
1575 1561 1648 1614 οὐ
1671 1558 1933 1614 πέπωκα.

346 1635 766 1711 Παρατήρησον
799 1641 915 1701 πῶς
947 1641 1067 1697 οὐδὲ
1093 1643 1326 1696 ἐνταῦθα
1364 1643 1510 1712 λέγει
1541 1643 1608 1697 τά
1635 1642 1812 1711 ὀνείδη
1838 1645 1936 1706 τῆς

348 1721 676 1793 ἀντιζηλου,
717 1723 837 1776 οὐδὲ
875 1723 1217 1794 ὲκπομπεὺει
1259 1726 1357 1797 τὴν
1399 1725 1660 1797 πονηρίαν
1697 1723 1933 1794 ἐκείνης,

353 1802 528 1876 [720]
558 1802 678 1858 οὐδὲ
728 1804 1060 1875 ἰκτραγῳδεῖ
1105 1806 1202 1878 τὴν
1257 1808 1541 1878 συμφορὰν
1575 1808 1674 1878 τὴν
1707 1807 1930 1869 οἰκείαν,

351 1885 504 1940 ἀλλά
549 1883 800 1940 τοσοῦτον
855 1887 1228 1942 ἀποκαλύπτει
1270 1891 1371 1961 τὴν
1414 1891 1610 1960 ἑαυτῆς
1666 1889 1931 1960 ἀθυμίαν,

351 1969 490 2022 ὅσον
521 1968 958 2038 ἀπολογήσασθαι
986 1970 1122 2039 πρὸς
1146 1971 1237 2023 τὸν
1275 1971 1426 2042 ἱερέα
1455 1972 1632 2040 μόνον.
1669 1970 1838 2038 Γυνὴ
1868 1970 1936 2022 ἐν

351 2049 610 2118 σκληρᾷ
636 2049 842 2118 ἡμέρᾳ.
881 2052 1062 2122 φησὶν,
1093 2051 1207 2122 ἐγὼ
1225 2055 1342 2121 εἰμι
1360 2070 1375 2084 ·
1407 2053 1502 2107 καί
1529 2047 1696 2107 οἶνον
1716 2053 1814 2106 καὶ
1833 2052 1937 2120 μέ-

353 2135 572 2200 θυσμα
608 2134 681 2186 οὐ
711 2130 975 2195 πέπωκα,
1013 2134 1112 2187 καὶ
1144 2134 1331 2204 ἐκχέω
1362 2135 1477 2202 τὴν
1501 2134 1716 2204 ψυχήν
1748 2152 1866 2204 μου
1906 2146 1934 2174 ι

353 2211 626 2266 ἐνώπιον
653 2214 892 2282 Κυρίου.
921 2214 1038 2268 Οὐκ
1071 2211 1245 2279 εἶπεν,
1274 2216 1519 2287 Εὕχομαι
1551 2217 1630 2287 τῷ
1654 2215 1792 2287 Θεῷ,
1821 2219 1936 2269 ἱκε-

353 2293 510 2348 τεύω
529 2295 622 2349 τὸν
645 2295 797 2358 Θεὸν,
821 2295 936 2350 ἀλλ’
962 2297 1182 2367 Ἐκχέω
1201 2298 1316 2366 τὴν
1331 2299 1542 2368 ψυχήν
1550 2316 1669 2368 μου
1682 2298 1939 2352 ἐνώπιον

355 2381 610 2448 Κυρίου·
637 2380 932 2446 τουτέστιν,
949 2382 1078 2452 ὃλην
1105 2382 1346 2454 ἐμαυτὴν
1371 2383 1674 2454 μετέστησα
1691 2382 1826 2454 πρὸς
1846 2381 1938 2435 τὸν

357 2462 525 2528 Θεὸν,
571 2463 670 2534 τὴν
701 2463 938 2518 διάνοιάν
972 2481 1073 2534 μου
1119 2464 1422 2528 έξεκένωσα
1459 2465 1596 2535 πρὸς
1629 2464 1812 2529 αὐτὸν,
1839 2463 1938 2534 ὅλῃ

356 2544 514 2617 ψυχῇ
549 2547 642 2600 καὶ
683 2547 909 2617 δυνάμει
933 2547 1032 2618 τὴν
1059 2549 1224 2616 εὐχήν
1259 2565 1362 2618 μου
1391 2547 1756 2618 ἐποιησάμην,
1782 2541 1936 2600 εἷπον

357 2627 444 2698 τῷ
474 2627 596 2698 Θεῷ
638 2628 736 2697 τὴν
777 2628 1062 2698 συμφοράν
1097 2629 1194 2699 τὴν
1241 2630 1403 2701 ἐμὴν,
1442 2629 1618 2693 ἔδειξα
1645 2629 1705 2682 τὸ
1750 2628 1934 2691 ἕλκος·

359 2711 579 2772 ἀκεῖνος
611 2709 673 2763 τό
719 2711 1006 2782 φάρμακον
1044 2711 1217 2766 θεῖναι
1256 2713 1494 2768 δύναται.
1531 2713 1626 2780 Μὴ
1657 2711 1773 2780 δῷς
1822 2712 1938 2780 τὴν

360 2791 606 2860 δούλην
625 2807 742 2846 σου
767 2797 854 2859 εἰς
887 2795 1231 2862 πρόσωπον,
1264 2798 1349 2860 εἰς
1379 2795 1667 2865 θυγατέρα
1695 2795 1934 2864 λοιμήν.

361 2874 544 2928 Πάλιν
593 2872 786 2945 δούλην
831 2875 1026 2945 ἑαυτὴν
1077 2876 1258 2941 καλεῖ,
1309 2877 1403 2929 κα)⁸
1447 2878 1646 2946 πολλὴν
1706 2880 1938 2929 ποιεῖται

365 2955 633 3026 σπουδὴν,
667 2954 807 3008 ὥστε
842 2955 917 3027 μὴ
948 2956 1192 3027 πονηράν
1213 2957 1368 3022 δόξαν
1404 2959 1554 3028 παρά
1579 2958 1655 3028 τῷ
1686 2959 1820 3029 ἱερεῖ
1843 2957 1938 3011 λα-

363 3040 510 3094 ϐεῖν.
539 3039 647 3092 Καὶ
671 3038 772 3092 ούκ
793 3036 912 3093 εἷπε
941 3039 1078 3110 πρὸς
1095 3041 1324 3112 ἑαυτήν·
1357 3041 1422 3094 Τί
1450 3041 1507 3094 δέ
1538 3058 1628 3112 μοι
1665 3041 1814 3112 μέλει
1839 3043 1939 3112 τῆς

368 3123 567 3177 τούτου
597 3120 881 3191 διαϐολῆς;
912 3122 1100 3185 ἀπλῶς
1128 3125 1223 3176 καὶ
1251 3126 1372 3194 εἰκῆ
1410 3125 1810 3194 κατηγόρησεν,
1841 3125 1940 3177 ὑπ-

364 3205 657 3259 ώπτευσεν
700 3205 780 3267 εἰς
824 3203 976 3258 οὐδὲν
1010 3204 1126 3259 δέον
1147 3221 1161 3238 ·
1192 3205 1254 3258 τὸ
1287 3207 1526 3270 συνειδός
1570 3223 1670 3277 μου
1700 3207 1940 3278 καθαρὸν

369 3289 538 3354 ιστω,
560 3288 652 3341 καὶ
669 3286 872 3351 πάντες
889 3304 956 3358 με
973 3286 1424 3343 διαϐαλλέτωσαν·
1448 3289 1584 3344 ἀλλά
1604 3291 1695 3343 τὸν
1715 3291 1940 3346 ἀποστο·

368 3371 526 3426 λικδν
555 3373 760 3426 ἐκεῖνον
781 3372 1020 3444 ἐπλήρου
1051 3371 1236 3443 νόμον,
1260 3372 1350 3425 τὸν
1379 3371 1670 3426 κελεύοντα
1693 3375 1940 3443 προνοείο

375 3457 504 3510 σθαι
518 3455 658 3509 καλά
682 3453 759 3527 μὴ
787 3456 946 3526 μόνον
963 3455 1192 3509 ἐνώπιον
1211 3455 1437 3526 Κυρίου,
1451 3455 1588 3509 ἀλλά
1603 3457 1696 3509 καὶ
1711 3456 1940 3510 ἐνώπιον

371 3537 474 3594 ἀνθ
481 3537 702 3610 ρώπων.
722 3538 832 3590 Καὶ
852 3537 1015 3591 παντὶ
1039 3539 1224 3608 τρόπῳ
1243 3539 1340 3608 τὴν
1359 3538 1591 3606 ὑποψίαν
1608 3539 1942 3609 ἀπεκρούετο

374 3621 632 3687 λέγουσα·
667 3618 763 3685 Μὴ
790 3617 908 3684 δῷς
941 3619 1055 3684 τὴν
1079 3618 1311 3685 δούλην
1336 3633 1450 3671 σου
1484 3622 1570 3684 εἰς
1596 3621 1939 3686 πρόσωπον,

375 3703 465 3764 εἰς
494 3699 788 3768 θυγατέρα
817 3698 1054 3766 loquir.
1083 3699 1147 3750 Τί
1175 3699 1232 3750 δέ
1265 3702 1430 3760 ἐστιν,
1455 3701 1556 3764 Εἰς
1581 3701 1904 3766 πρόσωπον
1921 3715 1942 3764 ;

378 3780 475 3852 Μὴ
493 3779 742 3850 νομίσῃς,
769 3779 1119 3849 ἀναίσχυντον
1146 3776 1282 3833 εἷναί
1309 3798 1374 3850 με
1397 3781 1492 3833 καὶ
1517 3782 1737 3851 ἰταμὴν.
1785 3783 1943 3835 Ἄθυ-

385 3863 535 3934 μίας,
555 3863 616 3914 οὐ
649 3861 954 3933 παροινίας,
982 3863 1128 3914 ἐστὶν
1156 3860 1293 3931 αὕτη
1325 3864 1358 3933 ὴ
1385 3863 1666 3932 παρρησία
1687 3881 1701 3893 ·
1730 3863 1940 3934 ὀδύνης.

384 3946 504 4016 οὐχὶ
535 3945 727 4018 μέθης.
755 3945 821 3998 Τί
844 3941 938 3999 οὖν
958 3945 987 3997 ό
1015 3943 1223 4016 ἰερεύς;
1250 3945 1391 4016 ’Ὀρα
1421 3945 1674 3998 κάκείνου
1698 3946 1797 4016 τὴν
1821 3947 1939 4000 σύν.

383 4047 500 4085 εσιν
517 4046 530 4060 ·
556 4032 618 4084 οὐ
648 4029 1074 4101 περιειργάσατο
1095 4027 1195 4099 τὴν
1220 4028 1526 4100 συμφορὰν,
1549 4028 1649 4081 οὐκ
1668 4028 1944 4100 ἠϐουλήθη

383 4107 904 4179 πολυπραγμονῆσαι
953 4109 1052 4180 τὴν
1091 4106 1294 4170 αἰτίαν,
1343 4106 1478 4160 ἀλλά
1524 4107 1578 4160 τί
1614 4123 1782 4177 φησι;
1831 4110 1946 4161 Πο-

380 4192 562 4258 ρεύου
601 4191 670 4244 ἐν
717 4189 957 4259 εἰρήνῃ·
997 4189 1118 4258 δῴη
1160 4204 1258 4243 σοι
1301 4190 1521 4256 Κύριος
1565 4192 1598 4243 ό
1646 4189 1791 4256 Θεὸς
1840 4190 1947 4244 τοῦ

399 4270 648 4342 Ἰσραὴλ
687 4273 810 4329 πᾶν
848 4274 1087 4343 alnum,
1121 4273 1153 4327 ὃ
1191 4273 1396 4340 ᾐτήσω
1430 4275 1566 4341 παρ’
1601 4273 1808 4327 αὑτοῦ.
1846 4274 1950 4326 Τὸν

389 4360 689 4429 κατήγορον
732 4361 1026 4428 συνήγορον
1065 4358 1357 4428 είργάσατο
1410 4357 1444 4426 ἡ
1489 4358 1652 4427 γυνή.
1685 4355 1948 4410 Τοσοῦτόν

387 4441 535 4495 ἔστιν
562 4439 826 4493 ἐπιείκεια
859 4442 952 4492 καὶ
976 4441 1220 4510 πραότης
1249 4439 1430 4493 καλόν.
1455 4441 1564 4492 Καὶ
1595 4439 1716 4492 ἀντὶ
1740 4438 1948 4509 ὕϐρεως

390 4523 580 4592 ἐφόδια
617 4521 775 4575 ἰκανά
815 4520 1050 4573 λαϐοῦσα
1077 4521 1310 4592 ἀπῆλθε,
1341 4523 1433 4574 καὶ
1472 4521 1782 4591 προστάτην
1824 4521 1948 4590 ἔσχε

390 4607 484 4658 καὶ
523 4602 862 4676 πρεσϐευτὴν
891 4604 980 4655 τὸν
1013 4604 1434 4674 ἐπιτιμήσαντα.
1475 4605 1582 4655 Καὶ
1614 4604 1732 4656 οὐδὲ
1777 4601 1948 4665 οὕτως

390 4688 705 4756 ἀφίσταται.
741 4687 875 4740 ἀλλὰ
911 4685 1072 4738 πάλιν
1107 4687 1304 4754 φησίν·
1330 4686 1507 4754 Εὕρυι
1539 4686 1577 4752 ἠ
1613 4686 1800 4753 δούλη
1833 4701 1949 4739 σου

390 4770 566 4840 χάριν
595 4773 665 4825 έν
691 4768 1018 4840 ὀφθαλμοῖς
1055 4784 1202 4821 σου·
1229 4767 1496 4832 τουτέστι,
1515 4768 1716 4831 Μάθοις
1745 4769 1831 4821 διὰ
1855 4766 1947 4820 τοῦ

389 4856 575 4918 τέλους
621 4853 808 4918 αὐτοῦ,
843 4853 936 4906 καὶ
975 4851 1075 4922 τῆς
1120 4850 1228 4904 τῶν
1271 4849 1610 4921 πραγμάτων
1650 4850 1947 4915 ἐκϐάσεως,

392 4937 467 5001 ὡς
509 4938 610 4991 οὐκ
663 4937 771 4992 ἀπὸ
827 4934 1132 5008 παροινίας.
1171 4932 1285 4986 ἀλλ’
1337 4931 1396 4996 ἐξ
1434 4931 1626 5003 ὀδύνης
1684 4933 1952 5004 τοσαύτης

393 5019 734 5090 ἐποιησάμην
787 5017 1066 5090 ἱκετηρίαν
1108 5016 1204 5070 καὶ
1247 5016 1348 5086 τὴν
1373 5015 1576 5084 δέησιν.
1619 5015 1725 5070 Καὶ
1754 5015 1940 5069 ἀπελ-

390 5103 582 5158 θοῦσα
603 5139 619 5164 ,
670 5103 854 5170 φησιν,
907 5101 1106 5155 οὐκέτι
1159 5098 1519 5154 συνέπεσεν.
1568 5092 1721 5161 Εῐδες
1769 5098 1952 5151 πίστιν

390 5183 678 5252 γυναικός;
705 5184 836 5255 [Ιρὶν
863 5182 1004 5254 λάϐῃ
1025 5184 1160 5253 ὅπερ
1177 5183 1398 5253 ᾔτησεν,
1430 5179 1729 5251 ἐθάρσησεν
1756 5182 1832 5242 ὡς
1853 5180 1950 5234 λα-

393 5266 583 5320 ϐοῦσα.
627 5266 698 5318 Τὸ
729 5266 786 5319 δὲ
828 5265 1020 5330 αἴτιον,
1059 5266 1143 5318 ὅτι
1180 5265 1319 5334 μετά
1374 5263 1576 5333 πολλῆς
1605 5261 1806 5333 ηὔξατο
1851 5263 1951 5332 τῆς

393 5347 772 5419 σφοδρότητος,
815 5347 951 5419 μετά
984 5347 1218 5416 σπουδῆς
1264 5345 1599 5417 ἀδιακρίτου.
1633 5347 1734 5399 Διά
1772 5345 1950 5407 τοῦτο,

391 5431 466 5496 ὡς
496 5431 557 5484 τὸ
583 5433 689 5486 πᾶν
711 5430 980 5502 εἰληφυῖα,
1009 5429 1294 5500 κατῆλθεν.
1327 5429 1532 5493 ’Ἄλλως
1555 5429 1630 5496 δὲ,
1656 5428 1794 5484 καὶὸ
1823 5427 1953 5490 Θεὸς

455 5647 479 5674 ⁸
523 5645 654 5695 Culb.
675 5643 771 5692 duo
790 5643 872 5698 τήν
894 5640 1052 5698 δέησίν
1070 5657 1174 5700 μου.
1205 5640 1284 5688 Sic
1307 5638 1450 5686 aliam
1483 5637 1597 5698 llog.

1671 257 1762 315 DE
1797 256 1986 312 ΔΝΝΑ
2027 252 2260 313 SERMO
2293 255 2382 315 111.

3411 273 3422 285 ο
3497 252 3604 306 6ὕῖ

2051 367 2237 422 λοιπὸν
2255 367 2422 438 αὐτῆς
2441 366 2539 438 τὴν
2562 365 2800 438 ἀθυμίαν
2825 363 3066 431 ἐξέϐαλε,
3103 361 3308 436 μέλλων
3331 360 3528 416 διδόναι
3548 363 3608 414 τδ

2043 461 2236 533 δῶρον.

2116 563 2334 633 Ταύτην
2360 561 2689 634 ζηλὼσωμεν
2709 562 2805 616 καὶ
2831 561 3012 632 ⁴ἡμεῖς,
3042 559 3136 612 καὶ
3153 558 3462 620 ὲνάπάσαις
3488 559 3610 620 ταῖς

2047 660 2353 731 συμφοραῖς
2395 659 2532 729 πρὸς
2577 658 2668 712 τὸν
2706 657 2839 712 Θεὸν
2883 657 3332 725 καταφεύγωμεν.
3366 653 3485 707 Κᾶν
3533 653 3608 724 μὴ

2044 752 2256 822 ἔχωμεν
2285 754 2495 817 παιδία,
2523 754 2654 824 παρ’
2679 753 2886 806 ἐκείνου
2912 751 3154 822 αἰτῶμεν
3172 767 3186 781 ·
3211 749 3312 803 κᾶν
3332 749 3604 818 λάϐωμεν,

2047 849 2186 920 μετά
2233 849 2432 920 πολλῆς
2469 845 2856 921 ἀνατρέφιυμεν
2895 847 3034 901 αὑτά
3074 847 3174 918 τῆς
3215 846 3472 916 σπουδῆς,
3515 841 3610 898 καὶ

2044 946 2224 1017 πάσης
2251 946 2352 1016 μὲν
2383 945 2582 1010 κακίας
2609 945 2911 1014 ἀπάγωμεν
2939 946 3062 1009 τούς
3092 942 3268 1006 νέους,
3301 941 3534 1013 μάλιστα
3554 940 3609 994 δὲ

2043 1041 2358 1111 ἀσελγείας·
2399 1040 2632 1112 χαλεπὸς
2661 1041 2772 1113 γὰρ
2804 1033 2960 1104 οὕτος
2991 1041 3020 1094 ὁ
3048 1040 3302 1109 πόλεμος,
3334 1039 3426 1092 καὶ
3455 1037 3610 1090 οὐδὲν

2043 1124 2218 1188 οὕτως
2253 1124 2458 1195 ἐνοχλεῖ
2483 1125 2582 1193 τὴν
2615 1124 2833 1194 ἠλικίαν
2871 1123 3105 1193 ἐκείνην,
3136 1119 3212 1185 ὡς
3240 1121 3396 1174 τοῦτο
3424 1118 3485 1173 τὺ
3506 1120 3612 1173 πά·

2046 1207 2156 1271 θος.
2191 1206 2535 1277 Πανταχόθεν
2572 1207 2750 1260 τοίνυν
2793 1205 2989 1268 αὐτοὺς
3021 1204 3344 1274 τειχίςωμεν
3377 1201 3610 1273 συμϐου-

2043 1295 2183 1362 λαῖς,
2216 1298 2366 1371 [ΉΙ]
2389 1297 2764 1370 παραινέσεσι,
2781 1297 2986 1366 φόϐοις,
3001 1294 3264 1358 ἀπειλαῖς.
3297 1295 3396 1347 Ἂν
3406 1291 3609 1360 ταύτης

2043 1388 2433 1459 περιγένωνται
2458 1389 2558 1460 τῆς
2587 1387 2898 1459 ἐπιθυμίας,
2920 1385 3037 1439 οὐδὲ
3061 1385 3222 1456 ἑτέρᾳ
3239 1384 3445 1454 ταχέως
3471 1380 3611 1436 ἀλώο

2045 1497 2248 1544 σονται,
2297 1477 2432 1534 ἀλλά
2466 1481 2558 1534 καὶ
2589 1479 2884 1551 χρημάτων
2922 1479 3131 1530 ἔσονται
3164 1475 3461 1546 κρείττους.
3511 1472 3607 1525 καὶ

2048 1562 2219 1634 μέθης
2243 1564 2594 1633 κρατήσουσι,
2631 1564 2726 1615 καὶ
2756 1561 2854 1624 τάς
2887 1559 3171 1630 παροινίας
3203 1555 3418 1618 καὶτὰς
3445 1571 3610 1624 πονη-

2048 1645 2148 1713 ράς
2182 1645 2468 1708 συνουσίας
2505 1645 2655 1716 πάσῃ
2692 1643 2892 1714 σπουδῇ
2919 1641 3348 1712 διακρούσονται,
3381 1639 3474 1690 καὶ⁹
3509 1652 3610 1689 πο-

2045 1727 2338 1798 θεινότεροι
2366 1728 2464 1799 μὲν
2493 1728 2708 1782 ἔσονται
2747 1729 2858 1789 τοῖς
2889 1724 3290 1793 γεγεννηκόσιν,
3319 1719 3608 1790 αἱδεσιμώο
3641 1776 3646 1780 ,

2043 1824 2192 1882 τεροι
2226 1811 2282 1863 δὲ
2312 1813 2475 1864 πᾶσιν
2500 1809 2826 1882 ἀνθρώποις.
2853 1809 2949 1871 Τίς
2983 1808 3091 1877 γάρ
3115 1806 3214 1860 οὐκ
3237 1805 3610 1875 αἱδεσθήσεται

2044 1891 2426 1962 σωφρονοῦντα
2450 1891 2600 1955 νέον;
2632 1891 2716 1953 τίς
2746 1890 2801 1943 δὲ
2821 1889 2922 1942 οὐκ
2951 1888 3257 1940 ἀσπάσεται
3283 1885 3376 1940 καὶ
3399 1885 3610 1955 φιλήσει

2042 1977 2134 2030 τὸν
2169 1977 2541 2048 χαλινώσαντα
2567 1977 2665 2040 τάς
2691 1973 2925 2038 ἀτόπους
2954 1974 3282 2045 έπιθυμίας;
3313 1973 3395 2036 τίς
3427 1971 3484 2024 δὲ
3510 1971 3612 2041 οὐχ

2043 2065 2331 2136 αἱρήσεται
2359 2064 2387 2104 ι)
2415 2065 2507 2118 καὶ
2532 2063 2640 2116 τῶν
2671 2061 2876 2132 σφόδρα
2897 2060 3291 2132 εὐπορωτάτων
3322 2058 3459 2129 μετά
3486 2056 3612 2110 πολ-

2043 2152 2141 2223 λῆς
2171 2152 2319 2222 αὐτῷ
2352 2152 2452 2221 τῆς
2491 2151 2713 2225 χάριτος
2759 2149 3004 2204 ἐκδοῦναι
3047 2149 3108 2202 τδ
3145 2147 3457 2218 θυγάτριον,
3508 2145 3614 2198 κᾶν

2045 2234 2296 2289 ἀπάντων
2329 2235 2534 2296 ἐκεῖνος
2577 2233 2898 2303 πενέστερος
2936 2227 3004 2304 ᾗς
3037 2231 3246 2300 Ὥσπερ
3285 2229 3394 2298 γάρ
3421 2229 3512 2280 τὸν
3551 2229 3610 2280 έν

2045 2317 2252 2387 ἀσωτία
2271 2316 2468 2380 ζῶντα,
2486 2317 2581 2370 καὶ
2604 2317 2831 2387 πόρναις
2846 2313 3201 2386 προσέχοντα.
3230 2311 3332 2366 κᾶν
3359 2313 3613 2365 ἀπάντων

2045 2400 2418 2470 εὐπορώτερος
2440 2395 2498 2470 ᾗ,
2523 2397 2698 2461 οὐδεὶς
2725 2395 2898 2458 οὕτως
2923 2395 3106 2458 ἀθλιος
3131 2395 3226 2448 καὶ
3245 2393 3612 2462 ταλαίπωρος,

2044 2482 2120 2546 ὡς
2160 2482 2385 2550 θελῆσαι
2431 2480 2696 2550 κηδεστὴν
2733 2490 2755 2518 ο
2787 2479 2971 2532 λαϐεῖν
2993 2490 3009 2506 ⁸
3037 2477 3179 2530 οὕτω
3221 2477 3315 2529 τὸν
3363 2473 3610 2544 σώφρονα

2045 2565 2140 2618 καὶ
2160 2563 2356 2632 σεμνὸν
2391 2561 2565 2625 οὐδεὶς
2601 2561 2774 2623 οὕτως
2795 2560 3043 2629 ἀνόητος,
3074 2559 3150 2622 ὡς
3170 2557 3613 2626 ἀποκρούσασθαι

2044 2650 2140 2703 καὶ
2167 2648 2452 2718 ἀτιμάσαι.
2482 2649 2580 2701 Ἰν*
2610 2643 2704 2701 οὖν
2743 2647 2837 2700 καὶ
2864 2645 3171 2714 ἀνθρώποις
3197 2645 3484 2714 αἰδέσιμοι,
3519 2647 3615 2698 καὶ

2044 2733 2124 2803 τῷ
2155 2732 2273 2803 Θεῷ
2297 2732 2533 2786 ποθεινοὶ
2560 2732 2611 2784 οἱ
2639 2730 2826 2794 παῖδες
2864 2730 3150 2798 γένωνται,
3177 2727 3615 2798 κατακοσμῶμεν

2049 2813 2225 2868 αὐτῶν
2246 2813 2344 2876 τὰς
2368 2813 2566 2883 ψυχάς,
2596 2814 2688 2866 καὶ
2716 2812 2854 2882 μετά
2883 2809 3234 2884 σωφροσύνης
3263 2810 3490 2872 έπὶτούς
3511 2809 3613 2877 γά-

2051 2913 2182 2967 μους
2216 2897 2456 2965 ἄγωμεν.
2503 2893 2659 2948 Οὕτω
2705 2894 2813 2965 γάρ
2864 2897 2958 2947 καὶ
3002 2894 3071 2947 τά
3121 2893 3364 2964 παρόντα
3404 2893 3611 2955 αὐτοῖς,

2046 2987 2233 3058 ὥσπερ
2255 2988 2319 3040 ὲκ
2339 2985 2549 3055 πηγῶν,
2580 2985 2795 3039 ἅπαντα
2819 2984 2959 3055 ἣξει,
2994 2984 3089 3038 καὶ
3120 2984 3210 3037 τὸν
3242 2983 3372 3036 Θεὸν
3400 2982 3614 3048 ἕξουσιν

2049 3070 2225 3131 ἵλεων,
2257 3069 2470 3138 καὶτῆς
2495 3067 2794 3139 παρούσης,
2817 3068 2911 3121 καὶ
2932 3066 3032 3137 τῆς
3062 3065 3359 3136 μελλούσης
3375 3063 3615 3119 ἀπολαύ-

2049 3169 2229 3205 σονται
2257 3150 2413 3221 δόξης
2432 3167 2447 3183 ·
2477 3146 2545 3221 ἧς
2574 3149 2783 3218 γένοιτο
2811 3150 3018 3211 πάντας
3035 3150 3184 3220 ἡμᾶς
3203 3149 3498 3217 ἐπιτυχεῖν,
3517 3147 3616 3217 χά-

2050 3251 2159 3304 ριτι
2181 3233 2274 3287 καὶ
2306 3231 2684 3303 φιλανθρωπίᾳ
2722 3231 2816 3284 τοῦ
2849 3233 3054 3302 Κυρίου
3082 3231 3239 3302 ἡμῶν
3276 3229 3450 3302 Ἰησοῦ
3481 3231 3616 3299 Χρι-

2050 3317 2197 3381 στοῦ,
2241 3315 2358 3388 μεθ’
2383 3311 2444 3369 οὕ
2471 3316 2646 3388 Πατρὶ
2662 3314 2807 3380 δόξα,
2830 3315 2982 3384 τιμὴ,
3005 3315 3224 3385 κράτος,
3255 3314 3352 3367 σύν
3373 3312 3449 3382 τῷ
3472 3311 3615 3382 ἀγίῳ

2049 3402 2342 3472 Πνεύματι,
2365 3399 2460 3454 νῦν
2486 3401 2578 3452 καί
2610 3400 2718 3462 ἀεὶ,
2749 3399 2844 3454 καὶ
2870 3400 2950 3462 εἰς
2971 3399 3095 3463 τοὺς
3120 3396 3322 3460 αιῶνας
3349 3397 3460 3449 τῶν
3486 3394 3616 3449 αἱὼ-

2048 3503 2174 3542 νων.
2221 3485 2412 3554 Ἀμήν.

2647 3606 2892 3660 υΜῐΛῐΑ
2929 3604 3005 3658 Γ’.

2053 3755 2156 3817 Εἰς
2183 3751 2297 3818 τὴν
2329 3752 2577 3812 Ἀνναν.
2611 3751 2706 3803 καί
2726 3752 2815 3814 εἰς
2847 3749 2962 3815 τὴν
2984 3748 3091 3802 τοῦ
3121 3745 3408 3818 Σαμουὴλ
3429 3749 3616 3818 γαλα-

2123 3815 2504 3888 κτοερορίαν·
2529 3819 2625 3888 καὶ
2649 3819 2734 3871 ὅτι
2757 3818 3048 3888 χρήσιμος
3077 3817 3114 3883 ἠ
3143 3815 3274 3888 περί
3297 3815 3404 3888 τὸν
3433 3817 3617 3888 τόκον

2115 3883 2442 3956 βραδύἑης,
2465 3889 2562 3941 καὶ
2587 3887 2674 3940 ὅτι
2695 3883 3082 3940 ἐάῖκίνδυνον
3098 3885 3196 3939 καί
3215 3883 3522 3954 σφαλερὸν
3550 3886 3613 3938 τὸ

2121 3958 2242 4013 τῶν
2275 3958 2502 4012 παίδων
2532 3957 2795 4027 ἀμελεῖν.

2122 4073 2192 4129 α’.
2208 4077 2270 4128 Εἰ
2304 4074 2379 4147 μὴ
2396 4074 2535 4129 δοκῶ
2559 4073 2868 4146 προσκορής
2894 4089 3036 4125 τισιν
3065 4067 3201 4124 εἶναι
3229 4071 3321 4125 καὶ
3341 4069 3615 4142 φορτικὸς,

2058 4157 2318 4228 βούλομαι
2350 4158 2447 4228 τῆς
2476 4158 2647 4228 αὐτῆς
2669 4156 2974 4218 ὑποθέσεως
2998 4153 3236 4223 ἅψασθαι
3265 4153 3449 4216 πάλιν,
3479 4152 3617 4222 ὑπὲρ

2055 4237 2124 4312 ἦς
2153 4242 2248 4294 καὶ
2272 4239 2462 4312 πρώην
2488 4241 2617 4310 ὑμῖν
2641 4238 2940 4308 διελέχθην,
2977 4238 3069 4290 καὶ
3104 4236 3239 4307 πρὸς
3275 4237 3374 4305 τὴν
3418 4236 3618 4286 Ἄνναν

2056 4325 2201 4393 ὑμᾶς
2232 4322 2663 4394 χειραγωγῆσαι,
2691 4325 2784 4375 καὶ
2814 4323 2892 4384 εἰς
2915 4320 3006 4373 τὸν
3034 4319 3271 4389 λειμῶνα
3291 4318 3398 4371 τῶν
3421 4333 3618 4386 κατορ-

2058 4407 2134 4460 θω
2141 4407 2322 4476 μάτων
2349 4408 2445 4476 τῆς
2463 4405 2719 4474 γυναικὸς
2735 4405 3049 4472 εἰσαγαγεῖν
3063 4405 3152 4455 τὸν
3168 4401 3322 4470 λόγον
3339 4416 3355 4434 ·
3381 4401 3618 4470 λειμῶνα

2056 4489 2176 4558 οὐχὶ
2207 4487 2465 4558 ῥοδωνιὰν
2502 4487 2710 4558 έχοντα,
2743 4487 2863 4540 οὐδὲ
2901 4485 3036 4556 ἄνθη
3072 4483 3462 4556 μαραινόμενα,
3503 4483 3620 4536 ἀλλ’

2056 4571 2221 4641 εὐχὴν
2253 4572 2348 4624 καὶ
2375 4572 2557 4623 πίστιν
2585 4571 2680 4624 καὶ
2711 4570 3058 4636 ἀνεξικακίαν
3096 4567 3314 4639 πολλήν.
3344 4568 3484 4621 Πολύ
3509 4568 3620 4638 γάρ

2057 4653 2230 4706 ταῦτα
2269 4652 2376 4706 τῶν
2413 4653 2618 4724 ἠρινῶν
2647 4653 2850 4707 ἀνθέων
2876 4652 3209 4721 εὐωδέστερα
3263 4652 3382 4721 οὐχὶ
3416 4654 3620 4719 πηγαῖς

2058 4736 2287 4799 ὑδάτων,
2327 4735 2441 4790 ἀλλ’
2483 4735 2707 4806 ὄμϐροις
2751 4733 3001 4805 δακρύων
3049 4733 3236 4804 ἀρδόμ·
3252 4750 3338 4786 να.
3385 4735 3459 4786 οὐ
3511 4731 3622 4800 γὰρ

2057 4817 2201 4872 οὕτω
2221 4820 2348 4882 τοὺς
2375 4819 2585 4887 κήπους
2615 4818 2671 4870 αἰ
2695 4817 2870 4885 πηγαὶ
2896 4815 3006 4870 τῶν
3027 4816 3285 4886 ναμάτων
3309 4813 3624 4866 εὐθαλεστέ-

2061 4918 2187 4972 ρους
2214 4899 2478 4960 ποιοῦσιν,
2504 4897 2581 4961 ὡς
2614 4897 2674 4950 τὸ
2703 4896 2866 4965 φυτὸν
2895 4900 2993 4968 τῆς
3024 4897 3190 4966 εὐχῆς
3221 4897 3274 4948 αἱ
3306 4895 3481 4964 πηγαὶ
3511 4893 3622 4946 τῶν

2056 4982 2304 5053 δακρύων
2324 4979 2656 5044 ποτίζουσαι.
2698 4978 2834 5048 πρὸς
2863 4978 2994 5048 ὕψος
3022 4977 3205 5048 μέγιστ
3217 4994 3274 5029 ον
3303 4975 3624 5046 ἀνατρέχειν

2060 5063 2576 5138 παρασκευάζουσιν
2593 5080 2606 5094 ·
2625 5063 2760 5131 ὅπερ
2777 5058 2867 5114 οὖν
2883 5063 2977 5114 καὶ
2995 5061 3088 5113 ἐπὶ
3101 5060 3200 5129 τῆς
3221 5059 3472 5127 γυναικὸς
3489 5057 3622 5112 ταύ-

2057 5168 2158 5220 της
2174 5149 2410 5218 ὲγένετο.
2443 5145 2610 5216 Ὀμοῦ
2627 5147 2734 5216 γάρ
2751 5144 3067 5213 ἐφθέγξατο,
3087 5145 3177 5196 καὶ
3197 5142 3330 5212 πρὸς
3343 5143 3433 5196 τὸν
3456 5143 3621 5212 οὐρα-

2059 5233 2149 5286 νὺν
2175 5231 2476 5300 ἀνέδραμεν
2517 5229 2549 5298 ἡ
2577 5227 2730 5297 εὐχὴ,
2781 5228 2877 5280 καὶ
2910 5226 3122 5297 καρπὸν
3153 5225 3380 5293 ἤνεγκεν
3412 5223 3623 5294 ὥριμον

2058 5317 2220 5386 αὐτῇ,
2245 5314 2336 5368 τὸν
2359 5315 2515 5380 ἅγιον
2542 5309 2817 5382 Σαμουήλ.
2837 5309 2928 5380 Μὴ
2955 5309 3019 5379 δὴ
3043 5308 3429 5380 δυσχεράνητε,
3447 5310 3496 5361 εἰ
3519 5306 3621 5377 τῆς

2060 5399 2230 5469 αὐτῆς
2262 5395 2572 5458 ὑποθέσεως
2610 5392 2892 5464 ἀρχόμεθα
2935 5391 3116 5452 πάλιν.
3147 5392 3223 5446 Οὐ
3261 5391 3370 5464 γάρ
3395 5391 3465 5445 τά
3483 5391 3619 5445 αύτά

2125 5567 2152 5604 ε’
2194 5568 2312 5628 Reg.
2339 5567 2426 5614 οὐκ
2444 5567 2686 5628 ἀρήσεται.

2123 5631 2145 5659 ⁸
2171 5630 2292 5689 Reg.
2317 5628 2561 5685 κηᾶυτήν.
