4110 6214
481 307 592 366 603

483 427 878 500 έροῦμεν.·ἀλλ’
902 427 1065 499 ἕτερά
1085 445 1206 481 τινα
1233 429 1328 483 νέα
1353 430 1448 480 καὶ
1477 429 1786 500 πρόσφατα.
1814 430 1926 482 Καὶ
1947 428 2057 501 γὰρ

485 514 580 566 ἐπὶ
607 515 706 584 τῆς
729 513 993 583 αἰσθητῆς
1012 510 1292 582 τραπέζης
1313 513 1371 580 ἐξ
1391 513 1508 579 ἐκδὺς
1536 513 1669 584 δψου
1694 514 1865 567 πολλά
1894 515 1960 569 ἄν
1976 530 2061 578 τις

487 595 759 667 ἐδέσματα
804 595 1254 649 κατασκευάσειε.
1302 597 1414 650 Καὶ
1459 597 1587 660 τοὺς
1631 597 1958 666 χρυσοχόους
2002 596 2062 649 δὲ

486 678 702 749 ὁρῶμεν
732 677 840 730 ἀπὸ
884 680 1014 749 μιᾶς
1045 677 1224 749 μάζης
1262 678 1487 748 χρυσίου
1515 679 1612 732 καὶ
1661 678 1812 750 [722]
1846 677 2058 748 ψέλλια,

487 761 582 812 καὶ
611 759 987 832 περιδέρραια,
1017 761 1112 813 καὶ
1135 760 1298 832 ἔτερα
1324 760 1493 815 πολλὰ
1525 760 1812 825 ποιοῦντας
1837 759 2057 832 χρυσία.

486 841 550 894 Et
581 841 688 913 γὰρ
718 842 812 896 καὶ
841 843 1120 914 μονοειδὴς
1145 845 1178 913 ἡ
1204 843 1328 914 ῦλη,
1363 844 1499 899 ἀλλά
1525 844 1766 898 ποικίλον
1803 846 1835 914 ἡ
1870 843 2057 916 τέχνη.

484 926 577 979 καὶ
599 925 659 977 οὐ
679 927 1090 996 στενοχωρεῖται
1116 925 1195 997 τῷ
1222 927 1539 998 μονοτρόπῳ
1570 926 1669 998 τῆς
1694 927 2061 997 ὑποκειμένης

483 1009 673 1072 οὐσίας
705 1009 1030 1080 εὐπόριστος
1058 1005 1194 1064 οὖσα
1231 1010 1325 1062 καὶ
1360 1009 1762 1082 πολυμήχανός.
1804 1012 1866 1064 El
1899 1011 1956 1064 δὲ
1990 1009 2061 1063 τά

483 1092 720 1146 ἐνταῦθα
746 1091 996 1158 τοιαῦτα,
1020 1092 1202 1164 πολλῷ
1228 1093 1428 1164 μᾶλλον
1448 1095 1481 1165 ή
1505 1095 1598 1148 τοῦ
1622 1094 1763 1149 Πνεύ
1772 1111 1940 1167 ματος
1962 1094 2063 1165 χά-

486 1193 592 1248 ρις.
635 1177 758 1231 Ὅτι
785 1176 894 1248 γάρ
920 1176 1144 1247 ποικίλη
1172 1176 1377 1247 ταύτης
1401 1179 1436 1249 ή
1469 1178 1742 1249 τράπεζα,
1770 1179 1867 1234 καὶ
1897 1179 2061 1232 πολύυ

482 1279 706 1333 τροπος,
736 1262 831 1316 καὶ
855 1261 1160 1333 πολυειδὴς,
1179 1263 1409 1316 ἄκουσον
1424 1263 1519 1316 τοῦ
1552 1263 1768 1317 Παύλου
1787 1263 2058 1333 λέγοντοςο

482 1337 560 1414 ’ᾮ
590 1345 709 1413 μὲν
733 1343 831 1398 διὰ
855 1344 960 1399 τοῦ
983 1345 1332 1414 Πνεύματος
1347 1343 1575 1400 δίδοται
1602 1348 1786 1416 λόγος
1817 1346 2060 1417 σοφίας.

481 1425 653 1494 ἄλλῳ
674 1425 746 1480 δέ
764 1430 948 1498 λόγος
976 1427 1276 1496 γνώσεως,
1305 1427 1486 1497 ἑτέρῳ
1513 1429 1585 1482 δὲ
1622 1430 1850 1496 πίστις,
1895 1429 2063 1495 ἄλλῳ

483 1508 555 1563 δὲ
573 1511 914 1580 χαρίσματα
937 1511 1219 1580 ἰαμάτων,
1239 1511 1617 1582 ἀντιλήψεις,
1646 1511 2059 1582 κυϐερνήσεις,

485 1590 629 1660 γένη
655 1591 975 1662 γλωσσῶν.
1006 1594 1197 1650 Ταῦτα
1219 1595 1289 1649 δὲ
1311 1594 1511 1650 πάντα
1525 1595 1760 1665 ἐνεργεῖ
1781 1596 1849 1650 τὸ
1870 1594 1942 1650 ἐν
1963 1595 2063 1650 καί

483 1673 552 1726 τὸ
598 1674 746 1729 αὐτὸ
790 1675 1064 1745 Πνεῦμα,
1111 1676 1380 1746 διαιροῦν
1427 1679 1547 1745 ίόίᾳ
1588 1677 1824 1744 ἑκάστῳ
1867 1680 2064 1743 καθὼς

475 1756 792 1820 ⁶βούλεται.
835 1757 998 1831 Ὁρᾷς
1030 1761 1148 1826 πῶς
1187 1760 1442 1832 ποικίλης
1487 1763 1550 1815 Οί
1589 1762 1826 1832 ποταμοὶ
1852 1760 2058 1824 πολλοὶ,

483 1839 620 1894 ἀλλά
677 1841 797 1910 μία,
851 1844 1100 1914 φησὶν,ή
1143 1845 1330 1916 πηγήο
1382 1844 1618 1915 διάφορα
1662 1842 1734 1897 τά
1763 1843 2058 1913 ἐδέσματα,

482 1924 597 1977 ἀλλ’
628 1919 708 1988 εἷς
735 1926 764 1978 ό
808 1926 1099 1998 ἑστιάτωρ.
1141 1927 1294 1980 Ἐπεὶ
1323 1923 1418 1981 οῦν
1442 1927 1678 2000 τοσαύτη
1709 1931 1744 2000 η
1771 1927 1866 1982 τοῦ
1893 1927 2065 1982 Πνεύ-

485 2024 656 2078 ματος
693 2009 874 2078 χάρις,
927 2009 1002 2081 μὴ
1053 2010 1451 2083 ἀποκάμωμεν.
1502 2011 1731 2083 Είδομεν
1781 2011 1839 2065 δὲ
1892 2011 2065 2082 αὐτὴν

483 2093 704 2162 στεῖραν
733 2089 920 2159 οὖσαν,
947 2093 1164 2164 είδομεν
1197 2094 1370 2167 αὐτὴν
1404 2096 1619 2166 μητέρα
1641 2096 1958 2166 γενομένην,
1984 2095 2064 2148 εῐ-

481 2173 646 2244 δομεν
678 2174 1044 2246 δακρύουσαν,
1089 2176 1302 2248 εἴδομεν
1353 2177 1684 2248 χαίρουσανο
1728 2175 2066 2249 συνηλγήσα-

483 2273 583 2326 μεν
607 2257 751 2322 τότε,
787 2257 1148 2330 συνησθῶμεν
1184 2261 1446 2332 σήμερον.
1489 2258 1648 2315 Οὕτω
1679 2261 1774 2315 καὶ
1792 2263 1822 2315 ό
1852 2260 2064 2325 Παῦλος

479 2339 757 2402 ἐκέλευσε,
809 2341 1050 2409 Χαίρειν
1085 2342 1238 2411 μετὰ
1285 2344 1638 2413 χαιρόντων,
1683 2344 1784 2398 καί
1829 2346 2064 2399 κλαίειν

473 2425 624 2492 μετὰ
644 2425 998 2481 κλαιόντων.
1027 2425 1199 2479 Τοῦτο
1222 2427 1278 2480 δὲ
1302 2426 1404 2480 οὐκ
1435 2429 1529 2480 ὲπὶ
1552 2427 1662 2482 τῶν
1682 2429 2065 2500 συνακμασάν-

477 2523 587 2559 των
613 2508 744 2579 ήμῖν
771 2506 1077 2578 ἀνθρώπων
1109 2509 1294 2578 μόνον,
1331 2509 1470 2563 ἀλλὰ
1495 2511 1590 2564 καὶ
1614 2512 1708 2564 ἐπὶ
1751 2511 1863 2564 τῶν
1895 2511 2062 2566 πάλαι

477 2591 862 2661 γεγενημένων
888 2593 1061 2644 ποιεῖν
1083 2593 1213 2662 χρή.
1251 2593 1359 2647 Καὶ
1383 2595 1458 2664 μή
1485 2610 1576 2664 μοι
1591 2593 1798 2662 λεγέτω
1813 2611 1896 2657 τις
1915 2610 1930 2626 ο
1955 2594 2062 2648 Ναὶ

477 2673 532 2725 τί
565 2689 656 2743 μοι
689 2673 880 2744 κέρδος
913 2673 1022 2726 ἀπὸ
1049 2677 1148 2744 τῆς
1174 2676 1375 2744 Ἀννης
1403 2674 1578 2738 ἔσται,
1609 2675 1830 2730 καὶτῶν
1859 2676 2062 2748 ταύτης

477 2753 862 2825 διηγημάτων;
894 2756 966 2808 Αἵ
991 2772 1052 2809 τε
1087 2755 1198 2826 γὰρ
1236 2760 1449 2828 στεῖραι
1482 2757 1806 2828 δυνήσονται
1845 2759 2057 2830 μαθεῖν,

477 2835 599 2901 πῶς
625 2836 693 2894 ἂν
721 2838 963 2907 γένοιντο
1008 2839 1278 2912 μητέρες·
1311 2841 1406 2894 καὶ
1447 2842 1505 2894 αἱ
1542 2842 1781 2912 μητέρες
1819 2841 2058 2898 εἴσονται

477 2923 665 2990 πάλιν,
694 2927 847 2988 ποῖος
863 2926 1251 2999 παιδοτροφίας
1275 2928 1497 2999 ἀριστος
1517 2929 1582 2982 ἂν
1602 2928 1812 2998 γένοιτο
1832 2929 2054 3000 τρόπος.

477 3012 554 3066 οὐ
583 3014 841 3080 γυναῖκες
870 3013 930 3066 δὲ
957 3013 1140 3084 μόνον,
1173 3013 1311 3068 ἀλλά
1342 3015 1436 3068 καὶ
1474 3013 1666 3086 ἄνδρες
1695 3017 1927 3086 μέγιστα
1947 3016 2057 3070 ἀπὸ

477 3097 581 3166 τῆς
607 3096 850 3166 ἱστορίας
865 3096 1070 3167 ταύτης
1085 3095 1492 3168 καρπώσονται,
1515 3097 1894 3163 παιδευθέντες
1919 3100 2056 3170 ήμέ·

479 3195 592 3250 ρως
617 3179 758 3251 πρὸς
785 3178 887 3242 τάς
905 3178 1087 3233 αὐτῶν
1115 3179 1418 3235 διακεῖσθαι
1447 3184 1736 3250 γυναῖκας,
1756 3182 1859 3237 κᾶν
1892 3183 2060 3237 ἀπαι-

474 3261 596 3316 δίαν
636 3261 855 3328 νοσῶσι,
901 3261 1155 3335 καθάπερ
1191 3265 1220 3318 ό
1276 3261 1510 3318 Ἐλκανά
1545 3264 1685 3336 πρὸς
1711 3265 1810 3336 τὴν
1857 3267 2059 3322 ’Ἄνναν

473 3344 728 3399 διέκειτο.
758 3344 836 3400 οὐ
863 3344 1023 3400 τοῦτο
1048 3346 1106 3399 δὲ
1142 3347 1324 3418 μόνον,
1353 3346 1492 3402 ἀλλά
1528 3348 1621 3402 καὶ
1651 3348 1838 3420 ἓτερον
1861 3348 2056 3404 τούτου

480 3429 668 3500 μεῖζον
689 3445 750 3482 κε
756 3428 1032 3500 ρδανοῦσι,
1055 3430 1322 3501 μαθόντες
1346 3432 1431 3485 ὃτι
1452 3432 1534 3486 δεῖ
1545 3433 1672 3495 τοὺς
1685 3435 1864 3501 γονεῖς
1881 3435 2059 3489 ᾶπαν-

474 3513 576 3575 τας
604 3511 682 3582 τῷ
709 3510 830 3584 Θεῷ
855 3511 926 3566 τά
953 3513 1212 3583 τεχθέντα
1240 3513 1462 3585 τρέφειν
1489 3515 1698 3569 παιδία.
1732 3516 1822 3588 Μὴ
1847 3518 2050 3581 τοίνυν,

475 3593 668 3665 ἐπειδὴ
711 3596 968 3666 χρήματα
1013 3597 1107 3649 καὶ
1132 3595 1395 3668 ἀργύριον
1422 3598 1521 3651 οὐκ
1563 3597 1680 3652 ἔστι
1729 3599 1914 3653 λαϐεῖν
1947 3601 2057 3655 ἀπὸ

473 3677 571 3734 τοῦ
613 3677 970 3750 διηγήματος,
1021 3679 1278 3749 ἀνόνητον
1311 3680 1444 3750 ἡμῖν
1473 3675 1613 3735 εἶναι
1651 3682 1752 3754 τὴν
1793 3683 2058 3754 ἀκρόασιν

475 3761 806 3833 νομίζωμεν,
842 3760 978 3815 ἀλλά
1004 3762 1071 3816 δι’
1111 3763 1245 3816 αὐτὸ
1297 3765 1396 3834 μὲν
1429 3759 1522 3818 οὖν
1559 3765 1720 3820 τοῦτο
1759 3767 2056 3839 κερδαλέαν

475 3846 572 3900 καὶ
596 3845 893 3917 ὠφέλιμον,
922 3846 1108 3919 ἐπειδὴ
1131 3847 1192 3900 οὐ
1222 3847 1446 3918 χρυσίον
1480 3849 1573 3904 καὶ
1607 3849 1896 3922 ἀργύριον,
1931 3851 2046 3906 ἀλλ’

475 3928 505 3981 ὃ
530 3928 708 4000 πολλῷ
743 3929 930 4000 μεῖζον
966 3930 1172 3984 τούτων
1231 3932 1370 3994 ἐστὶ,
1409 3931 1588 4002 ψυχῆς
1620 3933 1926 4000 εὐλάϐειαν,
1962 3937 2056 3989 καὶ

474 4013 602 4075 τοὺς
630 4012 688 4066 ὲν
711 4014 823 4074 τοῖς
845 4012 1094 4085 οὐρανοῖς
1129 4014 1260 4084 ἡμῖν
1296 4015 1534 4068 δείκνυσι
1577 4013 1883 4087 θησαυροὺς
1910 4060 1923 4080 ,
1961 4020 2056 4072 καὶ

473 4091 717 4147 διδάσκει
749 4095 864 4159 πῶς
896 4095 1112 4150 ἅπαντα
1143 4096 1576 4168 διακρουσόμεθα
1607 4098 1870 4152 κίνδυνον.
1909 4099 2055 4172 Χρή-

477 4191 624 4245 ματα
645 4177 744 4246 μὲν
764 4177 873 4247 γάρ
898 4180 1200 4249 παρασχεῖν
1225 4179 1320 4232 καὶ
1336 4179 1643 4251 ἀνθρώποις
1676 4181 1858 4253 ῥᾴδιον
1875 4197 1887 4211 ’
1911 4182 2055 4252 διορ-

474 4256 648 4312 θῶσαι
693 4259 750 4312 δὲ
791 4259 971 4330 φύσιν,
1020 4261 1112 4315 καὶ
1143 4262 1383 4333 ἀθυμίαν
1420 4263 1578 4317 λῦσαι
1625 4267 1903 4335 τοιαύτην,
1957 4269 2054 4321 καὶ

471 4341 668 4414 ὀδύνην
712 4344 921 4398 ἀνελεῖν
946 4385 961 4407 ,
1002 4347 1096 4398 καὶ
1143 4344 1319 4417 ψυχὴν
1351 4347 1652 4418 ἀναστῆσαι
1691 4349 2052 4404 καταπίπτειν

475 4425 793 4495 μέλλουσαν,
817 4427 1091 4500 ἀνθρώπῳ
1123 4429 1221 4499 μὶν
1249 4442 1276 4470 ι
1316 4431 1512 4494 οὐδενὶ,
1535 4431 1614 4503 τῷ
1633 4431 1690 4485 δὲ
1719 4433 1822 4503 τῆς
1839 4432 2054 4502 φύσεως

469 4512 716 4583 Δεσπότῃ
751 4511 898 4583 μόνῳ
925 4511 1170 4566 δυνατόν.
1205 4513 1278 4566 Σὺ
1316 4514 1394 4578 δὲ,
1429 4517 1478 4568 εί
1527 4515 1627 4585 μὲν
1657 4516 1872 4588 νόσημα
1902 4518 2054 4572 ἀνία-

469 4610 563 4648 τον
590 4594 811 4664 ἔχουσα,
841 4597 935 4650 καὶ
962 4597 1059 4667 τὴν
1090 4595 1244 4650 πόλιν
1283 4597 1646 4668 περιελθοῦσα
1678 4601 2053 4668 ἀπασαν,’καὶ

470 4676 732 4748 χρήματα
755 4677 1135 4748 δαπανήσασα.
1185 4679 1281 4733 καὶ
1331 4680 1536 4751 ίατροῖς
1563 4683 1883 4755 χρησαμένη
1920 4685 2052 4738 πολ-

470 4759 605 4823 λοῖς,
645 4758 740 4812 καὶ
783 4757 1051 4830 μηδεμίαν
1099 4761 1336 4833 εὑροῦσα
1378 4763 1750 4834 παραμυθίαν,
1801 4765 2053 4838 ἐνέτυχες

468 4845 688 4916 γυναικὶ
715 4844 776 4899 τὸ
796 4843 930 4899 αὐτὸ
950 4845 1198 4922 παθούσῃ
1225 4849 1397 4914 πάθος
1419 4851 1514 4904 καὶ
1533 4849 1930 4926 ἀπαλλαγείσῃ,
1952 4857 2052 4910 οὐκ

469 4929 538 4984 ἂν
571 4928 814 5000 ἀπέστης
843 4929 1180 4995 ἱκετεύουσα,
1209 4933 1627 5004 παρακαλοῦσα,
1644 4934 1892 5006 δεομένη.
1911 4937 2051 4991 ὥστε

469 5017 654 5068 πεῖσαι
682 5014 773 5066 τὸν
798 5012 1186 5083 ἀπαλλάξαντα
1204 5015 1375 5081 δεῖξαι
1397 5035 1411 5049 ·
1438 5018 1558 5072 νυνὶ
1579 5019 1635 5073 δὲ
1655 5010 1836 5092 δρῶσα
1852 5023 2052 5075 Ἀνναν

469 5096 714 5150 ἑστῶσαν
748 5097 807 5150 έν
844 5097 922 5168 τῷ
947 5100 1119 5170 μέσῳ,
1147 5098 1242 5154 καὶ
1268 5099 1330 5153 τὸ
1357 5100 1531 5164 πάθος
1553 5102 1722 5171 αὐτῆς
1751 5102 2052 5173 ἐξηγουμέ-

467 5197 587 5251 νην,
617 5180 797 5235 καὶτὸ
825 5182 1116 5253 φάρμακον
1143 5182 1426 5252 λέγουσαν,
1458 5186 1552 5239 καὶ
1578 5186 1670 5240 τὸν
1693 5186 1876 5257 ἰατρὸν
1895 5185 2047 5258 [⁸⁷25]

468 5261 818 5318 δεικνύουσαν
835 5265 1004 5336 χωρὶς
1027 5266 1326 5338 ἱκετηρίας,
1345 5271 1513 5340 χωρὶς
1548 5269 1966 5340 παρακλήσεως,
1988 5270 2049 5322 οὐ

469 5345 812 5420 προσελεύσῃ
835 5349 932 5403 καὶ
955 5349 1102 5422 λήψῃ
1119 5349 1182 5404 τὸ
1205 5351 1519 5423 φάρμακον,
1556 5353 1678 5406 οὐδὲ
1713 5351 1923 5424 ἀκούσῃ
1953 5353 2051 5423 τῆς

473 5427 713 5502 ἱστορίας
745 5432 863 5502 μετ’
901 5433 1188 5504 ἀκριϐείας
1226 5436 1479 5508 ἀπάσηςς
1512 5434 1618 5490 Καὶ
1659 5436 1804 5501 τίνος
1846 5436 2052 5509 δυνήσῃ

468 5513 602 5568 ποτὲ
637 5517 916 5587 ἐπιτυχεῖν
937 5517 1180 5587 ἀγαθοῦ;
1211 5517 1354 5573 Ἀλλ’
1381 5520 1558 5590 ἕτεροι
1581 5520 1681 5592 μὲν
1711 5521 1805 5575 καὶ
1837 5519 2048 5592 πελάγη

530 5735 558 5767 ⁸
581 5736 715 5788 Colb.
741 5752 867 5790 unus
887 5747 939 5791 el
964 5741 1090 5804 Reg.
1109 5741 1369 5806 ἀνθρώπων
1389 5743 1489 5806 μέν.

1191 310 1250 368 S.
1289 309 1576 368 JOANNIS
1606 308 2098 369 CHRYSOSTOMI
2138 311 2461 374 ABCHIEP.
2501 317 3052 378 CONSTANTINOP.

3639 323 3752 381 εει

2164 433 2410 492 διέϐαλον
2444 438 2474 478 ι’
2511 440 2697 511 μακρά
2722 440 3002 508 πολλάκις,
3058 440 3156 495 καὶ
3208 441 3408 514 πολλὴν
3435 443 3608 515 ἀποδη
3618 447 3755 516 μίαν

2162 528 2492 594 ἐστείλαντο,
2511 534 2604 586 καὶ
2620 534 2879 605 χρήματα
2897 535 3270 607 έδαπάνησαν,
3315 537 3409 590 καὶ
3443 537 3605 592 πόνον
3639 542 3751 593 ὐπ-

2161 618 2403 688 έμειναν,
2423 621 2509 674 ῖνα
2539 623 2632 676 τὸν
2659 623 2752 678 ἐπὶ
2776 627 2875 694 τῆς
2905 624 3190 696 ἀλλοτρίας
3223 627 3528 698 μηνυθέντα
3561 631 3750 702 ἰατρὸν

2165 711 2338 775 ἴδωσι,
2375 713 2469 766 καὶ
2499 713 2676 768 ταῦτα
2699 714 2760 767 οὐ
2802 714 3007 786 σφόδρα
3040 714 3393 786 θαρροῦντες.
3419 719 3502 773 ὅτι
3524 721 3751 786 πάντως

2163 801 2638 874 ἀπαλλαγήσονται
2659 803 2751 857 τοῦ
2775 808 3079 876 νοσήματος
3103 823 3117 839 ο
3171 807 3235 860 σὺ
3264 808 3340 874 δὲ,
3373 802 3420 862 ὦ
3447 809 3610 878 γύναι
3629 852 3646 877 ,
3680 815 3746 866 οὐ

2163 887 2470 946 διαπόντιον
2491 893 2800 964 ἀποδημίαν
2830 893 3144 949 στέλλεσθαι
3187 894 3474 965 μέλλουσα,
3502 899 3626 952 οὐδὲ
3662 903 3750 965 είς

2161 981 2262 1052 τὴν
2285 983 2580 1055 ὑπερορίαν
2603 985 3024 1057 μετοικίζεσθαι,
3042 986 3164 1040 οὐδὲ
3184 987 3346 1040 πόνον
3359 988 3481 1042 τινὰ
3501 991 3750 1044 τοιοῦτον

2162 1075 2482 1146 ὑπομένειν·
2517 1077 2611 1130 καὶ
2640 1077 2694 1134 τί
2744 1077 2886 1147 λέγω
2916 1079 3016 1150 τὴν
3045 1079 3378 1151 ὐπερορίαν;
3428 1081 3548 1134 οὐδὲ
3577 1083 3748 1137 αὐτὸν

2166 1167 2264 1240 μὲν
2276 1163 2371 1221 οὖν
2383 1168 2478 1223 τὸν
2489 1169 2644 1224 οὐδὸν
2659 1170 3074 1243 ἀναγκαζομένη
3087 1173 3189 1237 τῆς
3206 1174 3383 1238 οίκίας
3414 1174 3744 1248 ὑπερϐῆναι,

2162 1256 2299 1311 ἀλλά
2319 1258 2412 1312 καὶ
2433 1259 2493 1313 ἐν
2521 1258 2672 1331 αὐτῷ
2697 1260 2971 1333 δυναμένη
3000 1259 3078 1332 τῷ
3107 1261 3336 1334 θάλαμῳ
3383 1265 3746 1334 συγγενέσθαι

2161 1347 2242 1420 τῷ
2277 1347 2468 1422 ίατρῶ,
2491 1350 2586 1404 καὶ
2609 1350 2780 1422 χωρὶς
2807 1351 3027 1422 μεσίτου
3055 1351 3201 1416 τινὸς
3220 1352 3370 1424 αὐτῷ
3393 1354 3742 1428 διαλεχθῆναι

2163 1436 2294 1506 περὶ
2321 1437 2540 1492 πάντων
2559 1431 2635 1492 ὧν
2655 1437 2720 1492 ἂν
2734 1438 2930 1512 ἐθέλῃς
2953 1439 3122 1507 (Θεὸς
3137 1440 3272 1512 γὰρ,
3290 1442 3475 1512 φησὶν,
3498 1443 3747 1513 inda.»-

2161 1523 2276 1595 ἐγώ
2299 1527 2448 1594 είμι,
2493 1524 2594 1580 καί
2622 1527 2694 1580 οὐ
2740 1525 2888 1592 Θεὸς
2933 1527 3297 1601 πόρρωθεν),
3341 1529 3612 1603 ἀναϐάλλῃ
3646 1533 3744 1586 καὶ

2161 1617 2376 1683 όκνεῖς;
2413 1618 2524 1672 Καὶ
2557 1618 2719 1672 ποίαν
2743 1618 2887 1683 ἕξεις
2910 1619 3242 1690 ἀπολογίαν;
3286 1621 3432 1686 τίνος
3454 1623 3740 1699 ἀπολαύσῃ

2165 1705 2516 1778 συγγνώμης,
2547 1707 2673 1762 ὅταν
2698 1708 2791 1761 καὶ
2819 1706 3040 1761 εὔκολον
3059 1709 3156 1762 καὶ
3183 1709 3516 1781 πανταχόθεν
3545 1713 3742 1783 ῥᾳδίαν

2162 1792 2271 1846 τῶν
2297 1794 2662 1866 ἐπικειμένων
2690 1796 2877 1850 κακῶν
2902 1796 3225 1870 ἀπαλλαγὴν
3245 1799 3426 1870 εὑρεῖν
3445 1800 3738 1873 δυναμένη,

2165 1881 2434 1954 ρᾳθυμῇς,
2457 1883 2551 1936 καὶ
2577 1882 2678 1955 τὴν
2705 1885 2907 1956 σαυτῆς
2927 1884 3202 1956 σωτηρίαν
3223 1886 3516 1959 προδιδῷςς
3543 1889 3616 1942 Οὐ
3629 1888 3743 1962 γὰρ

2162 1972 2227 2044 δὴ
2263 1972 2422 2043 μόνον
2462 1974 2748 2046 στείρωσιν
2777 1977 2808 2029 ό
2850 1975 3032 2046 ίατρδς
3073 1969 3229 2040 οὗτος
3249 2018 3265 2043 ,
3321 1978 3457 2034 ἀλλά
3509 1980 3603 2034 καὶ
3629 1983 3743 2035 πᾶν

2163 2059 2341 2114 ὁτιοῦν
2372 2061 2584 2132 νόσημα
2627 2061 2723 2115 καὶ
2759 2061 2938 2133 ψυχῆς
2977 2063 3071 2118 καὶ
3110 2062 3360 2134 σώματος
3403 2066 3742 2142 θεραπεῦσαι

2162 2149 2402 2214 δύναται,
2437 2151 2668 2223 θελήσας
2692 2152 2872 2223 μόνον.
2905 2155 3015 2207 Καὶ
3038 2153 3102 2207 οὐ
3127 2154 3289 2210 τοῦτο
3319 2157 3482 2228 μόνον
3515 2160 3632 2213 ἐστὶ
3676 2159 3752 2214 τὸ

2165 2236 2498 2308 θαυμαστὸν,
2522 2239 2603 2292 ὅτι
2629 2239 2799 2310 χωρὶς
2827 2239 3014 2304 πόνου,
3042 2243 3137 2296 καὶ
3169 2244 3498 2316 ἀποδημίας,
3529 2247 3744 2301 x0100-

2163 2324 2362 2396 πάνης,
2390 2326 2486 2380 καὶ
2503 2327 2760 2398 μεσιτῶν,
2785 2327 2900 2381 ἀλλ’
2924 2330 3005 2384 ὅτι
3034 2332 3128 2384 καὶ
3149 2331 3317 2403 χωρὶς
3337 2326 3626 2404 ωγηὸνος
3641 2337 3744 2409 τὴν

2167 2417 2410 2488 ἰατρείαν
2441 2421 2691 2474 ποιεῖται.
2729 2421 2805 2474 υύ
2833 2421 2942 2492 γὰρ
2973 2421 3177 2494 σιδήρῳ
3220 2425 3314 2478 καὶ
3347 2426 3483 2494 πυρὶ
3511 2429 3644 2498 πρὸς
3679 2431 3744 2483 τὸ

2162 2504 2331 2569 πάθος
2361 2505 2594 2571 ἵσταται,
2626 2505 2875 2580 καθάπερ
2890 2510 2940 2562 οί
2968 2508 3078 2562 τῶν
3111 2511 3309 2581 ἰατρῶν
3337 2514 3525 2578 παῖδες
3557 2518 3745 2570 ποιοῦ-

2163 2610 2276 2648 σιν·
2309 2595 2423 2649 ἀλλ’
2452 2597 2613 2666 ἀρκεῖ
2635 2595 2825 2650 νεῦσαι
2849 2598 3030 2668 μόνον.
3067 2598 3164 2654 καὶ
3199 2602 3345 2654 πᾶσα
3368 2603 3469 2672 μὲν
3497 2605 3739 2675 ἀθυμία,

2161 2686 2310 2738 πᾶσα
2340 2685 2398 2739 δὲ
2429 2686 2611 2759 ὀδύνη,
2643 2688 2738 2743 καὶ
2773 2688 2947 2754 πάθος
2979 2689 3126 2744 ἀπαν
3157 2690 3474 2763 δραπετεύει
3503 2697 3598 2748 καὶ
3629 2713 3741 2765 φυ-

2159 2776 2467 2846 γαδεύεται.

2230 2889 2296 2960 β’.
2327 2890 2417 2960 Μὴ
2442 2889 2621 2946 τοίνυν
2650 2891 2968 2964 ἀμελῶμεν,
2995 2893 3130 2965 μηδὲ
3151 2892 3599 2966 ἀναϐαλλὼμεθα,
3630 2897 3742 2951 κάν

2159 2981 2390 3052 πένητες
2421 2975 2574 3054 ὦμεν
2595 2984 2689 3037 καὶ
2721 2985 2802 3048 είς
2845 2985 3083 3055 ἐσχάτην
3125 2986 3618 3052 καταπεπτωκότες
3649 2988 3740 3042 ἐν·

2156 3071 2325 3129 δειαν.
2359 3073 2496 3129 Οὐδὲ
2517 3074 2626 3146 γὰρ
2647 3077 2754 3147 χρή
2762 3076 2911 3147 ματά
2933 3077 3419 3145 ὲστικαταϐαλεῖν,
3440 3079 3529 3134 τνα
3548 3080 3741 3136 πενίαν

2158 3165 2610 3240 προδαλλὼμεθα.
2665 3169 2742 3222 οὐ
2795 3170 2904 3240 γὰρ
2943 3169 3209 3242 ἀργύριον
3263 3165 3420 3236 οὗτος
3476 3173 3507 3228 ό
3557 3171 3740 3243 ιατρδς

2157 3262 2382 3317 ἀπαιτεῖ
2423 3263 2518 3317 τὸν
2567 3263 2792 3335 μισθὸν,
2846 3263 2983 3319 ἀλλὰ
3009 3264 3249 3335 δάκρυα,
3293 3265 3390 3320 καὶ
3421 3265 3608 3337 εὐχὰς,
3644 3268 3739 3320 καὶ

2158 3352 2361 3410 πίστιν.
2422 3355 2543 3409 Κάν
2590 3355 2763 3410 ταῦτα
2797 3355 2936 3427 ἔχων
2969 3357 3108 3431 πρὸς
3155 3358 3318 3413 αὐτὸν
3364 3357 3557 3431 ἔλθῃς,
3590 3358 3738 3433 λήψῃ

2157 3447 2396 3513 πάντως,
2427 3448 2565 3519 ὅπερ
2612 3447 2678 3503 ἂν
2708 3450 2958 3522 αἰτήσῃς,
3005 3451 3100 3504 καὶ
3133 3449 3410 3524 ἀπελεύσῃ
3441 3452 3577 3521 μετά
3612 3451 3738 3504 1:0}.-

2157 3537 2256 3606 λῆς
2289 3540 2389 3610 τῆς
2415 3539 2773 3613 εὐφροσύνης,
2803 3542 2914 3596 Καὶ
2936 3541 3095 3596 τοῦτο
3131 3543 3231 3614 μὲν
3265 3542 3592 3614 πολλαχόθεν
3651 3542 3737 3608 ἐξ-

2157 3647 2276 3684 εστι
2303 3631 2517 3703 μαθεῖν,
2533 3633 2632 3704 οὐχ
2654 3634 2856 3704 ἥκιστα
2870 3633 2926 3688 δὲ
2947 3635 3043 3690 καὶ
3067 3634 3176 3688 ἀπὸ
3204 3633 3305 3705 τῆς
3330 3635 3585 3704 γυναικὸς
3608 3634 3737 3688 ταύ-

2155 3740 2286 3795 της’
2329 3725 2390 3778 οὐ
2429 3724 2538 3795 γὰρ
2569 3726 2793 3797 χρυσίον
2841 3727 2937 3780 καὶ
2992 3727 3258 3800 ἀργύριον
3315 3727 3733 3789 καταϐαλοῦσα.

2155 3817 2269 3871 ἀλλ’
2301 3817 2465 3890 εὐχὴν
2491 3819 2587 3871 καὶ
2639 3818 2825 3872 πίστιν
2866 3818 2962 3872 καὶ
3004 3819 3234 3891 δάκρυα,
3265 3821 3403 3893 ὅπερ
3436 3822 3604 3892 ᾔτησε
3643 3823 3738 3875 λα-

2156 3904 2348 3970 ϐοῦσα,
2375 3905 2549 3970 οὕτως
2577 3905 2807 3978 ἀπῆλθε.
2838 3908 2930 3978 Μὴ
2963 3908 3143 3962 τοίνυν
3171 3907 3482 3980 νομίζωμεν
3507 3911 3737 3982 ἀκερδὲς

2156 3997 2287 4068 ἡμῖν
2321 3992 2462 4052 εἶναι
2495 3998 2555 4050 τὸ
2583 3998 2830 4071 διήγημα
2849 4017 2863 4033 ο
2895 3998 3090 4054 Ταῦτα
3116 4001 3226 4071 γὰρ
3272 4001 3536 4071 ἐγράφη,
3580 4004 3734 4074 φησὶ,

2155 4089 2305 4158 πρὸς
2329 4091 2656 4144 νουθεσίαν
2691 4091 2883 4160 ἡμῶν,
2915 4094 3002 4158 είς
3029 4093 3138 4158 οὓς
3168 4094 3241 4149 τὰ
3268 4093 3413 4161 τέλη
3458 4096 3577 4149 τῶν
3603 4095 3740 4148 αἰώ-

2153 4198 2277 4234 νων
2300 4180 2681 4250 κατήντησεν
2699 4199 2714 4214 ·
2746 4181 2882 4236 ἀλλά
2902 4183 3288 4257 προσέλθωμεν
3315 4187 3475 4258 αὐτῇ,
3512 4190 3607 4241 καὶ
3627 4187 3736 4258 μά-

2155 4270 2358 4340 θωμεν,
2392 4271 2508 4334 πῶς
2532 4271 2696 4343 ὲλύθη
2718 4273 2780 4326 τὸ
2812 4273 3045 4346 νόσημα.
3063 4275 3158 4328 καὶ
3182 4275 3235 4329 τί
3260 4277 3400 4346 μετά
3418 4277 3481 4330 τὸ
3507 4277 3736 4348 λυθῆναι

2155 4362 2316 4417 πάλιν
2354 4364 2602 4434 ἐποίησε,
2634 4366 2729 4419 καὶ
2769 4365 2887 4431 πῶς
2919 4367 3188 4439 ἐχρήσατο
3224 4369 3303 4440 τῷ
3335 4368 3541 4423 δοθέντι
3579 4369 3736 4445 δώρῳ

2155 4455 2306 4528 παρά
2334 4457 2427 4510 τοῦ
2454 4457 2612 4512 Θεοῦ.
2669 4457 2963 4524 Ἐκάθισε,
3005 4459 3157 4531 φησὶ,
3211 4461 3309 4514 καὶ
3333 4460 3598 4528 ἐθήλασε
3628 4463 3735 4516 τὸν

2151 4544 2455 4613 Σαμουὴλ.

2225 4677 2366 4748 Ὅρα
2394 4677 2511 4742 πῶς
2562 4677 2708 4750 ἐώρα
2753 4680 2815 4732 τὸ
2846 4680 3055 4736 παιδίον
3094 4683 3270 4738 ἐκεῖνο
3305 4683 3490 4738 λοιπὸν
3517 4683 3614 4754 οὐχ
3656 4683 3729 4746 ὡς

2153 4768 2362 4823 παιδίον
2399 4770 2581 4841 μόνον,
2613 4770 2750 4826 ἀλλά
2797 4773 2890 4826 καὶ
2935 4773 3010 4836 ὼς
3043 4774 3329 4846 ἀνάθημαο
3382 4776 3476 4829 καὶ
3513 4773 3730 4828 διπλοῦν

2152 4861 2290 4932 αὐτῇ
2324 4862 2384 4916 τὸ
2413 4863 2632 4935 φίλτρον
2662 4865 2889 4933 ἐγίνετο,
2924 4866 2984 4919 τὺ
3018 4867 3114 4936 μὲν
3144 4867 3252 4921 ἀπὸ
3279 4867 3378 4937 τῆς
3409 4866 3640 4936 φύσεως,
3670 4867 3729 4920 τὸ

2150 4955 2207 5008 δὲ
2237 4955 2344 5009 ἀπὸ
2367 4955 2520 5028 [724]
2550 4956 2652 5028 τῆς
2681 4958 2922 5028 χάριτος.
2983 4959 3136 5028 Ἐμοὶ
3166 4958 3221 5013 δὲ
3250 4958 3399 5012 δοκεῖ
3440 4960 3533 5012 καὶ
3563 4959 3728 5013 αίδεῖ·

2155 5047 2277 5101 σθαι
2310 5048 2370 5101 τὸ
2402 5049 2616 5102 παιδίον
2644 5051 2704 5102 τὸ
2731 5051 2930 5120 ἑαυτῆς
2949 5065 2963 5078 ·
2993 5051 3088 5104 καὶ⁵
3110 5051 3351 5115 εἰκότως.
3377 5052 3440 5104 Εἰ
3468 5052 3579 5122 γὰρ
3604 5052 3728 5121 φιά-

2151 5136 2249 5201 λας
2269 5139 2362 5192 καὶ
2391 5139 2626 5210 ποτήρια
2653 5142 2832 5211 χρυσᾶ
2851 5140 3134 5211 μέλλοντές
3154 5158 3295 5205 τινες
3323 5139 3728 5212 ἀνατιθέναιτῷ

2151 5231 2288 5302 Θεῷ,
2324 5233 2541 5287 ὲπειδάν
2568 5233 3076 5288 κατασκευασθέντα
3099 5234 3326 5302 λάϐωσι,
3358 5237 3454 5290 καὶ
3490 5237 3596 5304 πρὸ
3631 5235 3728 5305 τῆς

2151 5327 2362 5397 ἡμέρας
2387 5326 2698 5381 ἀποθῶνται
2740 5327 2896 5392 οἴκοι,
2919 5327 3019 5398 οὐχ
3037 5327 3114 5392 ὼς
3146 5327 3302 5382 κοινά
3351 5327 3535 5382 λοιπὸν
3561 5327 3727 5399 ὁρῶσι

2153 5420 2343 5490 σκεύη,
2378 5419 2492 5473 ἀλλ’
2517 5419 2593 5482 ῶς
2620 5419 2962 5490 ἀναθήματα,
2987 5421 3081 5474 καὶ
3101 5419 3223 5474 οὐδὲ
3254 5419 3524 5490 τολμῶσιν
3543 5417 3728 5482 ἀπλῶς

2153 5512 2245 5567 καὶ
2273 5513 2396 5584 είκῆ
2423 5510 2628 5567 τούτων
2657 5509 2920 5582 ἅψασθαι,
2957 5509 3209 5585 καθάπερ
3247 5511 3340 5564 καὶ
3365 5510 3474 5565 τῶν
3503 5509 3726 5564 λοιπῶν·

2213 5740 2243 5785 ι
2264 5741 2345 5793 Sic
2364 5743 2644 5795 restitutum
2664 5754 2693 5793 ε
2715 5739 2886 5794 Morel.
2908 5747 2962 5792 et
2981 5742 3160 5804 Savil.;
3187 5739 3353 5793 Mona.
3379 5737 3609 5790 διελαεον.
3639 5736 3722 5786 Ε..
