4134 6214
418 319 523 379 655

434 434 675 499 produxit
709 412 1110 505 tempestivum,
1138 438 1381 484 sanctum
1410 428 1652 483 videlicet
1683 427 2004 481 Samnelem.

431 521 603 577 Nolite
630 522 786 592 igitur
812 522 1035 575 moleste
1066 518 1203 573 ferre
1225 560 1238 582 ,
1269 520 1312 573 si
1357 532 1539 572 rursus
1570 517 1706 571 idem
1733 530 2014 585 argumen-

430 621 539 665 tum
567 620 796 665 traCIare
824 611 1122 679 incipimus.
1151 608 1333 677 Neque
1358 609 1499 661 enim
1529 606 1714 660 eadem
1751 605 2012 669 dicemus,

427 701 521 754 sed
542 715 674 755 nova
700 700 938 771 quaedam
961 715 1022 754 ac
1044 700 1296 754 recentia.
1322 698 1452 751 Nam
1480 699 1531 751 iu
1557 698 1798 751 convivio
1817 710 2011 764 corpo-

426 792 543 854 rali,
572 808 636 845 ex
656 792 841 845 eodem
861 792 1082 846 obsonio
1105 790 1265 843 multa
1290 789 1587 842 eduliorum
1616 803 1809 857 genera
1830 796 2011 857 posset

427 884 618 951 aliquis
631 882 914 938 conﬁcere.
945 881 1081 949 Quin
1107 889 1163 935 ct
1186 881 1435 935 auriﬁces
1465 879 1705 934 videmus
1728 894 1792 933 ex
1820 878 2008 933 eadem

426 974 541 1028 auri
585 988 758 1027 massa
783 982 837 1028 et
860 973 1114 1037 armillas,
1141 981 1196 1026 et
1243 979 1490 1040 torques,
1541 968 1775 1037 aliasque
1816 969 2011 1021 multas

428 1078 514 1119 res
542 1078 733 1119 aureas
759 1063 978 1134 ﬁngere.
1008 1062 1337 1132 Quamquam
1368 1061 1509 1116 enim
1538 1059 1778 1129 ejusdem
1797 1060 2010 1129 generis

427 1162 508 1210 est
534 1154 775 1216 materia.
807 1168 894 1208 ars
916 1163 1088 1207 tamen
1114 1162 1198 1207 est
1242 1151 1386 1205 varia
1407 1191 1423 1217 ,
1467 1164 1567 1205 nec
1613 1156 1915 1205 coarctatur
1939 1149 2011 1203 si-

426 1242 723 1297 militudine
767 1241 1002 1296 materiae
1027 1240 1313 1310 subjectae,
1341 1238 1482 1310 quod
1508 1239 1621 1309 ipsa
1649 1238 1719 1294 sit
1744 1239 1959 1307 copiosa
1986 1277 2004 1305 ,

426 1332 662 1402 variique
709 1332 938 1387 artiﬁcii.
994 1331 1145 1399 Quod
1176 1331 1220 1387 si
1250 1346 1340 1387 res
1370 1331 1521 1385 istius
1546 1331 1668 1385 vita:
1710 1339 1838 1385 sunt
1865 1329 2008 1400 ejus‘

425 1423 603 1486 modi,
637 1421 805 1477 multo
855 1437 981 1477 vero
1010 1421 1178 1492 magis
1207 1421 1438 1491 Spiritus
1489 1425 1679 1490 gratia.
1704 1418 1838 1474 Nam
1865 1419 2006 1490 quod

421 1514 605 1585 gratia:
626 1528 807 1568 mensa
837 1515 908 1569 sit
936 1514 1076 1567 varia
1094 1554 1110 1579 ,
1142 1511 1502 1579 multiformis,
1532 1520 1587 1567 et
1613 1511 1852 1582 opipara,
1878 1512 2004 1566 audi

422 1604 643 1659 Paulum
686 1603 948 1659 dicentem
999 1620 1015 1655 :
1054 1603 1157 1657 Alii
1205 1600 1413 1673 quidem
1444 1616 1537 1670 per
1569 1601 1821 1672 Spiritum
1857 1603 2009 1655 datur

420 1711 584 1751 sermo
610 1694 893 1764 sapientiae,
939 1694 1029 1747 alii
1055 1709 1169 1747 vero
1197 1707 1367 1747 sermo
1398 1694 1667 1758 scientiae,
1707 1692 1799 1745 alii
1831 1706 2007 1746 ncrsus

422 1789 570 1859 ﬁdes,
593 1788 683 1841 alii
714 1803 828 1842 vero
848 1788 981 1840 dona
995 1787 1343 1850 sanationum,
1360 1784 1739 1855 subuentiones,
1759 1784 2007 1853 guberna-

424 1879 605 1943 tiones,
628 1894 811 1950 genera
837 1878 1145 1947 linguarum.
1167 1875 1295 1931 liter:
1322 1883 1497 1929 autem
1524 1888 1771 1942 operatur
1803 1890 1934 1926 unus
1960 1882 2007 1927 et

421 1971 553 2027 idem
587 1969 828 2039 Spiritus,
850 1968 1075 2021 dividens
1098 1983 1332 2022 seorsum
1361 1969 1547 2036 cuique
1571 1976 1624 2017 ut
1649 1966 1752 2017 vult
1780 1964 1825 2035 (Ι
1842 2003 1854 2016 .
1884 1963 2002 2019 Cor.

422 2061 510 2115 12.
567 2059 744 2130 ε-Η).
781 2057 942 2112 Vides
989 2072 1147 2127 quam
1201 2056 1345 2110 varia
1383 2054 1495 2108 sit?
1545 2054 1739 2120 Multa,
1800 2054 2002 2123 inquit,

420 2148 636 2207 ﬁumina
656 2191 672 2217 ,
703 2147 796 2204 sed
847 2163 984 2203 unus
1011 2157 1095 2202 est
1123 2146 1272 2209 fons;
1302 2146 1446 2199 varia
1486 2153 1612 2199 sunt
1654 2144 1859 2208 edulia,
1909 2147 2004 2200 sed

420 2256 559 2296 unus
587 2248 669 2295 est
693 2240 1021 2294 convivator.
1067 2237 1207 2308 Ergo
1229 2253 1349 2293 cum
1381 2246 1488 2291 tam
1517 2252 1705 2306 magna
1729 2279 1744 2300 ,
1793 2248 2005 2307 tamque

420 2330 695 2400 multiplex
728 2330 796 2383 sit
824 2329 1052 2399 Spiritus
1068 2329 1256 2399 gratia,
1280 2343 1347 2382 ne
1363 2327 1736 2397 defatigemur.
1766 2327 2006 2381 Vidimus

420 2438 539 2478 eam
559 2422 794 2477 sterilem
815 2462 829 2489 ,
862 2420 1092 2475 vidimus
1110 2434 1226 2474 eam
1252 2418 1442 2473 factam
1480 2427 1704 2473 matrem
1739 2435 1752 2471 :
1780 2417 2005 2472 vidimus

420 2514 835 2585 lacrymantem,
873 2510 1099 2566 vidimus
1134 2509 1490 2581 gaudentem;
1525 2518 1635 2563 tum
1679 2508 1837 2563 simul
1882 2523 2003 2564 cum

422 2605 512 2660 illa
543 2604 864 2658 indoluimus
899 2620 912 2657 :
941 2602 1098 2657 simul
1130 2617 1250 2656 cum
1280 2602 1367 2658 illa
1395 2601 1591 2671 gaudio
1629 2599 1927 2655 afﬁciamur
1951 2610 2005 2656 et

420 2696 597 2751 hodie.
627 2696 717 2753 Sic
743 2707 796 2751 et
824 2696 1016 2751 Paulus
1040 2694 1211 2763 jubet,
1240 2694 1473 2749 Gaudere
1507 2710 1621 2748 cum
1645 2694 2000 2765 gaudentibus,

418 2787 542 2857 ﬂere
559 2803 670 2842 cum
691 2786 925 2857 ﬂentibus
965 2786 1149 2856 (Rom.
1174 2785 1263 2841 12.
1295 2785 1408 2854 15).
1444 2784 1496 2839 Id
1530 2800 1655 2839 vero
1702 2784 2003 2839 faciendum

422 2887 507 2935 est
532 2893 635 2933 non
657 2879 833 2933 solum
868 2892 1029 2947 super
1054 2877 1119 2932 iis
1140 2877 1230 2947 qui
1257 2875 1537 2930 nobiscum
1561 2876 1782 2939 vivunt,
1826 2874 1919 2928 sed
1951 2882 2004 2929 et

419 2985 580 3040 super
600 2970 665 3024 iis
686 2969 777 3039 qui
797 2968 925 3023 olim
948 2969 1055 3022 nati
1087 2966 1305 3022 fuerint.
1338 2966 1414 3022 Ac
1444 2980 1512 3021 ne
1537 2964 1656 3036 quis
1681 2964 1811 3019 mihi
1838 2963 2001 3029 dicat,

419 3060 546 3129 quid
572 3058 775 3114 fructus
799 3056 1008 3127 capiam
1029 3057 1099 3112 ab
1128 3059 1281 3111 Anna
1303 3097 1319 3123 ,
1351 3063 1402 3110 et
1433 3056 1500 3109 ab
1517 3056 1657 3110 illius
1677 3067 2002 3109 commemo-

420 3150 663 3206 ratione?
686 3147 819 3207 Nam
843 3157 898 3204 et
938 3148 1084 3204 orbae
1122 3146 1247 3202 hinc
1290 3153 1541 3216 poterunt
1579 3144 1786 3200 discere
1811 3184 1826 3208 ,
1872 3159 2006 3213 quo-

419 3239 580 3295 modo
607 3239 808 3309 possint
833 3237 947 3293 ﬁeri
971 3248 1168 3292 matres
1198 3255 1210 3290 :
1235 3251 1420 3291 rursus
1443 3246 1644 3290 matres
1670 3234 1865 3300 scient,
1884 3249 2003 3305 qua:

417 3333 487 3387 sit
514 3332 711 3403 optima
741 3331 876 3386 ratio
918 3329 1116 3385 liberos
1141 3327 1423 3383 educandi.
1469 3326 1579 3382 Nec
1620 3325 1834 3401 femina:
1878 3334 2001 3380 tan-

420 3433 570 3492 tum,
596 3424 691 3480 sed
718 3431 774 3478 et
800 3422 898 3478 viri
942 3422 1229 3493 plurimum
1279 3422 1345 3476 ab
1397 3420 1497 3475 hac
1535 3419 1756 3476 historia
1800 3418 2003 3473 fructus

418 3513 690 3577 auferent,
735 3514 781 3568 si
824 3512 949 3568 hinc
995 3512 1282 3568 didicerint
1351 3509 1559 3580 placido
1611 3509 1831 3578 mitique
1877 3522 2000 3577 erga

419 3619 616 3660 uxores
644 3618 766 3658 esse
786 3603 965 3657 animo
986 3641 1003 3665 ,
1031 3600 1238 3656 etiamsi
1264 3600 1557 3653 sterilitatis
1582 3600 1710 3654 vitio
1739 3598 1998 3663 laborent,

420 3704 481 3749 ut
504 3695 699 3749 Eleana
718 3709 843 3763 erga
875 3696 1087 3747 Annam
1114 3691 1213 3745 fuit
1237 3690 1476 3745 allectus.
1499 3690 1608 3744 Nec
1636 3704 1763 3744 vero
1787 3689 1887 3743 hoc
1916 3703 2003 3742 so-

421 3784 567 3847 lum,
595 3783 691 3838 sed
728 3791 782 3838 et
806 3781 951 3837 aliud
994 3796 1060 3836 eo
1103 3780 1275 3849 majus
1299 3781 1667 3845 lucrifacient,
1706 3795 1829 3833 cum
1869 3779 2005 3832 didi-

420 3875 592 3930 cerint
616 3882 794 3944 patres
819 3887 1005 3928 omnes
1026 3880 1275 3942 oportere
1300 3871 1513 3933 liberos,
1534 3870 1624 3939 qui
1649 3871 1756 3924 nati
1787 3869 1999 3935 fuerint,

420 3966 652 4020 educare
675 3964 802 4019 Deo.
825 3964 903 4019 Ne
923 3963 1081 4033 igitur
1100 3961 1351 4032 quoniam
1370 3962 1623 4032 pecunias
1650 3969 1704 4015 et
1728 3968 2004 4030 argentum

420 4056 665 4125 accipere
708 4070 774 4111 ex
831 4055 932 4109 bac
970 4052 1273 4109 narratione
1310 4068 1417 4107 non
1458 4051 1610 4117 licet,
1640 4052 2004 4107 existimemus

422 4160 723 4201 sermonem
752 4144 906 4200 nobis
934 4142 1303 4213 infrugiferum
1341 4157 1500 4198 esse:
1531 4142 1624 4197 sed
1664 4142 1734 4196 ob
1775 4141 2001 4210 tdipsum

422 4237 740 4292 arbitremur
770 4237 1038 4291 lucrosum
1058 4244 1113 4290 et
1134 4236 1314 4289 utilem
1334 4275 1350 4302 ,
1383 4235 1524 4305 quod
1557 4250 1663 4289 non
1684 4249 1873 4289 aurum
1913 4250 2002 4289 ar-

421 4339 725 4399 gentumve,
755 4328 847 4384 sed
877 4327 1017 4399 quod
1058 4327 1122 4383 iis
1148 4327 1305 4397 longe
1327 4328 1498 4394 majus
1524 4336 1627 4390 est,
1649 4326 1811 4380 animi
1838 4326 2003 4394 pieta-

426 4429 555 4485 tem,
602 4420 951 4489 cmlestesque
979 4417 1259 4473 thesauros
1302 4417 1456 4474 nobis
1502 4417 1766 4481 ostendit,
1798 4416 1997 4473 docens

423 4526 530 4581 quo
575 4519 729 4580 pacto
776 4510 1072 4579 periculum
1133 4524 1294 4565 omne
1337 4509 1686 4579 depellamus.
1734 4507 2005 4578 Siquidem

426 4598 602 4670 largiri
652 4600 935 4669 pecuniam
964 4598 1265 4654 hominibus
1292 4600 1342 4655 in
1395 4600 1616 4670 proclivi
1645 4608 1729 4654 est
1758 4617 1772 4655 :
1802 4608 1859 4655 at
1884 4614 2007 4655 cor-

424 4692 599 4762 rigere
637 4698 909 4756 naturam,
939 4705 1002 4744 ac
1028 4690 1187 4744 talem
1214 4706 1499 4746 maerorem
1522 4700 1779 4746 excutere
1797 4733 1813 4758 ,
1845 4690 2007 4747 talem

424 4783 587 4838 animi
609 4782 901 4837 cruciatum
931 4780 1141 4845 tollere,
1161 4780 1390 4834 animam
1412 4781 1626 4849 jamjam
1652 4782 2005 4851 collapsuram

425 4874 636 4945 erigere
656 4915 671 4940 ,
699 4873 827 4929 nulli
848 4872 1063 4937 quidem
1085 4872 1358 4926 hominum
1378 4912 1393 4937 ,
1415 4873 1509 4927 sed
1541 4874 1638 4927 soli
1667 4884 1867 4927 naturzc
1898 4873 2005 4926 Do-

431 4964 575 5020 mino
604 4965 656 5020 in
697 4979 855 5020 manu
881 4973 983 5019 est.
1011 4962 1088 5017 'I'u
1114 4976 1244 5017 vero
1272 4963 1317 5016 si
1361 4977 1481 5017 cum
1524 4964 1711 5017 morbo
1765 4964 2008 5019 'aborans

430 5052 710 5108 insanabili
732 5095 748 5119 ,
782 5068 1028 5124 percursa
1059 5060 1166 5107 tota
1198 5052 1410 5106 civitate
1436 5053 1688 5121 pecunias
1718 5053 2008 5123 impendis-

431 5158 539 5207 ses,
564 5143 797 5212 pluribus
815 5153 970 5198 utens
1000 5140 1241 5208 medicis,
1274 5156 1373 5196 nec
1403 5142 1572 5196 ullum
1606 5143 1727 5197 mali
1758 5143 2007 5198 solatium

432 5234 721 5304 reperisses
740 5274 756 5299 ,
792 5243 976 5304 postea
1005 5233 1267 5289 incideres
1303 5234 1356 5287 in
1400 5233 1675 5288 mulierem
1700 5274 1716 5299 ,
1742 5250 1858 5304 qua:
1886 5249 2006 5289 cum

435 5325 625 5379 eodem
654 5324 840 5379 morbo
877 5334 1169 5393 teneretur,
1201 5325 1419 5380 liberata
1450 5325 1540 5389 sit,
1582 5340 1688 5379 non
1742 5326 2011 5380 desineres

433 5415 753 5483 obsecrare,
779 5431 983 5486 rogare,
1035 5416 1303 5470 exhortari
1330 5458 1343 5479 ,
1370 5426 1423 5469 ut
1464 5431 1584 5469 eum
1616 5415 1707 5469 tibi
1735 5430 2010 5469 common-

435 5515 652 5573 straret,
680 5506 831 5575 cujus
867 5521 1027 5575 opera
1066 5505 1252 5561 fuisset
1299 5514 1519 5559 sanata:
1553 5520 1694 5559 nunc
1737 5521 1863 5582 vero
1890 5521 2009 5559 cutn

437 5596 617 5652 videas
642 5598 846 5651 Annam
887 5599 939 5652 in
968 5597 1144 5651 medio
1171 5604 1397 5650 stantem
1423 5640 1437 5663 ,
1465 5611 1729 5664 suumque
1768 5595 2010 5650 morbum

435 5695 791 5753 enarrantem,
809 5695 862 5743 et
881 5684 1121 5757 ejusdem
1153 5684 1443 5743 remedium
1473 5694 2006 5756 commemorantem,

1696 311 1785 366 illi
1825 309 2006 365 ANNA
2046 309 2279 366 SERMO
2318 310 2404 368 Ill.

3597 325 3701 382 65‘

2127 442 2190 482 ac
2217 427 2477 481 medicum
2519 438 3054 495 commonstrantem,
3109 431 3267 486 nullis
3313 433 3700 490 obsecrationi-

2119 520 2248 582 bus,
2298 521 2457 574 nullis
2520 522 2765 590 precibus
2812 521 3129 589 adductam,
3185 538 3290 578 non
3333 530 3556 582 accedes
3612 542 3702 581 ac-

2117 618 2334 678 ceptura
2382 611 2715 677 remedium,
2745 627 2843 667 nec
2886 610 3071 666 audies
3119 622 3226 667 tota
3253 629 3374 669 cum
3399 617 3696 673 attentione

2119 699 2430 753 historiam?
2478 701 2545 755 Et
2595 703 2721 772 quid
2776 719 3025 773 umquam
3075 706 3195 759 boni
3247 708 3447 774 poteris
3504 724 3699 764 conse-

2116 789 2244 857 qui?
2292 794 2359 842 At
2392 790 2479 843 alii
2524 790 2826 861 frequenter
2864 809 3049 863 magna
3098 797 3260 849 etiam
3320 796 3524 851 emensi
3574 807 3697 852 sunt

2117 881 2279 932 tuaria
2305 922 2320 945 ,
2353 880 2664 951 longinquas
2692 886 3143 955 peregrinationes
3173 895 3527 956 susceperunt
3546 929 3561 953 ,
3608 904 3700 957 pe-

2113 971 2299 1026 cunias
2346 972 2750 1041 impenderunt,
2800 975 3010 1030 labores
3053 979 3289 1045 perpessi
3323 987 3479 1042 sunt,
3512 988 3568 1032 ut
3594 994 3700 1034 me-

2114 1060 2290 1116 dicum
2334 1073 2814 1119 commctnstratum
2845 1065 2896 1119 in
2926 1067 3205 1137 peregrina
3239 1068 3455 1137 regione
3479 1070 3697 1137 conspi-

2113 1161 2318 1217 cerent,
2348 1154 2507 1224 idque
2528 1170 2652 1209 eum
2674 1172 2779 1211 non
2806 1156 3094 1212 admodum
3117 1167 3262 1213 certa
3287 1170 3431 1215 esset
3462 1160 3655 1216 ﬁducia
3678 1202 3696 1225 ,

2113 1250 2173 1297 ut
2196 1258 2414 1313 prorsus
2439 1246 2627 1299 morbo
2664 1246 3017 1303 liberarentur
3044 1262 3058 1300 :
3090 1258 3143 1302 at
3169 1257 3244 1313 tu,
3272 1265 3305 1303 o
3327 1251 3540 1316 mulier,
3571 1265 3695 1306 cum

2113 1346 2219 1387 non
2247 1332 2322 1387 sis
2348 1333 2540 1389 initura
2565 1335 2942 1404 profectionem
2967 1340 3372 1396 transmarinam
3396 1383 3412 1407 ,
3438 1356 3535 1397 nec
3557 1342 3696 1399 ultra

2111 1423 2297 1492 patriae
2327 1422 2460 1478 lines
2486 1424 2868 1495 demigratura,
2900 1443 2997 1482 nec
3026 1429 3260 1485 laborem
3305 1432 3536 1486 similem
3568 1446 3691 1501 pcr-

2110 1529 2362 1585 pessura:
2392 1529 2444 1571 et
2480 1518 2606 1588 quid
2638 1517 2779 1581 dixi,
2811 1521 2949 1575 ultra
3007 1522 3188 1589 patriae
3231 1522 3398 1576 lines?
3430 1537 3551 1576 cum
3597 1537 3694 1577 nec

2111 1606 2281 1676 ipsum
2306 1608 2498 1664 domus
2530 1609 2692 1665 limen
2720 1612 2945 1666 transire
2989 1614 3217 1682 cogaris,
3266 1614 3359 1669 sed
3384 1615 3465 1668 vel
3496 1615 3548 1669 in
3578 1615 3695 1682 ipso

2111 1694 2343 1751 thalamo
2380 1696 2550 1767 possis
2576 1701 2860 1755 convenire
2880 1700 3142 1757 medicum
3172 1744 3187 1769 ,
3228 1704 3464 1771 citraque
3484 1704 3689 1759 media-

2112 1796 2284 1842 torem
2310 1804 2429 1843 cum
2463 1789 2553 1842 illo
2601 1790 2829 1861 colloqui
2879 1791 2946 1846 de
2995 1793 3415 1864 quibuscumque
3459 1796 3691 1849 volueris

2110 1878 2272 1948 (Deus
2288 1879 2430 1933 enim
2450 1921 2465 1944 ,
2496 1880 2695 1949 inquit,
2748 1883 3165 1953 appropinquans
3200 1901 3290 1954 ego
3327 1902 3439 1938 sum
3461 1927 3475 1949 ,
3505 1896 3551 1937 et
3591 1901 3691 1938 non

2109 1967 2247 2021 Deus
2276 1969 2454 2039 procul
2501 1968 2633 2039 (Jer.
2659 1969 2751 2024 25.
2778 1969 2907 2040 23),
2958 1971 3140 2027 differs
3184 1982 3238 2027 et
3276 1973 3581 2028 cunctaris?
3625 1973 3693 2028 Et

2107 2074 2263 2127 quam
2310 2058 2557 2112 habitura
2599 2074 2659 2114 es
2690 2061 3125 2115 excusationem?
3149 2078 3307 2131 quam
3345 2064 3692 2132 consequeris

2107 2148 2348 2211 veniam,
2400 2148 2445 2202 si
2472 2164 2592 2203 cum
2638 2150 2926 2218 proclivem
2947 2160 3001 2205 et
3032 2151 3267 2221 undique
3316 2151 3522 2206 facilem
3552 2153 3689 2207 viant

2109 2239 2353 2295 invenire
2389 2239 2597 2308 possis,
2642 2256 2743 2308 qua
2771 2241 2838 2293 ab
2866 2241 3178 2309 urgentibus
3216 2242 3370 2295 malis
3413 2242 3682 2307 libereris,

2110 2343 2203 2398 per
2228 2329 2526 2383 socordiam
2566 2337 2709 2383 tuam
2743 2330 2908 2399 ipsius
2960 2331 3184 2387 salutem
3218 2330 3552 2399 prodideris?
3596 2332 3692 2385 llic

2107 2422 2250 2476 enim
2279 2421 2515 2476 medicus
2548 2437 2655 2476 non
2696 2423 3029 2476 sterilitatem
3078 2423 3276 2488 solum,
3325 2422 3418 2478 sed
3450 2431 3500 2477 et
3532 2438 3690 2477 omne

2107 2512 2416 2567 morborum
2461 2528 2628 2582 genus
2680 2524 2787 2567 tum
2839 2514 3245 2581 corporis,tum
3286 2515 3448 2568 animi
3498 2529 3689 2569 sanare

2108 2612 2322 2673 potest,
2356 2604 2401 2658 si
2436 2605 2561 2659 velit
2592 2613 2813 2662 tantum.
2863 2604 3044 2673 Neque
3082 2604 3134 2658 id
3162 2607 3334 2660 solum
3380 2605 3687 2659 mirandum

2105 2703 2186 2749 est
2209 2735 2223 2757 ,
2254 2693 2395 2763 quod
2433 2694 2563 2749 citra
2589 2694 2859 2760 laborem,
2890 2695 3006 2749 sine
3054 2695 3476 2764 peregrinatione
3501 2734 3517 2759 ,
3565 2695 3689 2751 sine

2105 2785 2408 2856 impendiis,
2440 2788 2642 2857 absque
2682 2785 3124 2841 intercessoribus
3159 2787 3489 2841 curationem
3533 2785 3689 2841 adhi-

2105 2877 2230 2943 bet,
2263 2893 2448 2933 verum
2488 2878 2649 2933 etiam
2679 2878 2818 2948 quod
2862 2879 2993 2933 citra
3018 2878 3283 2933 dolorem.
3316 2878 3500 2949 Neque
3545 2879 3686 2933 enim

2105 2964 2250 3022 ferro
2280 2967 2454 3038 ignive
2482 2978 2635 3023 curat
2665 2968 2861 3023 malum
2882 3009 2896 3033 ,
2928 2978 2985 3023 ut
3008 2968 3188 3023 ceteri
3219 2969 3412 3023 medici
3439 2968 3641 3024 faciunt
3670 2986 3685 3023 :

2105 3056 2301 3111 sufﬁcit
2338 3057 2421 3112 vel
2449 3057 2672 3127 simplex
2698 3067 2859 3113 nutus
2882 3097 2899 3123 ,
2929 3072 2993 3112 ac
3021 3058 3260 3127 protinus
3292 3059 3469 3113 onmis
3494 3072 3682 3131 angor,

2105 3146 2279 3202 omnis
2298 3145 2469 3214 dolor,
2492 3161 2649 3202 omne
2664 3146 2862 3203 malum
2879 3147 3028 3217 fugit,
3044 3156 3205 3218 atque
3228 3148 3524 3204 exsulatum
3551 3148 3682 3203 abit.

2175 3240 2231 3295 2.
2271 3239 2349 3294 Ne
2366 3248 2679 3295 cunctamur
2697 3240 2874 3310 igitur,
2898 3254 3032 3295 neve
3063 3242 3532 3310 procrastinemus,
3559 3239 3687 3294 licet

2109 3346 2370 3403 pauperes
2392 3332 2579 3399 simus,
2616 3340 2672 3386 et
2697 3332 2762 3385 ad
2790 3342 3083 3387 extremam
3129 3330 3330 3387 redacti
3374 3339 3685 3401 egestatem.

2103 3422 2289 3493 Neque
2316 3423 2459 3478 enim
2490 3422 2577 3477 hic
2604 3420 2926 3476 numeranda
2956 3430 3039 3476 est
3090 3422 3331 3493 pecunia.
3372 3430 3433 3476 ut
3454 3421 3685 3491 inopiam

2104 3515 2370 3585 possimus
2412 3512 2722 3569 obtendere.
2765 3512 2861 3567 llic
2909 3512 3157 3567 nimirum
3187 3512 3425 3567 medicus
3448 3525 3553 3565 non
3593 3524 3687 3563 ar-

2104 3616 2319 3675 gentum
2353 3620 2451 3674 pro
2479 3604 2724 3659 mercede
2765 3606 2915 3674 petit,
2960 3602 3052 3657 sed
3080 3603 3360 3671 Iacrymas,
3403 3613 3587 3669 preces
3623 3613 3687 3652 ac

2106 3696 2283 3749 fidem.
2312 3695 2440 3748 Haec
2464 3694 2506 3748 si
2549 3703 2768 3763 portans
2796 3693 2861 3747 ad
2894 3694 3040 3745 illum
3074 3691 3385 3756 accesseris,
3427 3687 3685 3757 quidquid

2106 3785 2324 3839 omnino
2340 3784 2622 3852 postularis
2639 3784 2887 3851 accipies,
2917 3782 3187 3849 multotlue
3212 3794 3332 3833 cum
3355 3778 3544 3847 gaudio
3565 3777 3679 3841 dis-

2106 3873 2282 3927 cedes.
2318 3872 2372 3926 Id
2399 3887 2528 3927 sane
2556 3886 2675 3925 cum
2708 3870 2885 3923 multis
2909 3884 2977 3923 ex
3006 3868 3163 3922 rebus
3183 3881 3504 3936 cognoscere
3538 3866 3680 3932 licet,

2078 3956 2079 3959 “
2108 3971 2218 4019 tum
2246 3978 2372 4017 vero
2402 3962 2665 4031 prmcipue
2685 3976 2749 4014 ex
2779 3960 2877 4012 hac
2905 3959 3148 4024 muliere,
3172 3972 3291 4027 quae
3317 3972 3421 4011 non
3449 3972 3635 4010 aurum
3667 3995 3684 4019 ,

2106 4068 2211 4109 non
2240 4061 2512 4122 argentum
2530 4050 2788 4113 exhibuit,
2819 4049 2911 4103 sed
2937 4062 3144 4119 preces,
3174 4046 3330 4102 fidem
3352 4055 3406 4100 et
3428 4043 3687 4116 lacrymas

2106 4143 2321 4209 obtulit,
2352 4154 2512 4213 atque
2538 4142 2608 4195 ita
2639 4140 2891 4211 quidquid
2918 4140 3403 4211 petiitconsequuta
3421 4136 3684 4192 discessit.

2107 4232 2335 4289 Proinde
2360 4247 2427 4287 ne
2458 4240 2705 4301 putemus
2732 4231 2869 4286 hanc
2908 4230 3263 4285 narrationem
3288 4228 3440 4282 nobis
3462 4226 3687 4296 infrugi-

2108 4323 2273 4378 feram
2299 4337 2419 4378 esse
2439 4363 2453 4388 ,
2481 4320 2906 4393 quandoquidem
2951 4319 3077 4374 Haec
3100 4319 3289 4387 scripta
3319 4326 3436 4372 sunt
3475 4317 3541 4368 ad
3576 4332 3689 4369 cor-

2107 4415 2383 4485 reptionem
2409 4422 2657 4479 nostram,
2687 4413 2739 4465 in
2764 4428 2889 4478 quos
2910 4412 3042 4481 ﬁnes
3059 4411 3359 4464 mentorum
3384 4409 3688 4463 devenerunt

2110 4505 2186 4578 (1.
2218 4504 2335 4559 Cor.
2364 4505 2452 4559 10.
2475 4504 2600 4575 ll):
2632 4503 2727 4559 sed
2759 4503 3012 4558 adeamus
3046 4517 3164 4557 eam
3185 4544 3200 4569 ,
3248 4502 3515 4558 discamus
3551 4514 3688 4571 quo-

2110 4595 2268 4652 modo
2293 4595 2512 4650 liberata
2533 4595 2601 4649 sit
2628 4609 2657 4647 a
2699 4594 2860 4659 malo,
2883 4604 2936 4649 et
2953 4593 3077 4665 quid
3106 4594 3271 4663 egerit
3294 4593 3685 4656 morbolevata,

2109 4696 2163 4742 et
2185 4700 2290 4757 quo
2312 4696 2464 4756 pacto
2490 4684 2645 4739 fuerit
2666 4699 2760 4739 usa
2788 4698 3009 4738 munere
3034 4699 3063 4736 a
3094 4682 3204 4737 Deo
3232 4682 3378 4737 dato.
3409 4681 3573 4748 Sedit,
3608 4680 3689 4735 in-

2108 4781 2241 4849 quit,
2264 4788 2311 4832 et
2340 4779 2541 4831 lactavit
2564 4776 2854 4831 Samuelem
2885 4775 2968 4843 (1.
3002 4774 3109 4845 Reg
3164 4776 3216 4829 1.
3253 4773 3370 4845 23).

2185 4868 2387 4935 Quanta
2420 4869 2596 4935 pietate
2653 4882 2861 4936 puerum
2905 4865 3122 4920 Domino
3161 4865 3388 4919 educavit
3413 4863 3685 4928 obtulitque

2112 4958 2489 5013 Anna.~—Vidc
2508 4957 2775 5029 quomodo
2791 4957 3147 5028 conspiciebat
3166 4951 3416 5022 deinceps
3433 4954 3687 5009 infantem

2112 5050 2279 5115 illum,
2295 5064 2398 5103 non
2423 5058 2622 5103 tantum
2637 5056 2695 5102 ut
2713 5048 2986 5114 infantem,
3003 5044 3353 5100 verumetiam
3372 5050 3429 5100 ut
3449 5058 3561 5098 rem
3579 5043 3689 5098 Dco

2112 5146 2475 5194 consecratam
2510 5154 2523 5191 :
2551 5153 2723 5208 eoque
2752 5139 2905 5192 matri
2939 5136 3182 5207 geminus
3210 5134 3410 5190 amoris
3449 5133 3693 5189 stimulus

2114 5230 2305 5285 insitus
2328 5238 2429 5293 est,
2453 5229 2587 5283 alter
2614 5244 2641 5281 a
2674 5238 2883 5294 natura,
2906 5228 3041 5282 alter
3061 5242 3087 5278 a
3114 5226 3305 5296 gratia.
3337 5227 3414 5280 Ac
3442 5240 3559 5281 mea
3575 5226 3692 5295 qui-

2114 5321 2234 5376 dem
2268 5320 2551 5383 sentcntia,
2588 5320 2748 5372 etiam
2780 5317 3124 5372 reverebatur
3152 5331 3375 5386 puerum
3405 5330 3555 5370 suum
3577 5355 3591 5379 ,
3641 5324 3693 5370 et

2116 5412 2326 5467 merito.
2379 5410 2585 5464 Etenim
2626 5409 2669 5463 si
2716 5409 2804 5478 qui
2845 5408 3049 5477 phialas
3090 5407 3343 5478 poculave
3385 5420 3549 5461 aurea
3589 5404 3694 5459 Deo

2117 5500 2340 5556 dicaturi
2367 5511 2510 5567 sunt,
2543 5508 2882 5568 posteaquam
2910 5513 2969 5552 ea
2994 5499 3101 5565 jam
3117 5496 3353 5551 confecta
3371 5495 3691 5563 acceperint,

2118 5595 2367 5662 domique
2392 5591 2747 5661 reposuerint,
2779 5605 2882 5644 non
2926 5604 2989 5644 ea
3028 5590 3175 5659 quasi
3208 5590 3427 5658 profana
3458 5601 3581 5640 vasa
3610 5585 3691 5638 in-

2121 5691 2364 5753 tuentur,
2396 5681 2488 5739 sed
2514 5691 2781 5753 tamquam
2811 5681 2917 5736 Deo
2943 5694 3113 5748 sacra,
3166 5693 3264 5735 nec
3302 5683 3496 5734 audent
3524 5690 3587 5733 ea
3618 5686 3689 5729 te-
