4110 6214
384 459 540 504 mero
557 442 800 514 citraque
816 450 1033 496 causam
1062 435 1342 504 attingere,
1371 430 1506 485 sicut
1531 435 1724 483 caetera
1751 441 1766 478 :
1807 421 1974 477 multo

390 543 562 607 magis
590 535 704 590 inec
724 531 918 588 mulier
931 527 1090 584 simili
1107 525 1291 580 animo
1307 519 1618 577 attendebat
1643 517 1708 572 ad
1732 528 1976 586 puerum,

393 635 557 685 etiam
583 628 890 698 priusquam
919 620 1066 674 illum
1099 619 1151 672 in
1179 616 1432 686 templum
1465 612 1742 668 induceret
1768 627 1782 663 :
1812 619 1864 664 et
1895 608 1980 663 di-

394 721 590 791 ligebat
617 717 905 788 Impensius
929 714 1116 776 lilium,
1145 721 1196 764 et
1214 709 1434 764 curabat
1467 715 1734 775 tamquam
1765 705 1874 757 Deo
1897 701 1983 756 alio

390 823 589 872 catum,
606 811 916 866 existimans
928 823 988 864 se
1003 821 1096 877 per
1114 805 1257 860 illum
1271 800 1654 859 sanctificatum
1668 798 1752 863 iri,
1771 795 1984 868 quando

394 905 585 960 domus
603 904 769 974 ipsius
779 903 892 973 jam
911 910 1026 957 erat
1052 899 1192 955 facta
1220 897 1496 967 templum,
1527 907 1578 949 ut
1604 909 1724 965 qum
1747 891 1982 966 prophe-

399 1005 507 1048 tam
531 1007 596 1050 ac
615 991 947 1048 sacerdotem
972 990 1112 1044 intra
1135 1003 1195 1043 se
1215 988 1533 1042 contineret.
1560 985 1676 1039 Non
1698 983 1868 1038 solum
1886 996 1986 1036 au-

397 1097 504 1140 tem
527 1098 596 1139 ex
627 1098 694 1138 eo
717 1082 859 1154 quod
892 1082 1038 1136 illiilli
1068 1080 1176 1134 Deo
1205 1077 1511 1147 spopondit,
1539 1074 1887 1131 verumetiam
1914 1087 1986 1128 ex

397 1174 501 1230 hoc
515 1173 655 1238 quod
671 1189 779 1228 non
792 1187 920 1228 ausa
934 1171 1000 1226 sit
1021 1169 1314 1226 ascendere
1329 1169 1382 1222 in
1402 1167 1660 1236 templum
1681 1165 1986 1236 priusquam

400 1266 726 1320 abiactasset
766 1263 1042 1326 infantem,
1086 1261 1201 1330 ejus
1228 1259 1479 1329 pietatem
1513 1259 1635 1312 licet
1662 1256 1984 1327 perspicere.

402 1359 488 1413 Ait
508 1359 641 1412 enim
659 1358 769 1411 uiro
788 1374 882 1411 suo
904 1372 927 1412 :
959 1354 1081 1410 Non
1108 1355 1379 1409 ascendant
1410 1352 1577 1406 donec
1597 1351 1837 1405 ascendat
1863 1366 1992 1419 puer

402 1465 639 1506 mecum:
661 1433 776 1504 cuin
801 1459 968 1504 autem
989 1448 1307 1502 ablactavero
1329 1445 1499 1510 illum,
1534 1444 1779 1511 o/feretur
1797 1443 1850 1497 in
1864 1458 1990 1496 cort-

403 1553 575 1613 spectu
603 1541 826 1607 Domini,
861 1551 905 1595 et
929 1539 1116 1595 sedebit
1140 1538 1246 1593 illic
1273 1539 1324 1592 in
1345 1554 1504 1593 rerum
1533 1537 1610 1608 (l.
1636 1535 1762 1606 Reg.
1790 1536 1844 1590 1.
1873 1531 1992 1603 εξ).

415 1632 600 1687 Viden’
621 1635 646 1685 ’ἔ
671 1631 786 1686 Non
819 1629 1154 1686 existimabat
1175 1643 1295 1684 esse
1322 1636 1492 1682 tutum
1517 1626 1608 1681 illo
1629 1624 1776 1679 domi
1804 1625 1992 1678 relicto

406 1722 701 1778 ascendere
725 1723 775 1777 in
814 1721 1068 1792 templum
1087 1763 1101 1787 ,
1131 1720 1274 1791 quod
1302 1735 1421 1774 cum
1449 1719 1745 1788 accepisset
1770 1717 1992 1781 donum,

409 1830 517 1868 non
535 1812 825 1868 sustineret
849 1813 1052 1882 absque
1079 1811 1220 1868 dono
1242 1825 1576 1880 comparere.
1599 1809 1805 1864 Rursus
1823 1808 1996 1864 addu-

408 1913 498 1958 cto
520 1903 632 1968 illo,
663 1918 726 1958 ac
754 1919 876 1958 tnox
907 1912 1141 1972 recepto,
1164 1901 1492 1957 descendere
1521 1902 1806 1956 verebatur
1832 1918 1848 1955 :
1878 1902 2000 1957 ideo

411 2003 562 2048 tanto
590 2003 828 2063 tempore
852 1992 1142 2058 remansit,
1193 2000 1250 2047 ut
1292 2007 1412 2046 cum
1453 1992 1599 2046 dono
1637 1997 1998 2061 'compareret.

417 2082 650 2137 Adduxit
669 2097 820 2153 ergo,
861 2095 926 2138 ac
949 2082 1183 2152 reliquit,
1221 2096 1319 2137 nec
1347 2097 1480 2151 puer
1511 2097 1540 2135 a
1571 2097 1800 2136 mamma
1831 2082 2004 2137 divul-

415 2191 510 2233 sus
537 2178 761 2233 moleste
788 2177 927 2242 tulit,
955 2177 1079 2232 licet
1104 2177 1285 2231 sciatis
1323 2191 1482 2246 quam
1506 2175 1716 2231 soleant
1741 2175 2003 2246 indignari

417 2272 566 2342 pueri
587 2271 794 2341 quoties
814 2285 842 2324 a
869 2271 1006 2326 lacte
1029 2268 1369 2340 depelluntur
1391 2269 1468 2339 (α)
1499 2285 1513 2323 :
1541 2282 1723 2323 verum
1762 2282 1864 2322 nec
1890 2267 2006 2337 ipse

417 2377 553 2432 puer
580 2376 723 2432 tegre
750 2360 869 2416 tulit
913 2375 942 2414 a
989 2368 1159 2414 matre
1199 2359 1460 2423 divulsus,
1505 2359 1598 2416 sed
1625 2357 1698 2417 ad
1723 2356 2002 2412 Dominum

420 2451 675 2523 respexit,
705 2451 794 2524 qui
823 2451 989 2522 ipsam
1018 2459 1242 2506 matrem
1270 2450 1503 2515 fecerat;
1542 2463 1642 2504 nec
1691 2450 1806 2519 ipsa
1837 2457 2008 2503 mater

419 2543 591 2599 doluit
610 2560 638 2597 a
667 2559 836 2614 puero
865 2543 1126 2612 sejuncta,
1155 2543 1276 2612 quia
1299 2542 1594 2596 naturalem
1621 2540 1867 2596 allectum
1884 2539 2011 2595 vicit

423 2633 786 2690 interveniens
809 2633 997 2703 gratia,
1022 2642 1076 2687 et
1107 2644 1330 2701 uterque
1359 2645 1418 2685 se
1447 2646 1567 2685 cum
1618 2631 1788 2685 altero
1833 2631 2011 2686 vivere

421 2723 788 2780 existimabat.
819 2721 1280 2790 Quemadmodum
1311 2722 1498 2776 eodem
1531 2723 1580 2775 in
1607 2721 1725 2776 loco
1754 2720 1859 2776 ﬁxa
1889 2723 2012 2778 vitis

427 2816 481 2870 in
503 2814 719 2884 longum
747 2813 991 2885 producit
1022 2813 1267 2883 palmites
1291 2854 1305 2874 .
1337 2822 1392 2868 et
1415 2830 1510 2868 uva
1536 2816 1704 2869 multo
1733 2815 2014 2870 intervalla

427 2906 688 2976 pendens,
719 2905 884 2962 radici
915 2905 1083 2962 haeret
1113 2923 1128 2959 :
1161 2906 1341 2962 itidem
1381 2916 1437 2961 et
1465 2906 1520 2961 in
1553 2907 1652 2960 hac
1693 2907 1890 2962 accidit
1939 2906 2017 2961 fe-

429 2999 594 3064 mina,
623 3013 743 3068 quze
771 2999 826 3053 in
852 2998 984 3054 urbe
1007 3013 1234 3053 manens
1260 3013 1430 3068 usque
1453 2999 1519 3053 ad
1544 3000 1800 3067 templum
1826 3009 2015 3054 exten-

429 3089 511 3145 dit
529 3103 686 3146 suum
707 3091 1001 3160 palmitem,
1030 3099 1190 3162 atque
1217 3091 1326 3146 illic
1349 3108 1504 3145 uvam
1533 3093 1810 3162 suspendit
1841 3104 2016 3147 matu-

433 3198 549 3238 ram
580 3201 595 3237 :
628 3198 728 3238 nec
753 3183 1089 3238 intervallum
1119 3184 1244 3238 illud
1277 3184 1442 3238 ullum
1472 3165 2018 3254 attulitimpedimen-

433 3281 547 3328 tum
575 3315 591 3340 ,
620 3287 744 3328 cum
771 3274 968 3328 caritas
995 3290 1113 3344 qtae
1149 3275 1441 3330 secundum
1472 3276 1639 3331 Deum
1665 3285 1766 3341 est,
1799 3291 2020 3346 puerum

436 3367 590 3422 matri
606 3368 901 3440 copularct.
916 3368 1245 3442 Quamquam
1266 3371 1406 3427 enim
1431 3382 1560 3428 artas
1578 3380 1691 3428 erat
1719 3373 2019 3438 immatura,

437 3459 604 3512 virtus
656 3470 831 3516 tamen
881 3463 1066 3518 aderat
1116 3476 1365 3518 matura:
1405 3463 1923 3538 ascendentibusque
1970 3464 2021 3518 in

438 3552 694 3623 templum
726 3555 975 3611 omnibus
1020 3557 1201 3612 multae
1250 3558 1522 3629 religionis
1560 3561 1812 3630 magister
1856 3561 2025 3616 factus

437 3655 540 3700 est.
565 3645 697 3700 Nam
741 3647 967 3702 illidunt
1013 3649 1344 3720 inquirerent
1386 3650 1761 3724 discerenlque
1807 3653 2023 3708 modum

439 3738 694 3793 natalium
725 3739 887 3807 illius,
911 3741 1122 3797 abunde
1149 3758 1397 3814 magnum
1423 3744 1671 3800 solatium
1694 3745 2028 3817 accipiebant

437 3829 552 3899 spei
573 3845 691 3902 (pne
717 3839 940 3903 esterga
963 3831 1152 3888 Deum.
1175 3833 1357 3905 Neque
1377 3835 1678 3906 quisquam,
1706 3837 1821 3892 viso
1837 3851 2024 3908 puero,

439 3923 631 3978 tacitus
669 3925 1051 3996 descendebat,
1096 3927 1190 3983 sed
1216 3945 1403 3987 omnes
1427 3931 1800 4001 gloriﬁcabant
1829 3932 1977 3988 illum
2009 3974 2026 4000 ,

439 4030 471 4069 a
498 4031 605 4086 quo
636 4027 833 4088 prmter
857 4033 1006 4094 spem
1033 4019 1188 4076 datus
1208 4032 1346 4076 erat.
1380 4023 1526 4078 lianc
1552 4025 1623 4079 ob
1651 4039 1867 4081 causam
1889 4028 2030 4082 Deus

441 4107 652 4163 distulit
680 4119 912 4180 partum,
944 4119 1000 4165 ut
1021 4110 1160 4166 hanc
1189 4122 1407 4184 angeret
1449 4116 1796 4186 voluptatem,
1824 4126 1880 4172 ut
1909 4133 2030 4172 mu-

446 4197 631 4252 liercnt
654 4199 906 4254 redderet
930 4200 1298 4258 illustriorem.
1321 4204 1452 4259 Nam
1480 4208 1802 4278 quicumque
1821 4209 2032 4264 calami-

442 4297 607 4346 tatem
642 4289 758 4361 ejus
809 4303 1087 4362 noverant,
1141 4296 1176 4351 ii
1222 4305 1386 4353 testes
1417 4298 1537 4354 facti
1581 4303 1764 4370 gratia:
1818 4303 1909 4359 Dei
1936 4321 1951 4359 :
1977 4313 2034 4359 et

442 4382 586 4453 quod
615 4383 774 4454 longo
805 4394 1042 4457 tempore
1072 4389 1266 4444 mansit
1290 4389 1342 4444 in
1368 4392 1616 4460 orbitate,
1641 4393 1836 4463 effecit,
1883 4404 1940 4451 ut
1979 4407 2035 4453 et

441 4473 558 4551 ipsa
593 4475 774 4530 multis
801 4487 944 4532 esset
973 4478 1166 4542 notior,
1192 4489 1242 4532 et
1267 4481 1334 4535 ab
1365 4484 1612 4539 omnibus
1642 4487 1793 4541 beata
1843 4489 2035 4558 praedi-

443 4569 680 4627 caretur,
711 4573 960 4636 essetque
1007 4568 1056 4621 in
1091 4567 1481 4626 admiratione:
1511 4573 1740 4645 ltincque
1788 4579 1987 4635 factum
2015 4621 2030 4646 ,

448 4660 508 4704 ut
536 4666 630 4720 per
660 4652 800 4708 illam
829 4655 936 4710 Deo
959 4657 1158 4725 gratias
1183 4670 1404 4726 agerent
1436 4677 1594 4731 quam
1625 4665 1855 4733 plurimi.
1910 4670 2036 4728 llmc

450 4741 572 4796 ideo
601 4741 811 4812 loquor,
852 4754 910 4800 ut
935 4747 1142 4806 etiatusi
1171 4765 1267 4805 nos
1311 4749 1538 4807 feminas
1581 4768 1794 4812 sanctas
1824 4763 2036 4816 noveri-

450 4849 573 4889 mus
594 4833 649 4889 in
677 4834 904 4893 orbitate
929 4848 1018 4892 aut
1052 4839 1104 4893 in
1131 4841 1233 4895 alia
1255 4858 1492 4899 aerumna
1519 4846 1795 4917 degentes,
1832 4867 1898 4907 ne
1917 4869 2034 4908 mo-

447 4932 588 4989 lestc
607 4930 864 4998 feramus,
893 4947 1028 4988 neve
1067 4932 1424 5005 indignemur,
1474 4953 1574 4994 nec
1612 4939 1853 4998 dicamus
1895 4947 2033 5016 apud

453 5020 704 5090 uosipsos
729 5038 742 5074 :
773 5021 950 5090 Quare
979 5023 1119 5080 Deus
1148 5024 1392 5096 despexit
1436 5029 1714 5086 mulierem
1744 5042 1887 5090 tanta
1921 5038 2036 5106 pie-

451 5120 564 5166 tate
586 5111 886 5182 prteditam,
919 5129 1019 5170 nec
1061 5115 1209 5171 dedit
1251 5117 1496 5187 prolem?
1533 5120 1716 5194 Neque
1745 5126 1888 5180 enim
1937 5128 2035 5183 ista

449 5213 577 5259 sunt
604 5205 941 5276 negligentis,
973 5207 1067 5264 sed
1093 5207 1194 5265 hoc
1211 5210 1365 5266 nobis
1389 5213 1642 5283 expedire
1656 5217 1848 5272 melius
1863 5219 2037 5275 scien-

451 5296 522 5349 tis
550 5311 710 5364 quam
734 5298 933 5368 nosipsi
963 5300 1183 5354 scimus.
1213 5303 1466 5358 Ascendit
1497 5305 1654 5375 igitur
1677 5308 1727 5362 in
1752 5311 2031 5382 templum,

449 5395 506 5441 et
530 5399 728 5458 agnum
756 5389 960 5444 induxit
991 5391 1045 5446 in
1069 5392 1209 5446 ovile
1229 5407 1293 5449 ac
1321 5393 1544 5451 vitulum
1569 5399 1819 5464 perduxit
1849 5401 1916 5456 ad
1944 5418 2034 5457 ar-

451 5486 712 5544 mentum,
736 5489 789 5534 et
817 5480 868 5534 in
899 5497 989 5550 pra
998 5491 1108 5537 tum
1123 5483 1530 5546 deduxitrosam
1546 5502 1576 5541 a
1593 5488 1761 5559 spinis
1790 5492 2034 5560 liberam,

454 5585 656 5640 rosam,
680 5573 919 5644 inquam,
941 5590 1058 5647 qua:
1085 5592 1376 5648 numquam
1402 5584 1704 5651 marcescit,
1759 5585 1853 5642 sed
1881 5587 2036 5644 floret

455 5703 708 5826 “(gemo
733 5707 880 5762 multa
913 5711 1147 5774 deerant,
1188 5727 1299 5778 qua:
1319 5714 1576 5784 desumpta
1597 5733 1711 5777 sunt
1734 5740 1796 5778 ex
1820 5724 2033 5780 Colbert.

1127 323 1186 380 S.
1225 317 1501 378 JOANNIS
1519 304 1995 372 CllRYSOSTOHl
2033 303 2357 364 ABCHIEP.
2395 307 2926 368 CONSTANTINOP.

3560 314 3673 374 656

2083 433 2363 496 perpetuo,
2393 437 2618 494 qureqne
2645 424 2810 493 possit
2848 423 2918 479 ad
2957 429 3134 494 ipsum
3160 436 3329 496 usque
3353 423 3549 480 calum
3571 442 3675 480 ex-

2085 515 2256 580 tendi,
2278 516 2432 585 cujus
2461 513 2749 585 fragrantia
2774 515 2826 570 in
2852 514 3170 570 hodiernum
3202 530 3371 585 usque
3395 515 3542 571 diem
3567 532 3672 585 po-

2085 609 2290 662 tiuntur
2312 621 2504 662 omnes
2537 607 2627 678 qui
2675 616 2935 662 terrarum
2968 607 3202 661 incolunt
3235 605 3442 662 orbem.
3467 607 3678 664 Tantus

2085 711 2348 753 annorum
2368 713 2624 754 numerus
2652 699 2929 767 praeteriit,
2975 709 3030 753 ct
3083 708 3262 754 tamen
3288 699 3502 754 virtutis
3530 699 3681 754 illius

2089 790 2376 861 fragrantia
2403 805 2619 862 semper
2642 791 2898 861 augescit,
2925 805 3024 845 nec
3074 800 3217 845 tanta
3257 792 3514 862 temporis
3554 810 3678 848 ma-

2089 881 2369 954 gnitudine
2391 881 2530 936 facta
2557 889 2643 937 est
2668 879 2982 952 languidior.
3016 879 3158 935 Talis
3185 880 3330 936 enim
3362 891 3443 938 est
3489 899 3676 938 rerum

2091 973 2451 1044 spiritualium
2478 983 2694 1028 natura.

2164 1068 2217 1122 3.
2242 1065 2578 1136 Comparatur
2602 1067 2764 1120 Anule
2789 1064 3094 1133 sacriﬁcium
3119 1065 3494 1134 cumsacriﬁcio
3509 1084 3684 1121 sacer-

2092 1157 2225 1214 dotis
2244 1167 2291 1212 et
2309 1157 2561 1226 sacriﬁcio
2581 1155 2818 1210 Abralue.
2854 1156 3014 1211 Amne
3039 1156 3284 1210 modestia
3313 1166 3360 1210 et
3380 1167 3554 1216 aratas
3567 1176 3684 1212 ant-

2095 1267 2228 1308 tnus.
2244 1280 2316 1293 ——
2328 1249 2586 1307 Ascendit
2607 1249 2766 1318 igitur
2779 1248 3094 1320 pra-clarum
3124 1245 3250 1303 illud
3267 1263 3482 1318 germen
3501 1260 3683 1304 trans-

2097 1351 2364 1420 plantans,
2381 1343 2892 1418 etquemadmodum
2920 1342 3166 1397 industrii
3187 1340 3431 1411 agricolae
3451 1343 3686 1414 primum

2097 1457 2281 1498 semen
2309 1442 2362 1496 in
2393 1449 2592 1494 terram
2620 1437 2912 1507 deponunt,
2936 1434 3198 1505 cupressi,
3217 1445 3312 1488 aut
3334 1434 3560 1490 aliarum
3591 1451 3686 1489 ξιτ-

2100 1536 2290 1590 borum
2315 1531 2592 1595 similium,
2621 1527 2836 1596 deinde,
2868 1527 2956 1582 ubi
2977 1536 3372 1595 conspexerunt
3409 1541 3440 1580 a
3478 1527 3688 1583 semine

2103 1627 2295 1682 factam
2321 1624 2594 1690 arborem,
2627 1637 2734 1676 non
2778 1620 3086 1690 relinquunt
3111 1619 3162 1672 in
3190 1618 3380 1675 eadem
3409 1629 3568 1684 terra,
3588 1619 3686 1674 sed

2104 1719 2226 1775 inde
2253 1718 2518 1774 revulsam
2539 1716 2591 1770 in
2622 1714 2764 1769 aliud
2792 1711 3123 1769 transferunt
3141 1711 3340 1778 solum,
3375 1721 3434 1769 ut
3456 1723 3593 1767 terra
3623 1714 3675 1766 in

2104 1825 2292 1867 recens
2320 1810 2528 1881 gremio
2549 1823 2650 1864 suo
2671 1815 2951 1876 exceptam
2974 1804 3113 1860 illius
3143 1803 3400 1868 radicem,
3431 1819 3614 1874 puram
3631 1814 3686 1858 et

2106 1904 2368 1974 integram
2395 1903 2506 1956 vim
2535 1915 2689 1956 suam
2718 1897 2951 1970 proferat
2977 1897 3044 1953 ad
3075 1913 3195 1953 eam
3221 1897 3466 1954 alendam
3497 1915 3510 1951 :
3541 1900 3614 1954 sic
3637 1908 3691 1964 et

2107 1997 2222 2050 haec
2249 1996 2372 2051 fecit
2397 1994 2610 2060 mulier,
2633 2008 2752 2064 quae
2779 2007 3005 2062 puerum
3032 2001 3228 2061 praeter
3253 2007 3404 2061 spem
3430 1991 3691 2061 prosemi-

2109 2099 2292 2144 natum
2321 2088 2374 2142 in
2405 2096 2558 2143 utero
2599 2101 2628 2139 a
2673 2083 2834 2140 domo
2882 2084 3168 2150 transtulit,
3229 2093 3286 2140 et
3337 2086 3391 2138 in
3438 2086 3694 2153 templum

2111 2181 2546 2252 transplantavit,
2588 2178 2679 2233 ubi
2724 2183 2992 2247 perpetua:
3017 2184 3144 2231 sunt
3187 2175 3412 2230 fontium
3437 2174 3694 2238 scatebra:

2109 2283 2165 2329 et
2190 2272 2524 2343 irrigationes
2577 2268 2915 2340 spirituales,
2971 2276 3030 2323 ut
3077 2267 3259 2322 videre
3314 2268 3522 2322 licuerit
3564 2267 3694 2322 illud

2112 2365 2485 2437 propheticum
2511 2364 2566 2420 in
2591 2364 2697 2418 illis
2722 2363 2949 2434 impleri,
2975 2361 3115 2432 quod
3149 2361 3313 2416 David
3339 2361 3494 2428 dixit,
3523 2361 3591 2414 ita
3608 2375 3698 2415 ca-

2115 2471 2249 2512 nens
2275 2472 2290 2510 :
2321 2455 2511 2510 Beatus
2529 2457 2605 2509 uir
2627 2455 2716 2525 qui
2743 2472 2845 2510 non
2891 2453 3164 2507 ambulavit
3188 2453 3243 2506 in
3282 2453 3494 2507 consilio
3522 2453 3701 2522 impio-

2112 2567 2248 2616 rum,
2278 2560 2324 2605 et
2341 2553 2392 2605 in
2417 2551 2499 2605 via
2519 2559 2834 2620 peccatorum
2859 2565 2960 2603 non
2976 2547 3129 2612 stetit,
3152 2555 3197 2600 et
3219 2563 3373 2615 super
3393 2546 3698 2602 cathedram

2119 2642 2417 2714 pestilentia
2441 2657 2542 2694 non
2566 2641 2694 2694 salit
2715 2656 2734 2694 :
2761 2639 2850 2694 sed
2869 2640 2920 2692 in
2949 2639 3058 2710 lege
3080 2636 3284 2692 Domini
3308 2637 3538 2691 uoluntas
3559 2638 3698 2705 ejus,

2116 2745 2164 2788 et
2193 2735 2247 2788 in
2274 2734 2381 2804 lege
2399 2734 2510 2804 ejus
2548 2727 2889 2782 meditabitur
2923 2727 3009 2780 die
3041 2743 3105 2779 ac
3142 2738 3281 2781 nocte
3320 2744 3340 2781 :
3365 2739 3411 2781 et
3435 2729 3528 2780 erit
3552 2737 3698 2779 tam-
3786 2785 3802 2796 ~

2118 2844 2272 2900 quam
2305 2829 2499 2898 lignum
2521 2825 2660 2897 quod
2680 2824 2962 2895 plumatum
2988 2831 3060 2876 est
3093 2838 3230 2877 secus
3257 2822 3490 2874 decursus
3530 2834 3702 2886 aqua.

2119 2938 2258 2982 runt,
2289 2918 2426 2991 quod
2456 2921 2677 2989 fructum
2697 2932 2845 2970 suum
2860 2914 3000 2969 dabit
3018 2915 3072 2969 in
3099 2923 3319 2983 tempore
3341 2929 3429 2967 suo
3451 2910 3628 2983 (Psal.
3650 2910 3704 2963 ι.

2124 3014 2150 3069 1
2185 3043 2214 3054 -
2240 3011 2318 3083 5).
2357 3011 2540 3081 Neque
2588 3010 2731 3063 enim
2773 3017 2891 3077 post
2918 3005 3135 3061 malitia:
3153 3004 3534 3074 experientiam
3561 3001 3711 3060 venit

2124 3105 2191 3159 ad
2223 3103 2439 3159 malitia:
2468 3101 2846 3156 remissionem
2865 3099 2989 3165 ,sed
3004 3099 3071 3154 ad
3090 3097 3222 3167 ipsis
3237 3093 3524 3150 cunabulis
3543 3091 3711 3145 virtu-

2127 3206 2238 3252 tem
2263 3197 2426 3267 elegit
2451 3211 2466 3260 ;
2515 3211 2620 3249 non
2653 3192 2840 3247 ltabuit
2866 3189 3200 3244 consortium
3221 3200 3345 3241 cum
3370 3183 3711 3239 comest-ibus

2129 3286 2394 3357 iniquitati
2419 3285 2685 3350 obnoxiis,
2719 3296 2892 3352 neque
2920 3278 3355 3335 communionem
3376 3275 3558 3329 habuit
3586 3286 3714 3328 cum

2128 3376 2516 3434 conventiculis
2537 3375 2808 3444 impietate
2833 3371 3000 3442 plenis
3025 3389 3040 3425 :
3069 3370 3164 3426 sed
3181 3370 3353 3440 prima
3379 3365 3556 3422 statim
3583 3379 3718 3433 pae-

2131 3470 2252 3525 ritia
2280 3484 2310 3522 a
2333 3483 2559 3522 mamma
2588 3466 2772 3520 matris
2793 3465 2939 3521 venit
2961 3464 3028 3518 ad
3055 3475 3340 3518 mammam
3361 3457 3711 3529 spiritualem.

2133 3561 2202 3616 Et
2229 3559 2678 3635 quemadmodum
2707 3557 2869 3612 arbor
2893 3565 3149 3626 perpetua
3179 3552 3487 3622 irrigatione
3517 3549 3567 3604 in
3603 3562 3718 3601 ma-

2130 3675 2288 3732 gnam
2345 3659 2607 3714 excrescit
2657 3651 3032 3710 altitudinem:
3063 3649 3141 3704 sic
3183 3656 3238 3703 et
3288 3645 3376 3701 hic
3415 3644 3716 3700 divinorum

2134 3751 2465 3822 eloquiorum
2516 3739 2758 3803 doctrina
2804 3745 3019 3800 assidue
3061 3739 3347 3816 irrigatus,
3394 3735 3460 3794 ad
3507 3733 3719 3792 virtutis

2133 3842 2404 3914 fastigium
2449 3839 2714 3911 pervenit.
2770 3840 2884 3908 Age
2928 3836 3205 3892 videamus
3253 3831 3520 3905 quomodo
3570 3829 3716 3884 illum

2133 3937 2382 4008 plantarit
2405 3952 2419 3999 ;
2448 3943 2714 3990 sectemur
2726 3932 3022 3995 mulierem,
3040 3930 3198 3984 simul
3214 3943 3336 3981 cum
3357 3926 3444 3981 illa
3462 3924 3720 3994 templum

2138 4029 2512 4098 ingredianmr.
2526 4025 2780 4088 Ascendit,
2805 4023 2994 4094 inquit,
3023 4039 3138 4076 cum
3157 4021 3246 4075 illo
3273 4020 3326 4074 in
3345 4018 3516 4075 Selom
3534 4018 3551 4047 ¹
3575 4017 3628 4070 in
3648 4015 3724 4069 ri-

2138 4120 2244 4174 tulo
2259 4120 2440 4173 trienni
2456 4121 2531 4190 (l.
2543 4117 2667 4189 Reg.
2689 4119 2737 4175 l.
2750 4117 2868 4187 2i).
2883 4115 2998 4170 .lam
3016 4114 3284 4186 geminum
3301 4108 3685 4166 litsacrilicium
3704 4120 3721 4161 :

2138 4223 2193 4268 et
2217 4223 2333 4268 erat
2360 4211 2554 4266 vitulus
2585 4210 2671 4264 hic
2700 4207 3044 4272 irrationalis,
3079 4207 3165 4261 ille
3193 4203 3504 4266 rationalis;
3551 4211 3610 4256 et
3654 4201 3720 4255 il-

2140 4306 2246 4360 lum
2275 4305 2488 4375 quidem
2515 4302 2768 4358 sacerdos
2798 4300 3112 4366 immolavit,
3147 4298 3288 4353 hunc
3316 4313 3444 4353 vero
3459 4294 3723 4350 dedicavit

2141 4398 2362 4463 mulier;
2391 4405 2609 4466 eratque
2636 4394 2872 4449 mulieris
2898 4393 3109 4447 victima
3139 4391 3328 4446 melior
3347 4405 3502 4460 quam
3526 4387 3724 4454 hostia,

2140 4506 2299 4561 quam
2326 4487 2519 4544 obtulit
2559 4486 2835 4543 sacerdos.
2866 4485 2992 4541 [lace
3021 4500 3239 4541 suorum
3269 4483 3536 4538 viscerum
3583 4480 3724 4534 facta

2141 4589 2224 4637 est
2244 4578 2600 4635 sacerdotissa
2626 4593 2640 4643 ;
2674 4578 2875 4632 imitata
2903 4585 2987 4632 est
3017 4575 3372 4647 patriarcltam
3405 4571 3669 4628 Abraham
3707 4612 3726 4635 ,

2141 4687 2368 4742 cumque
2395 4671 2486 4724 illo
2513 4679 2784 4724 certamen
2814 4669 3069 4738 suscepit.
3095 4667 3200 4723 Sed
3227 4665 3315 4720 ille
3332 4664 3544 4733 quidem
3557 4663 3726 4716 filium

2142 4772 2412 4832 receptum
2445 4760 2656 4815 reduxit
2710 4759 2778 4816 de
2835 4769 3050 4825 monte;
3079 4761 3196 4816 haec
3246 4772 3373 4811 vero
3421 4755 3632 4823 reliquit
3672 4753 3729 4806 in

2143 4855 2367 4925 templo,
2422 4864 2477 4910 ut
2527 4855 2634 4909 illic
2658 4864 2916 4925 perpetuo
2947 4861 3205 4909 maneret.
3255 4850 3393 4916 Quin
3427 4849 3599 4920 potius
3640 4846 3732 4900 ille

2142 4961 2353 5017 quoque
2372 4954 2537 5001 totum
2553 4945 2818 5001 dedicavit
2839 4958 2855 4998 :
2883 4959 3014 5000 cave
3031 4944 3172 4999 enim
3191 4942 3317 4998 illud
3339 4949 3566 5012 Spectes,
3586 4937 3731 5009 quod

2145 5053 2248 5092 non
2276 5039 2491 5102 occidit,
2518 5039 2612 5096 sed
2644 5037 2785 5108 quod
2832 5038 3011 5092 animo
3050 5045 3218 5090 totum
3267 5035 3491 5105 peregit.
3541 5031 3733 5086 Vidisti

2145 5129 2397 5184 feminam
2420 5145 2541 5183 cum
2573 5131 2692 5183 viro
2720 5128 3120 5182 decertantem?
3144 5126 3321 5181 vidisti
3355 5125 3481 5180 nihil
3526 5139 3554 5178 a
3597 5139 3734 5179 sex

2143 5223 2395 5287 vetitam,
2447 5224 2731 5292 quominus
2775 5221 3118 5276 aemularetur
3169 5218 3567 5290 patriarcbam?
3626 5215 3736 5272 Sed

2146 5313 2441 5381 videamus,
2477 5315 2744 5385 quomodo
2771 5313 2916 5367 illum
2963 5312 3307 5366 consecrarit.
3349 5313 3508 5374 Adiit,
3560 5312 3738 5380 inquit

2145 5404 2418 5474 Scriptura
2441 5445 2457 5469 ,
2504 5404 2845 5468 sacerdotem,
2894 5421 2953 5458 ac
2978 5403 3108 5458 dixit
3145 5403 3266 5457 illi:
3295 5402 3360 5456 In
3387 5420 3482 5468 me,
3532 5402 3745 5456 domine

2147 5495 2306 5568 (Ibid.
2325 5513 2373 5552 υ.
2393 5496 2509 5567 26).
2529 5497 2663 5566 Quid
2691 5497 2903 5553 tandem
2935 5507 3018 5552 est
3042 5494 3191 5558 illud,
3217 5493 3282 5550 In
3308 5512 3386 5549 me
3402 5495 3428 5549 2
3454 5495 3736 5559 Ausculta,

2148 5590 2336 5659 inquit,
2377 5589 2664 5660 diligenter
2687 5607 2806 5662 qua:
2833 5593 3038 5662 loquar.
3057 5590 3320 5658 Quoniam
3346 5591 3566 5644 multum
3589 5597 3736 5644 tem-

2148 5684 2291 5751 poris
2313 5682 2422 5752 jam
2455 5683 2852 5748 intercesserat,
2883 5683 3062 5738 studet
3103 5681 3190 5737 illa
3229 5698 3348 5754 qua!
3394 5681 3541 5753 prius
3590 5680 3745 5736 dicta

2213 5800 2228 5830 '
2263 5797 2393 5848 colb.
2421 5810 2565 5862 unus,
2587 5798 2748 5860 Silam,
2776 5806 2826 5851 et
2847 5805 2916 5850 sic
2939 5804 3084 5852 etiam
3106 5812 3268 5862 supra.
