4110 6214
527 299 634 356 657

527 423 609 474 λιν
637 419 744 474 τῶν
774 421 965 490 πρώην
987 419 1290 490 εἰρημένων
1308 435 1320 447 ·
1345 419 1424 471 διό
1459 435 1622 488 φησιν
1641 437 1654 449 ·
1691 418 1794 471 Ἐν
1819 418 1968 487 ἐμοὶ,
1995 419 2097 470 κύ-

527 520 644 571 ριε’
674 502 739 571 ζῇ
789 505 826 570 ἡ
857 503 1024 571 ψυχή
1058 517 1172 556 σου
1198 517 1212 530 ο
1251 501 1365 569 ἐγὼ
1397 502 1434 567 ἡ
1466 501 1620 568 γυνὴ
1663 503 1702 568 ἡ
1745 502 2096 556 καταστᾶσα

527 586 782 653 ἐνώπιόν
827 601 941 639 σου
989 586 1058 638 ἐν
1100 583 1178 649 τῷ
1204 583 1648 651 προσεύξασθαι
1680 586 1829 652 πρὸς
1878 587 2096 655 Κύριον

527 668 678 736 ὑπὲρ
701 667 805 720 τοῦ
827 667 1138 735 παιδαρίου
1183 668 1415 721 τούτου.
1462 667 1907 737 Προσηυξάμην
1945 669 2095 736 πρὸς

526 751 760 817 Κύριον,
793 751 890 804 καὶ
923 749 1104 804 ἐδωκέ
1138 768 1237 819 μοι
1268 749 1333 803 τὸ
1361 750 1581 820 αἴτημὰ
1612 769 1753 818 μου,
1811 751 1842 804 ὃ
1870 750 2096 818 ᾐτησὰ-

522 832 1030 901 μηνπαρ“αὐτοῦ.
1065 833 1236 902 Κάγὼ
1291 831 1474 900 κιχρῶ
1534 833 1721 886 αὐτὸν
1765 829 1844 897 τῷ
1899 833 2096 900 Κυρίῳ

526 913 726 980 πάσας
761 915 868 981 τὰς
885 915 1130 985 ἡμέρας,
1159 914 1232 982 ἀς
1340 915 1541 980 αὐτὸς,
1574 915 1828 984 χρήσειν
1859 913 1938 980 τῷ
1975 919 2093 970 Κυ-

519 999 648 1064 ρίῳ.
676 997 789 1050 Οὐκ
819 994 1000 1051 εἶπεν⁹
1035 996 1177 1066 Ἐγὼ
1205 998 1238 1069 ή
1268 998 1423 1068 γυνὴ,
1451 1001 1518 1068 ἢν
1543 997 1844 1061 ὠνείδισας,
1870 998 1935 1068 ἣν
1957 998 2094 1052 ἐλοι-

526 1080 778 1148 δόρησας,
812 1080 878 1136 ἦν
903 1081 1152 1150 ἕσκωψας
1185 1083 1264 1143 είς
1310 1082 1592 1150 παροινίαν
1633 1083 1736 1134 καὶ
1763 1081 1960 1151 μέθην·
2013 1081 2095 1134 διδ

529 1161 693 1226 ἕδειξέ
725 1179 806 1214 σοι
839 1164 867 1215 ό
895 1162 1048 1226 Θεὸς,
1078 1163 1160 1215 δτι
1180 1163 1242 1216 οὐ
1279 1163 1492 1232 μεθύωθ
1535 1165 1598 1216 σύ
1629 1163 1687 1216 δέ
1722 1162 1908 1226 ἁπλῶς
1938 1163 2094 1216 τοῦτο

527 1243 820 1307 ἐνεκάλεις.
847 1245 1009 1298 Οὐδὲν
1023 1244 1228 1298 τούτων
1243 1245 1352 1297 τῶν
1374 1245 1619 1316 τραχέων
1639 1246 1898 1316 ῥημάτων
1917 1245 2089 1311 εἶπεν,

526 1325 662 1380 ἀλλὰ
711 1326 826 1396 μετ’
863 1327 1159 1390 ἐπιεικείας
1194 1327 1542 1397 ἀποκρίνεται
1573 1340 1599 1367 ⁸
1652 1327 1880 1396 πολλῆςο
1915 1332 2092 1382 καίτοι

525 1407 625 1478 τὴν
651 1409 759 1462 ἀπὸ
783 1410 891 1463 τῶν
917 1411 1253 1482 πραγμάτων
1290 1410 1513 1464 ἔκϐασιν
1563 1409 1758 1479 ἔχουσα
1788 1410 2090 1482 μαρτυροῦ-

529 1507 628 1544 σαν
654 1492 810 1563 αὐτῇ,
843 1493 938 1546 καὶ
963 1493 1235 1563 δυναμένη
1273 1493 1526 1546 ὀνειδίσαι
1552 1491 1647 1544 νῦν
1689 1491 1768 1562 τῷ
1809 1494 1972 1558 ἱερεῖ,
2015 1494 2090 1558 ὠς

527 1573 650 1642 εἰκῆ
677 1575 770 1627 καὶ
797 1574 973 1644 μάτην
1000 1575 1166 1644 αὐτὴν
1191 1573 1528 1645 μεμψαμένῳ
1549 1576 1692 1636 τότε,
1715 1575 1866 1627 οὐδὲν
1889 1575 2091 1631 τούτων

529 1657 690 1718 ποιεῖ,
720 1655 856 1710 ἀλλά
897 1656 993 1726 τὴν
1027 1656 1342 1727 εὐεργεσίαν
1391 1654 1482 1708 τοῦ
1515 1655 1648 1708 Θεοῦ
1702 1655 1847 1724 λέγει
1909 1658 2088 1727 μόνον.

528 1739 636 1790 Καὶ
673 1737 864 1791 σκόπει
887 1737 1080 1806 δούλης
1107 1735 1545 1807 εὐγνωμοσύνην.
1595 1738 1723 1792 Ὅτε
1758 1739 1958 1808 ἔπασχε
1989 1757 2091 1793 κα-

528 1819 659 1883 κῶς,
677 1819 851 1872 οὐδενὶ
870 1821 967 1886 τὴν
990 1838 1054 1872 συ
1063 1818 1275 1890 μφοράν
1306 1819 1657 1887 ἐξεκάλυψεν,
1677 1820 1796 1874 οὐδὲ
1810 1815 1929 1872 εἷπε
1958 1821 2092 1892 πρὸς

526 1901 616 1954 τὸν
637 1902 806 1972 ἱερέα·
845 1901 1150 1971 Ἀντίζηλον
1171 1901 1279 1970 ἔχω
1305 1903 1558 1968 γυναῖκα,
1591 1901 1817 1971 κάκείνη
1845 1904 1940 1972 μὲν
1961 1904 2090 1956 ὀνει-

526 1984 742 2048 δίζουσά
770 2001 835 2054 με
864 1984 958 2038 καὶ
989 1983 1364 2056 λοιδορουμένη
1400 1983 1557 2056 χορὸν
1590 1983 1700 2054 ἔχει
1723 1984 1947 2047 παίδων,
1980 1985 2091 2054 ἐγὼ

526 2067 581 2118 δὲ
615 2068 670 2118 ἐν
704 2067 970 2138 ἐπιεικείᾳ
996 2065 1165 2132 ζῶσα,
1193 2065 1403 2119 οὐδέπω
1431 2067 1524 2118 καὶ
1555 2067 1790 2136 τήμερον
1821 2067 2089 2138 ¹ήδυνήθην

527 2149 776 2217 γενέσθαι
802 2151 1002 2221 μήτηρ,
1033 2149 1169 2203 ἀλλά
1197 2149 1509 2202 συνέκλεισε
1547 2165 1648 2217 μου
1673 2151 1701 2201 6
1721 2149 1853 2213 Θεὸς
1875 2150 1972 2220 τὴν
1991 2153 2093 2222 μήο

525 2248 680 2301 τραν,
701 2232 792 2284 καὶ
809 2231 1128 2302 θλιϐομένην
1145 2231 1286 2304 ὁρῶν
1306 2231 1404 2284 οὐκ
1427 2231 1677 2300 ἠλέησεν.
1703 2231 1866 2284 Οὐδὲν
1888 2232 2090 2287 τούτων

527 2309 698 2377 εἶπεν,
736 2313 870 2366 ἀλλὰ
925 2316 1197 2384 σιγήσασα
1249 2315 1347 2384 τῆς
1387 2314 1668 2384 συμφοράς
1697 2312 1759 2365 τὸ
1796 2308 1953 2377 εἶδος,
2009 2316 2089 2368 ὅτι

526 2397 726 2466 ἀθυμεῖ
747 2397 904 2467 μόνον
932 2395 1218 2467 ἐδήλωσεν,
1251 2395 1498 2458 είποῦσα,
1515 2396 1595 2448 ὅτι
1617 2394 1786 2464 Γυνὴ
1811 2397 1879 2450 ἐν
1902 2401 2092 2463 σκλη-

517 2477 596 2545 ρᾷ
637 2480 822 2546 ἡμέρᾳ
848 2476 960 2547 ἐγώ
982 2480 1127 2546 είμι·
1164 2479 1255 2531 καὶ
1279 2477 1384 2531 οὐδ’
1418 2478 1483 2531 ἂν
1509 2477 1665 2531 τοῦτο
1693 2478 2008 2547 ἐφθέγξατο,
2043 2480 2090 2532 εἰ

528 2561 603 2630 μὴ
636 2562 663 2612 ό
716 2560 892 2630 ἱερεὺς
936 2560 1232 2629 ἠνάγκασε,
1264 2559 1481 2629 μεθύειν
1515 2560 1860 2624 ὑποπτεύσας
1898 2563 2086 2633 αὐτὴν.

524 2641 740 2712 Ἐπειδὴ
769 2641 825 2692 δέ
853 2642 1020 2711 ἀνῆκε
1051 2641 1150 2711 τὴν
1180 2641 1393 2711 πληγὴν
1427 2641 1663 2711 ἐκείνην,
1707 2642 1798 2695 καὶ
1819 2643 1917 2712 τὴν
1946 2645 2093 2715 αἴτη-

529 2739 610 2774 σιν
631 2724 659 2774 6
682 2722 812 2784 Θεὸς
837 2721 1022 2783 ἔδωκε,
1047 2723 1166 2774 τότε
1183 2725 1326 2775 ποιεῖ
1345 2725 1630 2793 καταφανῆ
1651 2723 1750 2794 τὴν
1771 2724 2091 2794 εὐεργεσίαν

523 2803 602 2872 τῷ
627 2806 788 2874 ἱερεῖ,
815 2802 1108 2874 βουλομένη
1130 2804 1382 2857 κοινωνὸν
1401 2805 1499 2874 τῆς
1516 2805 1865 2874 εὐχαριστίας
1882 2807 2086 2870 λαϐεῖν,

523 2886 713 2956 ὥσπερ
739 2886 859 2938 τότε
888 2885 988 2953 τῆς
1016 2886 1180 2958 εὐχῆς
1218 2885 1375 2940 ἔλαϐε
1395 2903 1407 2917 ·
1432 2887 1525 2940 καί
1552 2901 1737 2958 φησιν’
1784 2888 1950 2957 Ὑπὲρ
1984 2890 2088 2944 τοῦ

523 2969 836 3037 παιδαρίου
889 2971 1114 3023 τούτου
1131 2968 1568 3038 προσηυξάμην
1589 3009 1606 3034 ,
1635 2969 1735 3023 καί
1773 2970 1956 3028 ἔδωκέ
1986 2990 2089 3041 μοι

525 3054 733 3119 Κύριος
765 3053 827 3106 τὸ
859 3051 1079 3121 αἴτημά
1117 3069 1260 3120 μου,
1291 3052 1322 3105 ὃ
1346 3051 1664 3121 ᾐτησάμην
1704 3055 1838 3122 παρ’
1877 3055 2082 3110 αὑτοῦ.

526 3135 633 3188 Καὶ
661 3135 778 3188 νῦν
806 3135 993 3203 κιχρῶ
1015 3136 1202 3188 αὐτόν
1232 3132 1311 3199 τῷ
1333 3135 1545 3202 Κυρίῳ.
1578 3135 1718 3205 Ὅρα
1735 3137 1849 3199 πῶς
1875 3140 2089 3210 μετριά-

523 3221 622 3284 ζει.
657 3219 745 3289 Μὴ
784 3217 1010 3288 νομίσῃς
1047 3234 1113 3288 με
1141 3218 1284 3288 μέγα
1333 3234 1383 3270 τι
1412 3216 1506 3270 καὶ
1535 3216 1841 3288 θαυμαστὸν
1892 3225 2084 3286 ποιεῖν,

522 3304 704 3373 φησὶν,
739 3303 819 3354 ὅτι
856 3300 915 3354 τὸ
959 3300 1167 3354 παιδίον
1204 3299 1497 3370 ἀνατίθημι
1519 3317 1534 3330 ⁸
1563 3302 1664 3354 οὐκ
1691 3301 1800 3370 ἐγὼ
1842 3303 2086 3373 κατῆρξα

519 3385 613 3438 τοῦ
690 3384 1144 3454 κατορθώματος,
1207 3382 1354 3454 [727]
1421 3382 1534 3436 ἀλλ’
1605 3383 1825 3454 ὀφειλὴν
1895 3385 2083 3438 ἀποδί·

521 3468 680 3538 δωμι.
732 3466 1199 3538 Παρακαταθήκην
1227 3466 1335 3536 γὰρ
1360 3464 1569 3526 ἔλαϐον,
1617 3465 1712 3516 καὶ
1731 3465 1933 3536 ταύτην
1951 3468 2082 3520 ἀπο-

521 3551 817 3621 καθίστημι
850 3549 927 3618 τῷ
955 3547 1225 3602 δεδωκότι.
1259 3548 1367 3600 Καὶ
1408 3545 1586 3601 ταῦτα
1624 3547 1694 3600 τά
1747 3549 1965 3619 ῥήματα
1999 3550 2084 3603 λέ»

519 3651 708 3699 γουσα,
729 3634 818 3687 καὶ
841 3631 1036 3702 ἑαυτὴν
1058 3630 1289 3684 ἀνετίθει
1309 3629 1445 3700 μετά
1461 3628 1560 3682 τοῦ
1580 3629 1816 3698 παιδίου,
1835 3632 1976 3688 καθά
1985 3651 2086 3705 περ

520 3720 676 3788 σειρᾷ
696 3735 821 3778 τινι,
853 3719 918 3785 τῇ
944 3715 1041 3786 τῆς
1075 3714 1287 3783 φύσεως
1317 3712 1646 3784 συμπαθείᾳ,
1683 3713 1817 3785 πρὸς
1843 3714 1942 3770 τὸν.
1958 3716 2084 3769 ναὸν

518 3802 715 3870 ἑαυτὴν
740 3799 1070 3868 ἀναδήσασα.

589 3885 651 3937 δ’.
669 3885 727 3936 Εἰ
754 3882 860 3952 γὰρ
886 3881 1058 3934 ὃπουὸ
1072 3879 1343 3950 θησαυρὸς
1365 3877 1458 3932 τοῦ
1482 3878 1787 3950 ἀνθρώπου.
1805 3882 1922 3934 ἐκεῖ
1942 3883 2078 3953 καὶή

519 3965 711 4036 καρδία
745 3963 928 4024 αὐτοῦ,
959 3961 1136 4031 πολλῷ
1171 3961 1366 4032 μᾶλλον
1393 3962 1528 4015 ὅπου
1551 3961 1613 4014 τὸ
1638 3963 1845 4016 παιδίον
1868 3965 1964 4032 τῆς
1986 3981 2052 4031 γυ
2069 3994 2081 4004 -

519 4048 718 4110 ναικὸς,
753 4048 867 4099 ἐκεῖ
896 4045 988 4097 καὶ
1015 4044 1048 4113 ή
1077 4043 1281 4095 διάνοια
1313 4043 1409 4111 τῆς
1441 4044 1645 4113 μητρὸς
1670 4039 1760 4113 ἦν,
1794 4045 1886 4096 καὶ
1915 4045 1946 4116 ὴ
1977 4062 2051 4113 γα

520 4129 654 4199 στὴρ
687 4130 855 4196 αὐτῆς
884 4126 1130 4193 εὐλογίας
1154 4123 1456 4194 ἐπληροῦτο
1497 4125 1676 4178 πάλιν.
1728 4126 1944 4198 Ἐπειδὴ
1972 4128 2081 4197 γὰρ

517 4212 686 4266 ταῦτα
723 4207 844 4263 εἶπε
867 4209 932 4260 τὰ
964 4209 1202 4279 ῥήματα,
1233 4209 1328 4260 καὶ
1352 4207 1583 4277 ηὔξατο,
1618 4209 1849 4262 ἄκουσον
1881 4211 1933 4263 τί
1979 4228 2082 4280 φη-

520 4315 601 4350 σιν
622 4299 648 4350 ό
671 4297 845 4368 ἱερεὺς
871 4293 1005 4364 πρὸς
1025 4293 1114 4346 τὸν
1151 4291 1383 4345 Ἐλκανά
1407 4307 1419 4321 ·
1460 4291 1790 4357 Ἀνταποδῷ
1817 4307 1916 4346 σοι
1958 4292 2078 4347 Κύ-

510 4397 640 4446 ριος
693 4377 927 4444 σπέρμα
970 4374 1172 4442 ἕτερον
1201 4374 1319 4428 ἀπὸ
1347 4373 1459 4441 τῆς
1512 4375 1796 4442 γυναικὸς
1837 4377 2076 4442 ταύτης.

516 4463 647 4515 ἀντὶ
705 4460 810 4512 τοῦ
865 4458 1099 4524 χρέους,
1156 4452 1226 4510 οὗ
1261 4457 1530 4523 ἔχρησας
1564 4453 1643 4512 τῶ
1681 4455 1892 4522 Κυρίῳ.
1924 4457 2080 4526 Παρά

521 4544 617 4609 μὲν
647 4540 742 4609 τὴν
767 4540 937 4610 ἀρχὴν
959 4539 1058 4590 οὐκ
1079 4537 1262 4603 ἔλεγεν
1281 4577 1296 4600 ,
1319 4535 1650 4600 Ἀνταποδῷ
1682 4551 1780 4589 σοι
1799 4551 1814 4566 ’
1836 4535 1971 4589 ἀλλά
1999 4538 2074 4604 τί;

517 4622 638 4689 Δῴη
697 4639 793 4675 σοι
845 4621 968 4674 πᾶν
999 4618 1214 4687 αἴτημά
1262 4633 1397 4672 σου.
1445 4617 1657 4687 Ἐπειδὴ
1704 4618 1760 4670 δὲ
1797 4619 2078 4691 ὀφειλέτην

517 4705 810 4774 κατέστησε
836 4703 926 4754 τὸν
958 4702 1112 4766 Θεὸν,
1143 4698 1473 4763 Ἀι--ταποδῷ
1501 4715 1617 4763 σοι,
1645 4699 1811 4768 λέγει,
1837 4704 2076 4773 χρηστὰς

517 4793 642 4861 περὶ
669 4787 774 4841 τῶν
811 4785 1110 4853 μελλόντων
1145 4782 1436 4835 ὑποτείνων
1462 4781 1702 4845 ἐλπίδας.
1751 4784 1810 4835 Εί
1842 4784 1948 4855 γὰρ
1979 4786 2078 4839 οὐκ

513 4873 739 4944 ὀφείλων
768 4869 954 4930 ἔδωκε,
985 4866 1162 4936 πολλῴ
1199 4865 1394 4935 μᾶλλον
1437 4865 1571 4935 μετά
1615 4865 1676 4918 τὸ
1716 4864 1898 4919 λαϐεῖν
1953 4869 2077 4920 ἀντ⁶

511 4956 794 5011 ἀποδώσει.
819 4955 926 5008 Καὶ
953 4954 980 5003 ό
1008 4949 1219 5022 πρῶτος
1242 4949 1419 5001 τοίνυν
1453 4948 1509 5014 ἐξ
1542 4947 1722 5018 εὐχῆς,
1762 4950 1854 5003 καὶ
1883 4952 1930 5004 οἱ
1959 4953 2076 5021 μετ’

511 5043 714 5094 ἐκεῖνον
739 5037 797 5103 ἐξ
824 5035 1070 5104 εὐλογίας
1092 5032 1191 5097 τὰς
1218 5032 1391 5104 ἀρχὰς
1423 5031 1614 5085 ἔλαϐον
1632 5045 1646 5060 ⁶
1673 5033 1767 5086 καὶ
1792 5032 1932 5086 οὕτω
1965 5033 2074 5085 λοι-

513 5124 611 5176 πὸν
633 5121 921 5191 ὁλόκληρος
957 5120 984 5170 6
1013 5117 1227 5188 καρπὸς
1242 5114 1342 5185 τῆς
1373 5113 1630 5182 γυναικὸς
1661 5115 1936 5185 ήγιάζετο.
1967 5116 2076 5168 Καὶ

507 5201 623 5276 ἦνό
664 5206 759 5275 μὲν
812 5201 1150 5272 πρωτότοκος
1198 5197 1528 5268 κατόρθωμα
1579 5197 1679 5267 τῆς
1727 5197 2016 5266 γυναικὸς,
2047 5200 2076 5251 ὁ

507 5288 756 5358 δεύτερος
779 5285 834 5337 δὲ
858 5285 1026 5354 αὐτῆς
1054 5281 1257 5336 καὶτοῦ
1281 5281 1472 5352 ἱερέως
1495 5280 1768 5343 κοινωνός.
1785 5281 1894 5334 Καὶ
1908 5281 2077 5334 καθά·
2135 5301 2140 5303 ·

508 5387 614 5440 περ
646 5371 715 5439 γῆ
741 5368 945 5436 λιπαρά
984 5369 1076 5420 καὶ
1119 5368 1276 5430 πίων,
1327 5364 1608 5434 δεξαμένη,
1643 5363 1713 5417 τὰ
1763 5366 2071 5435 σπέρματα,

569 5587 594 5616 ⁸
624 5586 720 5649 Vox
742 5588 1060 5649 ἀποκρίνεται,
1080 5599 1192 5647 qua)
1214 5585 1386 5633 deerat
1402 5584 1453 5632 in
1476 5581 1666 5642 Monii,
1687 5584 1918 5645 suppleta
1938 5587 2016 5632 est
2037 5595 2066 5631 e

508 5645 654 5694 εδει.
691 5655 740 5694 ιιι
768 5645 934 5696 Μοτὲδι.
966 5649 1093 5697 lion.

1231 300 1288 356 S.
1325 298 1610 354 IOANNIS
1648 297 2140 354 CHRYSOSTOMI
2171 299 2487 356 ARCHIEP.
2526 303 3066 359 CONSTANTINOP.

3653 308 3764 364 658

2196 420 2446 490 κομῶντα
2479 422 2750 474 δείκνυσιν
2782 424 2911 491 ἡμῖν
2946 422 3012 474 τὰ
3031 423 3188 492 λήῖαο
3223 423 3365 476 οῦτω
3411 427 3502 477 καὶ
3539 428 3572 496 ή
3603 430 3765 496 γυνὴ,

2201 509 2337 578 μετά
2364 509 2598 572 πίστεως
2632 508 2700 562 τὰ
2741 511 2956 580 ῥήματα
2997 509 3261 580 δεξαμένη
3291 509 3385 563 τοῦ
3422 511 3630 580 ἱερέως,
3670 531 3767 566 κο-

2201 595 2418 664 μῶντας
2445 597 2574 665 ἡμῖν
2601 597 2838 664 στάχυας
2871 596 3088 664 ἐτέρους
3127 596 3321 664 ἡνεγκε
3341 633 3356 656 ,
3406 595 3499 649 καὶ
3526 597 3623 668 τὴν
3652 615 3765 651 πα-

2195 683 2351 736 λαιάν
2382 683 2673 753 μετέϐαλεν
2707 682 2866 755 ἀρὰν,
2921 683 3026 735 ἀπὸ
3057 682 3221 752 εὐχῆς
3266 684 3360 736 καὶ
3401 683 3650 751 εὐλογίας
3679 685 3767 738 τί·

2197 787 2416 824 κτουσα.
2453 773 2562 824 Καὶ
2616 772 2681 824 σύ
2709 772 2905 834 τοίνυν,
2937 765 2983 823 ὧ
3013 770 3192 838 γύναι,
3241 769 3442 841 ταύτην
3495 771 3764 841 ζήλωσον.

2195 857 2302 911 κάν
2337 857 2440 927 μὲν
2467 860 2652 926 στεῖρα
2672 853 2762 930 ᾗς.
2797 859 2957 927 εὐχήν
2985 874 3045 909 τε
3077 856 3336 921 ἐπίδειξαι
3361 858 3634 929 τοιαύτην,
3665 860 3766 913 καὶ

2193 941 2284 993 τὸν
2323 941 2472 1013 ἱερέα
2512 942 2888 1012 παρακάλεσον
2912 940 3318 1010 συνεφάψασθαί
3379 958 3461 994 σοι
3495 942 3593 1011 τῆς
3625 959 3766 1014 πρεο

2196 1027 2395 1091 σϐείας.
2421 1028 2644 1090 Πάντως
2671 1028 2736 1081 ἂν
2772 1027 2906 1098 μετὰ
2933 1028 3164 1090 πίστεως
3179 1025 3302 1100 δέξῃ
3326 1028 3394 1080 τὰ
3420 1029 3653 1106 ῥήματα,
3677 1030 3765 1092 εις·

2195 1117 2406 1187 καρπὸν
2439 1116 2748 1186 τελευτήσει
2801 1117 2963 1170 καλὸν
2996 1119 3089 1170 καὶ
3117 1115 3322 1187 ὦριμον
3368 1116 3478 1169 τῶν
3509 1117 3766 1187 πατέρων

2194 1205 2228 1274 ή
2262 1203 2498 1271 εὐλογία.
2557 1204 2654 1255 Ἂν
2705 1203 2762 1256 δὲ
2790 1204 2923 1276 γένῃ
2956 1204 3157 1274 μήτηρ,
3213 1203 3409 1266 ἀνάθες
3447 1221 3540 1256 σου
3565 1205 3657 1256 καὶ
3691 1206 3758 1258 σύ

2192 1291 2283 1342 τὸν
2318 1290 2450 1342 υἱόν.
2494 1289 2703 1360 Ἐκείνη
2743 1290 2824 1353 είς
2854 1291 2978 1342 ναὸν
3017 1291 3291 1361 ἀνήγαγε,
3335 1291 3398 1344 σύ
3432 1289 3557 1342 ναὸν
3599 1308 3761 1346 καταρ

2196 1376 2461 1430 σκεύασον
2508 1377 2710 1447 σαυτὴν
2763 1376 3056 1446 βασιλικόν.
3129 1377 3203 1429 Τὰ
3235 1376 3341 1448 γὰρ
3376 1377 3530 1444 μέλη
3568 1375 3764 1445 ὑμῶν,

2195 1464 2347 1534 φησὶ,
2380 1463 2550 1533 σῶμα
2603 1463 2709 1516 τοῦ
2751 1463 3005 1532 Χριστοῦ
3041 1463 3191 1527 ἐστι,
3233 1463 3329 1516 καί
3367 1463 3510 1528 ναός
3543 1463 3650 1518 τοῦ
3688 1465 3761 1517 ὲν

2192 1551 2334 1618 ὑμῖν
2380 1552 2552 1620 ἁγίου
2600 1552 2961 1620 Πγεύματος.
3016 1552 3124 1605 Καὶ
3170 1550 3363 1606 πάλιν·
3427 1551 3757 1619 Ἐνοικήσω

2191 1637 2262 1690 ἐν
2313 1637 2456 1706 ὑμῖν
2503 1637 2741 1702 αὐτοῖς,
2797 1636 2894 1690 καὶ
2942 1637 3414 1706 ἑμπεριπατήσω.
3477 1638 3598 1702 Πῶς
3646 1639 3759 1708 γὰρ

2191 1729 2290 1781 οὐκ
2340 1727 2538 1781 ἄτοπον
2584 1729 2759 1783 οἰκίαν
2817 1729 2913 1798 μέν
2967 1731 3343 1801 γεγηρακυῖαν
3391 1730 3486 1782 καὶ
3528 1729 3754 1783 καταπί-

2193 1833 2346 1869 πτειν
2385 1816 2682 1886 μέλλουσαν
2719 1817 2996 1888 διορθοῦν,
3052 1818 3146 1870 καῖ
3183 1819 3440 1888 χρήματα
3476 1818 3757 1872 δαπανῶν-

2190 1921 2321 1966 τας,
2362 1905 2455 1957 καὶ
2493 1905 2803 1975 οἰκοδόμους
2845 1905 3234 1973 συλλέγοντας,
3275 1905 3368 1958 καὶ
3409 1906 3592 1960 πάντα·
3617 1925 3755 1977 πραο

2190 1991 2626 2060 γματευομένους
2650 2031 2664 2054 ,
2704 1992 2801 2062 τὴν
2831 1992 2887 2044 δὲ
2923 1992 3099 2044 οἰκίαν
3135 1991 3230 2044 τοῦ
3282 1991 3416 2045 Θεοῦ
3449 1992 3621 2062 (οίκία
3645 1994 3755 2064 γάρ

2188 2079 2283 2132 τοῦ
2320 2078 2488 2144 Θεοῦ,
2531 2079 2625 2133 τοῦ
2664 2079 2786 2132 νέου
2825 2080 3020 2147 γένοιτ’
3056 2079 3122 2132 ἂν
3165 2081 3199 2148 ή
3245 2079 3420 2150 ψυχὴ)
3472 2079 3606 2151 μηδὲ
3653 2081 3755 2151 τῆς

2189 2168 2455 2238 τυχούσης
2491 2166 2676 2231 ἀξιοῦν
2714 2168 2998 2238 προνοίας;
3041 2167 3183 2238 Ὅρα
3229 2166 3304 2239 μὴ
3354 2167 3546 2221 ταύτὸν
3593 2169 3755 2222 ἀκού-

2192 2271 2312 2326 σης,
2340 2254 2483 2324 ὅπερ
2515 2255 2608 2308 καὶ
2645 2253 2886 2310 Ἰουδαῖοί
2917 2271 3047 2307 ποτε
3088 2255 3344 2324 ήκουσαν.
3384 2254 3610 2309 Ἐκεῖνοι
3646 2255 3754 2324 γάρ

2191 2339 2379 2411 ἐπειδὴ
2400 2340 2491 2393 τὸν
2523 2340 2650 2393 ναὸν
2677 2339 2867 2394 τοῦτον
2899 2341 2988 2393 τὸν
3016 2339 3270 2410 αἰσθητὸν
3297 2339 3407 2394 ἀπὸ
3430 2344 3530 2413 τῆς
3555 2343 3754 2412 αἰχμα-

2191 2426 2390 2490 λωσίας
2437 2427 2828 2490 ἐπανελθόντες
2877 2427 3225 2498 ἠμελημένον
3278 2427 3484 2500 ἐώρων,
3521 2428 3615 2482 καὶ
3653 2428 3750 2492 τὰς

2191 2516 2397 2570 ἑαυτῶν
2449 2515 2820 2580 ἐκαλλώπιζον
2849 2517 3060 2580 οἰκίας,
3107 2516 3247 2570 οῦτω
3289 2515 3614 2588 παρώξυναν
3659 2517 3751 2571 τὸν

2189 2603 2344 2667 Θεὸν,
2382 2604 2457 2668 ὼς
2491 2603 2706 2674 πέμψαι
2735 2604 2824 2657 τὸν
2862 2605 3166 2674 προφήτην,
3203 2604 3294 2658 καὶ
3340 2603 3507 2674 λιμὸνι
3521 2603 3750 2676 ἀπειλῆ-

2192 2708 2304 2755 σαι,
2331 2691 2424 2743 καὶ
2458 2690 2660 2761 πολλὴν
2693 2689 2800 2744 τῶν
2828 2691 3139 2758 ἀναγκαίων
3177 2690 3271 2760 τὴν
3300 2691 3508 2752 σπάνιν,
3529 2692 3625 2743 καὶ·
3649 2691 3752 2763 τὴν

2189 2778 2367 2832 αἰτίαν
2416 2779 2516 2848 τῆς
2548 2777 2778 2848 ἀπειλῆς
2813 2777 3014 2847 ταύτης
3045 2780 3218 2830 εἰπεῖν
3239 2794 3258 2808 ι
3295 2776 3430 2847 αῦτη
3461 2777 3518 2831 δέ
3543 2773 3630 2847 ἦν,
3661 2779 3754 2831 δτι

2200 2863 2395 2933 Ὑμεῖς
2415 2863 2532 2934 μὲν
2561 2863 2774 2918 οικεῖτε
2791 2863 2861 2917 ἐν
2883 2865 3071 2929 οἴκοις
3105 2862 3616 2931 κοιλοστάθμοιςδ,
3633 2865 3666 2917 ό
3680 2862 3747 2914 δὲ

2188 2946 2352 3018 οἶκός
2370 2968 2490 3020 μου
2514 2949 2833 3020 ἠρήμωται.
2868 2950 2928 3002 EE
2955 2949 3010 3002 δὲ
3039 2951 3166 3020 περὶ
3190 2949 3279 3003 τὸν
3317 2948 3442 3002 ναὸν
3472 2950 3677 3002 ἐκεῖνον
3713 2950 3746 3020 ἡ

2187 3040 2448 3112 ὀλιγωρία
2484 3038 2752 3108 τοσαύτην
2792 3037 3042 3109 ἐξήγειρε
3092 3037 3188 3091 τοῦ
3239 3036 3374 3091 Θεοῦ
3432 3037 3531 3108 τὴν
3561 3037 3748 3110 ὀργὴν,

2187 3125 2364 3195 πολλῷ
2395 3124 2593 3194 μᾶλλον
2623 3125 2656 3194 ή
2685 3123 2776 3176 τοῦ
2803 3123 2930 3176 ναοῦ
2963 3123 3150 3177 τούτου
3188 3123 3428 3196 ῥᾳθυμία
3469 3123 3760 3196 παροξυνεῖ

2187 3211 2336 3284 [7'28]
2352 3212 2442 3264 τὸν
2457 3213 2731 3279 Δεσπότην
2751 3229 2764 3244 ·
2797 3212 2930 3264 πολὺ
2958 3212 3065 3283 γὰρ
3092 3204 3246 3276 οὗτος
3280 3212 3487 3265 ἐκείνου
3501 3211 3754 3282 τιμιώτε-

2187 3312 2299 3366 ρος,
2322 3294 2430 3364 ὃσῳ
2461 3294 2554 3347 καὶ
2580 3293 2798 3364 μείζονα
2819 3294 2930 3363 ἔχει
2962 3294 3058 3363 τῆς
3077 3294 3364 3361 ἀγιαστίας
3389 3294 3456 3348 τά
3486 3293 3750 3365 σύμϐολα.

2183 3379 2276 3450 Μὴ
2305 3377 2481 3430 τοίνυν
2501 3379 2644 3448 ἀφῇς
2659 3376 2752 3430 τοῦ
2771 3377 2904 3430 Θεοῦ
2928 3378 3018 3430 τὸν
3045 3373 3194 3431 οἶκον
3217 3377 3479 3449 σπήλαιον
3501 3379 3749 3446 γενέσθαι

2183 3463 2413 3536 λῃστῶν,
2458 3465 2542 3516 ἵνα
2571 3464 2646 3535 μὴ
2677 3464 2772 3516 καὶ
2810 3464 3002 3536 ἑτέραν
3039 3464 3357 3535 ἐπιτίμησιν
3392 3465 3648 3536 ἀκούσης,
3682 3466 3753 3535 ἦν

2186 3553 2322 3623 πρὸς
2362 3551 2487 3615 τούς
2529 3550 2819 3614 Ἰουδαίους
2860 3553 2889 3603 6
2933 3551 3164 3621 Χριστὸς
3200 3553 3490 3623 ἐποιήσατο
3529 3551 3702 3621 λέγων
3731 3569 3750 3583 ⁵

2196 3640 2260 3694 Ὀ
2287 3637 2448 3706 οἶκος
2476 3639 2583 3694 τοῦ
2598 3640 2827 3707 Πατρός
2846 3656 2984 3705 μου,
3003 3633 3168 3702 οἶκος
3190 3637 3535 3706 προσευχῆς
3556 3639 3746 3693 ἐστιν’

2184 3727 2352 3796 ὑμεῖς
2377 3727 2444 3780 δέ
2463 3725 2784 3792 ἐποιήσατε
2813 3725 2996 3778 αὐτὸν
3024 3724 3328 3787 σπήλαιον
3341 3724 3604 3792 λῃστῶν.
3626 3726 3750 3790 Πῶς

2183 3813 2240 3867 δὲ
2273 3813 2532 3886 σπήλαιον
2555 3811 2766 3883 λῃστῶν
2795 3810 3001 3878 γίνεται
3025 3826 3038 3872 ;
3075 3809 3242 3862 Ὅταν
3260 3809 3638 3882 ἀνελευθέρους
3653 3813 3751 3865 καὶ

2184 3900 2612 3973 ἀνδραποδώδεις
2633 3897 2946 3970 ἐπιθυμίας,
2969 3899 3098 3951 ὅταν
3127 3897 3410 3966 ἀσέλγειαν
3433 3899 3610 3952 πᾶσαν
3638 3901 3748 3952 εἰσ-

2183 3989 2354 4042 ελθεῖν
2401 3988 2494 4041 καὶ
2547 3985 2992 4057 ὲμφιλοχωρῆσαι
3047 3987 3166 4046 ταῖς
3218 3984 3417 4056 ψυχαῖς
3448 3985 3555 4038 τῶν
3609 3987 3750 4039 νέων

2184 4077 2452 4146 ἐάσωμεν.
2485 4073 2709 4148 Λῃστῶν
2736 4072 2845 4144 γὰρ
2869 4067 3234 4142 χαλεπώτεροι
3266 4072 3314 4122 οἱ
3351 4071 3579 4125 τοιοῦτοι
3609 4073 3760 4141 λογια

2185 4161 2442 4234 σμοὶ,τὴν
2461 4159 2774 4231 ἐλευθερίαν
2801 4157 2908 4212 τῶν
2941 4157 3146 4211 παίδων
3178 4155 3744 4228 ἐξανδραποδίσαντες,

2185 4249 2277 4303 καὶ
2300 4248 2517 4312 δούλους
2540 4247 2647 4300 τῶν
2673 4247 2884 4314 ἀλόγων
2902 4245 3110 4298 ποιοῦσι
3133 4243 3338 4311 παθῶν,
3360 4245 3751 4300 κατακεντοῦν-

2182 4353 2272 4399 τες
2301 4337 2497 4398 αὐτούς
2553 4334 2836 4398 πάντοθεν,
2871 4332 2965 4386 καὶ
2998 4332 3205 4385 πολλῶν
3227 4332 3554 4404 τραυμάτων
3605 4335 3749 4404 πλη-

2187 4421 2404 4492 ροῦντες
2431 4419 2609 4474 αὐτῶν
2638 4421 2734 4491 τὴν
2769 4419 3027 4475 διάνοιαν.
3069 4419 3159 4471 Διὸ
3187 4420 3251 4490 δὴ
3273 4419 3442 4474 ταῦτα
3473 4421 3592 4474 καθ’
3614 4422 3746 4475 ἐκά-

2183 4527 2314 4580 στην
2343 4509 2554 4579 ἡμέραν
2574 4507 3014 4577 περισκοπῶμεν,
3033 4507 3126 4560 καὶ
3154 4507 3403 4578 καθάπερ
3427 4509 3750 4580 μάστιγιτῷ

2179 4598 2322 4666 λόγῳ
2349 4597 2640 4666 χρώμενοι,
2670 4596 2845 4650 πάντα
2877 4595 2945 4647 τά
2975 4595 3197 4649 τοιαῦτα
3224 4596 3369 4663 πάθη
3397 4597 3495 4666 τῆς
3525 4597 3754 4650 ἐκείνων,

2177 4684 2355 4754 ψυχῆς
2371 4681 2785 4752 ἀπελαύνωμεν,
2799 4683 2886 4735 ἵνα
2918 4683 3017 4752 τῆς
3032 4681 3144 4736 ἀνω
3162 4682 3436 4747 πολιτείας
3455 4687 3752 4754 μετασχεῖν

2177 4771 2475 4841 δυνηθῶσιν
2509 4773 2644 4841 ἡμῖν
2667 4772 2717 4823 οἱ
2744 4770 2951 4833 παῖδες,
2987 4771 3080 4822 καὶ
3118 4771 3218 4840 τὴν
3264 4773 3379 4824 ἐκεῖ
3403 4773 3748 4843 λειτουργίαν

2179 4857 2489 4914 ἐπιτελέσαι
2537 4858 2735 4911 πᾶσαν.
2787 4857 2903 4911 Οὐκ
2935 4857 3123 4921 εἰδετε,
3168 4859 3250 4910 ὅτι
3299 4859 3350 4910 οἱ
3397 4861 3456 4910 ἐν
3493 4862 3613 4921 ταῖς
3647 4859 3749 4912 πό-

2177 4948 2293 5000 λεσι
2321 4945 2743 5016 πολιτευόμενοι,
2777 4945 2875 5015 τῆς
2905 4943 3073 5016 θηλῆς
3095 4944 3353 5008 πολλάκις
3380 4947 3504 5008 τοὺς
3537 4945 3748 5001 ἐαυτῶυ

2181 5036 2378 5100 παῖδας
2436 5036 2598 5099 εὐθὺς
2651 5035 3136 5100 ἀποσπασθέντας,
3200 5035 3602 5106 θαλλοφόρους,
3648 5039 3747 5092 καὶ

2180 5123 2542 5194 ἀγωνοθέτας,
2571 5123 2666 5176 καὶ
2695 5123 3137 5194 γυμνασιάρχους
3155 5125 3248 5176 καὶ
3279 5125 3606 5195 χορειάρχας
3622 5143 3746 5179 ποις-

2177 5213 2296 5266 οῦσι
2318 5229 2332 5278 ;
2367 5211 2536 5264 Τοῦτο
2570 5212 2666 5264 καὶ
2691 5213 2852 5281 ήμεῖς
2881 5210 3243 5282 ἐργασώμεθά
3263 5229 3276 5242 ·
3295 5213 3359 5264 ἐκ
3381 5211 3603 5283 πρώτης
3627 5213 3742 5282 ἡλι-

2177 5301 2301 5363 κίας
2323 5299 2517 5362 αὐτοὺς
2551 5300 2632 5361 είς
2658 5297 2756 5368 τὴν
2779 5297 3052 5350 πολιτείαν
3084 5298 3397 5368 εἰσάγωμεν
3428 5299 3527 5371 τὴν
3555 5302 3612 5352 ἐν
3632 5303 3748 5364 τοῖς

2177 5389 2443 5460 οὐρανοῖς.
2479 5386 2627 5458 Δῦτη
2665 5386 2763 5456 μὲν
2791 5385 2900 5457 γάρ
2934 5387 2969 5455 ἡ
2996 5386 3233 5455 ἐπίγειος
3263 5387 3550 5459 δαπανηρὰ
3585 5389 3756 5460 μόνονι

2178 5477 2314 5542 ἐστὶ,
2348 5476 2442 5530 καὶ
2474 5474 2664 5546 κέρδος
2700 5474 2851 5528 οὐδὲν
2871 5473 3002 5545 ἔχει.

2243 5646 2269 5684 ιι
2293 5644 2428 5696 Colb.
2451 5651 2501 5695 el
2521 5645 2644 5707 Reg.
2671 5645 3055 5708 κυκλοστάθμοις.
