4134 6214
409 354 510 407 is".

410 477 615 526 tuerant
637 477 689 525 in
720 470 1031 525 meu.oriam
1055 481 1324 531 revoc.n-e,
1356 467 1577 537 ideoque
1602 468 1730 521 dicit
1754 485 1765 517 :
1798 466 1861 520 In
1884 482 1983 530 me,

409 564 777 627 deminution
805 562 974 614 anima
995 571 1079 613 tua
1111 576 1129 613 :
1161 574 1250 629 ego
1280 575 1389 612 snm
1420 559 1599 611 mulier
1631 574 1744 629 quia
1786 560 1988 612 constiti

409 659 458 710 in
482 668 749 727 conspectu
791 667 875 710 tuo
914 657 1187 723 deprecans
1230 653 1499 708 Dominum
1540 670 1635 723 pro
1674 670 1828 721 puero
1868 653 1981 706 hoc.

409 747 585 814 Elfudt
630 765 798 818 preces
845 747 913 799 ad
954 746 1245 812 Dominum,
1299 758 1342 799 et
1374 746 1459 799 ille
1505 745 1639 798 dedit
1690 745 1815 797 mihi
1860 745 1981 809 peti-

407 839 611 901 tionem,
666 854 816 907 quam
864 836 1088 907 petebant
1144 836 1207 889 ab
1236 834 1399 889 eo.Et
1431 854 1519 907 ego
1554 837 1814 889 commodo
1839 837 1980 888 illum

408 924 624 980 Domino
654 969 668 993 ,
729 936 783 979 ut
830 928 1015 982 serviat
1068 925 1285 979 Domina
1318 968 1331 991 ,
1389 927 1619 980 enmisz
1668 926 1841 980 diebus
1870 935 1982 978 vita!

405 1034 511 1071 suta
554 1018 629 1088 (1.
656 1018 778 1088 Reg.
812 1022 859 1073 l.
908 1018 1000 1072 27.
1043 1018 1155 1088 28).
1218 1018 1330 1072 Non
1379 1018 1545 1084 dixit,
1600 1018 1711 1088 Ego
1744 1033 1859 1073 sum
1892 1017 1979 1071 illa

405 1109 617 1174 mulier,
643 1110 727 1163 cui
753 1119 805 1163 tu
831 1110 1182 1178 exprobrasti,
1207 1125 1363 1179 quam
1386 1109 1680 1164 maledictis
1704 1109 1975 1178 impetisti,

404 1215 563 1268 quam
594 1202 738 1256 velut
757 1201 1096 1257 temulentam
1122 1210 1178 1257 et
1198 1202 1399 1256 ebriam
1417 1201 1683 1265 derisisti;
1710 1199 1828 1255 ideo
1842 1200 1981 1254 Deus

408 1291 501 1346 tibi
532 1291 822 1347 declarabit
849 1307 935 1347 me
961 1308 1064 1347 non
1094 1309 1213 1348 esse
1234 1293 1577 1360 vinolentum,
1608 1303 1660 1347 te
1700 1308 1827 1347 vero
1869 1292 1977 1346 cri-

402 1397 523 1436 men
553 1382 653 1437 hoc
683 1393 879 1439 temere
900 1384 1028 1438 mihi
1060 1384 1360 1455 impegisse.
1381 1385 1516 1439 Nihil
1542 1384 1843 1454 hujusmodi
1862 1399 1980 1439 ver-

401 1474 588 1527 borum
616 1489 927 1544 asperorum
959 1476 1110 1541 dixit,
1139 1476 1231 1530 sed
1250 1477 1410 1530 multa
1434 1492 1553 1530 cum
1575 1477 1978 1533 mansuetudine

400 1564 668 1633 loquitur:
700 1566 825 1621 licet
851 1566 1071 1621 haberet
1117 1582 1293 1621 rerum
1340 1574 1588 1620 eventum
1619 1566 1715 1620 sibi
1746 1568 1976 1635 patroci-

401 1668 639 1720 nantent,
667 1670 729 1709 ac
751 1656 869 1724 jure
897 1665 1076 1724 posset
1106 1656 1437 1723 exprobrare
1463 1656 1904 1726 sacerdoti,quod
1925 1656 1975 1710 id

402 1746 661 1813 temporis
687 1745 852 1813 ipsam
888 1755 1089 1799 temere
1118 1748 1248 1800 citra
1276 1762 1491 1800 causam
1536 1747 1830 1802 incusasset
1852 1764 1866 1803 ε
1891 1749 1972 1801 ni-

398 1836 470 1889 hil
496 1838 682 1890 hormn
716 1836 857 1903 facit,
882 1837 975 1892 sed
1008 1846 1211 1892 tantum
1242 1851 1622 1893 commemorat
1650 1840 1744 1894 Dei
1769 1854 1891 1909 erga
1916 1854 1973 1893 se

395 1928 821 1982 beneﬁcentiam.
869 1927 1159 1985 Considera
1190 1944 1316 1983 vero
1340 1939 1547 1999 gratum
1573 1945 1633 1984 ac
1659 1929 1971 1999 prudentem

394 2020 601 2073 ancilla:
630 2020 887 2074 animum.
920 2018 1050 2074 Cum
1077 2018 1423 2088 affligeretur,
1448 2020 1642 2073 nemini
1675 2034 1824 2074 suam
1846 2034 1971 2089 ape-

392 2113 499 2164 ruit
523 2112 900 2176 calamitatem,
931 2126 1028 2166 nec
1051 2110 1311 2166 sacerdod
1335 2110 1464 2164 dixit
1484 2128 1499 2165 :
1519 2110 1780 2164 Emulam
1800 2110 1972 2166 habeo

395 2206 701 2269 mulierem,
733 2218 851 2275 quae
876 2203 1010 2259 mihi
1039 2203 1369 2273 exprobrans
1387 2202 1806 2271 conviciansque
1828 2202 1963 2256 cho-

391 2311 506 2348 rum
539 2295 696 2348 habet
725 2295 1015 2350 liberorum
1046 2312 1059 2348 :
1089 2310 1188 2366 ego
1214 2310 1341 2349 vero
1368 2311 1485 2364 qua:
1506 2295 1968 2349 mansuetudinem

387 2386 529 2449 colo,
560 2385 625 2439 ad
656 2384 797 2440 hunc
820 2400 985 2455 usque
1005 2384 1144 2439 diem
1172 2384 1404 2439 nondum
1432 2386 1579 2455 potui
1612 2384 1724 2440 fieri
1757 2394 1964 2449 mater;

367 2476 483 2531 sed
518 2477 657 2531 Deus
694 2477 952 2531 cenclusit
987 2478 1196 2533 vulvam
1242 2490 1452 2543 meam,
1498 2491 1724 2546 cumque
1766 2476 1969 2531 videret

384 2567 727 2624 afllictionem
756 2583 951 2637 meam,
998 2584 1102 2623 non
1146 2578 1227 2624 est
1271 2570 1537 2623 misertus.
1584 2569 1726 2623 Nihil
1777 2569 1963 2623 horum

384 2661 518 2713 dixit
545 2675 559 2715 :
588 2660 681 2714 sed
710 2675 1001 2730 suppresso
1026 2660 1341 2715 calamitatis
1368 2674 1567 2730 genere
1589 2702 1602 2723 ,
1653 2669 1853 2713 tantum
1888 2661 1966 2712 in~

382 2751 582 2805 dicavit
611 2766 670 2805 se
691 2751 869 2805 animo
896 2752 1019 2821 angi
1046 2751 1255 2815 dicens,
1306 2750 1492 2804 Mulier
1516 2751 1570 2803 in
1607 2750 1740 2803 duro
1765 2751 1844 2803 die
1873 2765 1965 2818 ego

380 2857 494 2893 sum
527 2840 701 2907 (Ibid.
735 2856 783 2894 υ.
818 2841 942 2910 15),
969 2858 1034 2895 ne
1062 2841 1189 2896 illud
1220 2842 1434 2910 quidem
1472 2841 1696 2905 dictura,
1732 2841 1834 2895 nisi
1879 2855 1963 2894 sa-

381 2931 574 2986 cerdos
602 2931 704 2986 huc
723 2932 1090 3001 compulisset,
1123 2932 1400 3000 suspicans
1422 2945 1537 2986 eam
1564 2945 1684 2986 esse
1702 2931 1962 2985 temulen-

384 3036 513 3077 tam.
545 3026 614 3079 At
643 3032 988 3094 posteaquam
1035 3023 1089 3080 id
1128 3026 1317 3078 vulnus
1362 3024 1609 3089 sustulit,
1656 3024 1762 3077 Deo
1801 3023 1962 3077 dante

381 3115 523 3186 quod
554 3118 867 3186 postularat,
902 3126 1008 3169 tum
1033 3115 1248 3170 demum
1283 3115 1373 3170 Dei
1398 3116 1807 3171 beneﬁcentiam
1836 3130 1960 3184 ape-

385 3208 453 3261 rit
476 3208 762 3272 sacerdoti,
794 3208 1019 3277 cupiens
1047 3208 1194 3277 illum
1229 3207 1279 3260 in
1308 3207 1526 3276 agendis
1550 3206 1733 3276 gratiis
1762 3206 1959 3261 habere

375 3310 707 3366 consortem,
739 3299 1191 3371 quemadmodum
1234 3301 1379 3370 prius
1426 3300 1685 3354 habuerat
1734 3300 1785 3354 in
1836 3314 1958 3369 pre-

374 3392 580 3457 cando;
609 3393 787 3463 aitque
820 3408 839 3443 :
870 3390 975 3445 Pro
996 3408 1149 3464 puero
1174 3399 1266 3445 hoc
1293 3392 1552 3461 precabar,
1578 3392 1810 3461 deditque
1834 3391 1959 3445 mihi

375 3482 623 3538 Dominus
653 3485 940 3554 petitionem
994 3501 1187 3551 meam,
1220 3501 1370 3554 quam
1405 3484 1629 3555 petebam
1678 3485 1739 3536 ab
1778 3501 1855 3538 eo.
1890 3482 1957 3537 Et

376 3594 508 3630 nunc
532 3578 795 3631 commodo
821 3594 931 3631 eum
960 3576 1198 3631 Domino.
1232 3577 1366 3632 Vide
1394 3593 1549 3647 quam
1578 3578 1648 3631 sit
1690 3577 1953 3633 modesta.

373 3667 451 3723 Ne
472 3681 648 3737 putes,
678 3669 873 3737 inquit,
904 3683 988 3722 me
1018 3683 1262 3737 magnam
1303 3683 1413 3721 rem
1457 3679 1547 3722 aut
1590 3668 1953 3723 admirandam

374 3758 571 3823 facere,
602 3760 742 3828 quod
778 3758 1032 3813 iniantem
1063 3758 1256 3812 dedico
1286 3775 1301 3813 :
1335 3774 1439 3812 non
1484 3773 1583 3829 ego
1626 3760 1785 3828 hujus
1827 3759 1953 3813 boni

372 3850 552 3917 operis
578 3863 693 3902 sum
722 3860 930 3913 auctor,
966 3849 1059 3903 sed
1086 3849 1330 3919 persolvo
1355 3850 1612 3903 debitum.
1647 3849 1951 3919 Depositum

371 3942 511 3994 enim
533 3940 735 4009 accepi,
767 3950 821 3996 et
869 3942 969 3996 hoc
999 3943 1047 3997 ei
1076 3943 1297 3996 restituo
1327 3941 1415 4011 qui
1442 3942 1605 3997 dedit.
1635 3943 1809 4013 Atque
1838 3941 1954 3996 haec

373 4032 496 4086 dum
526 4034 779 4103 loquitur,
816 4034 1045 4103 seipsam
1068 4049 1280 4104 quoque
1305 4034 1568 4088 dedicavit
1589 4048 1710 4088 cum
1738 4048 1904 4103 puero
1932 4073 1947 4098 ,

370 4127 519 4196 quasi
558 4135 745 4182 catena
775 4127 1001 4197 quadam
1033 4136 1235 4181 natura
1264 4126 1454 4181 allecto
1496 4125 1723 4197 seipsam
1752 4125 1952 4194 templo

368 4222 613 4294 alligans.

441 4314 496 4370 4.
537 4313 747 4367 Etenim
777 4313 820 4368 si
848 4312 934 4366 ubi
960 4322 1040 4367 est
1074 4311 1354 4366 thesaurus
1381 4310 1630 4375 hominis,
1660 4309 1769 4365 illic
1794 4317 1952 4365 estet

369 4419 462 4458 cor
482 4404 598 4475 ejus
628 4402 838 4471 (Matth.
870 4403 920 4458 6.
948 4404 1038 4457 21.
1073 4401 1197 4456 an.
1226 4402 1309 4456 12.
1339 4402 1452 4466 54),
1476 4402 1644 4456 multo
1672 4401 1838 4472 magis
1860 4401 1947 4455 tibi

370 4510 504 4565 puer
541 4494 799 4557 mulieris.
842 4494 911 4547 ibi
956 4502 1011 4547 et
1053 4508 1203 4548 mens
1232 4493 1372 4548 illius
1400 4501 1534 4558 erat,
1576 4502 1737 4560 atque
1767 4502 1947 4546 uterus

369 4588 511 4642 illius
532 4601 744 4640 rursum
776 4585 1092 4653 implebatur
1118 4584 1505 4639 benedictione.
1532 4583 1661 4637 Nam
1689 4583 1946 4637 simulat-

366 4694 469 4748 que
491 4678 719 4742 dixerat,
748 4687 1115 4745 oraveratque,
1142 4678 1261 4731 audi
1286 4677 1410 4746 quid
1432 4677 1678 4745 loquatur
1699 4680 1947 4731 sacerdos

368 4768 580 4823 Elcana:
602 4786 616 4821 ε
647 4766 845 4821 Reddat
867 4766 955 4819 tibi
977 4765 1220 4819 Dominus
1236 4782 1400 4820 semen
1429 4766 1640 4820 alterum
1659 4782 1722 4820 ea:
1740 4767 1949 4825 muliere

364 4860 479 4925 ista,
531 4875 625 4929 pro
662 4858 1000 4921 commodata,
1046 4857 1182 4927 Quod
1226 4858 1445 4913 Domino
1491 4860 1818 4913 commodasti
1863 4860 1941 4928 (1.

370 4954 492 5024 Reg.
522 4952 573 5006 2.
603 4952 717 5023 20).
747 4952 899 5005 Initio
918 4965 1022 5003 non
1041 4950 1267 5017 dixerat,
1290 4949 1490 5005 Reddat
1516 4951 1602 5004 tibi
1625 4970 1638 5004 :
1666 4951 1759 5006 sed
1773 4951 1945 5021 quid?

368 5045 461 5098 Det
494 5045 580 5097 tibi
608 5045 852 5099 Dominus
894 5042 1136 5114 quidquid
1179 5040 1451 5111 postularis
1494 5040 1675 5111 (Ibid.
1726 5044 1775 5096 1.
1807 5042 1873 5097 17
1900 5041 1942 5111 ).

364 5135 563 5192 Verum
585 5143 923 5205 pesteaquam
953 5135 1037 5188 illa
1071 5133 1234 5188 Deum
1266 5132 1460 5189 fecerat
1490 5134 1805 5199 debitorem,
1836 5136 1943 5189 ait:

365 5229 569 5284 Reddat
599 5228 709 5294 tibi,
744 5228 933 5281 bonam
956 5227 1021 5281 de
1047 5227 1236 5281 futuris
1264 5241 1412 5295 spem
1446 5225 1708 5295 praebens.
1734 5226 1941 5280 Etenim

363 5322 406 5374 si
443 5319 590 5373 dedit
615 5333 735 5373 cum
782 5318 909 5372 nihil
956 5317 1194 5381 deberet,
1244 5318 1409 5371 multo
1440 5317 1606 5385 magis
1642 5316 1945 5371 redditurus

362 5420 446 5465 est
489 5418 767 5482 postquam
807 5410 1029 5479 accepit.
1063 5411 1125 5463 Et
1152 5410 1235 5464 hic
1261 5424 1388 5479 ergo
1422 5409 1623 5478 primus
1650 5423 1716 5463 ex
1758 5423 1946 5479 preca-

368 5506 543 5566 tione,
573 5511 625 5555 et
657 5511 773 5571 post
802 5502 940 5555 hunc
968 5502 1146 5555 caueri
1176 5517 1239 5555 ex
1287 5501 1655 5555 benedictione
1678 5499 1944 5555 duxerunt

361 5596 644 5665 originem,
671 5602 810 5649 totus
842 5603 1017 5647 autem
1062 5592 1302 5648 mulieris
1343 5592 1543 5647 fruetus
1581 5593 1941 5648 sanetilicatus

363 5698 466 5743 est.
519 5689 690 5755 Atque
729 5685 815 5740 hic
854 5687 1238 5757 primogenitus
1264 5684 1477 5739 femina:
1504 5685 1684 5740 virtuti
1714 5684 1943 5741 debeba-

363 5788 453 5834 tur
473 5798 491 5840 :
514 5776 649 5837 alter
664 5793 789 5835 vero
816 5778 1053 5835 mulieris
1080 5794 1141 5836 ac
1167 5776 1459 5836 sacerdotis
1482 5787 1597 5836 erat
1619 5777 1941 5835 communis.

1632 344 1716 404 DE
1758 345 1938 405 ANNA
1978 347 2205 406 θηηΜο
2280 351 2361 408 Ill.

3570 371 3670 425 (’38

2098 466 2161 520 Et
2204 472 2336 524 sicut
2370 479 2506 528 terra
2547 477 2751 548 pinguis
2788 494 2849 535 ac
2886 472 3093 548 fertilis,
3138 490 3420 555 postquam
3459 502 3667 558 accepit

2090 562 2314 621 sentina.
2344 567 2573 618 ostendit
2604 569 2755 623 nobis
2777 580 3059 626 vernantes
3085 582 3291 642 segetes
3321 590 3335 627 τ
3366 575 3444 630 sic
3462 587 3518 631 et
3540 593 3664 631 mu-

2090 653 2187 706 lier
2214 654 2343 715 iure.
2373 659 2621 726 quoniam
2653 676 2773 714 cum
2804 662 2908 717 fide
2931 664 3144 735 excepit
3167 666 3325 720 verba
3350 669 3663 736 sacerdotis,

2087 744 2217 798 alia<
2248 746 2398 801 nobis
2430 750 2574 802 lanas
2605 753 2780 821 spicas
2810 754 3080 822 produxit,
3111 765 3455 827 veteremque
3498 760 3665 815 male-

2088 837 2373 893 dictionem
2405 840 2532 895 Evm
2554 845 2794 908 mutavit,
2825 847 3033 914 pariens
3060 863 3125 903 ex
3154 850 3460 918 precatione
3480 866 3543 906 ae
3566 852 3664 908 be-

2089 930 2404 986 nedictione.
2448 934 2510 988 Et
2542 946 2593 988 tu
2626 936 2801 1004 igitur,
2828 951 2864 990 ο
2902 938 3112 1005 mulier,
3137 941 3273 997 hanc
3307 940 3580 1009 aemulam,
3612 952 3669 999 et

2085 1019 2129 1073 si
2151 1020 2345 1076 sterilis
2377 1021 2557 1088 fueris,
2594 1024 2753 1079 talem
2803 1028 3158 1096 precationem
3184 1030 3397 1096 exhibe,
3424 1032 3666 1088 sacerdo-

2089 1119 2192 1165 tem
2228 1128 2461 1182 atecrse,
2506 1126 2565 1170 ut
2594 1125 2766 1172 tecum
2808 1119 3216 1189 suscipiatapud
3252 1122 3414 1176 Deum
3444 1122 3666 1193 legatio-

2087 1218 2229 1256 nem.
2277 1203 2505 1260 Omnino
2552 1209 2595 1260 si
2626 1224 2746 1262 cunt
2791 1208 2894 1263 fide
2924 1212 3078 1264 verba
3109 1214 3382 1281 exceperis
3408 1254 3421 1276 ,
3456 1223 3662 1282 patrum

2086 1292 2385 1348 benedictio
2412 1297 2464 1350 in
2508 1296 2735 1352 fructum
2764 1300 2927 1354 exibit
2962 1301 3269 1368 praeclarum
3289 1318 3352 1357 ac
3375 1314 3660 1359 maturum.

2082 1384 2234 1451 Quod
2264 1386 2307 1441 si
2340 1396 2511 1442 mater
2549 1388 2732 1455 fueris,
2775 1391 2840 1445 ad
2872 1390 3026 1461 hujus
3049 1393 3350 1462 exemplum
3405 1408 3657 1449 consecra

2084 1477 2245 1530 tilium
2275 1488 2423 1535 tuum
2455 1481 2583 1536 Deo.
2614 1481 2702 1541 Illa
2727 1482 2778 1536 itt
2808 1483 3061 1553 templum
3089 1483 3326 1551 adduxit,
3350 1494 3405 1539 tu
3437 1486 3657 1556 teipsam

2089 1572 2292 1641 regium
2325 1575 2576 1643 templum
2606 1575 2787 1630 redde.
2810 1570 3057 1639 Membra.
3088 1577 3274 1646 inquit,
3303 1587 3464 1631 vestra
3479 1592 3662 1644 corpus

2081 1663 2269 1718 Christi
2293 1676 2434 1732 sunt,
2462 1683 2522 1720 ac
2551 1669 2788 1737 templum
2818 1670 2981 1722 sancti
3007 1668 3252 1739 Spiritus,
3284 1668 3370 1737 qui
3393 1677 3465 1721 cst
3487 1668 3538 1721 in
3566 1682 3657 1721 vo-

2080 1756 2153 1808 bis
2180 1756 2257 1825 (1.
2280 1757 2396 1811 Cor.
2430 1759 2481 1813 6.
2514 1759 2626 1830 19).
2665 1762 2742 1814 Ac
2780 1773 2960 1816 rursus
2995 1779 3007 1814 :
3036 1759 3358 1827 Inltabitabo,
3390 1760 3578 1831 inquit,
3605 1760 3658 1813 in

2078 1847 2231 1909 vobis,
2265 1858 2312 1901 et
2338 1848 2658 1919 inambulabo
2680 1850 2756 1922 (2.
2783 1852 2900 1905 Cor.
2928 1852 2980 1906 6.
3011 1851 3121 1921 16).
3155 1853 3347 1905 Annon
3368 1850 3656 1904 absurdum

2077 1947 2155 1991 est
2184 1954 2279 1992 nos
2309 1939 2525 1993 domum
2557 1952 2817 2006 veterem,
2850 1943 3059 1997 ruinam
3089 1943 3421 1997 minitantem
3449 1942 3655 2006 fulcire,

2079 2033 2328 2099 pecunias
2368 2033 2754 2103 impendentes,
2794 2035 2970 2090 fabros
3010 2044 3367 2099 aceersentes,
3422 2043 3478 2089 et
3524 2033 3654 2088 nihil

2075 2136 2179 2176 non
2208 2121 2487 2189 facientes,
2518 2125 2735 2180 domum
2779 2135 2956 2179 autem
3005 2125 3097 2180 Dei
3135 2130 3283 2195 (nam
3332 2123 3424 2181 Dei
3464 2124 3656 2179 domus

2074 2226 2193 2268 esse
2215 2213 2371 2268 debet
2395 2214 2749 2270 adolescentis
2776 2215 2974 2284 anima)
3003 2231 3071 2271 ne
3098 2216 3300 2286 vulgari
3330 2215 3544 2285 quidem
3567 2215 3651 2270 di-

2074 2304 2221 2373 gnari
2253 2320 2377 2358 cttra
2403 2305 2427 2358 ?
2458 2306 2591 2361 Vide
2621 2321 2688 2362 ne
2715 2307 2853 2362 idem
2879 2307 3082 2371 audias,
3111 2306 3252 2377 quod
3282 2308 3410 2362 olim
3435 2306 3654 2362 audiere

2072 2394 2260 2450 Judtei.
2291 2396 2423 2451 Nam
2455 2397 2528 2451 illi
2552 2406 2896 2468 posteaquam
2923 2414 2950 2451 a
2974 2399 3277 2468 captivitate
3301 2398 3498 2453 reversi
3521 2408 3655 2453 tem-

2075 2488 2217 2555 plum
2261 2488 2533 2543 materiale
2578 2491 2873 2559 neglectum
2920 2489 3188 2555 viderunt,
3229 2500 3284 2545 et
3330 2488 3473 2543 sedes
3525 2502 3649 2543 suas

2071 2590 2418 2645 eXornarunt,
2461 2582 2596 2635 adeo
2625 2583 2787 2637 Deum
2820 2591 3224 2651 exasperarunt,
3257 2592 3313 2636 ttt
3343 2596 3448 2636 non
3478 2582 3648 2636 solum

2069 2672 2303 2725 mitteret
2328 2672 2406 2725 eis
2434 2670 2765 2741 prophetam,
2810 2673 2897 2741 qui
2931 2671 3121 2726 famem
3154 2672 3506 2734 minitaretur,
3538 2686 3647 2724 ma-

2065 2776 2331 2832 gnamque
2355 2778 2529 2818 rerum
2552 2764 2970 2818 necessariarum
2995 2763 3267 2832 penuriam
3292 2804 3310 2829 ,
3364 2763 3455 2816 sed
3516 2760 3651 2816 hanc

2066 2855 2227 2908 etiam
2273 2855 2706 2909 comminationis
2734 2871 2953 2909 causam
2979 2855 3319 2925 eloqueretur
3349 2876 3362 2909 :
3405 2853 3503 2908 Vos
3529 2856 3618 2923 qui
3634 2885 3647 2894 -

2067 2948 2179 2998 dem
2209 2944 2442 2998 habitatis
2464 2946 2515 2999 in
2537 2946 2768 2999 domibus
2797 2945 3042 3015 laqueatis
3072 2961 3090 2998 :
3125 2946 3304 3000 domus
3330 2956 3498 3000 autem
3537 2962 3647 3000 mea

2066 3038 2261 3091 deserta
2286 3049 2357 3091 est
2381 3037 2531 3107 (Agg.
2562 3039 2613 3092 1.
2645 3039 2725 3109 4).
2751 3038 2902 3103 Quod
2934 3038 2977 3091 si
3001 3038 3140 3091 illius
3170 3038 3349 3107 templi
3374 3038 3645 3108 neglectus

2068 3138 2265 3184 tantam
2311 3130 2559 3183 excitavit
2605 3130 2735 3183 iram
2769 3129 3030 3193 Numinis,
3068 3129 3236 3184 umlto
3273 3129 3441 3197 magis
3490 3128 3644 3197 hujus

2066 3220 2245 3290 templi
2275 3218 2545 3289 neglectus
2566 3220 2630 3273 ad
2650 3220 2972 3274 iracumiiam
2989 3220 3292 3288 provocabit
3317 3219 3597 3273 Dominum
3626 3235 3639 3273 :

2062 3313 2324 3383 siquidem
2377 3312 2479 3367 hoc
2532 3314 2784 3383 templum
2838 3323 2984 3367 tanto
3028 3322 3106 3367 est
3163 3313 3254 3367 illo
3308 3312 3639 3371 honoratius.

2061 3415 2261 3476 quanto
2300 3406 2453 3475 plura
2500 3406 2657 3459 habet
2684 3404 3050 3458 sanctimonia:
3074 3403 3333 3474 syntbola.
3363 3402 3510 3457 Cave
3540 3403 3639 3472 igi-

2060 3498 2219 3567 gitur,
2247 3513 2314 3552 ne.
2343 3497 2595 3566 templum
2628 3496 2723 3551 Dei
2752 3496 2835 3550 fiat
2861 3496 3114 3565 Spelunca
3146 3494 3409 3549 latronum
3442 3535 3454 3557 ,
3489 3508 3557 3547 ne
3585 3502 3639 3547 et

2060 3589 2281 3642 alteram
2308 3587 2491 3642 audias
2520 3587 2968 3657 obiurgationem,
2998 3600 3101 3656 qua
3132 3585 3373 3639 Christus
3394 3584 3639 3652 objurga-

2047 3666 2134 3731 '\'it
2157 3678 2391 3740 Iudaeos,
2433 3678 2653 3732 dicens:
2684 3677 2878 3730 Domus
2908 3676 3077 3729 Patris
3108 3676 3224 3739 mei,
3257 3674 3436 3727 domus
3461 3687 3637 3739 preca-

2059 3771 2207 3823 tionis
2232 3778 2304 3821 est
2333 3784 2351 3820 :
2379 3784 2464 3821 vos
2485 3779 2657 3821 autem
2693 3769 2877 3835 fecistis
2902 3783 3013 3819 eam
3053 3765 3345 3835 speluncam
3382 3767 3633 3824 latronum

2060 3858 2510 3929 (Matth.21.l3.
2552 3856 2797 3910 Luc.19.
2840 3856 2953 3923 te).
2985 3855 3089 3909 Sed
3120 3853 3386 3923 quomodo
3415 3853 3469 3906 nt
3516 3866 3635 3921 spc—

2059 3952 2210 4004 lunca
2237 3949 2499 4003 latronum
2527 3947 2549 4000 ?
2574 3945 2704 4001 Cum
2734 3947 2967 4017 patimur
3005 3944 3290 3999 iiliberales
3324 3958 3389 3998 ac
3417 3943 3637 3998 serviles

2057 4042 2513 4112 concupiscentias
2545 4039 2924 4108 libidinemque
2976 4038 3193 4104 intrare,
3243 4036 3533 4106 sedemque
3571 4036 3632 4089 ii-

2056 4151 2183 4206 gere
2213 4136 2264 4189 in
2305 4132 2820 4188 adulescentulorum
2847 4130 3057 4185 animis.
3087 4130 3241 4184 Tales
3268 4131 3408 4183 enim
3437 4129 3636 4197 cogita-

2058 4229 2231 4281 tiones
2256 4226 2662 4296 perniciosiores
2691 4234 2815 4279 sunt
2842 4223 3157 4291 latronibus,
3194 4237 3314 4292 quat
3341 4237 3630 4291 puerorum

2056 4320 2434 4390 ingenuitatem
2468 4328 2677 4374 vertunt
2718 4319 2769 4372 in
2819 4317 3150 4382 servitutem,
3182 4316 3434 4384 ipsosque
3462 4315 3633 4368 brutis

2054 4411 2429 4481 cupiditatibus
2468 4410 2667 4464 dedunt
2705 4408 2963 4477 captivos,
2993 4406 3223 4475 undique
3264 4404 3633 4460 confodientes

2057 4504 2195 4569 illos,
2229 4519 2290 4557 ac
2309 4511 2540 4556 mentem
2564 4500 2775 4555 illorum
2794 4498 2974 4553 multis
2998 4496 3279 4566 implentes
3302 4494 3630 4550 vulneribus.

2053 4597 2390 4666 Quapropter
2430 4594 2543 4649 haec
2581 4592 2816 4663 quotidie
2854 4589 3215 4660 dispiciamus,
3245 4597 3300 4642 et
3331 4586 3505 4641 verbis
3534 4602 3634 4656 pro

2053 4691 2250 4745 scutica
2282 4699 2509 4754 utentes,
2539 4702 2725 4740 omnes
2766 4684 2814 4737 id
2851 4698 3020 4752 genus
3063 4680 3284 4736 allectus
3324 4679 3394 4733 ab
3422 4679 3633 4734 illorum

2054 4782 2246 4836 animis
2290 4781 2638 4849 depellamus,
2670 4794 2775 4847 quo
2803 4775 3053 4830 videlicet
3084 4775 3177 4829 lilii
3216 4774 3491 4829 uobiscum
3530 4787 3635 4827 ca:-

2051 4876 2201 4931 lestis
2230 4875 2456 4930 civitatis
2496 4874 2705 4927 valeant
2739 4885 2858 4925 esse
2887 4870 3192 4939 participes,
3233 4876 3289 4922 et
3326 4868 3632 4920 universum

2053 4967 2251 5021 cultutn
2282 4966 2370 5033 qui
2414 4965 2716 5019 celebratur
2746 4961 2852 5017 illic
2893 4964 2995 5017 rite
3024 4974 3298 5031 peragere.
3335 4960 3525 5012 Annon
3556 4956 3632 5008 vi-

2052 5060 2188 5115 detis
2240 5058 2567 5127 frequenter,
2618 5056 2762 5126 quod
2811 5056 2984 5125 quiin
3037 5052 3258 5108 urbibus
3305 5058 3630 5113 versantur,

2054 5166 2247 5222 pueros
2273 5165 2442 5217 nuper
2466 5164 2496 5202 a
2528 5149 2663 5202 lacte
2693 5147 2943 5216 depulsos
2972 5142 3355 5213 tltallophoros,
3383 5150 3476 5194 aut
3503 5153 3634 5209 ago-

2054 5243 2320 5307 notbetas,
2339 5251 2427 5295 aut
2451 5240 2798 5295 certaminum
2826 5237 3104 5308 puniet-tos
3134 5237 3177 5300 ί,
3200 5242 3289 5287 aut
3310 5234 3632 5288 chorearum

2052 5335 2334 5403 magistros
2372 5331 2613 5387 faciunt?
2654 5330 2797 5383 idem
2839 5337 2891 5382 et
2931 5341 3029 5380 nos
3072 5326 3342 5390 faciamus,
3390 5342 3418 5377 a
3452 5325 3635 5394 primis

2054 5427 2232 5480 statim
2265 5425 2419 5479 anuis
2447 5423 2758 5477 inducamus
2784 5435 2876 5475 eos
2893 5419 2959 5473 ad
2980 5418 3315 5488 disciplinam
3341 5418 3632 5472 caelestem.

2055 5517 2328 5588 Siquidem
2358 5516 2472 5570 base
2500 5525 2730 5577 terrena,
2780 5528 2901 5567 cum
2928 5510 3253 5582 impendium
3282 5509 3510 5573 adierat,
3525 5505 3635 5563 fru-

2052 5620 2199 5665 ctum
2233 5618 2405 5664 lamen
2438 5606 2636 5661 nullum
2668 5604 2844 5659 habet.

2119 5729 2132 5757 ²
2159 5718 2435 5775 COlbcriini
2475 5714 2676 5779 addunt:
2701 5705 3208 5779 etugyntnnstqrcligs.
3227 5706 3326 5763 (καὶ
3348 5702 3640 5779 WW6?-

2054 5766 2481 5848 mgii'sié'éuam
2514 5779 2637 5838 Heg.
2665 5775 2715 5823 In
2743 5766 2915 5823 iloiel.
2937 5778 2987 5818 et
3015 5766 3163 5818 Savil.
3198 5769 3302 5815 haec
3330 5779 3418 5815 vox
3444 5766 3636 5814 deerat.
