4110 6214
1217 303 1272 355 S.
1315 298 1592 355 JOANNIS
1618 293 2085 354 CHRYSOSTOMI
2127 292 2442 351 ARCIIIEP.
2482 296 3011 354 CONSTANTINOP.
3725 303 3847 360 σω

2243 403 2351 460 sint
2394 407 2692 478 abnegandi
2729 408 2873 464 modi
2899 451 2917 477 ,
2944 405 3285 465 manifestum
3322 416 3404 465 est
3435 410 3658 469 totidem
3704 427 3845 470 esse

2236 497 2546 568 confitendi,
2575 515 2640 557 ac
2681 500 2850 558 multo
2883 501 3044 558 etiam
3076 503 3296 572 plures;
3347 503 3541 573 quibus
3571 507 3844 562 omnibus

2235 591 2476 646 confiteri
2505 591 2837 660 studeamus,
2856 602 2916 648 ut
2941 603 2996 649 et
3021 594 3122 664 ipsi
3151 594 3206 650 in
3233 595 3382 650 caelis
3409 594 3670 654 honorem
3693 614 3843 655 con-

2234 695 2561 751 sequamur,
2606 683 2777 754 gratia
2828 693 2884 739 et
2924 683 3164 741 bonitate
3213 685 3427 742 Domini
3480 690 3648 746 nostri
3695 689 3841 748 Iesu

2233 773 2454 841 Christi,
2483 790 2580 845 per
2603 790 2762 846 quem
2782 785 2837 833 et
2864 791 2985 832 eum
3009 792 3117 848 quo
3137 776 3281 833 Patri
3304 777 3495 850 gloria,
3523 780 3682 838 simul
3699 798 3840 840 cum

2232 877 2420 921 sancto
2440 867 2662 937 Spiritu,
2691 882 2836 926 nunc
2863 877 2917 925 et
2945 883 3182 940 semper,
3210 879 3266 928 et
3293 870 3349 926 in
3373 872 3568 930 mula
3593 875 3841 932 saculo-

544 304 641 359 653

616 422 668 474 5.
713 418 998 486 Disciplina
1048 414 1232 468 calcati
1276 411 1533 466 imbuendi
1578 413 1811 481 juvenes.
1863 438 1931 448 —
1972 405 2123 464 Nam.

546 528 727 584 quaeso
741 521 811 577 te,
830 511 947 580 quis
961 509 1160 562 fructus
1183 520 1302 560 esse
1317 503 1485 574 possit
1509 519 1540 558 e
1569 502 1806 572 populari
1825 498 2084 570 applausu
2108 497 2131 549 ?

545 607 713 662 Simul
734 613 789 658 ut
819 615 1037 670 vespera
1064 613 1160 654 nos
1188 597 1480 667 occuparit,
1519 595 1662 650 illico
1685 593 1899 664 plausus
1928 591 2017 645 ille
2041 597 2125 643 to-

546 707 734 764 tusque
775 691 1030 747 tumultus
1075 687 1390 744 emarcescit
1426 704 1440 740 :
1487 699 1550 740 ac
1579 685 1711 740 festo
1747 689 1981 754 peracto,
2012 694 2132 749 per-

547 787 670 860 inde
715 783 866 855 quasi
897 783 948 836 in
990 779 1212 836 somniis
1241 777 1436 833 fuerint
1463 775 1694 832 deliciati
1717 814 1732 839 ,
1761 774 1831 828 ita
1859 772 2006 828 omni
2031 784 2127 826 vo-

545 877 744 947 luptate
768 873 1010 929 destituti
1035 872 1373 934 consistunt;
1406 883 1506 924 nec
1529 883 1561 923 a
1588 880 1810 932 corona,
1832 877 1934 920 nec
1957 878 1988 917 a
2016 877 2129 916 ma-

543 968 733 1036 gnifica
761 973 929 1029 veste,
962 978 1061 1018 nec
1083 977 1113 1016 a
1135 961 1344 1030 reliquo
1372 959 1508 1014 fastu
1536 958 1787 1012 universo
1813 961 2127 1021 conceptam

544 1059 890 1127 voluptatem,
918 1054 963 1109 si
1002 1062 1265 1124 qnmrant,
1289 1049 1532 1106 invenire
1550 1048 1749 1110 valent,
1771 1044 1913 1118 quod
1947 1043 2124 1099 omnia

545 1149 632 1204 illa
654 1147 842 1218 quovis
857 1153 1020 1201 vento
1039 1143 1269 1200 celerius
1297 1149 1730 1212 praetereat-rant.

617 1241 861 1295 Felicitas
900 1239 1014 1294 vitae
1057 1237 1286 1293 caelestis.
1317 1235 1672 1307 Abnegationis
1717 1233 1856 1287 modi
1882 1231 2026 1286 varii.
2055 1261 2127 1272 —-

542 1332 809 1386 Cancrum
850 1330 903 1385 in
933 1327 1132 1384 caelesti
1162 1328 1269 1382 vita
1299 1326 1478 1381 omnia
1517 1338 1671 1380 secus
1711 1323 1908 1378 habent
1939 1339 1954 1376 :
1994 1322 2124 1376 citra

550 1426 842 1494 impensam
878 1423 1085 1477 lucrum
1130 1418 1375 1476 adferunt
1403 1427 1456 1473 et
1493 1417 1769 1486 copiosum
1815 1424 1872 1470 et
1910 1412 2122 1468 stabile.

544 1516 678 1570 Nam
706 1515 813 1569 illic
841 1528 946 1568 non
977 1512 1216 1567 homines
1242 1509 1411 1572 ebrii,
1440 1506 1534 1563 sed
1565 1505 1874 1577 angelorum
1901 1502 2126 1574 p0pulus

544 1607 737 1678 iugiter
772 1603 1040 1676 applaudit
1067 1617 1183 1658 rem
1211 1601 1434 1672 gerenti.
1457 1597 1563 1654 Sed
1587 1595 1712 1668 quid
1736 1595 1870 1661 dixi,
1897 1593 2116 1664 angelo-

546 1715 663 1754 rum
705 1697 976 1768 populus?
1016 1696 1132 1766 Ipse
1157 1693 1464 1764 angelorum
1498 1691 1754 1746 Dominus
1779 1687 2034 1752 laudabit,
2071 1693 2127 1740 et

543 1791 911 1863 comprobabit
940 1788 1223 1857 illum.Qui
1249 1801 1378 1842 vero
1401 1801 1430 1840 a
1460 1787 1569 1840 Deo
1600 1783 1863 1848 laudatur,
1891 1795 1997 1836 non
2020 1793 2126 1834 uno

545 1885 779 1940 alterove
815 1883 924 1948 die,
965 1890 1060 1936 aut
1103 1880 1259 1936 tertio
1279 1919 1295 1945 ,
1327 1877 1420 1932 sed
1452 1879 1504 1932 in
1545 1885 1808 1932 aeternum
1837 1874 2127 1944 triumphat

544 1976 652 2030 illic
676 1985 891 2046 gestans
918 1987 1194 2036 coronam,
1225 1984 1323 2025 nec
1354 1983 1604 2038 umquam
1632 1975 1793 2035 caput
1827 1964 1955 2019 illud
1979 1963 2125 2019 vide-

546 2067 627 2124 bis
655 2083 716 2123 ea
741 2067 994 2122 nudatum
1021 2064 1186 2136 gloria
1217 2080 1230 2116 :
1260 2076 1431 2131 neque
1461 2059 1605 2116 enim
1633 2059 1771 2113 illius
1796 2055 2123 2113 celebritatis

544 2170 752 2229 tempus
793 2158 956 2214 certis
993 2155 1180 2212 diebus
1209 2153 1674 2222 circumscriptum
1701 2160 1804 2215 est,
1833 2147 1926 2204 sed
1956 2161 2124 2217 usque

541 2251 607 2305 ad
663 2249 822 2304 futuri
867 2247 1047 2304 steculi
1101 2243 1557 2302 immortalitatem
1603 2240 1932 2297 extenditur.
1992 2237 2125 2294 Huic

540 2343 702 2398 cultui
728 2355 1015 2410 numquam
1041 2346 1321 2409 paupertas
1357 2351 1478 2392 esse
1522 2335 1696 2405 possit
1723 2331 2122 2403 impedimento,

542 2449 726 2488 verum
766 2440 818 2486 et
866 2428 1085 2501 pauperi
1135 2427 1260 2482 licet
1307 2425 1409 2480 hoc
1449 2423 1726 2480 celebrare
1768 2421 1984 2485 festum,
2016 2421 2124 2475 imo

542 2526 760 2596 pauperi
805 2522 1054 2583 maxime,
1102 2519 1296 2589 quippe
1335 2517 1426 2588 qui
1474 2517 1542 2570 ab
1571 2515 1716 2570 omni
1763 2513 1943 2568 mundi
1985 2511 2121 2567 (astu

540 2615 872 2684 strepituque
900 2613 968 2665 sit
1013 2611 1148 2664 liber
1179 2626 1194 2663 :
1225 2622 1400 2677 neque
1430 2607 1572 2661 enim
1596 2620 1733 2675 Opus
1760 2614 1842 2660 est
1873 2604 2122 2675 pecunia-

539 2724 660 2762 rum
686 2704 966 2774 impendiis
981 2711 1036 2758 et
1061 2701 1356 2772 opulentia,
1376 2699 1470 2755 sed
1490 2699 1669 2754 animo
1686 2712 1842 2768 puro,
1866 2711 1929 2753 ac
1941 2705 2120 2752 mente

537 2799 736 2855 sobria.
761 2797 887 2852 Haec
912 2796 1055 2851 enim
1081 2803 1164 2850 cst
1187 2808 1306 2863 quae
1337 2792 1476 2847 illius
1505 2791 1626 2846 vita:
1651 2799 1829 2846 vestes
1853 2789 1980 2845 texit
2005 2789 2121 2844 ani-

538 2906 661 2953 mae,
692 2891 805 2944 htec
841 2903 961 2958 qua:
988 2901 1216 2942 coronas
1246 2884 1412 2940 nectit
1440 2897 1452 2938 :
1481 2898 1601 2952 quae
1630 2882 1730 2938 nisi
1758 2883 1965 2936 virtutis
1994 2879 2116 2936 ofli-

541 2981 640 3036 ciis
666 2979 826 3035 fuerit
851 2987 1128 3039 exornata,
1153 2974 1278 3030 nulli
1305 2974 1422 3029 usui
1445 2973 1547 3029 erit
1572 2974 1688 3028 auri
1715 2987 1907 3043 magna
1930 2971 2116 3042 copia:

535 3072 672 3128 sicut
702 3087 733 3128 e
757 3070 970 3126 diverso
999 3083 1098 3125 nec
1136 3067 1334 3123 damno
1361 3065 1467 3121 erit
1497 3073 1803 3135 paupertas,
1831 3064 1876 3119 si
1901 3061 2114 3118 divitias

532 3164 680 3217 intus
711 3160 900 3214 habeat
929 3159 1212 3228 repositas.
1247 3155 1395 3210 Hanc
1419 3155 1785 3210 celebritatem
1813 3170 1916 3208 non
1958 3151 2116 3207 modo

527 3251 757 3307 masculi
796 3252 970 3315 liberi,
1003 3250 1097 3306 sed
1135 3260 1189 3306 et
1222 3249 1343 3304 filia:
1386 3248 1542 3304 nobis
1567 3247 1843 3303 celebrent
1889 3263 1903 3300 :
1944 3259 2115 3315 neque

531 3346 696 3411 enim,
727 3343 1173 3416 quemadmodum
1215 3342 1270 3398 in
1296 3351 1516 3398 externa
1543 3339 2004 3396 administratione
2030 3337 2112 3392 vi-

529 3438 604 3493 ris
649 3446 850 3492 tantum
893 3439 1210 3507 imperatum
1244 3445 1324 3491 est
1354 3436 1456 3500 hoc
1489 3434 1682 3490 festum
1716 3448 1893 3506 agere,
1925 3446 2110 3487 verum

529 3541 582 3584 et
614 3529 837 3584 feminas
880 3528 1008 3584 illud
1035 3527 1223 3598 recipit
1248 3527 1512 3582 theatrum
1536 3567 1551 3591 ,
1575 3535 1630 3581 et
1652 3540 1811 3581 senes
1833 3567 1850 3593 ,
1881 3535 1936 3580 et
1955 3525 2109 3594 iure-

531 3635 645 3685 nes,
674 3630 728 3676 et
752 3635 937 3697 servos
957 3629 1012 3674 et
1042 3620 1318 3690 ingenuos.
1350 3617 1449 3674 Ubi
1471 3619 1614 3674 enim
1641 3618 1804 3672 animi
1825 3627 2106 3688 spectacu-

530 3715 639 3770 lum
664 3723 748 3769 est
770 3755 784 3781 ,
816 3715 884 3768 ibi
915 3728 1019 3768 non
1048 3728 1228 3774 sexus,
1260 3727 1364 3766 non
1386 3721 1536 3778 :rtas,
1571 3726 1672 3766 non
1698 3710 1926 3782 dignitas
1951 3709 2110 3777 hujus

527 3805 728 3872 seculi,
759 3819 866 3860 non
899 3803 1041 3862 aliud
1072 3803 1362 3873 quidquam
1394 3801 1652 3871 impedire
1697 3809 1890 3871 potest.
1925 3799 2109 3869 quue

525 3912 620 3952 vos
649 3913 836 3951 omnes
861 3896 1148 3962 exhortor,
1181 3904 1237 3949 ut
1277 3911 1304 3946 a
1337 3897 1534 3949 teneris
1572 3893 1751 3948 statim
1782 3894 1938 3947 annis
1969 3900 2024 3946 et
2050 3891 2108 3944 li-

525 3989 624 4043 lins
654 3999 708 4044 et
741 3989 875 4044 tilias
913 3986 1214 4057 hujusmodi
1261 3985 1622 4041 functionibus
1646 3984 1871 4050 dedatis,
1903 3993 1957 4039 et
1987 3983 2107 4039 huic

525 4081 644 4133 vita:
684 4080 925 4134 instituto
970 4087 1330 4148 congruentes
1369 4077 1581 4132 divitias
1622 4076 1702 4130 eis
1745 4074 1974 4140 addatis,
1999 4091 2103 4129 non

522 4184 712 4223 aurum
742 4169 1097 4235 defodientes,
1136 4184 1241 4222 non
1270 4176 1546 4236 argentum
1571 4175 1975 4238 congregantes,
2009 4165 2102 4221 sed

525 4260 862 4327 nmdestiam,
903 4260 1269 4325 sobrietatem,
1304 4274 1367 4315 ac
1401 4259 1702 4329 pudicitiam
1725 4300 1740 4324 ,
1771 4259 2105 4328 reliquasque

521 4352 743 4406 virtutes
756 4366 942 4406 omnes
968 4351 1018 4406 in
1038 4351 1229 4406 animis
1251 4365 1434 4405 eorum
1462 4359 1804 4420 reponentes.
1833 4349 1941 4405 llos
1961 4351 2102 4406 enim

521 4451 764 4512 sumptus
785 4442 950 4512 exigit
980 4441 1067 4496 illa
1099 4442 1315 4495 functio.
1342 4441 1396 4496 Si
1427 4441 1564 4496 hanc
1591 4441 1748 4511 igitur
1773 4441 2098 4511 opulentiam

521 4543 633 4584 tum
665 4531 839 4594 nobis,
871 4541 981 4585 tum
1008 4530 1129 4586 filiis
1153 4529 1548 4600 collegerimus,
1571 4541 1626 4586 et
1655 4532 1704 4584 in
1729 4530 1977 4602 prmsenti
1997 4530 2100 4585 vita

520 4621 746 4676 multum
781 4621 1082 4692 splendoris
1129 4635 1539 4691 consequemur,
1572 4631 1626 4677 et
1673 4624 1725 4676 in
1771 4622 1944 4676 futura
1996 4624 2099 4677 vita

523 4714 731 4766 beatam
773 4711 915 4766 illam
968 4725 1154 4766 vocem
1195 4711 1493 4776 audiemus,
1541 4726 1638 4782 per
1661 4726 1819 4782 quam
1859 4711 2102 4770 Christus

521 4818 710 4858 omnes
739 4803 825 4874 qui
866 4802 1035 4872 ipsum
1072 4803 1302 4858 confessi
1342 4802 1559 4868 fuerint,
1601 4817 1698 4858 suo
1717 4815 2102 4875 ornatprceco-

526 4893 631 4949 nio.
656 4893 936 4950 Confessio
950 4901 1127 4950 autem
1151 4909 1256 4949 non
1275 4903 1476 4950 tantum
1497 4894 1555 4948 fit
1575 4909 1669 4965 per
1687 4893 1865 4962 fidem,
1914 4911 2099 4952 verum

521 4989 682 5043 etiam
727 5002 824 5058 per
867 5001 1029 5057 opera
1056 5028 1072 5053 ,
1102 4987 1237 5043 adeo
1265 4995 1324 5042 ut
1349 4986 1395 5041 si
1427 4987 1539 5042 haec
1567 4987 1780 5055 absint,
1827 4990 2099 5046 veniamus

519 5081 568 5133 in
597 5079 889 5148 periculum
911 5119 927 5144 ,
961 5093 1028 5134 ne
1053 5093 1174 5132 cum
1215 5077 1598 5148 abnegantibus
1639 5093 1822 5148 pinnas
1869 5079 2094 5135 luamus.

514 5170 695 5241 Neque
720 5170 861 5225 enim
894 5184 1032 5225 unus
1055 5179 1139 5226 est
1161 5169 1456 5242 ahnegandi
1484 5170 1672 5226 modus
1697 5213 1712 5238 ,
1741 5170 1835 5226 sed
1865 5171 2015 5225 multi
2042 5179 2098 5225 et

509 5263 666 5336 varii,
713 5276 849 5330 quos
891 5262 1086 5318 Paulus
1127 5263 1283 5318 nobis
1313 5263 1656 5331 describens,
1695 5264 1764 5317 ita
1813 5263 2091 5333 loquitur;

515 5358 829 5425 l’rcﬁtentur
869 5371 924 5410 se
963 5372 1108 5410 nosse
1159 5356 1341 5420 Deum,
1366 5355 1455 5410 sed
1493 5356 1638 5424 [actis
1680 5364 1864 5426 negant
1894 5354 2014 5424 (Tit.
2040 5356 2091 5410 l.

514 5450 624 5518 lli);
653 5456 710 5502 et
741 5462 947 5512 rursus,
983 5447 1043 5502 Si
1067 5449 1179 5515 quis
1207 5465 1436 5514 suorum,
1474 5458 1523 5502 et
1551 5448 1768 5502 maxime
1794 5447 2095 5502 domestico-

511 5555 622 5590 rum
651 5555 827 5592 curam
871 5555 971 5592 non
1011 5538 1174 5602 habet,
1216 5539 1368 5607 [idem
1411 5540 1695 5609 abnegavit,
1726 5549 1771 5593 et
1795 5549 1867 5593 est
1895 5538 2092 5608 inﬁdeli

509 5630 726 5695 deterior
751 5631 830 5696 (l.
875 5628 1006 5683 Tim.
1051 5631 1103 5684 5.
1136 5627 1214 5698 2).
1244 5628 1312 5684 Ει
1336 5629 1549 5696 iterum,
1581 5629 1766 5700 Fugite
1802 5631 2085 5695 avaritiam,

508 5733 624 5786 qtttt’
669 5728 742 5772 est
770 5720 1018 5772 idolorum
1046 5720 1210 5774 cultus
1234 5719 1445 5789 (Coloss.
1472 5721 1525 5777 5.
1555 5721 1630 5792 ii).
1661 5721 1793 5777 Cum
1825 5721 1981 5792 igitur
2011 5728 2089 5776 tot

2231 973 2369 1014 rum.
2404 961 2596 1016 Amen.

2846 1093 3078 1152 SERIIO
3112 1092 3203 1152 IV.

2229 1207 2312 1262 Ad
2347 1223 2432 1262 eos
2474 1207 2561 1275 qui
2603 1208 2813 1263 collecta
2856 1209 3033 1264 relicta
3075 1209 3146 1263 ad
3187 1208 3382 1264 theatra
3419 1212 3698 1268 ascendunt
3725 1229 3747 1268 :
3777 1223 3834 1269 es

2300 1300 2436 1370 quod
2461 1317 2562 1356 non
2589 1302 2753 1356 solum
2791 1302 2968 1356 utilius
2995 1302 3062 1356 sit
3089 1303 3142 1356 in
3177 1303 3387 1358 ecclesia
3414 1306 3604 1360 versari
3625 1349 3638 1371 ,
3665 1324 3830 1378 φιωκ

2297 1393 2355 1449 in
2377 1391 2604 1459 theatris,
2632 1393 2722 1447 sed
2753 1393 2902 1446 etiam
2917 1393 3199 1465 jucundius
3220 1409 3239 1446 :
3265 1401 3313 1448 et
3340 1395 3403 1450 de
3426 1397 3645 1450 secunda
3673 1411 3830 1466 parte

2300 1489 2605 1560 precationis
2627 1490 2790 1544 Annw
2815 1506 2835 1544 :
2859 1490 3091 1563 quodque
3125 1489 3460 1546 indesinenter
3501 1503 3546 1546 et
3585 1492 3638 1546 in
3675 1493 3826 1547 οωνιὶ

2299 1581 2410 1635 loco
2436 1581 2633 1652 precari
2659 1590 2916 1651 oporteat,
2949 1583 3026 1637 vel
3056 1582 3110 1637 in
3137 1584 3271 1652 fore,
3300 1583 3377 1637 vel
3409 1584 3462 1638 in
3490 1584 3570 1637 ria
3596 1625 3611 1648 ,
3652 1585 3730 1638 vel
3763 1586 3822 1638 in

2297 1671 2450 1726 lecto.

2304 1783 2353 1838 ι.
2394 1782 2547 1838 Haud
2586 1785 2732 1849 scio,
2776 1783 2970 1856 quibus
3011 1784 3190 1840 verbis
3236 1785 3460 1841 debeam
3509 1786 3583 1842 uti
3631 1787 3814 1845 hodie.

2229 1873 2363 1929 Cum
2393 1874 2534 1929 enim
2564 1874 2771 1929 videam
2797 1875 3052 1930 collectas
3081 1891 3268 1947 parum
3311 1875 3658 1948 frequentari,
3687 1893 3815 1949 pro-

2230 1964 2420 2035 phetas
2447 1965 2587 2020 allici
2633 1967 2954 2022 contumelia
2978 2008 2994 2034 ,
3039 1968 3310 2038 apostolos
3353 1968 3594 2040 despici,
3637 1981 3815 2040 patres

2227 2057 2519 2124 contemni,
2556 2071 2783 2128 eamque
2807 2059 3184 2114 contumeliam
3204 2099 3220 2126 ,
3251 2075 3355 2129 qua
3380 2061 3520 2114 servi
3549 2071 3812 2132 appetun-

2230 2157 2354 2214 tur,
2385 2147 2453 2203 ad
2501 2147 2674 2218 ipsum
2717 2163 2904 2204 eorum
2951 2147 3231 2204 Dominum
3275 2151 3640 2219 pertransire,
3684 2152 3814 2207 libet

2227 2241 2442 2311 quidem
2471 2254 2746 2307 accusare,
2775 2239 2873 2296 sed
2899 2255 2994 2296 eos
3018 2241 3110 2312 qui
3134 2241 3526 2298 accusationem
3555 2243 3690 2302 hanc
3715 2258 3814 2299 au-

2229 2331 2351 2388 dire
2379 2331 2640 2389 deberent
2666 2347 2772 2388 non
2801 2333 2890 2388 hic
2914 2332 3072 2388 video
3099 2349 3114 2389 :
3139 2346 3233 2388 vos
3255 2333 3357 2389 soli
3376 2333 3595 2402 adestis,
3620 2336 3814 2406 quibus

2227 2424 2329 2483 hac
2355 2424 2719 2482 admonitione
2761 2425 2894 2482 nihil
2931 2441 3064 2498 opus
3097 2434 3198 2482 est.
3231 2425 3611 2484 Verumtamen
3642 2442 3710 2484 ne
3732 2429 3813 2484 sic

2225 2517 2442 2588 quidem
2471 2517 2735 2573 silendum
2765 2527 2847 2573 est
2875 2517 3030 2574 nobis
3065 2534 3078 2571 :
3117 2533 3244 2574 nam
3272 2527 3327 2574 et
3367 2519 3811 2590 indignationem,

2224 2623 2384 2678 quam
2427 2608 2583 2664 nobis
2627 2619 2952 2675 moverunt,
2997 2609 3392 2681 mitigabimus,
3433 2626 3644 2681 unaque
3686 2628 3810 2668 cum

2223 2700 2400 2755 verbis
2429 2699 2704 2770 ejiciemus
2729 2717 2744 2755 :
2774 2708 2830 2756 et
2867 2699 2989 2756 illos
3029 2700 3175 2770 ipsos
3197 2700 3262 2756 ad
3290 2700 3535 2756 ruborem
3561 2715 3624 2755 ac
3653 2717 3811 2756 vere-

2221 2789 2471 2846 cundiam
2497 2791 2910 2862 compellemus,
2941 2801 3020 2847 tot
3058 2792 3112 2846 iu
3150 2806 3244 2848 eos
3280 2791 3671 2848 accusatoribus
3700 2793 3809 2848 im-

2221 2882 2420 2947 missis,
2444 2891 2572 2952 quot
2592 2897 2735 2938 nunc
2771 2882 3044 2938 auditores
3079 2881 3231 2939 estis.
3259 2881 3315 2938 Si
3341 2882 3484 2938 enim
3508 2882 3807 2949 venissent,

2221 2983 2433 3030 nostras
2457 2974 2630 3031 solum
2656 2973 3053 3045 obiurgationes
3081 2974 3328 3030 audirent
3354 2991 3369 3028 :
3399 2988 3541 3030 nunc
3573 2973 3806 3045 fugitan-

2222 3075 2303 3122 tes
2329 3073 2569 3122 nostram
2596 3065 3036 3135 increpationem,
3074 3064 3263 3122 eadem
3289 3065 3404 3121 haec
3427 3080 3458 3120 a
3483 3065 3632 3121 vobis
3656 3066 3809 3122 audi-

2220 3157 2324 3212 turi
2351 3166 2477 3213 sunt
2504 3157 2702 3213 omnia.
2729 3156 2819 3214 Sic
2844 3165 2898 3213 et
2924 3157 3081 3213 amici
3118 3155 3319 3213 iaciunt
3342 3175 3361 3211 :
3393 3166 3672 3229 postquam
3699 3173 3808 3216 non

2221 3249 2543 3305 invenerunt
2567 3248 2883 3319 quibuscum
2931 3248 3273 3320 expostulare
3294 3249 3565 3318 volebant,
3595 3249 3805 3305 illorum

2219 3339 2422 3394 amicos
2447 3337 2682 3406 adeunt,
2709 3337 2802 3410 qui
2827 3337 2969 3395 dicta
2997 3353 3091 3394 sua
3119 3337 3186 3394 ad
3214 3338 3332 3396 illos
3372 3337 3625 3395 referant.
3657 3339 3805 3395 hiem

2215 3430 2376 3487 etiam
2405 3429 2546 3486 Deus
2571 3428 2735 3486 fecit:
2763 3429 2977 3487 omissis
3021 3431 3086 3486 iis
3130 3430 3222 3500 qui
3266 3431 3317 3485 in
3348 3445 3408 3486 se
3432 3441 3801 3501 peccaverant,

2217 3527 2480 3582 insontem
2519 3525 2806 3582 Jeremiam
2855 3525 3122 3595 appellat,
3163 3525 3347 3580 dicens
3393 3543 3406 3578 :
3455 3524 3629 3579 Viden‘
3666 3525 3793 3594 quid

2214 3621 2339 3674 mihi
2367 3620 2539 3692 fecerit
2563 3619 2805 3689 insipiens
2835 3619 2945 3688 ﬁlia
2968 3617 3109 3672 Iuda
3140 3616 3285 3690 (Jer.
3315 3619 3369 3673 3.
3398 3617 3461 3689 6)
3486 3619 3511 3670 ?
3535 3617 3644 3673 Hac
3668 3633 3801 3674 sane

2213 3710 2279 3766 de
2303 3725 2461 3766 causa
2485 3725 2582 3766 nos
2615 3725 2827 3781 quoque
2850 3710 2968 3765 illos
2991 3710 3310 3775 accusando,
3334 3725 3429 3765 vos
3452 3710 3797 3781 alloquimur,

2214 3813 2270 3858 ut
2315 3803 2440 3859 hinc
2486 3802 2709 3874 profecti
2751 3817 2844 3858 eos
2882 3803 3182 3873 corrigatis.
3232 3803 3364 3871 Quis
3409 3804 3551 3859 enim
3595 3813 3797 3858 tantum

2212 3897 2509 3967 neglectum
2531 3894 2707 3950 ferat?
2736 3894 2911 3950 Semel
2933 3896 2986 3950 in
3016 3893 3345 3950 hcbdomada
3369 3895 3455 3950 hic
3473 3895 3794 3966 colligimur,

2211 3996 2266 4044 et
2308 4003 2377 4044 ne
2419 3987 2518 4043 hac
2559 3987 2774 4059 quidem
2813 3986 2902 4042 die
2943 3988 3227 4043 saecularcs
3273 4002 3430 4042 curas
3473 3988 3797 4059 posthabere

2208 4081 2514 4136 sustinent:
2542 4089 2597 4135 et
2623 4079 2668 4134 si
2713 4080 2833 4150 quis
2878 4079 2931 4134 id
2959 4079 3214 4150 obiiciat,
3256 4080 3398 4135 illico
3427 4090 3794 4151 paupertatem

2208 4180 2528 4240 prmtexunt,
2557 4185 2619 4226 ac
2644 4171 2815 4227 victus
2842 4171 3056 4242 parandi
3093 4172 3483 4240 necessitatem,
3513 4181 3796 4243 urgentes-

2207 4278 2312 4332 quc
2363 4266 2741 4335 occupationes
2771 4305 2786 4329 ,
2837 4264 3200 4320 defensionem
3263 4264 3562 4320 adferentes
3605 4267 3794 4335 quavis

2207 4358 2544 4410 accusatione
2573 4357 2897 4426 graviorem.
2937 4355 3072 4422 Quid
3100 4356 3240 4410 enim
3284 4356 3385 4410 hoc
3424 4357 3540 4426 ipso
3567 4359 3794 4414 crimine

2209 4448 2359 4517 peius
2388 4462 2508 4502 esse
2529 4456 2721 4516 potest,
2755 4463 2875 4503 cum
2907 4447 3106 4517 aliquid
3135 4447 3276 4503 aliud
3304 4463 3462 4518 quam
3488 4449 3667 4504 divina
3698 4465 3793 4504 ne-

2205 4539 2347 4609 gotia
2377 4539 2544 4608 magis
2579 4554 2772 4609 urgens
2798 4539 2951 4595 nobis
2977 4540 3207 4607 videtur,
3237 4541 3509 4612 magisque
3537 4556 3787 4597 necessa-

2206 4630 2386 4686 rium?
2425 4629 2565 4686 Sane
2590 4629 2798 4684 etiamsi
2837 4630 3066 4685 maxime
3105 4646 3287 4685 verum
3327 4632 3430 4686 hoc
3467 4642 3640 4696 esset,
3673 4632 3790 4688 hzec

2205 4724 2316 4794 ipsa
2343 4721 2584 4778 defensio
2609 4730 2752 4778 esset
2777 4721 3068 4788 accusatio,
3098 4731 3153 4776 nt
3179 4721 3286 4776 dixi
3318 4739 3331 4776 :
3365 4730 3423 4776 ut
3449 4733 3626 4777 autem
3654 4723 3790 4778 scia-

2205 4817 2271 4872 tis
2293 4815 2446 4870 istam
2473 4816 2834 4871 causationem
2857 4829 2976 4872 esse
2994 4830 3058 4871 ac
3079 4823 3391 4886 prmtextum
3416 4815 3481 4870 ad
3508 4817 3786 4886 segnitiem

2206 4906 2519 4978 tegendam,
2548 4906 2635 4962 vel
2671 4921 2758 4963 me
2788 4915 2995 4963 tacente
3025 4907 3213 4961 tertius
3239 4905 3434 4961 abhinc
3457 4906 3573 4962 dies
3601 4922 3789 4962 omnes

2205 5001 2326 5056 talia
2373 4998 2723 5055 obtendentes
2774 4998 3094 5069 redarguet,
3143 5013 3264 5052 cum
3309 4997 3497 5053 civitas
3541 4999 3788 5054 universa

2203 5092 2511 5166 migraverit
2538 5092 2603 5148 ad
2631 5091 2863 5158 Circum,
2898 5101 2953 5146 et
2983 5090 3173 5146 domus
3199 5105 3262 5146 ac
3289 5091 3404 5146 fora
3431 5089 3619 5146 nefarii
3646 5090 3789 5147 illius

2202 5185 2492 5257 spectaculi
2517 5185 2686 5257 gratia
2708 5191 2958 5240 evacuata
2986 5181 3202 5236 fuerint.
3230 5183 3292 5236 Et
3317 5179 3404 5236 hic
3424 5197 3493 5237 ne
3517 5182 3786 5253 praecipua

2201 5279 2415 5351 quidem
2461 5277 2700 5333 ecclesia:
2743 5276 2856 5330 loca
2899 5272 2972 5343 (a)
3000 5271 3256 5343 compleri
3283 5270 3524 5328 videmus
3553 5290 3570 5329 :
3595 5282 3649 5328 at
3678 5273 3787 5329 illic

2203 5383 2306 5424 non
2337 5367 2498 5424 modo
2519 5367 2730 5430 Circus,
2753 5364 2846 5419 sed
2867 5371 2922 5418 et
2943 5361 3220 5418 cmnacula
3245 5371 3300 5417 et
3326 5360 3519 5417 domus
3544 5371 3600 5419 et
3623 5372 3781 5430 tecta,

2199 5468 2254 5514 et
2277 5459 2499 5528 abrupta
2529 5457 2646 5512 loca
2678 5456 2927 5526 pleraque
2955 5461 3284 5524 occupantur
3314 5470 3328 5506 :
3358 5461 3414 5508 at
3440 5467 3616 5525 neque
3651 5468 3783 5524 pau-

2201 5561 2412 5623 pertus,
2453 5564 2627 5620 neque
2665 5547 2940 5618 occupatio
2965 5586 2982 5612 ,
3025 5559 3196 5615 neque
3232 5543 3481 5601 debilitas
3519 5546 3781 5617 corporis,

2201 5662 2623 5793 Νὲιὲηζιὲεείρηα
2670 5660 2774 5714 loca
2811 5656 3028 5713 ecclesite
3067 5665 3205 5710 vocat
3247 5665 3413 5720 partes
3447 5651 3788 5705 sacerdotibus
