4110 6214
390 339 496 399 639

453 467 511 514 ε’.
540 459 698 516 Ποῖον
723 460 829 534 7&9
858 461 926 516 ἀν
953 459 1160 531 γένοιτο
1192 461 1379 533 κέρδος
1405 462 1469 518 ἐκ
1503 464 1602 537 τῆς
1630 467 1738 521 τῶν
1770 469 1958 540 δήμων

383 541 693 614 εὐφημίαςς
729 544 850 599 είπέ
873 562 984 615 μοι.
1017 544 1128 616 Τῆς
1147 546 1384 617 ἑσπέρας
1415 547 1524 620 7&9
1547 551 1959 622 καταλαϐούσης

384 625 630 690 εὐθέωςό
649 627 843 699 κρότος
869 628 1076 692 ἐκεῖνος
1105 629 1200 682 καὶ
1218 630 1247 682 6
1277 628 1506 704 θόρυϐος
1527 631 1674 697 ἄπας
1700 634 1958 705 μαραίνε-

381 724 490 771 ται,
524 709 620 762 καὶ
651 709 1026 781 παρελθούσης
1055 711 1155 782 τῆς
1177 713 1556 786 πανηγύρεως,
1585 713 1775 788 ῶσπερ
1817 716 1953 786 δναρ

380 793 782 862 τρυφήσαντες,
812 791 987 857 οὕτως
1020 792 1217 866 ἔρημοι
1246 796 1427 866 πάσης
1478 797 1832 853 καθίστανται
1865 799 1956 851 εὐ-

382 873 677 944 φροσύνης,
700 876 794 929 καὶ
812 874 938 929 οὐτε
970 877 1070 947 τὴν
1111 878 1219 930 ἀπὸ
1253 879 1348 932 τοῦ
1378 880 1666 950 στεφάνου,
1703 880 1827 935 οὐτε
1857 879 1954 950 τὴν

380 957 488 1010 ἀπὸ
518 959 618 1027 τῆς
642 959 836 1030 στολῆς
864 960 964 1028 τῆς
993 959 1251 1032 λαμπρᾶς
1283 961 1377 1016 καὶ
1413 963 1513 1035 τῆς
1547 963 1716 1036 άλλης
1745 981 1952 1034 φαντα-

382 1039 501 1106 σίας
529 1042 746 1113 ἀπάσης
775 1043 1040 1113 εὐθυμίαν
1067 1044 1425 1116 ἐγγινομένην
1457 1045 1640 1110 αὐτοῖς
1663 1045 1952 1118 ζητοῦντες

378 1123 557 1194 εὑρεῖν
593 1123 826 1178 δύναιντ’
860 1124 947 1188 ἂν,
981 1125 1182 1196 ἀνέμου
1215 1127 1414 1192 παντὸς
1448 1127 1744 1200 ταχύτερον
1770 1144 1949 1200 παρα-

375 1203 692 1276 δραμόντων
723 1207 919 1272 αὐτοὺς
949 1208 1228 1263 ἀπάντων.

457 1355 519 1407 Ἦ
569 1355 625 1408 δὲ
678 1355 785 1409 τῶν
827 1357 1076 1428 οὐρανῶν
1123 1361 1369 1414 πολιτεία
1399 1360 1706 1416 τούναντίον
1754 1361 1899 1416 ἀπαν
1931 1376 1947 1392 ⁸

375 1441 543 1509 χωρὶς
575 1440 819 1509 δαπάνης
850 1441 985 1494 πολὺ
1033 1441 1191 1513 φέρει
1225 1443 1285 1495 τὸ
1314 1443 1502 1514 κέρδος
1531 1444 1663 1515 ἡμῖν
1706 1443 1803 1499 καὶ
1849 1445 1947 1516 μό·-

372 1539 548 1591 νιμον.
607 1523 680 1575 Οὐ
741 1523 852 1593 γάρ
902 1523 1182 1594 ἄνθρωποι
1245 1525 1538 1595 μεθύοντες
1565 1565 1579 1589 ,
1648 1526 1784 1584 ἀλλά
1837 1527 1948 1582 τῶν

369 1604 617 1672 ἀγγέλων
659 1606 688 1657 6
724 1605 896 1675 δῆμος
949 1606 1039 1658 τὸν
1081 1608 1198 1659 ἐκεῖ
1239 1607 1654 1679 πολιτευόμενον
1691 1609 1947 1681 κρατοῦσι

365 1690 653 1762 διηνεκῶς.
711 1689 823 1744 Καὶ
869 1689 922 1743 τί
953 1687 1098 1757 λέγω
1149 1689 1259 1743 τῶν
1319 1691 1566 1759 ἀγγέλων
1609 1692 1702 1746 τὸν
1737 1692 1946 1764 δῆμον;

368 1774 540 1836 Αὐτὸς
569 1773 734 1826 αὐτὸν
765 1775 795 1826 6
823 1771 930 1826 τῶν
978 1772 1226 1842 ἀγγέλων
1251 1774 1529 1844 Δεσπότης
1550 1775 1826 1829 ἐπαινέσει
1853 1777 1948 1830 καὶ

370 1856 709 1922 ἀποδέξεται.
747 1855 805 1908 '0
829 1855 886 1908 δὲ
931 1857 1084 1927 παρά
1118 1855 1214 1909 τοῦ
1257 1855 1394 1909 Θεοῦ
1422 1856 1836 1926 ἐπαινούμενος,
1882 1857 1944 1910 οὐ

371 1940 525 2011 μίαν.
552 1939 673 1993 οὐδέ
719 1938 835 2003 δύο,
871 1941 965 1992 καὶ
1009 1941 1159 2010 τρεῖς
1191 1939 1426 2011 ἡμέρας,
1462 1939 1598 1993 ἀλλά
1625 1939 1712 1993 διὰ
1743 1940 1945 2004 παντὸς

367 2021 464 2076 τοῦ
494 2021 688 2086 αἰῶνος
717 2021 987 2092 πομπεύει
1017 2022 1463 2093 στεφανηφορῶν,
1489 2021 1583 2075 καὶ
1611 2022 1824 2092 γυμνὴν
1844 2022 1945 2076 οὐκ

367 2107 434 2160 ἄν
468 2123 598 2159 ποτε
633 2106 763 2168 ίδοις
808 2105 907 2176 τῆς
941 2101 1100 2174 δόξης
1147 2104 1366 2175 ἐκείνης
1418 2105 1518 2176 τὴν
1560 2105 1656 2158 τοῦ
1701 2103 1942 2158 τοιούτου

367 2189 644 2261 κεφαλήν·
675 2188 736 2241 οὐ
799 2189 909 2258 7&9
943 2187 1277 2258 ὡρισμέναις
1310 2187 1548 2258 ἡμέραις
1590 2189 1620 2241 6
1659 2188 1758 2258 τῆς
1805 2203 1943 2240 παν-

365 2273 617 2345 ηγύρεως
666 2270 869 2341 ταύτης
892 2270 1333 2340 περιγέγραπται
1387 2271 1599 2340 χρόνος,
1637 2271 1774 2324 ἀλλὰ
1807 2269 1944 2341 πρὸς

364 2356 464 2427 τὴν
491 2353 789 2409 ἀθανασίαν
833 2353 942 2406 τῶν
993 2351 1298 2423 μελλόντων
1350 2353 1676 2408 ἐκτείνεται.
1723 2351 1943 2422 Ταύτης

362 2437 461 2506 τῆς
488 2434 827 2506 λειτουργίας
848 2435 950 2488 οὐκ
975 2434 1042 2489 ἀν
1080 2450 1210 2488 ποτε
1239 2434 1452 2503 γένοιτο
1482 2434 1648 2489 πενία
1691 2432 1940 2505 κώλυμα,

360 2519 500 2574 άλλά
532 2517 758 2573 δυνατὸν
785 2517 882 2571 καὶ
932 2517 1024 2569 τὸν
1058 2516 1266 2586 πένητα
1309 2516 1695 2588 λειτουργῆσαι
1740 2517 1942 2586 ταύτην

362 2604 462 2674 τὴν
488 2599 853 2672 λειτουργίαν,
880 2599 975 2652 καὶ
1007 2598 1243 2668 μάλιστα
1265 2597 1358 2650 τὸν
1379 2599 1607 2668 πένητα,
1639 2599 1734 2652 ἅτε
1760 2599 1941 2669 πάσης

361 2683 780 2755 ἀπηλλαγμένον
813 2679 1112 2749 φαντασίας
1138 2679 1397 2751 βιωτικῆς
1421 2697 1434 2710 ·
1469 2681 1531 2733 οὐ
1569 2681 1677 2752 7&9
1696 2679 1943 2751 δαπάνης

359 2766 662 2839 χρημάτων
701 2765 796 2818 καὶ
825 2764 1166 2835 περιουσίας.
1196 2763 1332 2818 ἀλλά
1370 2763 1550 2835 ψυχῆς
1579 2763 1660 2818 δεῖ
1693 2763 1941 2835 καθαρᾶς

360 2853 452 2906 καὶ
469 2848 852 2922 σωφρονούσης
879 2847 1136 2910 διανοίας.
1164 2846 1297 2900 Ἀπὸ
1319 2849 1524 2919 ταύτης
1546 2847 1640 2902 καὶ
1666 2848 1734 2901 τά
1751 2848 1942 2918 ίμάτια

360 2936 457 3004 τῆς
491 2931 766 2994 πολιτείας
795 2930 1008 3001 ἐκείνης
1035 2930 1318 2998 ὑφαίνεται
1347 2932 1413 3000 τῇ
1452 2930 1623 3001 ψυχῇ,
1647 2930 1786 2984 καὶὸ
1818 2929 1940 2983 στέ-

362 3033 527 3085 φανος
543 3013 696 3086 [729]
718 3013 998 3066 πλέκεται·
1015 3011 1157 3066 ὥστε
1173 3013 1240 3066 ἂν
1255 3013 1332 3082 μὴ
1344 3015 1456 3075 τοῖς
1470 3012 1568 3082 τῆς
1583 3008 1828 3086 ἀρετῆςῇ
1843 3029 1937 3066 κε-

361 3098 682 3170 κοσμημένη
701 3095 1143 3167 κατορθώμασιν,
1165 3095 1317 3149 οὐδὲν
1333 3096 1523 3166 ὄφελος
1547 3097 1683 3166 αὐτῇ
1715 3096 1936 3167 χρυσίου

359 3182 590 3236 πολλοῦ·
621 3179 810 3250 ῶσπερ
843 3175 936 3232 οὖν
976 3179 1098 3232 οὐδὲ
1129 3178 1326 3249 βλάϐος
1374 3179 1527 3232 ἔσται
1579 3180 1804 3243 πενίας,
1841 3178 1938 3233 ἐὰν

359 3265 453 3319 τὸν
475 3262 686 3318 ινδοθεν
713 3263 812 3334 ἔχῃ
845 3260 1076 3315 πλοῦτον
1105 3261 1553 3332 ἐναποκείμενον.
1591 3261 1810 3331 Ταύτην
1838 3262 1938 3333 τὴν

358 3347 698 3420 λειτουργίαν
722 3345 797 3418 μὴ
827 3346 990 3416 μόνον
1018 3346 1246 3419 ἄρρενες
1272 3345 1480 3409 παῖδες,
1498 3346 1636 3400 ἀλλά
1661 3346 1756 3399 καὶ
1776 3346 1939 3415 θυγα-

357 3433 512 3504 τέρες
553 3433 684 3502 ἡμῖν
706 3428 1193 3500 λειτουργείτωσαν
1214 3444 1228 3458 ·
1258 3429 1320 3480 οὐ
1353 3428 1463 3499 γὰρ
1491 3427 1680 3501 ῶσπερ
1712 3429 1807 3482 ἐπὶ
1837 3429 1938 3500 τῆς

357 3513 556 3578 ἔξωθεν
588 3510 864 3574 πολιτείας
891 3510 1118 3582 ἀνδράσι
1171 3511 1331 3582 μόνον
1375 3511 1548 3566 ταῦτα
1599 3511 1936 3582 λειτουργεῖν

357 3596 730 3659 ἐπιτέτακται,
765 3594 901 3648 ἀλλὰ
931 3595 1024 3647 καὶ
1075 3597 1339 3662 γυναῖκας
1385 3595 1562 3648 ἐκεῖνο
1604 3594 1666 3648 τό
1712 3594 1937 3665 θέατρον

357 3678 597 3748 δέχεται,
628 3677 722 3730 καὶ
751 3678 1034 3746 γέροντας,
1085 3678 1179 3729 καὶ
1223 3676 1398 3739 νέους,
1443 3677 1536 3729 καὶΙ
1570 3676 1809 3740 δούλους,
1843 3677 1937 3729 καὶ

357 3760 696 3830 ἐλευθέρους.
743 3759 918 3810 Ὅπου
965 3757 1072 3827 γὰρ
1109 3757 1289 3828 ψυχῆς
1321 3761 1470 3810 ἐστιν
1500 3759 1532 3828 ἡ
1562 3758 1841 3824 ἐπίδειξις,
1873 3758 1934 3811 οὐ

360 3841 544 3912 φύσις,
577 3842 675 3910 οὐχ
722 3839 932 3907 ἡλικία,
981 3840 1078 3892 οὐκ
1109 3838 1326 3910 ἀξίωμα
1356 3839 1634 3909 βιωτικὺν,
1665 3840 1766 3894 οὐκ
1809 3840 1938 3894 ἀλλο

357 3926 509 3978 οὐδὲν
539 3923 850 3994 ἐμποδίζειν
883 3921 1117 3991 πέφυκε.
1173 3921 1271 3974 Διά
1317 3921 1381 3992 δὴ
1409 3921 1589 3985 τοῦτο,
1629 3923 1938 3994 παρακαλῶ

358 4009 565 4070 πάντας
593 4007 761 4076 ὑμᾶς,
785 4006 848 4058 ἐκ
879 4003 1100 4077 πρώτης
1131 4005 1344 4075 ἡλικίας
1372 4005 1641 4060 ἐκδιδόναι
1667 4007 1763 4061 καὶ
1788 4008 1937 4072 υίούς

361 4094 455 4146 καὶ
487 4090 795 4162 θυγατέρας
828 4091 948 4152 ταῖς
994 4089 1276 4153 τοιαύταις
1305 4089 1693 4162 λειτουργίαις.
1722 4093 1816 4146 καὶ
1843 4092 1937 4147 τὸν

358 4177 425 4246 τῇ
441 4173 664 4248 τοιαύτη
681 4173 925 4244 πολιτεία
956 4172 1268 4244 ἁρμόζοντα
1285 4174 1747 4244 προαποτίθεσθαι
1769 4175 1935 4230 πλοῦο

355 4274 449 4311 τον
481 4258 687 4321 αὐτοῖς,
722 4256 783 4310 οὐ
805 4257 1024 4326 χρυσίον
1046 4254 1498 4324 κατορύττοντας,
1529 4258 1651 4312 οὐδὲ
1676 4259 1937 4331 ἀργύριον

360 4339 739 4408 συλλέγοντας,
774 4337 889 4392 ἀλλ’
917 4338 1245 4398 ἐπιείκειαν,
1284 4339 1642 4409 σωφροσύνην
1663 4378 1679 4403 ,
1739 4340 1937 4411 σεμνό-

355 4439 517 4493 τητα,
546 4421 647 4491 τὴν
677 4421 843 4492 ἀλλην
873 4421 1089 4475 ἃπασαν
1118 4421 1318 4492 ἀρετὴν
1334 4421 1821 4492 ἐναποτιθεμένους
1842 4424 1937 4476 αὐ-

357 4505 466 4558 τῶν
496 4507 562 4576 τῇ
593 4503 761 4574 ψυχῇ.
784 4503 1000 4574 Ταύτης
1029 4504 1136 4573 7&9
1161 4505 1334 4560 δεῖται
1355 4505 1454 4575 τῆς
1476 4504 1719 4575 δαπάνης
1751 4505 1933 4577 ἐκείνη

357 4589 392 4658 ἡ
427 4587 752 4656 λειτουργία.
795 4587 892 4639 “Av
934 4585 1137 4657 ταύτην
1174 4584 1268 4642 οῦν
1300 4588 1394 4641 καὶ
1431 4587 1644 4650 ἑαυτοῖς
1683 4589 1778 4640 καὶ
1823 4590 1936 4651 τοῖς

357 4670 592 4732 παιδίοις
649 4669 993 4739 συλλέξωμεν
1049 4669 1140 4740 τὴν
1172 4671 1456 4741 εὐπορίαν,
1513 4672 1608 4723 καὶ
1654 4670 1796 4723 κατά
1843 4671 1935 4724 τὸν

357 4753 604 4824 παρόντα
643 4752 759 4824 βίον
808 4752 1008 4822 πολλῆς
1036 4751 1458 4823 ἀπολαυσόμεθα
1487 4753 1584 4824 τῆς
1617 4754 1935 4827 lay-nm-

355 4852 470 4900 τος,
505 4835 602 4891 καὶ
646 4835 788 4890 κατά
839 4834 938 4905 τὴν
986 4833 1284 4904 μέλλουσαν
1323 4834 1469 4904 ζωὴν
1514 4837 1614 4905 τῆς
1657 4839 1934 4910 μακαρίας

356 4919 572 4990 ἐκείνης
602 4919 950 4990 ἀκουσόμεθα
976 4918 1180 4988 φωνῆς,
1195 4917 1262 4972 δι’
1280 4920 1346 4988 ἡν
1381 4918 1626 4985 ἃπαντας
1657 4923 1781 4986 τοὺς
1805 4925 1934 4993 ὁμο-

357 5001 696 5075 λογήσαντας
711 5004 875 5058 αὐτὸν
907 5005 938 5056 6
970 5003 1203 5074 Χριστὸς
1218 5003 1606 5075 ἀνακηρύττει.
1642 5005 1933 5076 ὐμολογία

355 5086 414 5140 δέ
439 5089 539 5157 οὐχ
567 5090 599 5157 ἡ
639 5087 726 5140 διά
758 5088 856 5156 τῆς
899 5087 1135 5146 πίστεως
1166 5084 1329 5155 μόνον
1374 5088 1524 5141 ἐστὶν
1543 5128 1559 5152 ,
1608 5088 1744 5143 ἀλλά
1769 5092 1862 5144 καὶ
1896 5093 1930 5163 ἡ

357 5171 446 5224 διὰ
475 5170 583 5223 τῶν
620 5169 818 5240 ἔργων,
858 5170 935 5234 ὡς
960 5171 1057 5224 ἐάν
1089 5169 1166 5241 μὴ
1218 5171 1312 5223 καὶ
1361 5171 1501 5243 αὐτὴ
1546 5177 1716 5245 παρῇ,
1752 5175 1930 5228 κινδυ-

356 5252 587 5331 νεύομεν
632 5251 770 5320 μετά
798 5251 907 5305 τῶν
936 5253 1288 5323 ἀρνουμένων
1326 5254 1669 5318 κολάζεσθαι.
1709 5258 1784 5310 Οὐ
1821 5258 1932 5331 7&9

355 5329 438 5398 εἷς
455 5332 735 5405 ἀρνήσεὼς
767 5335 882 5386 ἐστι
902 5333 1124 5403 τρόπος,
1150 5336 1286 5389 ἀλλά
1325 5337 1512 5391 πολλοὶ
1540 5339 1630 5392 καὶ
1655 5329 1927 5410 διάφοροι,

355 5416 448 5480 οὓς
477 5418 506 5470 ὁ
534 5415 744 5478 Παῦλος
773 5417 907 5485 ἡμῖν
948 5417 1283 5488 ὑπογράφων
1328 5420 1500 5484 οὕτως
1547 5421 1732 5490 ἔλεγε·
1781 5423 1929 5477 Θεὸν

356 5497 761 5568 ὁμολογοῦσιν
782 5499 1024 5564 ειδέναι,
1071 5501 1194 5566 τοῖς
1230 5502 1299 5555 δὲ
1339 5504 1532 5572 ἔργοις
1565 5505 1886 5573 ἀρνοῦνται
1909 5523 1923 5538 ⁶

357 5584 450 5636 καὶ
476 5582 652 5637 πάλιν·
691 5586 756 5638 El
777 5582 843 5636 δέ
870 5599 957 5650 τις
1003 5582 1121 5637 τῶν
1159 5584 1345 5649 ίδίων,
1386 5587 1482 5640 καί
1519 5589 1779 5658 μάλιστα
1811 5589 1927 5643 τῶν

357 5667 590 5721 οίκείων
612 5668 685 5721 οὐ
707 5667 965 5736 προνοεῖ,
991 5667 1103 5734 τὴν
1122 5671 1329 5722 πίστιν
1347 5670 1617 5739 ἤρνηται,
1636 5674 1731 5728 καὶ
1753 5674 1925 5728 ἐστιν

357 5750 616 5807 ἀπίστου
659 5752 894 5820 κείρωνο
923 5751 1016 5806 καὶ
1049 5751 1226 5806 πάλιν·
1263 5753 1514 5823 Φεύγετε
1558 5753 1669 5823 τὴν
1709 5761 1923 5812 πλεον-

1651 347 1739 403 DE
1776 346 1954 405 ANNA
2004 348 2235 405 SERMO
2275 349 2356 406 IV.

3525 362 3633 416 ϋίίο

2059 469 2250 534 aii/ar,
2267 466 2396 534 ἥτις
2408 464 2579 520 ἐστίν
2592 466 3064 535 είδωλολατρεία.
3083 468 3234 522 Ἐπεὶ
3245 463 3336 523 οῦν
3352 469 3631 541 ἀρνήσεως

2052 549 2298 604 τοσοῦτοι
2323 550 2537 614 τρόποι,
2569 549 2789 623 εὔδηλον
2821 552 2901 604 ὅτι
2927 551 3020 604 καὶ
3050 551 3338 621 ὁμολογίας
3360 553 3628 618 τοσοῦ-τοι,

2054 632 2147 686 καὶ
2171 630 2349 701 πολλῷ
2367 632 2583 695 πλείους
2597 648 2612 663 ο
2630 631 2724 696 οὓς
2748 632 2812 703 δὴ
2832 633 3038 697 πάντας
3056 633 3384 704 ὁμολογῆσαι
3403 636 3633 690 σπουδάο

2055 731 2257 785 σωμεν,
2315 715 2402 768 ῐνα
2445 714 2540 768 καὶ
2587 714 2742 768 αὐτοὶ
2778 717 2878 786 τῆς
2925 717 2984 768 ἐν
3024 719 3138 780 τοῖς
3179 718 3428 788 οὐρανοῖς
3463 720 3630 792 τιμῆς

2028 796 2485 868 ἀπολαύσωμεν,
2533 798 2717 870 χάριτι
2754 798 2848 852 καὶ
2877 797 3255 871 φιλανθρωπίᾳ
3289 800 3384 852 τοῦ
3418 802 3626 873 Κυρίου

2051 881 2208 953 ἡμῶν
2245 883 2420 952 Ἰησοῦ
2451 883 2715 954 Χριστοῦ,
2741 882 2808 937 δι’
2836 875 2898 935 οῦ
2917 922 2932 946 ,
2975 887 3072 936 καὶ
3110 883 3229 954 μεθ’
3257 875 3319 937 οῦ
3345 884 3424 955 τῷ
3451 886 3628 956 lla-c9!

2050 965 2083 1036 ἡ
2116 965 2262 1032 δόξα,
2292 965 2407 1037 ἅμα
2426 964 2504 1036 τῷ
2529 965 2670 1035 ἀγίιρ
2696 963 2996 1036 Πνεύματι,
3025 963 3120 1021 νῦν
3150 967 3245 1021 καὶ
3275 966 3384 1034 ἀεὶ,
3426 969 3519 1022 καὶ
3545 969 3627 1034 είς

2048 1048 2173 1112 τοὺς
2204 1047 2409 1108 αίῶνας
2430 1048 2537 1102 τῶν
2558 1047 2791 1103 αίὼνων.
2838 1049 3030 1120 ⁹Δμὴν.

2681 1237 2900 1291 ΛΟΓΟΣ
2924 1242 2998 1295 Δ’.

2046 1339 2202 1408 Πρὸς
2259 1340 2413 1412 τοὺς,
2449 1339 2555 1406 τὰς
2583 1342 2873 1412 συνάξεις
2910 1343 3492 1412 καταλιμπάνω-τας,
3525 1345 3626 1400 καί

2116 1413 2201 1476 είς
2255 1410 2327 1464 τὰ
2352 1411 2567 1484 θέατρα
2591 1411 3049 1484 ρναδαίνοκτας,
3083 1410 3181 1484 καί
3215 1413 3302 1467 ὅτι
3330 1417 3404 1470 οὐ

2115 1479 2528 1549 χρησιμωτέρα
2567 1479 2678 1545 τῆς
2717 1481 2785 1533 ἐν
2810 1481 3074 1548 θεάτροις
3104 1496 3129 1522 ι
3160 1479 3456 1554 διαγωγῆς
3487 1487 3525 1551 η
3553 1485 3626 1538 ἐν

2113 1549 2412 1606 ἐκκλησία
2445 1549 2731 1606 διατριϐὴ.
2759 1550 2918 1604 ἀλλὰ
2940 1552 3039 1604 καὶ
3065 1551 3276 1606 ἡδίωνο
3311 1554 3407 1606 καί
3441 1555 3532 1606 εἷο
3561 1570 3624 1606 τε

2113 1550 2412 1615 ἐκκλησίᾳ
2445 1550 2731 1618 διατριϐὴ,
2759 1550 2918 1604 ἀλλὰ
2940 1552 3039 1604 καί
3065 1550 3276 1620 ἡδίωνέ
3311 1550 3407 1606 καί
3441 1550 3532 1619 εἷς
3561 1570 3624 1608 τε

2113 1619 2230 1686 τὴν
2266 1617 2554 1690 δευτέραν
2569 1618 2758 1690 ,ὸῆσιρι¹
2777 1619 2887 1685 τῆς
2912 1621 3101 1688 εὐχῆς
3133 1621 3244 1689 τῆς
3266 1623 3500 1690 Ἄννης.
3521 1625 3620 1677 καὶ

2112 1691 2200 1754 είς
2242 1688 2309 1742 τὸ
2338 1687 2466 1758 δεῖν
2499 1687 3108 1758 σωοεχῶςλεῦχεσθαι
3128 1732 3141 1754 ,
3185 1687 3283 1744 καί
3327 1693 3399 1746 ἐν
3431 1687 3620 1746 ’.παντί

2114 1753 2292 1824 τόπῳ,
2328 1757 2444 1811 κᾶν
2469 1759 2540 1811 ἐν
2565 1753 2749 1828 ἂγορᾷ
2769 1753 2946 1828 ὧμεῦῖ,
2979 1761 3094 1813 κᾶν
3119 1760 3189 1814 ἐν
3209 1761 3346 1827 ὀδῷ,
3378 1762 3494 1815 κᾶν
3521 1762 3620 1815 ἐπὶ

2114 1829 2353 1893 κλίνης.

2107 1936 2176 1982 α’.
2204 1929 2318 1982 Οὐκ
2343 1925 2460 1983 οἶδα
2491 1929 2664 1994 ποίοις
2697 1931 2968 2003 χρήσομαι
3005 1932 3182 2002 λόγοις
3216 1935 3476 2005 σήμερον.
3509 1934 3621 1988 Καὶ

2040 2021 2146 2094 7&9
2169 2020 2310 2092 ὁρῶν
2341 2021 2438 2085 τὰς
2460 2021 2708 2086 συνάξεις
2737 2022 3154 2094 ἐλαττουμένας,
3173 2027 3454 2096 προφήτας
3477 2026 3623 2097 669L-

2040 2104 2662 2174 ζομένους,ἀποστόλους
2690 2105 3166 2178 ὐπερορωμένους,
3194 2109 3437 2180 πατέρας
3462 2125 3622 2162 κατα-

2039 2187 2459 2257 φρονουμένους,
2492 2185 2581 2239 διὰ
2612 2186 2721 2240 τῶν
2753 2187 2956 2241 δούλων
2977 2190 3057 2252 είς
3088 2189 3179 2243 τὸν
3209 2191 3486 2262 Δεσπότην
3505 2191 3621 2244 δια-

2039 2267 2333 2321 ϐαίνουσαν
2367 2267 2465 2338 τὴν
2497 2266 2674 2340 ὓϐριν,
2719 2269 2978 2340 βούλομαι
3012 2271 3111 2342 μὲν
3143 2272 3460 2341 ἐγκαλέσαι,
3494 2275 3620 2331 τοὺς

2038 2348 2187 2421 [730]
2217 2349 2275 2404 δέ
2301 2349 2614 2419 ὀφείλοντας
2648 2351 2998 2424 ἀκοῦσαιτῆς
3025 2355 3363 2425 κατηγορίας
3391 2357 3488 2426 οὐχ
3509 2356 3622 2426 ὁρῶ

2040 2434 2335 2504 παρόντας,
2353 2432 2466 2486 ἀλλ’
2489 2434 2635 2505 ὑμᾶς
2650 2435 2775 2496 τοὺς
2799 2435 2952 2489 οὐδὲν
2976 2435 3267 2507 δεομένους
3297 2438 3398 2506 τῆς
3417 2455 3618 2509 παραι-

2037 2517 2238 2580 νέσεως
2253 2515 2457 2586 ταύτης
2475 2517 2683 2588 καὶτῆς
2699 2518 3002 2582 νουθεσίας.
3018 2520 3165 2591 Πλὴν
3181 2520 3294 2573 ἀλλ’
3307 2521 3426 2575 οὐδὲ
3446 2520 3619 2584 οὕτως

2039 2599 2293 2668 σιγητέον
2333 2601 2494 2670 ἡμῖν·
2534 2602 2633 2670 τήν
2659 2618 2718 2654 τε
2757 2600 2865 2672 7&9
2894 2600 3087 2673 ὀδύνην
3131 2603 3230 2674 τὴν
3267 2603 3354 2657 ἐπ’
3386 2604 3618 2666 ἐκείνοις

2034 2679 2356 2734 διαπνεῦσαι
2404 2681 2599 2752 μικρὸν
2629 2683 3122 2754 παρασκευάσομεν
3150 2685 3230 2748 είς
3258 2684 3325 2737 τὰ
3373 2685 3499 2750 ἔξω,
3529 2684 3618 2738 διὰ

2035 2762 2142 2814 τῶν
2174 2762 2433 2833 ῥημάτων
2456 2763 2807 2828 ἐκϐάλλοντες
2835 2765 3024 2837 αὐτὴν,
3057 2765 3253 2830 αὐτούς
3290 2783 3347 2818 τε
3374 2767 3618 2829 ἐκείνους

2035 2845 2382 2916 αἰσχύνεσθαι
2402 2847 2496 2899 καὶ
2515 2846 2771 2918 ἐρυθριᾷν
2788 2849 3101 2920 ποιήσομεν,
3127 2848 3410 2913 τοσούτους
3434 2850 3619 2910 αὐτοῖς

2035 2927 2335 2998 ἐπαφέντες
2349 2927 2706 3000 κατηγόρους,
2721 2931 2845 2994 τοὺς
2863 2931 3156 2996 ἀκούοντας
3178 2933 3424 2995 ἅπαντας
3448 2933 3614 3002 ὑμᾶς.

2035 3011 2098 3064 El
2130 3010 2228 3081 μὲν
2248 3011 2356 3082 γὰρ
2382 3009 2615 3065 ἐνταῦθα
2649 3015 3030 3084 παρεγένοντο,
3061 3015 3217 3085 ἡμῶν
3255 3015 3412 3086 μόνον
3443 3017 3616 3068 ἐπιτι-

2038 3091 2262 3162 μώντων
2280 3093 2518 3163 ῆκουσαν
2549 3093 2615 3146 άν
2631 3111 2644 3124 ·
2669 3094 2765 3147 νῦν
2789 3094 2845 3147 δὲ
2869 3095 3160 3165 φεύγοντες
3183 3097 3280 3168 τὴν
3309 3099 3437 3169 παρ’
3455 3096 3614 3167 ἡμῶν

2034 3176 2370 3245 ἐπιτίμησιν,
2425 3178 2556 3246 παρ’
2610 3177 2763 3247 ὐμῶν
2814 3179 2983 3232 ταῦτα
3040 3179 3360 3232 ἀκούσονται
3416 3180 3612 3233 πάντα.

2034 3257 2190 3313 Οῦτω
2217 3259 2309 3311 καὶ
2328 3259 2469 3325 φίλοι
2495 3259 2738 3312 ποιοῦσιν
2755 3277 2766 3287 ’
2794 3261 3009 3316 ἐπειδάν
3029 3262 3156 3326 τοὺς
3184 3262 3515 3324 ὑπευθύνους
3541 3262 3616 3332 μὴ

2031 3340 2256 3412 εὕρωσι,
2307 3343 2418 3404 τοῖς
2475 3341 2700 3395 ἐκείνων
2751 3344 3140 3413 ἐντυγχάνουσι
3202 3344 3374 3414 φίλοις
3405 3385 3418 3406 ,
3471 3344 3616 3404 ὥστε

2031 3422 2363 3486 ἀπελθόντας
2413 3423 2587 3477 εἰπεῖν
2633 3423 2700 3477 τά
2733 3425 3020 3496 εἰρημένα.
3065 3425 3235 3480 Τοῦτο
3272 3428 3366 3481 καί
3410 3430 3439 3482 6
3481 3428 3638 3501 Θεὸς-

2032 3505 2288 3576 ἐποίησεο
2319 3505 2450 3568 τοὺς
2479 3505 2586 3577 7&9
2616 3507 2694 3570 εἰς
2719 3507 2882 3561 αὐτὸν
2911 3510 3616 3581 ἡμαρτηκότας’ἀφε“ις,τῷ

2035 3587 2200 3658 μηδὲν
2226 3588 2508 3658 ἠδικηκότι
2541 3590 2958 3660 κατεντυγχάνει
2987 3590 3065 3662 τῷ
3110 3590 3368 3664 Ἱερεμίᾳ,
3403 3593 3576 3662 λέγων
3595 3587 3640 3637 ’ἒ-

2025 3666 2195 3736 Είδες
2229 3671 2284 3722 τί
2308 3670 2560 3736 ἐποίησέ
2573 3689 2675 3739 μοι
2698 3673 2736 3740 ή
2764 3674 3062 3740 ἀσύνετος
3087 3674 3348 3744 θυγάτηρ
3378 3675 3573 3730 Ἰούδα
3594 3695 3638 3747 ,-_

2032 3751 2130 3804 Διά
2157 3753 2222 3822 δὴ
2249 3751 2407 3806 τοῦτο
2435 3754 2529 3804 καὶ
2555 3755 2716 3822 ἡμεῖς
2747 3755 2876 3824 ὑμῖν
2916 3757 3453 3830 ὐπερεντυγχάνομεν
3493 3762 3616 3813 κατ’

2031 3834 2272 3896 ἐκείνων,
2321 3835 2406 3888 ἵνα
2429 3835 2754 3898 ἀπελθόντες
2781 3837 3112 3909 διορθῶσητε
3134 3840 3349 3904 αὐτούς.
3381 3842 3474 3906 Τίς
3505 3844 3613 3913 7&9

2032 3916 2099 3970 ἀν
2141 3917 2339 3988 ἐνέγκῃ
2368 3917 2468 3988 τήν
2511 3917 2806 3988 ὀλιγωρίαν
2835 3918 2932 3991 τὴν
2963 3922 3234 3993 τοσαύτην
3259 3940 3273 3987 ;
3305 3924 3498 3989 "Anci
3515 3926 3614 3994 τῆς

2032 3999 2322 4069 έδδομάδος
2377 3998 2609 4054 ἐνταῦθα
2664 4000 3070 4074 συλλεγόμεθα,
3116 4006 3211 4058 καὶ
3254 4007 3374 4060 οὐδὲ
3408 4011 3626 4078 ταύτηνι

2032 4081 2312 4152 ἀνέχονται
2327 4083 2423 4154 τὴν
2452 4082 2664 4156 ἡμέραν
2690 4084 2797 4138 τῶν
2819 4084 3087 4155 βιωτικῶν
3103 4089 3379 4161 ὐπερορᾷν
3397 4091 3614 4162 φροντίς

2030 4165 2134 4218 δων
2158 4180 2170 4193 '
2204 4165 2306 4218 κᾶν
2334 4165 2538 4237 ἐγκαλῇ
2589 4183 2694 4233 τις,
2747 4168 2948 4233 εὐθέως
2978 4171 3169 4226 πενίαν
3199 4173 3611 4246 προδάλλονται,

2032 4250 2126 4300 καὶ
2152 4246 2250 4318 τὴν
2272 4247 2574 4316 ἀναγκαίαν
2609 4251 2832 4321 τροφήν,
2864 4253 2959 4305 καὶ
2979 4253 3233 4324 ἀσχολίας
3258 4257 3612 4324 κατεπειγού-

2033 4345 2150 4392 σας,
2204 4329 2500 4396 ἀπολογίαν
2558 4335 2888 4404 κατηγορίας
2938 4335 3158 4407 ἀπάσης
3222 4337 3614 4410 χαλεπωτέραν

2035 4412 2447 4483 μελετήσαντες.
2486 4413 2550 4466 Τί
2580 4415 2688 4487 7&9
2717 4415 2782 4468 ἂν
2803 4415 3005 4489 ταύτης
3031 4419 3130 4487 τῆς
3163 4419 3493 4490 κατηγορίας
3522 4422 3614 4489 γέ-

2032 4495 2159 4547 νοιτ’
2195 4495 2262 4549 ἂν
2283 4499 2481 4568 χεῖρον,
2503 4497 2617 4550 ἀλλ’
2645 4497 2677 4569 ἦ
2699 4499 2825 4551 ὅταν
2848 4499 2956 4553 τῶν
2982 4499 3076 4552 τοῦ
3105 4500 3240 4556 θεοῦ
3277 4504 3613 4574 πραγμάτων

2031 4575 2215 4648 ἕτερον
2244 4579 2666 4652 ἀναγκαιότερον
2700 4581 2828 4651 ύμῖν
2860 4599 2912 4634 τι
2939 4583 3196 4653 φαίνηται
3225 4586 3320 4639 καὶ
3357 4591 3608 4642 κατεπεῖ⁶

2029 4675 2125 4726 γον
2153 4659 2352 4727 μᾶλλον
2372 4678 2387 4727 ;
2409 4663 2662 4718 Μάλιστα
2693 4665 2793 4736 μὲν
2818 4661 2913 4718 οὖν
2940 4667 2988 4717 εί
3006 4667 3100 4720 καὶ
3121 4666 3277 4722 τοῦτο
3295 4663 3362 4739 ἦν
3384 4670 3608 4740 ἀληθὲς,

2031 4744 2333 4814 κατηγορία
2372 4746 2405 4816 ἡ
2439 4747 2702 4816 ἀπολογία
2741 4745 2830 4819 ἦν,
2871 4747 3062 4820 ῶσπερ
3086 4749 3243 4820 ἔφην.
3271 4751 3390 4805 Ἰνα
3414 4753 3470 4805 δὲ
3507 4753 3608 4820 μά·

2029 4826 2181 4896 θητε,
2197 4828 2282 4880 ὅτι
2297 4828 2391 4880 καὶ
2405 4827 2576 4882 ταῦτα
2591 4831 2789 4900 σκῆψις
2814 4832 2909 4888 καὶ
2929 4833 3196 4905 πρόφασις
3219 4835 3311 4887 καὶ
3334 4832 3610 4903 ῥᾳθυμίας

2027 4909 2146 4963 ἐστὶ
2197 4909 2694 4980 παραπετάσματα,
2727 4913 2880 4967 οὐδὲν
2923 4915 3058 4985 ἐμοῦ
3102 4916 3371 4983 λέγοντος,
3408 4916 3441 4984 ἡ
3471 4917 3610 4985 μετά

2026 4991 2125 5064 τὴν
2158 4989 2346 5063 αὐριον
2388 4991 2586 5056 αὐτοὺς
2625 4993 2834 5064 ἐλέγξει
2881 4997 3087 5060 πάντας
3131 4997 3315 5067 ἡμέρα
3362 4998 3489 5060 τοὺς
3536 4997 3610 5052 τὰ

2027 5073 2254 5129 τοιαῦτα
2295 5074 2812 5146 προφασιζομένους,
2842 5078 2967 5132 ὅταν
2996 5082 3142 5142 πᾶσα
3212 5082 3244 5149 ἡ
3289 5080 3441 5144 πόλις
3471 5082 3608 5152 πρὸς

2026 5159 2117 5214 τὸν
2172 5159 2505 5230 ἱππόδρομον
2533 5165 2796 5232 μεταστῇ,
2830 5165 2924 5216 καὶ
2955 5165 3145 5229 οίκίαι,
3181 5163 3274 5216 καὶ
3303 5165 3500 5235 ἀγοραὶ
3526 5168 3606 5228 είς

2025 5243 2124 5313 τὴν
2173 5244 2487 5314 παράνομον
2545 5245 2776 5316 θεωρίαν
2826 5247 3134 5300 κενωθῶσιν
3194 5247 3431 5318 ἐκείνην.
3494 5248 3604 5301 Καὶ

2026 5325 2259 5379 ἐνταῦθα
2289 5325 2391 5396 μὲν
2440 5328 2562 5381 οὐδέ
2618 5328 2708 5382 τὸν
2751 5327 2936 5397 κύριον
2980 5329 3079 5399 τῆς
3113 5329 3408 5401 ἐκκλησίας
3439 5331 3604 5384 τόπον

2026 5405 2400 5478 πληρούμενον
2432 5409 2579 5464 ἐστιν
2611 5411 2740 5466 ίδεῖν
2767 5425 2780 5438 °
2808 5413 2922 5464 ἐκεῖ
2953 5410 3007 5464 δέ
3037 5413 3097 5464 οὐ
3125 5413 3216 5464 τὸν
3266 5411 3603 5483 ἱππόδρομον

2028 5489 2210 5560 μόνον,
2257 5491 2393 5546 ἀλλά
2427 5494 2520 5546 καὶ⁸
2558 5492 2805 5564 ὐπερῷα,
2856 5495 2951 5548 καὶ
2998 5495 3196 5558 οἰκίας.
3233 5497 3327 5548 καὶ
3353 5493 3598 5564 δώματα.

2026 5574 2118 5626 καὶ
2147 5575 2440 5645 κρημνοὺς,
2472 5575 2564 5628 καὶ
2587 5576 2809 5647 μυρίους
2832 5577 3049 5648 ἐτέρους
3083 5577 3289 5634 ἀνωθεν
3320 5577 3602 5647 καταλαμ-

2095 5764 2120 5793 ⁸
2142 5762 2263 5827 Reg.
2289 5766 2352 5820 είς
2370 5766 2553 5829 θέατρα.
