4110 6214
557 393 779 448 ϐάνουσι
808 396 1031 460 τόπους·
1063 396 1158 451 καὶ
1185 397 1309 453 οὔτε
1339 399 1498 453 πενία
1521 440 1537 465 ,
1567 399 1690 454 οῦτε
1720 401 1968 473 ἀσχολία,
2004 403 2129 458 οὔτε

557 476 814 531 ἀσθένεια
872 478 1143 548 σώματος,
1194 482 1256 534 οὖ
1306 482 1485 535 ποδιῖιν
1530 484 1831 556 ἀρρωστία,
1873 487 1974 541 οὐκ
2004 488 2132 543 ἀλλο

558 559 711 614 οὐδὲν
736 559 846 616 τῶν
876 560 1133 614 τοιούτων
1183 562 1370 634 ἐπέχει
1410 567 1510 635 τὴν
1543 566 1845 621 ἀκάθεκτον
1897 569 2127 639 μανίανο

558 643 672 697 ἀλλ’
693 642 972 715 ἀνθρωττοι
1005 646 1375 717 γεγηρακότες
1421 650 1560 704 νέων
1603 651 1965 722 ἀκμαζόντων
2000 671 2131 724 σφο-

555 726 806 796 δρότερον
838 726 955 779 ἐκεῖ
1002 726 1272 799 τρέχουσι,
1305 728 1404 801 τὴν
1431 731 1619 787 πολιὰν
1655 735 2129 806 καταισχύνοντες.

555 807 653 879 τὴν
700 806 916 879 ἠλικίαν
964 811 1553 882 παραδειγματίζοντες
1579 856 1593 876 ,
1659 817 1722 871 τὸ
1774 819 1949 891 γῆρας
1999 819 2145 874 αὐτό

556 892 966 961 καταγέλαστον
986 894 1286 960 ποιοῦντες.
1316 898 1426 951 Καὶ
1446 898 1678 953 ἐνταῦθα
1717 901 1816 972 μὲν
1848 902 2127 966 εἰσιόντες,

556 974 880 1055 ναυτιῶντες
917 975 1105 1051 ὥσπερ
1136 979 1231 1033 καί
1284 980 1617 1050 ἐνοχλεῖσθαι
1674 984 1974 1055 νομίζουσι,
2037 987 2131 1040 καὶ

556 1033 1016 1116 ἀναπεπτώκασιν
1066 1033 1124 1116 ἐν
1155 1066 1224 1135 τῇ
1249 1062 1361 1116 τῶν

558 1145 941 1216 στενοχωρίαν,
983 1146 1079 1200 καὶ
1124 1148 1379 1217 πνιγμὸν.
1417 1149 1511 1202 καὶ
1534 1148 1605 1202 τά
1632 1150 1861 1205 τοιαῦτα
1890 1152 2129 1224 προϐαλ-

555 1226 801 1297 λόμενοι·
861 1230 978 1282 ἐκεῖ
1006 1229 1065 1283 δέ
1094 1231 1189 1284 καὶ
1227 1230 1379 1301 ήλιον
1416 1234 1596 1303 γυμνῇ
1628 1232 1908 1304 δεχόμενοι
1932 1239 2000 1307 τῇ
2035 1253 2129 1289 κε-

556 1310 723 1381 φαλῇ,
775 1312 871 1365 καὶ
921 1312 1273 1385 πατούμενοι,
1332 1315 1427 1369 καὶ
1470 1315 1790 1387 ὠθούμενοι,
1844 1320 1941 1373 καὶ
1992 1319 2132 1390 μετά

558 1392 758 1465 πολλῆς
783 1396 1090 1466 πιεζόμενα
1120 1398 1218 1468 τῆς
1240 1397 1617 1470 σφοδρότητος,
1642 1401 1738 1454 καὶ
1770 1402 1939 1473 μυρία
1967 1403 2131 1476 ἕτερα

555 1476 856 1548 πάσχοντες
905 1478 1073 1545 δεινά,
1125 1480 1377 1549 καθάπερ
1424 1482 1485 1535 ἐν
1516 1481 1742 1553 λειμῶνι
1793 1483 2127 1555 τρυφῶντες,

555 1558 698 1613 οῦτω
747 1559 1062 1615 διάκεινται.
1093 1562 1192 1616 Διά
1239 1561 1396 1616 τοῦτο
1428 1565 1557 1637 ἡμῖν
1581 1564 1638 1618 αἱ
1674 1565 1854 1631 πόλεις
1885 1567 1992 1621 εἰσὶ
2052 1568 2132 1622 δι·-

555 1640 894 1714 εφθαρμέναι
929 1642 1102 1717 [751],
1137 1645 1218 1699 ὅτι
1255 1647 1482 1718 πονηροὶ
1512 1647 1611 1717 τῆς
1634 1649 1881 1720 νεότητός
1918 1652 2024 1705 εἰσι
2053 1650 2131 1706 δι-

555 1723 836 1791 δάσκαλοι.
867 1725 991 1791 Πῶς
1019 1726 1129 1797 7&9
1151 1726 1357 1802 δυνήσῃ
1381 1730 1473 1781 τὸν
1498 1729 1616 1783 νέον
1630 1730 1868 1802 ἄκοσμον
1887 1732 2014 1787 όντα
2037 1734 2130 1788 καὶ

553 1807 944 1875 ἀσελγαίνοντα
995 1810 1348 1879 σωφρονίσαι,
1395 1811 1559 1875 αὐτὸς
1608 1814 1667 1865 ἐν
1704 1815 1865 1886 πολιᾷ
1900 1815 2129 1870 τοιαῦτα

558 1890 905 1961 μετεωρίζων
924 1930 940 1953 ,
979 1891 1141 1955 αὐτὸς
1177 1892 1315 1961 μετά
1341 1892 1595 1948 τοσοῦτον
1620 1896 1809 1968 χρόνον
1822 1893 2002 1969 ’κόρον
2053 1898 2129 1970 μὴ

555 1970 734 2041 λαϐὼν
757 1973 858 2044 τῆς
888 1976 1301 2047 ἀτερπεστάτης
1335 1975 1461 2041 θέας
1505 1978 1755 2050 ἐκείνης;
1787 1978 1903 2043 πῶς
1918 1980 2133 2053 δυνήσῃ

555 2055 820 2127 ῥυθμίσαι
857 2057 949 2111 τὸν
979 2057 1114 2125 υίδν,
1158 2057 1276 2124 πῶς
1314 2058 1541 2114 κολάσαι
1585 2060 1676 2117 τὸν
1703 2063 1921 2133 οἰκέτην
1950 2064 2131 2136 ἀμαρο

552 2138 806 2205 τάνοντα,
850 2140 968 2207 πῶς
1001 2141 1174 2213 ἑτέρῳ
1225 2141 1628 2209 συμϐουλεῦσαι
1655 2143 1726 2199 τά
1755 2143 1945 2201 δέοντα
1987 2149 2130 2217 ἀμε-

553 2220 754 2285 λοῦντι,
780 2223 1004 2278 τοιαῦτα
1036 2223 1199 2289 αὐτὸς
1227 2226 1285 2278 ἐν
1330 2226 1543 2296 ἐσχάτῳ
1574 2228 1724 2299 γήρᾳ
1755 2228 2079 2300 ἀσχημονῶν
2112 2248 2127 2296 ;

556 2304 673 2361 Κᾶν
710 2305 811 2377 μὲν
838 2306 1038 2380 ὑϐρίσῃ
1075 2308 1195 2372 νέος
1224 2307 1317 2362 τὸν
1350 2309 1703 2383 γεγηρακότα
1722 2349 1740 2374 ,
1786 2306 1885 2383 τὴν
1912 2312 2130 2384 ἠλικίαν

553 2387 755 2454 εὐθέως
795 2391 1181 2462 προϐάλλεται,
1228 2392 1325 2447 καὶ
1361 2393 1589 2465 μυρίους
1621 2392 1735 2464 ἔχει
1782 2412 2130 2464 συναγανακ-

551 2470 783 2537 τοῦντας
797 2491 810 2504 ’
833 2474 962 2528 ὅταν
986 2475 1044 2528 δὲ
1063 2476 1416 2548 σωφρονίζειν
1430 2477 1525 2549 δέῃ
1550 2478 1640 2535 τὸν
1658 2479 1796 2541 νέον,
1821 2480 1914 2534 καὶ
1932 2482 2131 2534 κανόνα

551 2553 678 2635 τινά
715 2555 918 2625 ἀρετῆς
968 2557 1131 2611 αὑτὸν
1166 2558 1444 2625 γίνεσθαι,
1479 2556 1721 2630 οῦδαμοῦ
1763 2564 1864 2632 τῆς
1912 2562 2132 2635 ἡλικίας

553 2634 736 2698 αὐτοῖς
767 2636 945 2705 λόγος,
974 2638 1090 2692 ἀλλ’
1114 2640 1145 2679 δ
1174 2639 1353 2693 αὐτῶν
1382 2641 1608 2695 ἐκείνων
1632 2634 2005 2715 μανικώτερον
2037 2646 2132 2698 ἐπὶ

563 2716 652 2785 ιὴν
698 2719 1014 2790 παράνομον
1056 2721 1331 2791 βαδίζουσι
1373 2723 1624 2796 θεωρίαν.
1661 2724 1849 2782 Ταῦτα
1875 2728 1935 2782 δέ
1966 2728 2130 2798 λέγω,

555 2801 650 2855 καὶ
677 2801 785 2855 τῶν
807 2806 1199 2876 γεγηρακότων
1236 2806 1625 2878 καθάπτομαι,
1664 2809 1785 2881 οὐχὶ
1817 2814 1946 2878 τοὺς
1979 2812 2133 2880 νέους

551 2885 910 2941 ἀπαλλάττων
929 2888 1260 2960 κατηγορίας
1282 2891 1376 2943 καὶ
1388 2890 1663 2964 διαϐολῆς,
1678 2894 1815 2950 ἀλλὰ
1827 2896 1857 2949 δ
1863 2897 1897 2949 ι’
1910 2897 2132 2952 ἐκείνων

553 2969 778 3034 τούτους
821 2972 1269 3045 ἀσφαλιζόμενος.
1318 2973 1382 3029 Εἰ
1427 2975 1533 3047 7&9
1566 2976 1659 3033 τὸν
1692 2981 2044 3052 γεγηρακότα
2069 2983 2130 3035 ού

553 3052 655 3120 δεῖ,
684 3052 865 3125 πολλῷ
909 3056 1111 3126 μᾶλλον
1143 3055 1235 3111 τὸν
1258 3056 1400 3113 νέον.
1450 3060 1597 3114 Ἐκεῖ
1634 3062 1735 3132 μέν
1759 3063 1871 3135 7&9
1914 3067 2079 3131 πολὺς
2105 3068 2134 3120 ὁ

554 3139 749 3221 γέλως,
795 3140 889 3193 καὶ
929 3139 1133 3210 μείζων
1161 3143 1195 3212 ἡ
1226 3142 1582 3216 ἀσχημοσύνη
1606 3161 1619 3175 ·
1660 3147 1896 3202 ἐνταῦθα
1934 3150 1992 3205 δὲ
2034 3169 2133 3221 χα-

554 3219 864 3304 λεπώτερος
896 3223 926 3275 ό
962 3221 1205 3304 ὄλεθρος,
1248 3224 1384 3295 βαθὺ
1420 3226 1481 3280 τὸ
1532 3227 1836 3302 βάραθρον,
1883 3233 1995 3304 ὅσῳ
2036 3219 2134 3288 καὶ

554 3302 901 3376 ἀκμαιότερα
928 3303 1130 3375 μᾶλλον
1156 3307 1226 3363 τά
1257 3308 1358 3379 τῆς
1392 3308 1691 3381 ἐπιθυμίας
1719 3315 1831 3378 τοῖς
1860 3302 2022 3379 νέοις,
2038 3318 2134 3371 καὶ

560 3387 897 3472 σφοδροτέρα
934 3390 1119 3456 αὐτοῖς
1158 3393 1193 3463 ἡ
1232 3392 1385 3461 φλὸξ,
1423 3393 1526 3448 κᾶν
1569 3397 1772 3465 μικρᾶς
1805 3399 2133 3472 ἐπιλάϐηται

559 3469 722 3557 μόνον
765 3470 965 3557 ἔξωθεν
1002 3471 1168 3557 νῦλης,
1208 3474 1275 3528 τά
1310 3475 1487 3557 πάντα
1515 3476 1848 3550 ἐμπίπρησι.
1878 3483 1987 3535 Καὶ
2024 3469 2134 3557 7&9

556 3553 694 3623 πρὸς
722 3552 893 3624 θυμὸν
926 3556 1022 3609 καὶ
1042 3556 1177 3628 πρὸς
1211 3556 1509 3626 ἐπιθυμίας
1543 3559 1894 3630 εὐέμπτωτος
1932 3552 2133 3635 μᾶλλόν

554 3638 704 3708 ἐστιν
728 3639 756 3691 ὁ
780 3636 901 3703 νέος
926 3653 941 3670 '
991 3639 1073 3693 διὸ
1107 3640 1201 3693 καὶ
1249 3640 1495 3707 πλείονος
1534 3642 1706 3699 δεῖται
1736 3645 1836 3717 τῆς
1862 3646 2132 3719 φυλακῆς,

558 3721 918 3794 σφοδροτέρου
970 3724 1066 3777 τοῦ
1094 3724 1337 3795 χαλινοῦ,
1369 3726 1779 3800 ἀσφαλεστέρου
1808 3729 1902 3783 τοῦ
1927 3732 2134 3803 τειχίου

555 3807 651 3873 καὶ
674 3805 769 3860 τοῦ
798 3806 1140 3878 κωλύματος.

629 3924 697 3995 β’.
722 3925 815 3997 Μὴ
854 3927 965 3997 γάρ
995 3943 1086 3996 μοι
1118 3924 1277 3980 τοῦτο
1310 3927 1489 4000 εἴπης,
1516 3927 1792 3999 ἄνθρωπε,
1827 3931 1910 3984 ὅτι
1936 3931 2135 4005 ἡδονὴν

557 4008 672 4082 ξχει
705 4010 741 4081 η
767 4009 1000 4081 θεωρίαι
1024 4010 1138 4063 ἀλλ’
1174 4012 1224 4063 εἰ
1259 4011 1333 4081 μὴ
1368 4010 1508 4081 μετά
1531 4011 1633 4081 τῆς
1662 4011 1856 4083 ήδονῆς
1885 4015 1982 4068 καὶ
2012 4014 2136 4084 βλά-

555 4091 659 4165 ϐην
707 4092 841 4165 ιχει,
876 4092 1034 4150 τοῦτό
1074 4109 1141 4163 με
1170 4092 1399 4157 δίδαξον.
1455 4093 1567 4146 Καὶ
1597 4093 1651 4146 τί
1697 4093 1842 4163 λέγω
1883 4095 2131 4169 βλάϐηνς

557 4178 684 4235 Ὅτι
708 4177 818 4248 γὰρ
839 4177 964 4231 οὐδὲ
992 4176 1185 4248 ἡδονὴν
1206 4176 1268 4230 τὸ
1293 4178 1527 4250 πρᾶγμα
1551 4176 1687 4248 εχει,
1728 4177 1981 4234 ἐντεῦθεν
2011 4183 2135 4257 εἴσῃ

556 4259 767 4335 σαφῶς.
838 4260 938 4315 Ἐκ
985 4261 1085 4332 τῆς
1125 4258 1489 4332 ἱπποδρομίας
1543 4260 1843 4332 ἀναχωρῶν
1895 4264 2131 4336 ἐκείνης,

555 4344 867 4416 ἀπάντησον
906 4346 1019 4407 τοῖς
1056 4344 1120 4397 ἐκ
1159 4342 1260 4415 τῆς
1308 4342 1602 4415 ἐκκλησίας
1630 4344 1995 4416 ἀναχωροῦσι,
2038 4349 2133 4401 καὶ

556 4426 843 4498 κατάμαθε
877 4426 1018 4498 μετά
1038 4428 1345 4499 ἀκριϐείας,
1380 4426 1464 4492 τίς
1495 4429 1644 4481 ἐστιν
1664 4427 1723 4480 ἐν
1756 4427 1917 4499 ἡδονῇ
1946 4429 2131 4500 μείζο-

554 4526 629 4570 νι,
681 4510 711 4562 ό
757 4508 1053 4580 προφητῶν
1087 4508 1362 4574 ἀκούσας,
1412 4511 1508 4563 καὶ
1545 4509 1830 4581 μετασχὼν
1860 4511 2130 4581 εὐλογίας,

555 4592 651 4646 καί⁵
677 4592 1030 4656 διδασκαλίας
1053 4592 1391 4658 ἀπολαύσας,
1423 4593 1631 4646 καὶτὸν
1655 4592 1789 4646 Θεὸν
1819 4597 2133 4665 παρακαλέ-

558 4664 655 4738 σας
690 4673 831 4747 ύπέρ
852 4673 959 4727 τῶν
986 4675 1205 4728 οἰκείων
1225 4675 1659 4748 ἁμαρτημάτων,
1681 4676 1777 4728 καὶ
1807 4676 2135 4749 κουφότερον

556 4760 790 4835 ποιήσας
823 4757 885 4812 τὸ
918 4759 1173 4824 συνειδὸς,
1212 4761 1308 4815 καὶ
1340 4759 1505 4831 μηδὲν
1550 4757 1731 4831 ἐαυτῷ
1772 4762 2136 4829 κατεγνωκὼς

556 4832 768 4915 τοιοῦτο
784 4842 850 4914 ’ἢ
877 4842 943 4897 σὺ
965 4844 995 4895 ό
1009 4842 1324 4897 καταλιπὼν
1339 4844 1439 4915 τὴν
1468 4843 1700 4914 μητέρα,
1721 4842 1816 4896 καὶ
1848 4843 1977 4907 τοὺς
2001 4862 2137 4917 προσ

559 4930 736 5000 φήτας
764 4918 1059 5000 ἀτιμάσας,
1091 4928 1185 4981 καὶ
1236 4929 1317 4992 εἰς
1367 4927 1460 4981 τὸν
1510 4927 1642 4980 Θεὺν
1693 4926 2006 4998 ἐξυϐρίσας,
2040 4930 2135 4983 καὶ

561 4999 700 5082 μετά
753 4999 850 5064 τοῦ
903 5010 1151 5077 διαϐόλου
1202 5010 1491 5083 χορεύσας,
1542 5011 1638 5065 καὶ
1670 5010 2137 5082 βλασφημούντων

554 5085 796 5157 ἀκούσας
825 5093 922 5151 καί⁸
939 5082 1390 5165 λοιδορουμένων,
1409 5093 1504 5147 καὶ
1531 5093 1622 5147 τὸν
1643 5093 1835 5165 καιρὸν
1850 5093 2136 5158 ἀναλώσας

556 5178 681 5249 εἰκῆ
721 5179 817 5233 καὶ
857 5166 1059 5250 μάτην,
1086 5178 1180 5233 καὶ
1214 5166 1379 5250 μηδὲν
1421 5176 1604 5233 οἴκαδε
1624 5177 1764 5248 ἔχων
1790 5178 2134 5246 ἀπενεγκεῖν,

560 5262 697 5333 μήτε
722 5262 1053 5332 σωματικὸν,
1092 5262 1229 5334 μήτε
1278 5259 1644 5331 πνευματικὸν
1673 5260 1866 5331 κέρδος
1905 5259 2134 5314 ἐκεῖθεν.

557 5340 722 5397 ’Ὥστε
759 5343 954 5416 ἡδονῆς
981 5344 1171 5397 ἕνεκεν
1195 5344 1432 5415 μάλιστα
1474 5343 1712 5398 ἐνταῦθα
1739 5343 1987 5413 ἀπαντᾷν
2009 5343 2134 5413 χρή.

569 5423 718 5504 Ἐκεῖ
749 5426 848 5496 μὲν
878 5427 987 5499 7&9
1013 5426 1218 5504 εὐθέως
1257 5427 1604 5496 κατάγνωσις
1625 5467 1638 5487 ,
1687 5425 1990 5497 κατηγορία
2043 5425 2137 5502 τοῦ

624 5669 650 5734 β
680 5667 861 5734 ﬂora:
877 5672 971 5719 τῶν
993 5670 1130 5734 θείων
1151 5673 1361 5734 Γραφῶν.

618 5726 649 5775 b
671 5729 806 5804 (ζοιυ.
831 5731 930 5782 duo
962 5739 1011 5781 et
1034 5731 1156 5795 Reg.
1184 5726 1368 5790 ἧλικίας
1394 5736 1420 5781 ό
1440 5733 1595 5795 ὄγκος,
1619 5735 1739 5803 ἀλλ’.

1228 285 1286 342 8.
1326 284 1611 343 JOANNIS
1647 287 2139 348 CHRYSOSTOMI
2175 294 2499 353 ARCHIEP.
2538 297 3086 357 CONSTANTINOP.

3707 302 3825 358 662

2235 408 2557 477 συνειδότος,
2583 414 2840 485 μετάνοια
2858 412 2953 466 ἐπὶ
2987 414 3099 475 τοῖς
3119 407 3525 480 γεγενημένοις»
3555 413 3819 490 αἰσχύνην

2233 507 2329 561 καὶ
2347 506 2568 573 ὄνειδος,
2598 512 2693 564 καὶ
2711 508 2773 562 τὸ
2793 507 3273 580 ἀπαρῤησιάστους
3301 504 3447 576 ἐχειν
3472 508 3597 573 τοὺς
3619 510 3816 581 ὀφθαλ.

2234 605 2398 675 μούςο
2430 605 2665 661 ἐνταῦθα
2690 607 2749 661 δέ
2768 603 3072 659 τούναντίον
3098 604 3265 669 ἅπαν,
3289 606 3593 676 παρρησία,
3626 609 3722 661 καὶ
3754 611 3819 664 τὸ

2234 700 2732 774 ἐλευθεροστομεῖν,
2768 700 2950 755 καὶτὸ
2982 698 3122 771 μετά
3145 698 3332 763 ἀδείας
3361 699 3536 754 ᾶπασι
3562 701 3817 772 διαλέγε-

2236 797 2361 853 σθαι
2387 800 2517 871 περὶ
2546 799 2656 853 τῶν
2688 798 2920 854 ἐνταῦθα
2949 796 3313 868 ἀκουσμάτων
3332 797 3609 855 ἀπάντων.
3639 798 3820 856 Ὅταν

2232 893 2413 949 τοίνυν
2445 896 2526 960 εἰς
2553 896 2759 966 ἀγοράν
2785 893 3050 967 ἐμϐάλῃς,
3086 894 3182 948 καὶ
3208 895 3420 959 πάντας
3446 895 3561 970 ίδης
3589 899 3685 952 ἐπὶ
3710 898 3817 970 τὴν

2233 990 2386 1065 [752]
2418 991 2652 1063 θεωρίαν
2686 992 2978 1064 τρέχοντας
3019 991 3256 1064 ἐκείνην,
3289 994 3573 1064 κατάφυγε
3614 997 3680 1049 σὺ
3714 998 3815 1051 ἐπὶ

2232 1089 2330 1160 τὴν
2352 1091 2645 1161 ἐκκλησίαν
2668 1089 2891 1153 εὐθέως,
2906 1088 3000 1142 καὶ
3019 1087 3213 1159 μικρὸν
3229 1092 3578 1163 καρτερήσας
3592 1093 3812 1164 χρόνον,

2233 1186 2415 1258 τρύφα
2461 1186 2727 1257 διηνεκῶς
2764 1186 2872 1238 τῶν
2911 1183 3070 1238 θείων
3104 1186 3386 1255 ῥημάτων.
3420 1189 3518 1242 “Av
3551 1190 3651 1260 μὲν
3697 1192 3813 1264 7&9

2233 1282 2571 1354 παρασυρεὶς
2605 1280 2743 1352 μετά
2775 1281 2885 1335 τῶν
2916 1280 3128 1336 πολλῶν
3177 1282 3419 1356 ἀπέλθῃς
3448 1286 3580 1348 ἐκεῖ,
3612 1286 3813 1355 μικρὸν

2231 1376 2673 1448 ψυχαγωγηθεὶς,
2701 1376 2789 1431 διὰ.
2815 1377 2995 1448 πάσης
3018 1378 3118 1449 τῆς
3140 1379 3357 1451 ἡμέρας
3390 1379 3672 1453 ἀλγήσεις,
3707 1382 3813 1452 τῆς

2231 1490 2292 1526 τε
2345 1472 2629 1544 ἐπιούσης,
2679 1473 2775 1526 καί⁸
2821 1471 3033 1526 πολλῶν
3079 1473 3281 1545 ἐτέρων
3305 1516 3320 1540 ,
3383 1476 3813 1544 καταγινώσκων

2235 1567 2435 1627 σαυτοῦ
2454 1586 2469 1600 ·
2502 1568 2569 1623 ἂν
2594 1567 2652 1622 δὲ
2679 1567 2876 1640 μικρὸν
2904 1568 3139 1640 ἐπίσχῃς
3160 1569 3374 1633 σαυτὸν,
3402 1569 3489 1624 διά
3509 1570 3689 1644 πάσης
3706 1573 3811 1644 τῆς

2233 1666 2449 1738 ἡμέρας
2468 1665 2608 1731 ἐξεις
2635 1667 2868 1737 τρυφᾷν.
2889 1666 2963 1719 ού
2982 1666 3092 1738 7&9
3110 1667 3206 1722 ἐπὶ
3239 1667 3430 1722 τούτου
3464 1669 3646 1740 μόνον,
3667 1670 3812 1724 ἀλλά

2234 1762 2330 1817 καὶ
2354 1760 2576 1815 ἐπὶτῶν
2596 1760 2769 1815 ἄλλων
2800 1760 3055 1816 ἀπάντων
3081 1760 3226 1814 οὔτω
3253 1762 3569 1828 συμϐαίνειν
3591 1764 3809 1819 εἴωθεν.

2244 1858 2310 1912 Ἦ
2351 1859 2449 1929 μὲν
2483 1856 2592 1928 γὰρ
2620 1858 2785 1911 κακία
2815 1857 3149 1928 πρόσκαιρόν
3174 1874 3299 1913 τινα
3321 1859 3435 1929 ἔχει
3460 1860 3561 1930 τὴν
3592 1859 3811 1931 ἡδονὴν,

2231 1952 2455 2026 διηνεκῆ
2487 1952 2545 2006 δέ
2578 1953 2678 2024 τὴν
2711 1952 2933 2023 ὀδύνην
2965 1954 2998 2024 η
3038 1952 3096 2006 δὲ
3126 1953 3319 2025 ἀρετὴ,
3350 1955 3557 2026 βραχὺν
3587 1956 3685 2027 μὲν
3716 1957 3814 2009 τὸν

2234 2050 2415 2115 πόνον,
2454 2047 2701 2119 διηνεκὲς
2728 2048 2785 2102 δέ
2812 2047 2872 2101 τὸ
2904 2048 3099 2122 κέρδος
3134 2048 3274 2121 μετά
3314 2050 3415 2121 τῆς
3447 2033 3810 2124 εὐφροσύνης.

2233 2141 2396 2213 Οἷον,
2439 2143 2641 2217 ηὔξατό
2670 2161 2759 2209 τις
2803 2144 2938 2215 πρὸς
2978 2143 3142 2214 Θεὸν,
3190 2145 3517 2219 ἐδάκρυσεν,
3571 2147 3815 2220 ήλγησεν

2233 2244 2413 2312 ὀλίγον
2433 2242 2626 2314 χρόνον
2658 2239 2802 2295 κατά
2828 2240 2925 2311 τὴν
2949 2241 3115 2313 εὐχήν
3134 2258 3149 2273 ·
3180 2243 3368 2317 ἔτερος
3391 2243 3485 2297 διά
3504 2246 3682 2317 πάσης
3707 2243 3814 2315 τῆς

2233 2341 2450 2412 ἡμέρας
2487 2337 2716 2410 ἐτρύφα,
2745 2331 2866 2391 εἶτα
2890 2337 3263 2410 ἐλεημοσύνην
3295 2340 3521 2408 ἔδωκεν,
3550 2342 3814 2411 ἐνήστευ-

2236 2453 2348 2499 σεν,
2379 2434 2506 2489 ἀλλο
2526 2451 2582 2488 τι
2604 2434 2714 2488 τῶν
2736 2434 2956 2503 ἀγαθῶν
2984 2435 3304 2506 εἰργάσατο,
3339 2435 3372 2506 ἢ
3402 2436 3683 2508 ὑϐρισθεὶς
3706 2436 3815 2489 οὐκ

2232 2530 2701 2603 ἀντελοιδόρησεν·
2722 2532 2780 2584 ἐν
2800 2533 2899 2604 μιᾷ
2914 2531 3044 2601 γοῦν
3067 2532 3262 2604 καιροῦ
3296 2534 3434 2604 ῥοπῇ
3461 2535 3816 2605 καρτερήσας

2234 2629 2328 2682 καὶ
2355 2625 2642 2697 κατασχὼν
2672 2627 2766 2680 τὸν
2793 2628 2983 2699 θυμὸν,
3013 2626 3102 2681 διὰ
3136 2628 3332 2692 παντὸς
3403 2630 3661 2698 γάννυται
3713 2629 3815 2685 καὶ

2234 2727 2603 2799 εὐφραίνεται,
2624 2726 2735 2783 τῶν
2764 2726 3207 2799 κατορθωμάτων
3234 2725 3655 2797 ἀναμιμνήσκων
3678 2729 3813 2780 ἐαυυ

2233 2823 2324 2878 τὸν
2353 2823 2598 2878 ἐκείνων.
2630 2823 2753 2877 Ἐπὶ
2776 2822 2833 2876 δὲ
2864 2822 2967 2894 τῆς
3005 2824 3201 2887 κακίας
3226 2821 3529 2876 τούναντίον
3553 2838 3565 2852 ·
3608 2822 3816 2893 ὓϐρισὲ

2234 2937 2337 2986 τις,
2395 2920 2841 2993 ἀντελοιδόρησε·
2888 2919 3026 2992 μετά
3079 2918 3255 2973 ταῦτα
3306 2917 3445 2972 οἴκοι
3495 2918 3818 2989 γενόμενος,

2235 3018 2426 3073 ἑαυτὸν
2457 3018 2754 3083 κατεσθίει,
2782 3017 2853 3071 τὰ
2874 3019 3094 3090 ῥήματα
3125 3015 3602 3087 ἀναλογιζόμενος,
3627 3015 3663 3070 ἀ
3684 3016 3817 3069 πολ-

2235 3115 2394 3179 λάκις
2429 3114 2628 3186 πολλὴν
2666 3116 2864 3185 ήνεγκε
2900 3115 3126 3187 βλάϐην.
3155 3116 3316 3168 Ὥστε
3351 3114 3401 3167 εί
3438 3113 3655 3171 διώκεις
3690 3112 3815 3184 ἠδο-

2235 3210 2353 3283 νὴν,
2371 3211 2557 3283 Φεῦγε
2575 3212 2679 3279 τὰς
2694 3211 3043 3280 νεωτερικὰς
3063 3210 3396 3281 ἐπιθυμίας,
3417 3213 3511 3265 καὶ
3535 3210 3817 3282 σωφροσύ-

2234 3325 2331 3381 νης
2363 3308 2658 3380 ἐπιμελοῦ,
2705 3309 2800 3364 καί
2845 3309 3105 3379 ἀκροάσει
3143 3308 3303 3362 θείων
3332 3306 3567 3379 πρόσεχε
3595 3306 3814 3375 λογίων.

2235 3402 2421 3459 Ταῦτα
2442 3403 2578 3476 πρὸς
2607 3403 2750 3475 ὑμᾶς
2777 3402 3030 3475 λέγομεν,
3083 3403 3172 3457 ἵνα
3209 3402 3368 3475 ὑμεῖς
3401 3404 3538 3472 πρὸς
3573 3403 3815 3465 ἐκείνους

2235 3501 2504 3571 λέγοντες,
2534 3501 2629 3555 καί⁵
2661 3500 2900 3571 συνεχῶς
2924 3501 3133 3564 τούτοις
3180 3499 3380 3563 αὐτοὺς
3424 3497 3817 3561 ἐπαντλοῦντες

2235 3603 2349 3665 τοῖς
2398 3600 2659 3671 ῥήμασιν,
2686 3599 2961 3670 ἀφέλκητε
2992 3600 3172 3669 πάσης
3220 3600 3465 3671 πονηρᾶς
3503 3597 3816 3667 συνηθείας,

2236 3698 2330 3753 καὶ
2361 3696 2584 3767 πείθητε
2609 3694 2855 3766 λογισμῷ
2891 3693 3068 3751 πάντα
3125 3697 3300 3749 ποιεῖν
3344 3693 3422 3765 τῷ
3462 3694 3813 3765 προσήκοντι.

2235 3793 2358 3848 Τῶν
2386 3791 2495 3862 γὰρ
2523 3789 2776 3845 τοιούτων
2814 3791 2909 3844 καὶ
2960 3789 3145 3853 ἁπλῶς
3191 3790 3285 3843 καὶ
3331 3790 3455 3862 εἰκῆ
3497 3787 3815 3860 φερομένων

2235 3890 2357 3945 οὐδὲ
2383 3888 2481 3958 τὴν
2516 3886 2746 3959 σπουδὴν
2772 3885 3060 3957 ἐπαινετὴν
3088 3885 3240 3959 εὖροι
3287 3904 3372 3950 τις
3399 3884 3467 3940 ἂν
3493 3882 3690 3940 οὖσαν·
3723 3885 3819 3941 καὶ

2234 3985 2393 4041 τοῦτο
2416 3982 2526 4038 ἀπὸ
2565 3982 2664 4053 τῆς
2692 3980 2955 4052 ἐπιούσης
3004 3979 3277 4047 συνάξεως
3304 3980 3462 4051 δῆλον
3490 3980 3815 4052 καθίστημι.

2237 4079 2352 4151 Τῆς
2373 4078 2482 4149 γάρ
2499 4076 2661 4145 ἀγίας
2694 4078 2825 4147 ἡμῖν
2844 4076 3177 4148 τελουμένης
3197 4076 3598 4146 Πεντηκοστῆς,
3625 4074 3818 4130 τοσοῦ-

2236 4192 2326 4230 τον
2368 4175 2654 4247 δραμεῖται
2701 4171 2928 4242 πλῆθος,
2959 4172 3037 4236 ὡς
3066 4172 3287 4227 ἅπαντα
3318 4174 3451 4244 ημῖν
3486 4174 3556 4228 τά
3580 4172 3822 4233 ἐνταῦθα

2240 4267 2708 4341 στενοχωρεῖσθαι.
2745 4266 2885 4321 Ἀλλ’
2911 4268 3061 4338 ὅμως
3095 4267 3215 4321 οὐδὲ
3244 4268 3450 4343 ταύτην
3481 4268 3819 4338 ἀποδέχομαι

2236 4366 2335 4438 τὴν
2370 4364 2663 4434 συλλογήν
2690 4362 2980 4434 συνηθείας
3022 4363 3129 4435 γάρ
3163 4364 3333 4428 ἐστιν,
3375 4364 3475 4417 οὐκ
3505 4346 3816 4427 εὐλαϐείας.

2237 4463 2304 4516 Τί
2334 4462 2514 4515 τοίνυν
2542 4458 2741 4529 γένοιτ’
2763 4460 2829 4514 ἂν
2858 4461 3082 4513 ἐκείνων
3109 4459 3458 4532 ἀθλιώτερον,
3485 4461 3614 4515 ὅταν
3650 4462 3746 4514 καὶ
3781 4463 3817 4532 ἡ

2240 4556 2479 4629 ῥᾳθυμία
2509 4555 2687 4610 αὐτῶν
2731 4555 3002 4609 τοσούτων
3047 4555 3409 4629 ἐγκλημάτων
3452 4556 3622 4629 γέμῃ,
3651 4557 3747 4610 καὶ
3778 4560 3816 4628 η

2236 4652 2469 4708 δοκοῦσα
2516 4647 2657 4707 εἶναι
2692 4652 2899 4721 σπουδὴ
2940 4649 3290 4727 ἐγκωμίων
3315 4652 3557 4725 ἕρημοςς
3579 4653 3683 4707 Τὸν
3705 4653 3819 4725 γὰρ

2237 4748 2385 4822 ζήλῳ
2410 4748 2507 4803 καὶ
2525 4747 2677 4820 πόθῳ
2693 4747 2788 4802 καὶ
2806 4747 3046 4819 σώφρονι
3064 4747 3310 4819 λογισμῷ
3334 4748 3429 4803 τοῦ
3457 4749 3601 4803 θείου
3623 4749 3820 4803 τούτου

2239 4848 2535 4919 μετέχοντα
2596 4845 2877 4914 συλλόγου,
2932 4845 3198 4916 διηνεκῶς
3248 4845 3419 4900 ταῦτα
3471 4847 3645 4900 ποιεῖν
3688 4844 3818 4916 χρὴ,

2237 4942 2352 4999 ἀλλ’
2376 4943 2496 5014 οὐχί
2528 4943 2669 5014 μετά
2696 4941 2804 4997 τῶν
2837 4944 2895 4996 ἐν
2921 4942 3083 5014 ἑορτῇ
3110 4941 3271 5013 μόνον
3301 4941 3662 5012 φαινομένων,
3698 4942 3819 5011 μετ’

2239 5038 2462 5093 ἐκείνων
2488 5037 2817 5109 ἀφίστασθαι
2856 5037 3036 5100 πάλιν,
3071 5037 3405 5110 θρεμμάτων
3453 5037 3610 5109 δίκην
3633 5036 3822 5103 ἀτελῶς

2239 5122 2524 5193 ἀγόμενον.

2309 5233 2379 5298 γ’.
2399 5226 2706 5298 Ἦδυνάμην
2726 5224 2826 5297 μὲν
2840 5219 2932 5278 οὖν
2948 5223 3042 5278 καὶ
3062 5223 3194 5295 πρὸς
3218 5222 3379 5277 πλέον
3394 5223 3566 5296 μῆκος
3582 5224 3823 5286 ἐκτεῖναι

2238 5309 2302 5363 τὸ
2332 5309 2612 5381 προοίμιον
2639 5308 2732 5362 τοῦ
2762 5307 2920 5376 λόγου
2941 5325 2954 5336 ·
2980 5305 3095 5361 ἀλλ’
3127 5307 3318 5379 ἐπειδὴ
3346 5302 3463 5359 οἶδα
3495 5305 3707 5373 σαφῶς,
3735 5307 3822 5360 δτι

2241 5393 2336 5445 καὶ
2386 5391 2491 5463 πρὸ
2522 5392 2621 5461 τῆς
2658 5391 2933 5461 ἡμετέρας
2976 5390 3349 5461 παραινέσεως
3378 5389 3447 5443 τά
3478 5390 3822 5460 προσήκοντα

2242 5475 2370 5546 ὑμῖν
2414 5475 2595 5541 αὐτοῖς
2624 5472 2926 5538 ποιοῦντες,
2968 5474 3062 5527 καὶ
3108 5474 3328 5527 πλείονα
3371 5472 3481 5526 τῶν
3513 5473 3823 5544 εἰρημένων

2244 5550 2439 5630 ἐρεῖτε,
2474 5556 2615 5616 ὥστε
2649 5556 2723 5626 μὴ
2751 5555 2902 5622 δόξαι
2923 5557 3278 5627 παρενοχλεῖν
3301 5558 3360 5609 ἐν
3387 5559 3508 5620 ταῖς
3535 5558 3656 5611 κατ’
3674 5556 3822 5609 ἐκεί-

2245 5658 2350 5697 νων
2377 5641 2749 5712 ἐπιτιμήσεσι,
2789 5640 2856 5694 τὰ
2894 5640 3189 5710 λειπόμενα
3229 5638 3447 5694 ἅπαντα
3476 5641 3609 5711 ύμῖν
3634 5638 3820 5708 ἀφεὶς,

2248 5725 2342 5803 τῆς
2371 5722 2623 5799 εἰωθυίας
2674 5721 2880 5793 άνζμομαι
2912 5722 3279 5790 διδασκαλίας,
3318 5724 3413 5779 ἐπὶ
3439 5723 3537 5803 τὴν
3558 5723 3657 5801 τῆς
3690 5723 3821 5781 ’Λν-
