4110 6214
448 331 545 387 661

445 458 552 496 non
582 441 773 513 pedum
802 438 1099 501 inﬁrmitas,
1124 453 1227 493 non
1253 436 1393 492 aliud
1416 437 1700 508 quidquam
1725 435 1827 489 tale
1854 449 2023 489 remo-

446 545 597 589 ratur
633 535 923 597 insaniam,
956 532 1098 587 nnlla
1129 531 1417 587 retinacula
1446 546 1551 583 non
1579 530 1981 598 abrumpentem
2006 546 2019 581 :

448 624 541 680 sed
570 623 817 679 homines
843 625 993 678 senio
1018 621 1245 677 confecti
1271 661 1285 689 ,
1314 619 1601 690 juvenibus
1641 634 1703 675 ac
1730 618 2025 688 vigentibus

448 715 655 769 avidius
676 714 799 769 illnc
818 723 1161 777 concurrunt,
1178 712 1426 767 canitiem
1448 726 1595 765 suam
1613 709 2021 765 dedecorantes:

447 816 658 861 mtatem
698 816 1003 875 provectam
1034 804 1406 868 traducentes,
1439 812 1492 858 et
1527 811 1853 858 senectutem
1887 816 2025 870 prte-

445 899 635 955 bentes
666 898 1033 954 deridendam.
1076 899 1139 953 Et
1179 898 1280 952 huc
1306 897 1516 967 quidem
1555 897 1861 960 venientes,
1901 910 2023 950 cum

450 989 661 1046 fastidio
690 1007 753 1045 ac
795 992 1037 1046 molestia
1068 1006 1344 1045 sermones
1374 990 1581 1045 divinos
1608 991 1623 1022 ¹
1655 990 1893 1055 audiunt,
1925 1004 2023 1044 an-

449 1080 681 1151 gustias,
712 1092 932 1143 :estum,
964 1090 1017 1136 et
1042 1080 1444 1136 sull‘ocationem
1483 1081 1777 1149 similiaque
1803 1096 2026 1136 causan-

450 1182 531 1227 tes
559 1191 574 1228 :
601 1182 654 1229 at
697 1173 803 1229 illic
828 1174 952 1229 dum
981 1182 1035 1229 et
1071 1174 1238 1228 solem
1278 1174 1417 1228 nudo
1441 1173 1615 1242 capite
1641 1173 1930 1243 excipiunt,
1973 1181 2027 1228 et

450 1264 847 1332 proculcantur,
868 1264 1272 1334 protruduntur,
1298 1279 1483 1335 magna
1506 1264 1555 1318 vi
1578 1264 2023 1333 comprimuntur,

449 1362 503 1408 et
529 1353 726 1409 inﬁnita
749 1354 849 1408 alia
878 1354 1145 1423 patiuntur
1166 1355 1517 1417 incommoda,
1547 1369 1652 1409 non
1681 1370 1834 1409 secus
1862 1370 2020 1424 quam

446 1445 503 1497 in
535 1459 746 1500 anuceno
789 1455 942 1514 prato
964 1444 1211 1502 deliciari
1247 1446 1345 1499 sibi
1394 1444 1657 1499 videntur.
1706 1445 1830 1499 ideo
1874 1446 2027 1501 nobis

447 1536 691 1589 civitates
712 1545 980 1603 corrupta:
1008 1544 1168 1599 sunt,
1197 1535 1320 1604 quia
1363 1535 1589 1605 improbi
1616 1536 1906 1604 juventntis
1932 1538 2025 1591 do.

447 1637 647 1682 ctores.
679 1628 795 1694 Quo
819 1628 960 1682 enim
991 1635 1145 1695 pacto
1170 1628 1370 1695 poteris
1398 1628 1807 1693 adolescentem,
1834 1629 2027 1684 lascive

451 1735 514 1773 ac
541 1730 733 1788 praeter
756 1719 1006 1773 decnrutn
1039 1733 1099 1773 se
1134 1726 1425 1788 gerentem,
1454 1718 1519 1771 ad
1546 1719 1862 1773 modestiam
1905 1726 2029 1781 red-

450 1811 629 1877 igere,
676 1825 795 1865 cum
837 1810 948 1878 ipse
985 1810 1037 1863 in
1059 1809 1249 1864 canitie
1279 1818 1385 1863 tam
1426 1809 1728 1877 juveniliter
1756 1819 1806 1864 te
1832 1825 2024 1880 geras;

450 1915 574 1954 cum
602 1900 714 1969 ipse
744 1909 863 1969 post
908 1908 985 1955 tot
1016 1909 1314 1969 temporum
1355 1900 1617 1954 curricula
1662 1900 1908 1955 satietate
1942 1901 2027 1953 in-

453 1990 746 2045 snavissimi
789 1989 929 2043 illius
966 1989 1251 2059 spectaculi
1296 1991 1530 2044 nondum
1576 1991 1847 2059 capiaris?
1891 2005 2027 2061 quo-

450 2082 612 2137 modo
656 2083 855 2151 poteris
886 2082 977 2136 filii
1008 2097 1183 2136 mores
1209 2098 1553 2152 componere,
1601 2085 1869 2153 quomodo
1911 2100 2023 2139 ser-

449 2188 572 2227 vum
616 2181 920 2242 peccantem
965 2174 1243 2243 castigare,
1290 2174 1555 2242 quomodo
1598 2175 1821 2227 alterum
1866 2173 2030 2243 negli-

446 2273 661 2331 gentem
682 2278 912 2318 monere
932 2304 945 2327 ,
972 2278 1090 2317 cum
1123 2264 1235 2332 ipse
1277 2265 1355 2317 sic
1396 2265 1446 2317 in
1477 2273 1712 2319 extrema
1754 2274 2029 2319 senectute

446 2354 723 2422 ineptias?
770 2354 835 2407 Et
860 2354 904 2407 si
933 2354 1148 2423 quidem
1178 2369 1206 2405 a
1231 2353 1426 2423 juvene
1452 2370 1614 2409 senex
1655 2356 2026 2408 contumeliam

447 2445 699 2513 patiatur,
732 2444 874 2499 illico
902 2451 1113 2499 tetatem
1139 2444 1186 2498 ei
1224 2444 1424 2513 objicit,
1453 2455 1506 2499 et
1531 2456 1812 2501 sexcentos
1834 2446 2030 2513 reperit

453 2536 543 2605 qui
569 2550 669 2589 una
694 2533 1132 2589 stomachentur:
1163 2544 1216 2589 at
1242 2536 1455 2604 quando
1498 2550 1631 2603 Opus
1660 2545 1739 2590 est
1775 2535 2025 2605 juvenem

448 2626 521 2681 ad
546 2626 859 2696 probitatem
887 2627 1173 2692 reducere,
1202 2640 1365 2696 seque
1386 2626 1465 2681 illi
1493 2628 1701 2682 virtutis
1738 2642 1835 2682 ceu
1875 2642 2031 2698 regu-

449 2718 556 2773 lam
597 2717 889 2781 exhibere,
935 2725 1045 2771 tum
1091 2717 1229 2770 nulla
1272 2717 1442 2771 aetatis
1479 2718 1654 2783 ratio,
1694 2717 1787 2773 sed
1828 2719 2028 2786 majore

451 2824 608 2877 quam
636 2808 733 2877 ipsi
763 2808 963 2862 insania
987 2807 1052 2861 ad
1096 2807 1273 2861 illicita
1316 2807 1403 2861 ilia
1430 2809 1726 2877 spectacula
1768 2808 2023 2863 feruntur.

455 2899 579 2954 Hzec
605 2907 780 2953 autem
808 2898 946 2962 dico,
976 2914 1242 2966 senesque
1268 2908 1445 2969 tango,
1478 2914 1581 2953 non
1616 2899 1757 2969 quod
1790 2900 2028 2969 juniores

446 3004 481 3042 a
516 3004 658 3043 noxa
698 2987 968 3042 absolvam
1008 2999 1062 3043 et
1101 2989 1364 3048 crimine.
1406 2989 1500 3044 sed
1544 2999 1599 3044 ut
1639 2990 1737 3044 hos
1778 3006 1872 3060 per
1910 2992 2027 3046 illos

452 3079 807 3132 commonitos
848 3078 1089 3132 habeam.
1130 3078 1262 3132 Nam
1303 3079 1347 3134 si
1384 3094 1542 3135 senes
1582 3081 1681 3135 hoc
1720 3082 1895 3137 facere
1922 3096 2025 3136 non

444 3168 667 3235 debent,
697 3169 863 3222 multo
899 3169 1065 3238 magis
1104 3184 1172 3223 ne
1204 3170 1431 3238 juvenes
1468 3171 1703 3240 quidem.
1736 3172 1846 3227 lllic
1885 3173 2025 3227 enim

444 3259 621 3327 major
648 3258 846 3313 derisio
872 3273 934 3313 ac
970 3258 1280 3328 turpitudo;
1323 3261 1408 3314 hic
1441 3271 1617 3315 autem
1647 3271 1794 3316 tanto
1816 3264 2029 3333 gravior

448 3351 735 3420 pernicies,
763 3350 1178 3422 profundiusque
1210 3353 1578 3422 praecipitium,
1606 3365 1804 3423 quanto
1833 3370 2027 3411 conca.

449 3443 721 3511 piscentia:
752 3443 923 3510 major
948 3444 1029 3496 vis
1054 3443 1105 3497 in
1140 3444 1420 3511 juvenibus
1439 3486 1452 3507 ,
1486 3455 1788 3515 quantoque
1815 3446 2023 3501 ﬂamma

452 3534 589 3587 inest
616 3535 1003 3599 vehementior,
1033 3549 1150 3600 qua:
1195 3535 1427 3589 incendit
1454 3537 1650 3603 omnia,
1681 3538 1724 3592 si
1756 3539 1837 3593 vel
1870 3540 2024 3592 mini-

450 3640 593 3677 mum
622 3625 690 3677 sit
722 3633 872 3679 nacta
902 3623 1159 3679 fomitem.
1202 3626 1498 3680 Proclivior
1536 3629 1677 3681 enim
1719 3628 1784 3681 ad
1821 3644 2021 3683 concu-

445 3714 735 3784 piscentias
761 3726 843 3769 est
873 3716 1144 3784 juventus,
1168 3718 1349 3785 eisque
1373 3719 1526 3789 longe
1555 3719 1761 3773 facilius
1782 3721 2017 3788 capitur;

448 3806 567 3860 ideo
593 3806 794 3875 majore
821 3821 955 3876 cpns
1000 3807 1156 3862 habet
1194 3810 1452 3875 custodia,
1496 3812 1702 3867 acriore
1740 3810 1907 3876 freno,
1937 3823 2020 3865 tu-

449 3896 583 3951 tinre
610 3896 902 3952 munitione
930 3907 1089 3969 atque
1115 3898 1410 3955 obstaculo.

514 3989 567 4043 2.
614 3988 975 4043 Detrimentum
1018 3991 1155 4057 quod
1198 4008 1225 4045 e
1265 3994 1561 4062 spei-taculis
1605 3997 1765 4049 oritur
1810 3998 2021 4052 multum

444 4082 633 4136 excedit
675 4084 981 4153 voluptatem
1032 4086 1151 4138 inde
1190 4097 1463 4157 acceptam.
1514 4088 1679 4155 Quam
1721 4092 1915 4144 divema
1957 4093 2021 4145 sit

443 4174 645 4227 virtutis
675 4184 721 4229 et
742 4175 848 4227 uitii
870 4176 1118 4244 voluptas.
1139 4206 1209 4217 —
1234 4177 1342 4231 Nec
1372 4179 1500 4233 mihi
1542 4180 1665 4234 illud
1704 4182 1944 4249 obiicias,
1986 4198 2019 4237 ο

443 4266 602 4331 bone,
638 4265 777 4337 quod
804 4267 1125 4336 voluptatem
1156 4268 1345 4323 habeat
1372 4270 1471 4324 hoc
1499 4274 1856 4340 spectaculum
1882 4291 1896 4337 ;
1925 4274 2017 4329 sed

446 4355 547 4410 hoc
588 4358 758 4423 potius
792 4355 945 4422 duce,
988 4372 1053 4411 an
1090 4357 1291 4412 nullum
1334 4359 1447 4412 haec
1483 4361 1726 4430 voluptas
1767 4363 2016 4418 damnum

440 4444 645 4499 alferat.
694 4444 843 4513 Quod
883 4447 1024 4502 enim
1066 4463 1132 4503 ne
1176 4464 1297 4503 cum
1336 4450 1604 4521 voluptate
1645 4452 1857 4521 quidem
1907 4456 2019 4511 bare

439 4548 529 4586 res
567 4536 844 4602 conjuncta
873 4537 960 4600 sit,
1006 4536 1126 4592 hinc
1151 4539 1243 4593 tibi
1288 4542 1619 4610 perspicuum
1658 4558 1778 4598 esse
1818 4554 2013 4612 potest.

438 4627 573 4681 tium
602 4642 629 4679 a
658 4627 985 4683 circensibus
1023 4633 1304 4687 reverteris
1322 4675 1337 4699 ,
1364 4648 1581 4689 occurre
1612 4636 1689 4689 eis
1716 4637 1804 4706 qui
1831 4637 1897 4691 ab
1922 4652 2015 4692 cc-

439 4717 599 4772 clesia
626 4718 870 4782 redeunt,
904 4727 957 4773 et
989 4721 1268 4777 considera
1308 4723 1621 4795 diligenter,
1657 4738 1775 4781 uter
1801 4727 2012 4781 tandem

435 4810 638 4880 tnajoru
674 4809 943 4879 voluptate
984 4809 1320 4879 perfruatur:
1352 4814 1466 4869 isne
1489 4816 1577 4886 qui
1620 4818 1889 4887 prophetis
1919 4835 2014 4873 au-

434 4901 581 4968 ditis,
625 4910 678 4956 ct
708 4902 1079 4956 benedictione
1102 4944 1118 4967 ,
1158 4919 1220 4957 ac
1258 4903 1511 4960 doctrina:
1539 4907 1710 4962 fructu
1740 4920 2009 4981 percepto,

436 4995 697 5062 simulque
726 4994 891 5049 Deum
921 5009 1016 5063 pro
1039 4995 1149 5048 suis
1174 4997 1402 5065 peccatis
1439 4997 1773 5067 deprecatus,
1811 5011 1862 5056 et
1885 5015 2013 5056 eon-

436 5087 653 5141 scientia
684 5087 1009 5156 aliquantum
1038 5098 1329 5143 exonerata
1353 5129 1366 5151 ,
1415 5103 1513 5143 nec
1538 5090 1690 5159 culpa
1722 5092 1825 5145 ulla
1852 5093 2008 5147 simili

437 5177 537 5230 sibi
560 5178 803 5232 conscius
827 5194 841 5229 :
866 5194 931 5232 an
956 5188 1011 5233 tu
1033 5178 1121 5249 qui
1148 5189 1372 5234 matrem
1393 5180 1695 5247 deseruisti,
1722 5185 2009 5253 prophetas

435 5267 825 5336 contempsisti,
852 5268 1015 5324 Deum
1044 5269 1263 5325 aifccisti
1290 5271 1631 5335 Contumelia,
1655 5289 1774 5327 cum
1799 5275 2009 5331 diabolo

434 5356 659 5412 choreas
698 5357 929 5423 duxisti,
972 5360 1411 5416 malcdicentibus
1454 5362 1592 5417 inter
1629 5376 1687 5417 se
1732 5380 1791 5419 ac
1829 5368 2009 5419 convi-

433 5447 694 5501 ciantihus
717 5462 874 5503 aures
902 5449 1194 5517 praebuisti,
1219 5452 1474 5521 temporis
1498 5451 1727 5523 denique
1748 5454 2004 5525 jacturam

434 5538 643 5605 fecisti;
688 5555 784 5595 nec
827 5542 1099 5611 spirituale
1148 5545 1226 5599 vel
1272 5545 1525 5601 mulare
1580 5548 1742 5603 nllnm
1802 5550 2004 5605 lucrum

494 5718 514 5748 ⁸
545 5718 619 5767 Sic
637 5718 766 5767 Cotb.
794 5731 947 5780 unus;
974 5719 1134 5769 ttorel.
1163 5729 1341 5781 autem,
1366 5720 1551 5775 divinas
1574 5722 1862 5787 scripturas.

1691 321 1779 376 DE
1820 318 2001 375 ANNA
2043 314 2276 373 εειιηο
2314 316 2401 372 Ν.

3602 327 3708 382 θϐἶ

2135 436 2257 489 inde
2307 435 2519 490 domum
2559 447 2819 507 reportes.
2873 440 3056 511 itaque
3095 442 3178 498 vel
3215 441 3501 512 voluptatis
3537 448 3706 514 gratia

2134 526 2219 580 hic
2242 528 2430 581 adesse
2454 538 2685 597 oportet.
2721 529 2831 584 Illic
2870 531 3011 586 enim
3060 533 3310 587 continuo
3350 534 3587 602 sequitur
3617 536 3711 589 da-

2133 620 2332 673 mnatio
2353 619 2495 685 facti,
2527 621 2851 677 conscientia
2875 624 3194 689 accusatrix,
3226 626 3532 693 pmnitentia
3553 627 3624 681 ob
3644 642 3706 683 ca

2133 728 2251 782 qua:
2277 715 2631 783 contigerunt,
2667 714 2898 770 dedecus
2918 725 2971 771 et
2995 716 3359 785 opprobrium,
3396 728 3453 773 ut
3474 720 3555 774 vix
3582 736 3711 777 ocu-

2133 809 2213 863 los
2238 811 2479 864 attollere
2521 812 2722 867 andeas
2749 831 2763 867 :
2806 812 2893 867 hic
2922 812 3037 869 vice
3062 827 3213 867 versa
3239 814 3413 867 omnia
3442 816 3710 870 contrario

2134 901 2293 956 modo
2331 916 2389 957 se
2424 903 2637 967 habent,
2668 904 2853 959 ﬁducia
2878 914 2932 960 et
2958 906 3067 961 oris
3094 905 3333 971 libertas,
3372 915 3426 961 et
3452 922 3574 962 cum
3596 925 3712 962 om-

2134 993 2289 1048 nibus
2317 996 2560 1064 loquendi
2603 998 2823 1051 facultas
2860 996 2930 1052 de
2966 997 3211 1053 omnibus
3249 1013 3369 1068 quae
3408 998 3493 1052 hic
3532 998 3711 1052 audita

2130 1094 2276 1139 sunt.
2306 1085 2528 1152 Quando
2560 1088 2717 1157 igitur
2742 1088 2793 1142 in
2821 1088 2991 1142 forum
3019 1098 3069 1144 te
3098 1089 3406 1152 contuleris,
3433 1097 3488 1144 et
3508 1089 3711 1144 videris

2133 1192 2321 1231 omnes
2341 1178 2406 1230 ad
2430 1178 2777 1246 Spectandum
2808 1193 3147 1243 concurrere,
3174 1188 3231 1233 tu
3254 1179 3320 1233 ad
3354 1178 3631 1234 ecclesiam
3657 1189 3710 1233 te

2133 1271 2414 1324 confestim
2446 1271 2693 1341 recipito,
2737 1280 2795 1325 et
2835 1273 2886 1325 in
2928 1287 2989 1327 ea
3031 1272 3297 1340 paulisper
3326 1280 3707 1337 commoratus,

2136 1369 2387 1431 perpetua
2415 1362 2576 1416 divini
2601 1362 2742 1415 verbi
2767 1361 3040 1431 voluptate
3065 1360 3261 1417 fruere.
3291 1360 3347 1417 Si
3370 1360 3511 1417 enim
3540 1360 3711 1415 turbas

2136 1456 2335 1525 impetu
2384 1455 2684 1510 abstractus
2728 1456 2853 1510 illuc
2899 1456 3205 1525 perveneris
3250 1452 3397 1509 brevi
3445 1453 3711 1521 voluptate

2135 1549 2385 1605 delinitus
2409 1590 2423 1613 ,
2470 1548 2608 1601 male
2641 1546 2857 1601 habebis
2902 1561 2996 1615 per
3041 1556 3202 1599 totam
3231 1552 3540 1614 sequentem
3565 1542 3708 1597 diem

2135 1650 2300 1710 atque
2321 1641 2481 1694 etiam
2510 1639 2687 1707 plures
2707 1638 2979 1708 deinceps,
3010 1648 3154 1692 tuum
3189 1638 3352 1707 ipsius
3388 1638 3581 1690 factum
3610 1634 3709 1687 da-

2137 1746 2364 1786 mnans:
2396 1730 2537 1799 quod
2562 1730 2605 1785 si
2639 1731 2905 1799 paulisper
2945 1738 2995 1782 te
3020 1727 3342 1791 cobibueris,
3374 1727 3628 1795 integram
3656 1736 3712 1779 et

2135 1840 2373 1880 securam
2427 1824 2480 1878 in
2528 1823 2786 1891 reliquum
2844 1821 2950 1875 diei
2997 1822 3319 1888 voluptatem
3367 1817 3605 1872 habebis.
3653 1816 3709 1870 ld

2135 1918 2276 1971 enim
2306 1930 2410 1968 non
2437 1914 2522 1967 hic
2566 1922 2790 1975 tantum,
2832 1912 2923 1966 sed
2963 1913 3123 1965 etiam
3164 1913 3215 1964 in
3255 1911 3374 1963 aliis
3414 1908 3573 1962 rebus
3614 1922 3711 1960 usu

2137 2008 2318 2061 venire
2355 2006 2493 2058 solet
2521 2022 2534 2056 :
2565 2002 2747 2057 vitium
2786 2002 2928 2055 enim
2968 2009 3390 2055 momentaneam
3433 1997 3592 2051 habet
3619 2012 3710 2046 vn-

2138 2100 2427 2169 lttptati‘m,
2462 2097 2711 2152 dolorem
2753 2110 2879 2149 vero
2921 2104 3273 2164 perpetuum;
3320 2095 3487 2145 virtus
3523 2098 3709 2143 contra

2136 2192 2369 2246 laborem
2404 2189 2637 2251 brevem,
2672 2187 2900 2241 fructum
2924 2198 3053 2239 vero
3084 2198 3210 2238 cum
3252 2181 3518 2236 hilaritate
3558 2179 3709 2234 inde-

2136 2285 2415 2338 sinentem.
2448 2280 2604 2335 Verbi
2635 2282 2801 2350 gratia
2825 2320 2838 2344 ,
2881 2286 3124 2348 precatus
3162 2286 3247 2332 est
3286 2275 3479 2345 aliquis
3520 2275 3708 2337 Deuni,

2136 2377 2399 2446 lacrymas
2439 2372 2594 2438 fudit,
2626 2374 2835 2428 modico
2874 2380 3112 2441 tempore
3151 2371 3290 2424 inter
3325 2367 3583 2422 orandum
3609 2365 3709 2420 do-

2136 2468 2231 2522 luit
2255 2484 2269 2532 ;
2296 2467 2435 2522 alius
2458 2474 2564 2519 tota
2587 2465 2673 2520 die
2700 2479 2758 2519 se
2779 2464 3082 2525 oblectavit,
3106 2460 3295 2515 deinde
3315 2459 3717 2527 eleemosynam

2135 2558 2301 2623 dedit,
2330 2559 2607 2627 jejunavit,
2636 2554 2777 2610 aliud
2818 2554 3013 2625 aliquid
3054 2553 3176 2608 boni
3216 2551 3360 2617 fecit,
3401 2558 3492 2603 aut
3520 2556 3709 2601 contu-

2138 2651 2351 2705 meliam
2393 2664 2578 2718 passus
2617 2663 2721 2701 non
2760 2646 2983 2717 regessit
3022 2643 3259 2699 convicia
3299 2658 3311 2694 :
3348 2642 3391 2694 is
3431 2649 3708 2708 postquam

2136 2743 2295 2797 unico
2334 2742 2588 2811 temporis
2633 2747 2903 2794 momento
2942 2735 3247 2807 perduravit
3294 2742 3350 2788 et
3388 2733 3518 2785 iram
3560 2745 3708 2785 com-

2134 2834 2351 2903 pressit,
2393 2833 2647 2887 memoria
2687 2838 2834 2886 recte
2872 2828 3128 2885 factorum
3170 2824 3382 2879 assidue
3417 2822 3612 2893 gaudet
3649 2836 3710 2874 ac

2136 2926 2364 2979 lzetatur.
2396 2925 2465 2978 At
2497 2925 2549 2977 in
2572 2922 2714 2977 vitiis
2748 2920 3071 2977 contrarium
3099 2917 3289 2973 accidit
3313 2935 3325 2969 :
3352 2915 3525 2969 intulit
3561 2914 3708 2979 quis-

2138 3018 2277 3088 piam
2306 3016 2551 3085 injuriam
2587 3021 2679 3068 aut
2716 3012 2898 3069 retulit
2932 3030 2944 3064 :
2983 3010 3178 3065 deinde
3217 3008 3433 3064 domum
3463 3019 3709 3059 reversus

2131 3111 2337 3165 arrodit
2369 3124 2463 3163 cor
2484 3124 2661 3173 suum,
2686 3108 2811 3163 dum
2837 3105 2995 3161 verba
3034 3120 3127 3159 sua
3153 3110 3380 3172 reputat,
3409 3114 3525 3169 quae
3553 3098 3709 3151 toties

2133 3220 2294 3275 grave
2334 3203 2560 3257 attulere
2598 3200 2870 3254 damnum.
2926 3198 3259 3265 Quapropter
3297 3194 3341 3247 si
3386 3192 3707 3261 voluptatem

2134 3296 2390 3361 sectaris,
2434 3294 2621 3366 Fugito
2661 3292 2910 3365 juveni!“
2960 3287 3387 3357 concupiscentiae
3430 3286 3527 3356 (‘2.
3575 3285 3705 3339 Tim.

2130 3389 2187 3443 2.
2230 3388 2376 3460 22),
2419 3396 2472 3443 et
2516 3386 2919 3458 temperantiam
2966 3393 3251 3447 exc-recto,
3294 3380 3487 3436 divinis
3532 3378 3710 3433 verbis

2132 3490 2365 3536 attentus
2388 3490 2522 3536 esto.
2566 3478 2689 3533 llaec
2718 3479 2836 3533 ideo
2858 3477 3006 3532 vobis
3044 3475 3289 3539 dicimus,
3315 3483 3371 3527 ut
3394 3487 3486 3527 vos
3519 3471 3704 3525 eadem

2134 3574 2236 3627 illis
2273 3572 2520 3637 dicendo,
2562 3581 2616 3627 et
2658 3571 2848 3625 talibus
2887 3567 3061 3625 verbis
3098 3565 3457 3629 obtundendo,
3496 3564 3673 3618 abstra

2133 3666 2271 3719 hatis
2304 3680 2396 3719 eos
2433 3664 2503 3718 ab
2539 3664 2683 3717 omni
2722 3662 2861 3717 mala
2898 3659 3297 3723 consuetudine,
3344 3666 3505 3726 utque
3530 3658 3704 3710 omnia

2132 3757 2355 3812 rationis
2396 3756 2570 3824 petius
2608 3756 2770 3808 ductu
2798 3762 2955 3823 agant
2996 3749 3376 3821 persuadentis.
3421 3748 3703 3803 ilominnm

2130 3852 2273 3903 enim
2318 3846 2406 3916 qui
2452 3857 2651 3899 temere
2691 3853 2744 3899 et
2785 3845 2901 3897 sine
2944 3844 3152 3896 ratione
3196 3841 3437 3896 feruntur
3478 3856 3545 3894 ne
3582 3840 3704 3893 dili-

2130 3943 2307 4013 gentia
2332 3939 2546 4011 quidem
2575 3937 2846 4008 probanda
2871 3946 2951 3991 est
2987 3954 2999 3990 :
3044 3935 3094 3989 id
3125 3936 3264 4005 quod
3296 3935 3376 3988 vel
3403 3950 3468 3989 ex
3499 3951 3559 3989 ea
3587 3952 3705 4003 qua:

2132 4038 2293 4091 instat
2336 4034 2558 4089 collecta
2602 4033 2730 4086 satis
2775 4029 3069 4100 apparebit.
3119 4029 3250 4083 Dum
3290 4029 3429 4084 enim
3468 4038 3703 4083 sanctam

2132 4134 2472 4189 Pentecostes
2508 4125 2872 4182 celebritatem
2926 4138 3179 4193 agemus,
3223 4130 3366 4176 tanta
3424 4133 3707 4177 concurret

2130 4225 2430 4288 multitudo,
2455 4232 2511 4278 ut
2531 4235 2720 4293 magna
2758 4220 2843 4275 hic
2881 4220 3117 4275 locorum
3138 4218 3378 4289 angustia
3411 4216 3700 4272 laboretur.

2130 4318 2236 4372 Nec
2286 4326 2461 4370 tamen
2508 4313 2646 4368 hunc
2694 4320 3012 4368 conventum
3057 4309 3233 4380 magni
3280 4308 3434 4371 facio,
3466 4307 3705 4374 quamle-

2128 4408 2344 4479 quidem
2392 4407 2557 4476 magis
2607 4420 2670 4460 ex
2717 4420 2865 4460 more
2914 4403 3005 4470 fit,
3036 4418 3195 4473 quam
3242 4401 3512 4470 religionis
3553 4417 3700 4469 ergo.

2128 4500 2267 4568 Quid
2300 4499 2457 4569 igitur
2486 4497 2592 4551 illis
2620 4497 2867 4552 miserius
2890 4535 2905 4561 ,
2936 4510 3161 4565 quorum
3189 4502 3243 4548 et
3269 4492 3588 4564 negligentia
3623 4503 3701 4547 tot

2126 4592 2322 4647 referta
2369 4600 2449 4645 est
2492 4591 2835 4654 criminibus,
2880 4597 2933 4643 et
2960 4587 3229 4658 diligentia
3262 4587 3459 4641 nullam
3491 4587 3699 4641 laudent

2124 4682 2501 4755 promeretur?
2547 4680 2797 4750 Quisquis
2841 4679 2981 4734 enim
3026 4678 3139 4733 zelo
3194 4676 3403 4745 pietatis
3448 4676 3514 4729 ad
3564 4679 3703 4729 hunc

2123 4788 2321 4833 emtum
2362 4770 2537 4831 sobrie
2571 4774 2865 4843 cupideque
2902 4771 3127 4840 accedit,
3161 4770 3275 4826 sine
3304 4768 3694 4823 intermissione

2126 4871 2226 4926 hoc
2256 4870 2430 4923 facere
2474 4867 2652 4933 debet,
2684 4876 2737 4922 et
2766 4882 2872 4922 non
2904 4881 3024 4923 cum
3054 4866 3179 4931 illis,
3212 4864 3299 4933 qui
3346 4865 3396 4915 in
3428 4861 3561 4914 festo
3594 4869 3700 4909 latt-

2124 4973 2233 5017 tum
2266 4961 2571 5025 confluunt,
2616 4959 2870 5014 accedere
2894 4999 2908 5022 ,
2937 4966 2991 5013 et
3027 4972 3145 5012 cum
3192 4956 3295 5009 illis
3323 4952 3569 5009 recedere
3594 4992 3607 5015 ,
3642 4958 3699 5004 ut

2121 5054 2209 5125 qui
2242 5064 2442 5108 temere
2475 5050 2692 5118 pecudis
2725 5050 2778 5105 in
2809 5064 3014 5104 morem
3044 5046 3353 5100 abducatur.

2190 5146 2247 5201 5.
2290 5142 2549 5214 Equidem
2584 5151 2819 5213 poteram
2851 5142 2949 5196 hoc
2977 5138 3253 5195 exordium
3293 5137 3555 5193 sermonis
3583 5137 3696 5192 diu-

2122 5237 2225 5292 tius
2264 5234 2591 5301 extendere;
2633 5250 2813 5289 verum
2843 5233 3090 5303 quoniam
3128 5232 3240 5286 seio
3287 5245 3382 5285 vos
3420 5230 3550 5284 citra
3595 5246 3696 5285 no-

2118 5338 2283 5384 stram
2330 5328 2697 5391 monitionem,
2742 5335 2802 5381 ut
2843 5326 2991 5379 vobis
3038 5322 3252 5393 dignum
3299 5332 3375 5377 est
3422 5322 3693 5386 facientes,

2118 5422 2270 5492 plura
2296 5421 2458 5477 etiam
2486 5421 2754 5485 dicturos,
2789 5434 2945 5488 quam
2975 5418 3115 5474 dicta
3143 5427 3288 5484 sunt,
3333 5432 3401 5471 ne
3443 5415 3695 5471 molestus

2116 5513 2216 5567 sim
2244 5512 2450 5566 illorum
2471 5510 2922 5577 objurgationibus
2946 5508 3294 5573 immorando,
3320 5508 3517 5578 reliqua
3544 5508 3696 5563 vobis

2116 5607 2291 5658 omnia
2310 5605 2676 5669 committens,
2692 5605 2760 5661 ad
2780 5602 2988 5658 solitam
3018 5602 3313 5657 doctrinam
3346 5611 3400 5656 et
3426 5600 3489 5655 ad
3523 5600 3689 5653 histo-

2122 5698 2250 5750 riam
2282 5698 2348 5751 dc
2372 5697 2520 5749 Anna
2551 5705 2806 5749 revertor.
2836 5693 3017 5766 Neque
3045 5695 3330 5771 miremini,
3355 5692 3491 5763 quod
3516 5691 3689 5748 adhuc
