4110 6214
467 299 573 357 663

446 411 503 467 iu
545 412 734 469 eodem
761 419 1075 484 argumento
1104 410 1418 467 lmreamus.
1467 409 1584 464 Non
1624 409 1765 463 enim
1810 419 2026 476 possum

449 505 726 559 mulierem
758 503 894 558 hanc
921 519 984 556 ex
1015 503 1196 557 animo
1221 516 1341 555 meo
1384 501 1642 562 eximere,
1688 513 1856 568 usque
1895 496 2030 551 adeo

449 596 675 650 formam
696 592 888 650 anima:
913 594 1028 664 ejus
1051 609 1114 649 ac
1140 592 1585 663 pulchritudinem
1610 589 1864 647 admiror.
1889 590 2026 642 Amo

443 688 588 742 enim
618 685 802 741 oculos
847 700 1134 756 numquam
1166 700 1272 738 non
1317 683 1457 737 inter
1497 679 1818 752 precandum
1849 679 2024 750 lacry-

449 789 679 846 tuantes,
709 787 763 833 et
787 792 850 832 os
875 777 1117 849 labisque
1144 792 1248 832 non
1275 775 1545 832 accersitis
1573 773 1706 829 fucis
1735 770 2026 836 rubricata,

446 870 542 926 sed
567 870 755 941 gratiis
787 871 898 926 Deo
925 870 1147 941 agendis
1173 880 1357 926 ornata
1377 910 1394 936 ,
1423 869 1596 940 qualia
1626 877 1776 922 erant
1805 865 2026 936 hujusce

446 960 689 1016 mulieris
719 1001 736 1026 ,
785 961 938 1030 cujus
983 959 1376 1030 philosophiam
1425 968 1699 1028 tantopere
1743 957 2022 1012 admiror:

443 1051 683 1107 admiror
707 1061 884 1108 autem
923 1053 1129 1123 magis.
1168 1051 1312 1122 quod
1342 1052 1533 1106 mulier
1573 1065 1694 1105 cum
1736 1057 1916 1112 esset,
1955 1046 2024 1102 ad

445 1145 586 1199 hunc
613 1143 830 1200 modum
861 1145 1232 1216 philosophata
1257 1153 1376 1207 est;
1409 1143 1622 1207 mulier,
1643 1143 1881 1212 inquam,
1905 1156 2026 1211 qua:

443 1235 668 1289 multum
713 1243 769 1291 et
814 1251 844 1290 a
887 1235 1068 1291 multis
1109 1235 1248 1290 male
1283 1234 1452 1289 audit.
1483 1235 1525 1288 Α
1551 1233 1790 1298 muliere,
1833 1232 2024 1302 inquit,

442 1325 645 1380 initium
688 1327 880 1395 peccati
897 1367 914 1390 ,
946 1343 1037 1398 per
1073 1343 1186 1382 eam
1225 1344 1397 1382 omnes
1433 1328 1584 1381 morti
1612 1326 1815 1380 obnoxii
1850 1340 2026 1379 sunt”

449 1417 634 1487 (Eccli.
659 1418 749 1474 35.
776 1419 868 1491 35)
897 1438 912 1474 :
937 1431 990 1475 et
1020 1422 1209 1476 iterum
1233 1438 1248 1474 :
1275 1420 1443 1476 Pam
1462 1431 1536 1476 est
1557 1419 1787 1490 qualibet
1809 1419 2021 1483 malitia,

441 1509 489 1561 si
515 1507 584 1560 ad
611 1509 834 1562 mulieris
861 1508 1106 1564 malitiam
1145 1515 1435 1583 conferatur
1473 1509 1649 1582 (Ibid.
1679 1528 1726 1564 υ.
1781 1507 1852 1564 26
1873 1509 1916 1580 ).
1955 1508 2024 1562 Et

443 1599 640 1654 Paulus
663 1600 812 1666 dicit,
843 1601 1007 1656 Adam
1035 1604 1168 1657 enim
1196 1620 1296 1658 non
1321 1614 1393 1658 est
1418 1605 1674 1675 deceptus,
1716 1604 1898 1657 mulier
1923 1619 2022 1656 au-

444 1699 545 1743 tem
570 1690 780 1757 decepta
817 1693 1087 1745 constituta
1127 1702 1199 1746 est
1235 1694 1288 1747 in
1331 1693 1742 1763 pravaricatione
1769 1693 1862 1764 (1.
1888 1691 2021 1746 Tim.

442 1779 498 1834 ἢ.
527 1781 642 1851 lt).
670 1780 783 1838 Hoc
801 1791 885 1837 est
903 1797 1000 1838 cur
1024 1783 1168 1838 illam
1192 1783 1424 1841 maxime
1441 1785 1694 1850 admirer,
1719 1783 1858 1855 quod
1887 1784 2024 1838 hanc

445 1869 873 1926 criminationem
901 1872 1149 1939 diluerit,
1177 1874 1318 1944 quod
1349 1875 1486 1930 hanc
1508 1875 1900 1932 accusationem
1931 1889 2022 1930 re-

440 1959 656 2030 jecerit,
683 1961 825 2032 quod
853 1978 975 2017 cum
1013 1974 1160 2019 esset
1185 1979 1252 2020 ex
1279 1965 1528 2024 incusato
1557 1980 1710 2032 sexu,
1739 1965 2021 2036 opprobria

443 2051 542 2105 ista
568 2052 749 2106 omnia
784 2052 1120 2121 discusserit,
1147 2071 1318 2126 reque
1335 2056 1450 2126 ipsa
1478 2056 1740 2120 docuerit,
1771 2056 1889 2110 illas
1915 2070 2021 2112 non

442 2139 579 2197 tales
601 2149 786 2197 natura
814 2143 998 2210 fuisse,
1021 2145 1115 2201 sed
1137 2146 1407 2202 voluntate
1431 2147 1746 2217 propriaque
1771 2147 2018 2218 segnitie,

441 2237 500 2290 ει
528 2228 651 2286 huic
675 2247 890 2304 quoque
915 2236 1066 2290 sexui
1095 2233 1162 2289 ad
1185 2235 1394 2290 virtutis
1420 2235 1682 2306 fastigium
1709 2237 1873 2292 licere
1901 2251 2021 2306 per-

440 2321 669 2392 tingere.
701 2323 1104 2382 Coutentiosum
1147 2326 1293 2382 enim
1321 2336 1403 2382 est
1445 2326 1548 2382 hoc
1584 2327 1781 2382 animal
1807 2336 1863 2383 et
1891 2343 2019 2398 pro-

442 2421 647 2470 tervum
665 2452 684 2478 ,
710 2423 766 2469 et
791 2415 835 2469 si
866 2414 932 2469 ad
959 2415 1214 2470 malitiam
1243 2416 1506 2480 declinet,
1539 2431 1728 2487 magna
1758 2417 1894 2472 mala
1927 2433 2022 2488 pa-

440 2511 588 2570 trat;
630 2505 675 2560 si
701 2504 770 2561 ad
800 2507 1048 2563 virtutem
1092 2523 1152 2563 se
1192 2509 1458 2579 applicet,
1489 2509 1662 2564 anima
1703 2511 1861 2565 citius
1898 2525 2019 2566 eam

438 2591 728 2661 destituat,
758 2611 919 2665 quam
951 2598 1278 2666 propositum
1305 2607 1493 2653 mutet.

508 2681 798 2754 Exponitur
833 2686 994 2740 Anna:
1032 2688 1214 2740 oratio.
1236 2688 1399 2744 --lta
1439 2689 1596 2758 igitur
1645 2692 1758 2746 haec
1803 2706 2014 2763 quoque

437 2779 680 2836 naturam
720 2788 873 2828 suam
913 2776 1202 2845 superavit,
1247 2779 1614 2835 necessitatem
1663 2783 1920 2851 pervicit,
1961 2793 2017 2839 et

436 2862 749 2936 assiduitate
787 2867 1036 2935 precandi
1079 2869 1250 2924 vulva:
1277 2873 1445 2927 sterili
1488 2873 1654 2928 tilium
1690 2877 2008 2945 impetravit.

435 2953 774 3024 Quapropter
807 2971 1018 3018 rursum
1063 2959 1130 3015 ad
1171 2976 1358 3030 preces
1399 2963 1673 3034 confugit,
1704 2966 1864 3020 etiam
1895 2974 2016 3036 post

439 3045 781 3116 impetratam
807 3052 1030 3120 gratiam
1061 3053 1127 3108 ad
1163 3054 1305 3110 hunc
1345 3055 1557 3110 modum
1589 3057 1811 3128 loquens
1837 3077 1850 3112 :
1874 3058 2012 3115 Cou-

436 3137 695 3208 ﬁrmatum
717 3148 790 3192 est
815 3156 902 3197 cor
927 3158 1092 3196 meum
1120 3144 1171 3198 in
1195 3144 1434 3214 Domino,
1456 3149 1728 3203 exaltatum
1755 3160 1829 3205 est
1855 3167 2014 3206 cornu

435 3242 601 3294 areum
627 3227 683 3281 in
713 3227 820 3298 Deo
845 3247 974 3291 meo.
1019 3233 1159 3301 Quid
1194 3237 1490 3306 significent
1513 3239 1629 3296 haec
1658 3242 1815 3296 verba
1835 3284 1849 3306 ,
1875 3242 2011 3298 Con-

437 3317 696 3384 firmatum
740 3327 812 3374 est
851 3336 938 3378 eor
972 3339 1137 3383 meum
1175 3327 1228 3380 in
1262 3327 1500 3392 Domino,
1540 3345 1712 3400 nuper
1749 3348 1836 3388 me
1872 3334 2011 3405 apud

434 3407 711 3463 caritatem
733 3419 963 3469 vestram
986 3413 1299 3472 disseruisse
1325 3420 1471 3473 scitis
1491 3419 1590 3488 (a):
1609 3434 1849 3492 superest
1871 3439 2013 3481 nunc

436 3505 583 3550 utea
609 3513 727 3568 qua:
761 3499 1017 3572 deinceps
1050 3517 1375 3575 Sequuntur,
1421 3510 1848 3580 interpretemur.
1876 3516 2012 3572 Cum

435 3586 576 3640 enim
605 3587 855 3654 dixisset,
895 3592 1257 3663 Conﬁrmatum
1284 3609 1357 3652 est
1384 3616 1470 3652 cor
1494 3617 1655 3661 meum
1680 3603 1732 3658 in
1756 3601 2011 3676 Domino,

437 3693 559 3733 mox
589 3679 860 3748 subjttnxit
884 3701 896 3736 :
919 3682 1213 3740 Eultatum
1232 3699 1304 3742 est
1328 3706 1482 3744 cornu
1503 3708 1665 3746 meum
1684 3694 1737 3747 in
1755 3693 1861 3749 Deo
1901 3711 2014 3752 meo

440 3770 514 3835 (l.
559 3770 684 3841 Reg.
716 3772 770 3825 ‘2.
806 3774 876 3843 1).
907 3775 1039 3843 Quid
1069 3787 1171 3843 est,
1202 3780 1370 3834 Cornu
1398 3785 1601 3838 meum?
1627 3785 1835 3840 Etenim
1863 3787 2012 3844 Scri-

437 3869 586 3928 ptura
619 3862 718 3915 hac
747 3863 981 3920 dictione
1005 3882 1147 3937 saepe
1173 3868 1245 3922 uti
1273 3872 1443 3935 solet;
1477 3874 1612 3927 sicut
1632 3877 1843 3944 quando
1861 3879 2009 3946 dicit,

440 3948 732 4005 lfxaltntum
761 3964 834 4008 est
859 3971 1016 4009 cornu
1035 3958 1142 4027 ejus
1159 3958 1327 4030 (l’sal.
1347 3962 1432 4015 74.
1464 3964 1573 4033 ll),
1599 3976 1651 4019 et
1677 3984 1689 4019 :
1716 3967 2012 4023 Exultatum

437 4051 510 4094 est
538 4058 695 4096 conm
723 4046 899 4098 chriin
928 4048 1037 4116 ejus
1067 4048 1141 4119 (1.
1174 4051 1297 4122 Reg.
1326 4053 1379 4105 2.
1414 4055 1520 4121 10).
1549 4057 1684 4123 Quid
1713 4059 1869 4128 igitur
1897 4070 2012 4116 tan-

435 4135 556 4188 dem
583 4151 750 4191 cornu
781 4140 1054 4195 nominat?
1079 4142 1397 4210 Potentiam,
1419 4147 1660 4216 gloriam,
1691 4149 2009 4222 claritatem,

434 4240 463 4278 a
515 4225 683 4307 brutis
727 4229 1085 4305 animantibus
1123 4231 1260 4289 hanc
1298 4237 1659 4307 metaphoram
1704 4249 2007 4300 mutuatus:

436 4301 565 4369 nam‘
585 4303 725 4397 Dens
752 4303 1049 4377 fornamenti
1080 4339 1142 4379 ac
1168 4325 1258 4382 teli
1289 4327 1403 4382 vice
1426 4301 1622 4384 cornua
1653 4331 1756 4386 illis
1784 4333 2009 4405 addidit,

433 4399 629 4488 quibus
668 4411 877 4490 amissis
910 4415 1230 4495 prmcipuam
1263 4418 1450 4473 virium
1491 4430 1695 4492 partem
1723 4425 2007 4481 amittunt:

435 4507 490 4576 et
519 4500 655 4581 sicut
685 4501 903 4581 inermis
930 4506 1116 4582 miles,
1152 4509 1219 4564 ita
1249 4519 1302 4564 et
1334 4521 1514 4566 taurus
1540 4513 1738 4585 absque
1762 4519 2010 4576 cornibus

439 4586 687 4674 perfacile
711 4593 936 4677 capitur.
970 4593 1110 4674 Nihil
1141 4597 1296 4666 igitur
1322 4599 1464 4654 aliud
1490 4602 1618 4657 dicit
1647 4603 1761 4660 hmc
1788 4609 2008 4677 mulier,

434 4668 612 4748 quam,
631 4671 878 4765 Exalt'ata
902 4693 981 4743 est
1000 4669 1166 4755 gloria
1198 4702 1332 4745 mea.
1359 4689 1425 4744 Et
1449 4694 1716 4761 quomodo
1739 4668 2012 4752 exaltata‘l

440 4771 503 4855 in
534 4771 644 4858 Deo
671 4789 812 4857 meo,
856 4774 1045 4857 inquit.
1079 4778 1201 4834 Ideo
1244 4782 1295 4835 in
1327 4789 1437 4836 tuto
1462 4791 1543 4838 est
1574 4784 1687 4840 bam
1715 4786 1974 4844 celsitudo
1993 4831 2010 4858 ,

436 4851 635 4950 inquit;
935 4857 1112 4950 atque.
1140 4858 1465 4948 immobilem
1514 4875 1746 4933 radicem
1796 4851 2009 4937 habeat.

434 4940 620 5040 Gloria
657 4940 804 5040 enim.
839 4943 959 5028 qum
999 4947 1087 5034 est
1127 4940 1196 5017 ab
1237 4953 1558 5039 hominibus,
1602 4953 2012 5039 gloriﬁcantium

435 5033 956 5127 vilitatem-imitatur
977 5091 992 5114 ,
1037 5033 1178 5110 unde
1209 5053 1267 5108 fit
1295 5065 1352 5110 ut
1374 5035 1533 5114 facile
1559 5033 1926 5126 subvertatur;
1957 5075 2014 5122 at

437 5123 541 5224 non
564 5124 642 5221 sic
664 5123 964 5224 Dei'gl'oria,
978 5143 1074 5224 sed
1095 5145 1381 5218 immobilis
1402 5160 1582 5205 manet
1601 5153 1652 5206 in
1673 5123 2009 5224 perpetuum.

436 5215 755 5310 Atque-hate
785 5218 1006 5310 utraque
1051 5215 1309 5308 propheta
1354 5231 1630 5296 declarans
1653 5215 1690 5310 ,-
1719 5215 1824 5298 tam
1873 5247 2014 5303 illius

435 5307 998 5405 debilitatem_,'quam
1046 5320 1199 5397 llnjus
1247 5322 1572 5397 firmitatem,
1619 5307 1696 5387 sic
1743 5334 2008 5405 loquitur:

439 5395 616 5464 Omm's
641 5399 974 5492 caro'fmuum
996 5455 1012 5478 ,
1053 5428 1099 5468 et
1116 5395 1477 5492 omnis'gloria
1507 5411 1722 5476 hominis
1755 5410 2011 5492 tamquam

436 5487 531 5579 flos
558 5487 939 5583 fleui.'l3aéaruit
966 5487 1173 5571 frenum,
1206 5517 1251 5557 et
1275 5487 1370 5574 pb.
1399 5509 1509 5576 ejus
1531 5493 1715 5564 decidit
1743 5487 1894 5580 (Isai.
1917 5507 2007 5569 ιθ.

497 5630 869 5709 ga)1§ermojille
904 5636 952 5684 in
989 5649 1085 5698 quo
1125 5637 1226 5686 haac
1268 5638 1650 5702 explicabautur,
1689 5641 1771 5707 qui
1815 5653 2012 5709 quartus

435 5692 858 5758 eral,intert;j¢jjr,-
915 5718 939 5724 ..
1003 5692 1057 5738 ξ.
1139 5709 1142 5716 .
1277 5713 1280 5717 ,
1547 5719 1551 5723 ⁶
1601 5692 1649 5726 ⁸,
1707 5692 1719 5707 ,
1761 5692 1770 5694 ,
1823 5692 1990 5730 Th";

1187 299 1245 355 ε.
1285 295 1557 354 JOANNIS
1583 286 2052 361 CHRYSOS'I‘OMI
2091 287 2406 365 ARClllEP.
2443 293 2974 354 CONSTANTINOP.

3605 303 3716 363 θα

2135 402 2188 457 6.
2217 405 2293 474 7).
2326 406 2402 463 De
2446 407 2540 463 Dei
2585 418 2764 466 autem
2804 410 2970 481 gloria
3013 425 3122 466 nou
3172 411 3271 480 sic,
3310 419 3664 488 atvquomodo
3688 421 3717 472 ἲ

2145 494 2355 552 Verbum
2371 509 2537 554 autem
2557 499 2653 556 Dei
2677 503 2730 556 in
2747 512 2987 558 (sternunt
3011 513 3178 557 manet
3194 501 3244 577 (1
3251 506 3348 559 sai.
3393 506 3486 562 ιο.
3518 507 3600 579 8).
3650 509 3718 564 Μ

2130 590 2271 659 quod
2289 592 2372 647 vel
2399 593 2452 646 in
2474 592 2573 648 hac
2592 594 2815 650 muliere
2842 605 3009 665 patet.
3038 595 3213 667 Reges
3229 597 3374 652 enim
3393 610 3446 654 et
3465 599 3627 657 duces
3653 613 3714 657 et

2130 681 2389 753 dynastze,
2413 685 2502 753 qui
2531 685 2663 740 nihil
2687 701 2792 740 non
2818 695 3108 754 tentarunt,
3133 698 3191 744 ut
3212 691 3566 748 immortalem
3587 705 3712 763 post

2129 786 2189 827 se
2218 773 2583 841 relinquerent
2627 777 2939 832 memoriam
2963 819 2980 845 ,
3023 779 3270 849 sepulcra
3295 781 3397 836 sibi
3427 783 3714 852 splendida

2129 863 2630 932 exardiﬂcaverunt,
2687 877 2740 922 et
2790 877 2992 923 statuas
3045 879 3205 940 atque
3254 870 3458 942 efﬁgies
3512 875 3708 930 multas

2131 955 2312 1010 multis
2339 956 2390 1010 in
2420 958 2551 1012 locis
2582 970 2894 1028 posuerunt,
2923 969 2979 1017 et
3008 976 3183 1017 rerum
3211 975 3484 1034 gestarum
3512 982 3705 1025 monu-

2129 1054 2310 1100 menta
2355 1046 2632 1102 innumera
2679 1049 3050 1117 reliquerunt,
3096 1067 3237 1107 nunc
3284 1062 3526 1110 tacentur
3553 1067 3609 1112 et
3635 1073 3705 1114 ne

2128 1138 2343 1192 nomine
2366 1138 2578 1207 quidem
2609 1141 2718 1194 noti
2762 1150 2924 1196 sunt:
2951 1142 3064 1198 lucc
3089 1155 3264 1201 autem
3293 1149 3483 1204 mulier
3511 1150 3706 1221 ubique

2125 1229 2360 1298 gentium
2386 1247 2524 1286 nunc
2548 1232 2876 1300 celebratur;
2903 1245 2956 1290 et
2985 1236 3097 1292 sive
3143 1238 3195 1292 in
3239 1237 3508 1310 Scythiam
3541 1245 3702 1312 proli-

2125 1321 2347 1377 ciscaris
2369 1362 2384 1387 ,
2414 1325 2528 1379 sive
2555 1323 2607 1378 in
2637 1325 2927 1397 Egyptum
2951 1369 2968 1394 ,
3015 1330 3128 1386 sive
3156 1331 3210 1385 in
3237 1331 3460 1400 Indiam,
3491 1335 3604 1391 sive
3631 1337 3702 1391 ad

2127 1409 2274 1480 ipsos
2297 1412 2445 1467 orbis
2469 1413 2746 1478 terminos,
2763 1430 2950 1471 omnes
2977 1417 3162 1473 audies
3185 1428 3330 1490 gesta
3357 1421 3473 1490 ejus
3501 1423 3699 1480 decan-

2127 1512 2300 1558 tantes
2323 1521 2338 1559 :
2359 1505 2589 1574 denique
2615 1518 2868 1576 quantum
2897 1517 3154 1565 terrarum
3181 1526 3212 1566 a
3238 1514 3352 1568 sole
3381 1516 3697 1585 illustratur,

2127 1602 2296 1648 totum
2344 1595 2446 1650 hoc
2491 1597 2642 1652 Anna
2672 1613 2764 1652 sua
2793 1598 2956 1668 gloria
2987 1611 3232 1672 occupat.
3260 1604 3368 1660 Nec
3397 1606 3497 1660 hoc
3524 1608 3698 1662 solum

2125 1686 2478 1743 admiratione
2501 1687 2719 1759 dignum
2745 1701 2860 1756 est,
2899 1693 3038 1762 quod
3072 1695 3266 1765 ubique
3297 1707 3556 1754 terrarum
3581 1699 3698 1756 haec

2127 1777 2324 1831 mulier
2346 1778 2588 1845 canitur;
2637 1780 2730 1834 sed
2774 1782 2914 1850 quod
2948 1784 3257 1853 sapientiam
3285 1787 3401 1857 ejus
3424 1803 3487 1842 ac
3516 1790 3700 1860 longa-

2125 1865 2420 1922 nimitatem
2451 1877 2506 1923 et
2531 1869 2862 1924 tolerantiam
2892 1886 3080 1928 omnes
3109 1884 3338 1935 norunt.
3370 1877 3422 1931 in
3448 1879 3654 1948 oppidis
3677 1920 3702 1945 ,

2125 1956 2176 2010 in
2201 1957 2368 2027 agris,
2399 1959 2449 2013 in
2476 1959 2743 2027 domibus,
2771 1961 2824 2017 in
2851 1965 3060 2028 castris.
3089 1965 3141 2019 in
3172 1969 3413 2032 navibus,
3444 1971 3495 2024 in
3520 1970 3696 2027 offici.

2124 2047 2228 2111 nis,
2255 2047 2484 2119 denique
2525 2064 2783 2121 nusquam
2829 2069 2934 2108 non
2965 2055 3150 2112 laudes
3172 2057 3290 2126 ejus
3316 2060 3516 2116 audies.
3547 2062 3694 2130 Quo-

2125 2138 2222 2193 ties
2258 2141 2402 2194 enim
2445 2141 2646 2196 clarum
2695 2144 2922 2214 aliquem
2971 2147 3196 2203 reddere
3244 2151 3352 2205 Dio
3400 2154 3694 2222 placuerit,

2123 2231 2332 2285 etiamsi
2377 2246 2522 2287 mors
2571 2235 2907 2302 interveniat,
2929 2247 3020 2291 aut
3065 2239 3336 2310 longitudo
3373 2252 3694 2312 temporum.

2121 2333 2213 2378 ant
2236 2323 2446 2394 quidvis
2469 2325 2612 2380 aliud
2635 2366 2655 2390 ,
2681 2335 2858 2384 manet
2883 2336 3056 2384 tamen
3083 2330 3250 2401 gloria
3275 2333 3416 2389 illius
3437 2345 3696 2405 perpetuo

2122 2413 2320 2470 ﬂorens
2343 2456 2358 2480 ,
2404 2426 2459 2470 et
2505 2417 2796 2474 claritatem
2823 2418 2942 2490 ejus
2979 2420 3264 2478 obscurare
3293 2428 3483 2494 poterit
3511 2444 3692 2484 nemo.

2122 2504 2270 2561 lianc
2292 2507 2362 2563 ob
2382 2523 2495 2562 rem
2524 2518 2578 2563 et
2607 2510 2718 2579 ipsa
2744 2511 2996 2567 erudiens
3019 2513 3308 2582 auditores,
3331 2517 3468 2586 quod
3491 2533 3595 2576 non
3619 2521 3692 2574 sit

2119 2598 2526 2671 confugiendum
2566 2602 2631 2656 ad
2661 2601 2775 2656 hmo
2810 2601 2948 2658 ﬂuxa
2969 2644 2986 2670 ,
3030 2606 3123 2661 sed
3149 2606 3216 2662 ad
3241 2624 3360 2664 eum
3383 2624 3413 2661 a
3441 2626 3546 2680 quo
3567 2626 3683 2673 cer-

2121 2691 2323 2745 tissima
2355 2692 2490 2746 bona
2518 2707 2826 2762 speramus,
2855 2704 3130 2752 auctorem
3159 2698 3311 2766 hujus
3337 2699 3516 2769 gloria:
3546 2700 3684 2762 iudi-

2118 2791 2226 2837 cat.
2255 2781 2387 2837 Cnm
2427 2785 2568 2838 enim
2599 2784 2849 2850 dixisset,
2880 2785 3241 2855 Con/innatum
3272 2798 3342 2842 est
3391 2806 3475 2842 cor
3515 2806 3680 2843 meum

2116 2873 2170 2926 in
2198 2871 2448 2938 Domino,
2481 2874 2788 2944 subjunxit,
2821 2874 3113 2930 Exultatum
3139 2887 3209 2932 est
3233 2895 3388 2932 cornu
3423 2895 3586 2933 meum
3620 2883 3686 2938 in

2117 2963 2228 3020 Deo
2255 2966 2635 3036 meo:duplicia
2667 2967 2822 3024 nobis
2850 2967 2935 3024 his
2961 2969 3135 3025 verbis
3162 2969 3504 3025 subiudicans
3525 2970 3688 3036 bona,

2116 3075 2236 3128 qua:
2261 3075 2366 3114 non
2396 3070 2598 3116 temere
2625 3060 2783 3115 simul
2813 3061 2904 3116 uni
2931 3062 3263 3132 contingunt.
3292 3062 3422 3117 Nam
3449 3070 3504 3118 et
3525 3077 3554 3116 a
3587 3061 3688 3116 llo-.-

2116 3149 2370 3215 minibns,
2403 3152 2606 3221 inquit,
2638 3152 2859 3207 liberata
2887 3167 3027 3218 sum,
3060 3153 3402 3221 ignominiam
3432 3153 3648 3224 deposui
3668 3193 3690 3218 ,

2116 3243 2459 3298 securitatem
2511 3252 2669 3312 atque
2713 3243 2972 3300 honorem
3017 3254 3341 3314 consequuta
3385 3260 3521 3299 sum.
3563 3243 3690 3298 limo

2115 3341 2292 3387 autem
2317 3340 2542 3403 utraque
2563 3349 2668 3388 non
2695 3333 2847 3388 facile
2869 3334 3105 3390 invenias
3121 3334 3172 3388 in
3194 3349 3358 3389 unum
3378 3334 3684 3390 convenire.

2115 3422 2262 3477 Multi
2293 3423 2434 3478 enim
2464 3439 2494 3478 a
2522 3423 2775 3491 periculis
2818 3423 3133 3490 liberantur,
3180 3426 3462 3494 gloriosam
3510 3435 3690 3480 tamen

2115 3513 2277 3567 vitam
2306 3527 2410 3567 non
2457 3514 2654 3569 habent
2681 3530 2695 3568 :
2721 3513 2812 3568 alii
2856 3523 3040 3569 contra
3067 3514 3231 3585 gloria
3257 3514 3470 3584 quidem
3495 3523 3547 3569 et
3573 3514 3685 3577 cla-

2115 3603 2274 3658 ritate
2299 3602 2566 3667 fruuntur,
2599 3605 2844 3673 periculis
2869 3614 3047 3661 tamen
3071 3605 3142 3660 ob
3171 3609 3306 3660 hanc
3331 3606 3550 3675 gloriam
3578 3620 3682 3658 non

2114 3705 2318 3750 carent.
2345 3695 2504 3752 Verbi
2529 3697 2719 3767 gratia,
2743 3696 2893 3752 multi
2915 3712 3056 3766 saepe
3072 3697 3122 3751 in
3143 3712 3413 3752 carcerem
3433 3697 3683 3764 eonjecti,

2115 3786 2372 3851 adulteri,
2401 3788 2616 3843 venefici
2635 3831 2652 3853 .
2679 3789 3039 3858 sepulcrorum
3067 3788 3428 3858 perfossorcs,
3463 3789 3684 3859 aliisque

2115 3877 2376 3932 similibus
2409 3879 2718 3934 criminibus
2757 3881 3007 3946 obnoxii,
3044 3881 3236 3936 deinde
3275 3881 3496 3950 jubente
3541 3880 3682 3950 regia

2115 3967 2393 4022 clementia
2420 3968 2622 4024 dimissi
2652 3980 2774 4025 sunt
2803 3971 2962 4026 inde:
2989 3972 3039 4026 lii
3066 3987 3095 4025 a
3123 3988 3278 4042 ptena
3305 3974 3516 4044 quidem
3548 3973 3682 4027 libe-

2115 4059 2211 4110 rati
2239 4069 2394 4122 sunt,
2424 4070 2672 4114 caeterum
2721 4063 2910 4130 probra
2950 4079 3040 4116 sua
3081 4079 3186 4117 non
3215 4065 3591 4130 alioleverunt,
3629 4074 3684 4119 et

2113 4146 2346 4204 dedecus
2367 4163 2462 4205 eos
2487 4166 2771 4221 numquam
2799 4168 2906 4209 non
2936 4155 3295 4226 consequitur.
3327 4156 3426 4209 Alii
3460 4156 3554 4209 viri
3585 4155 3685 4209 mi-

2114 4237 2296 4294 litares
2343 4255 2408 4296 ac
2458 4243 2744 4311 generosi,
2799 4246 3136 4315 conspicuam
3189 4255 3346 4315 atque
3396 4245 3682 4316 gloriosam

2112 4329 2320 4386 vivendi
2349 4332 2606 4388 rationem
2633 4335 2881 4403 amplexi.
2900 4337 3102 4391 bellicis
3129 4337 3373 4406 periculis
3401 4350 3518 4390 sese
3543 4335 3684 4406 obji-

2113 4423 2346 4488 cient‘es,
2387 4424 2545 4477 multa
2589 4439 2731 4494 saepe
2761 4427 2974 4480 vulnera
3005 4426 3305 4494 accipiunt,
3335 4435 3390 4481 et
3417 4437 3694 4497 postremo-

2115 4512 2391 4565 immatura
2446 4523 2614 4568 morte
2655 4513 3222 4586 absumunturzatque
3251 4516 3302 4569 hi
3349 4532 3455 4585 pne
3497 4517 3679 4586 gloria:

2113 4616 2295 4658 amore
2321 4604 2603 4660 securitate
2632 4621 2692 4660 se
2721 4606 2817 4677 ipsi
2851 4608 3141 4677 privarunt.

2183 4697 2238 4752 ι.
2268 4695 2404 4750 Huic
2431 4711 2556 4752 vero
2601 4699 2805 4752 mulieri
2852 4699 2966 4754 haec
2993 4709 3213 4770 utraque
3240 4697 3595 4768 contigerunt,
3627 4706 3688 4754 ut

2114 4801 2231 4856 qua!
2257 4795 2311 4841 et
2337 4787 2618 4842 securitate
2653 4788 2808 4843 simul
2855 4799 2909 4844 et
2936 4790 3101 4859 gloria
3134 4792 3292 4859 potita
3323 4801 3420 4844 est.
3455 4789 3592 4843 Idem
3632 4798 3686 4841 et

2117 4877 2286 4932 tribus
2315 4877 2418 4932 illis
2439 4878 2615 4947 pueris
2639 4879 2829 4933 accidit
2852 4879 3012 4948 (Dan.
3043 4881 3100 4946 5)
3133 4901 3146 4935 :
3175 4896 3294 4932 nam
3320 4890 3374 4934 et
3395 4879 3684 4947 periculum

2115 4981 2398 5025 evaserunt
2425 4987 2456 5026 e
2479 4986 2607 5042 rogo
2633 4972 2862 5037 liberati,
2891 4981 2945 5027 et
2972 4972 3201 5026 illustres
3229 4979 3350 5026 sunt
3375 4973 3517 5038 facti,
3546 4971 3686 5040 quod

2115 5062 2499 5129 snpernaturali
2523 5062 2680 5117 modo
2707 5062 2862 5132 hujus
2887 5063 3133 5119 elementi
3165 5063 3451 5131 potentiam
3470 5076 3689 5132 superno

2116 5154 2334 5207 vissent.
2356 5154 2434 5208 Ad
2458 5154 2597 5210 hunc
2612 5170 2742 5223 sane
2764 5157 2978 5211 modum
2997 5156 3085 5210 Dei
3105 5157 3358 5212 beneﬁcia
3377 5172 3436 5211 se
3458 5156 3678 5210 habent:

2117 5245 2274 5299 simul
2302 5247 2442 5300 enim
2470 5255 2524 5301 et
2545 5255 2708 5300 tutam
2731 5257 2785 5302 et
2813 5247 3070 5302 illustrem
3100 5248 3320 5319 largitur
3344 5249 3528 5312 vitam,
3549 5247 3687 5316 quod

2117 5335 2328 5402 quidem
2356 5344 2639 5404 utrumque
2670 5336 2781 5390 liazc
2803 5337 2912 5404 ipsa
2954 5336 3179 5392 innuens
3205 5338 3413 5393 dicebat
3445 5355 3459 5391 :
3485 5336 3691 5404 Conﬁr-

2117 5437 2307 5480 matum
2337 5437 2410 5481 est
2438 5443 2526 5480 cor
2567 5443 2732 5480 meum
2756 5428 2808 5480 in
2838 5427 3077 5486 Domino.
3118 5431 3397 5483 exaltatum
3433 5440 3504 5482 est
3525 5445 3687 5486 cornu

2117 5533 2282 5571 meum
2323 5518 2374 5570 in
2402 5517 2510 5572 Deo
2536 5533 2662 5571 meo.
2691 5517 2798 5572 Nec
2821 5519 3131 5588 simpliciter
3157 5519 3307 5578 dixit,
3331 5514 3400 5569 In
3429 5515 3553 5581 Deo,
3581 5518 3696 5573 sed.

2119 5605 2186 5679 In
2216 5607 2320 5662 Deo
2349 5625 2476 5672 utea,
2527 5608 2626 5662 sibi
2671 5608 2770 5676 ipsi
2801 5623 3061 5678 usurpans
3103 5624 3244 5674 eum,
3289 5611 3377 5679 qui
3437 5610 3529 5664 toti
3574 5610 3690 5663 orbi

2116 5677 2384 5778 terrarum
2427 5699 2721 5778 communis
2768 5709 2866 5774 est.
2902 5677 3010 5771 [loc
3049 5708 3223 5766 autem
3267 5699 3395 5757 fecit
3420 5715 3524 5755 non
3549 5696 3696 5768 illius
