4110 6214
377 289 486 348 ωδ

377 425 474 480 νης
509 405 751 478 ἱστορίαν
787 407 1152 476 ἐπαναγαγὼν
1180 408 1271 461 τὸν
1294 406 1472 476 λόγον.
1509 407 1617 461 Καὶ
1648 405 1722 477 μὴ
1747 404 1957 474 θαυμά-

378 507 531 562 σητε,
563 492 612 544 εἰ
649 489 874 560 μηδέπω
917 492 1017 561 τῆς
1042 491 1353 555 ὑποθέσεως
1396 490 1600 562 ταύτης
1637 489 1956 561 ἀπηλλάγη-

379 591 500 646 μεν.
536 575 648 628 Καὶ
683 574 793 644 γάρ
825 574 886 626 οὐ
928 573 1164 645 δύναμαι
1212 575 1312 646 τὴν
1343 578 1579 644 γυναῖκα
1607 575 1814 642 ταύτην
1843 575 1952 628 ἀπὸ

374 656 474 727 τῆς
489 656 723 721 διανοίας
741 657 989 712 ἐκϐαλεῖν
1004 657 1104 727 τῆς
1119 657 1260 728 ἐμῆς
1274 675 1288 688 ·
1307 657 1480 722 οὕτως
1499 659 1668 729 αὐτῆς
1689 657 1790 711 θαυ
1799 658 1954 728 μάξω

374 738 475 810 τὴν
501 739 804 810 εὐμορφίαν
821 740 918 810 τῆς
931 740 1130 812 ψυχῆς,
1144 741 1239 794 καὶ
1258 741 1320 794 τὸ
1343 741 1535 806 κάλλος
1564 742 1663 811 τῆς
1690 741 1951 805 διανοίας.

375 820 525 894 [755]
549 822 691 876 Φιλῶ
714 822 822 894 γὰρ
842 822 1156 894 ὀφθαλμοὺς
1181 823 1515 896 δακρύοντας
1539 825 1599 877 ἐν
1629 825 1835 895 εὐχαῖς,
1864 823 1953 878 διά

374 906 576 971 παντὸς
599 907 960 978 μελετῶντας.
979 908 1070 961 καὶ
1091 906 1263 980 χείλη,
1278 908 1373 961 καὶ
1391 909 1563 978 στόμα
1578 910 1677 962 οὐκ
1694 908 1952 978 ἐπιτρίμο

377 989 510 1058 μασί
537 1007 679 1043 τισιν
709 990 1179 1063 ἐρυθραινόμενον,
1208 991 1324 1045 ἀλλ’
1363 991 1681 1064 εὐχαριστίᾳ
1716 994 1784 1062 τῇ
1815 991 1952 1061 πρὸς

373 1075 464 1129 τὸν
513 1074 647 1128 Θεὸν
689 1073 1194 1144 καλλωπιζόμενον,
1245 1071 1356 1129 οἷον
1403 1070 1472 1148 ἦν
1517 1075 1577 1129 τὸ
1609 1075 1846 1146 ταύτης·
1882 1076 1951 1147 ῆν

375 1157 641 1228 θαυμάζω
671 1159 768 1228 μὲν
782 1157 1258 1228 ὅτιέφιλοσόφησε,
1287 1157 1552 1228 θαυμάζω
1581 1158 1639 1212 δὲ
1665 1158 1950 1230 μειζόνως,

373 1241 457 1294 ὅτι
474 1240 610 1312 γυνὴ
630 1235 766 1296 οὖσα
785 1239 1168 1311 ἐφιλοσόφησε,
1187 1240 1345 1312 γυνὴ,
1366 1237 1436 1314 ἧς
1469 1240 1654 1295 πολλοὶ
1688 1241 1949 1305 πολλάκις

374 1323 778 1394 κατηγόρησαν.
798 1323 930 1376 Ἀπὸ
953 1322 1061 1393 γὰρ
1080 1324 1384 1392 γυναικὸς,
1397 1323 1583 1394 φησὶν,
1597 1323 1753 1393 ἁρχὴ
1774 1325 1954 1393 ἀμαρ-

372 1406 522 1472 τίας.
546 1405 644 1459 καί
663 1405 737 1458 δι’
756 1405 954 1472 αὐτὴν
971 1405 1437 1474 ἀποθνήσκομεν
1453 1406 1674 1473 πάντες
1691 1423 1706 1438 ⁸
1731 1408 1825 1461 καί
1845 1409 1952 1462 πά-

370 1486 455 1542 λιν
473 1505 487 1520 °
524 1488 716 1558 Μαιρὰ
730 1488 898 1543 πᾶσα
917 1489 1097 1542 κακία
1115 1488 1266 1556 πρὸς
1283 1489 1501 1542 κακίαν
1517 1490 1803 1558 γυναικός
1819 1507 1835 1523 ο
1857 1491 1954 1545 καὶ

368 1575 397 1630 ὁ
419 1571 626 1637 Παῦλος
641 1590 654 1603 °
693 1572 864 1641 Ἀδὰμ
883 1571 994 1642 γὰρ
1014 1573 1126 1626 οὐκ
1145 1571 1444 1639 ἠπατήθη.
1479 1573 1516 1641 ἡ
1537 1573 1604 1625 δὲ
1622 1573 1776 1642 γυνὴ
1799 1575 1952 1630 ἀπα-

367 1658 616 1725 τηθεῖσα
649 1657 722 1710 ἐν
755 1655 1086 1724 παραϐάσει
1121 1654 1347 1725 γέγονε.
1387 1656 1486 1710 Διά
1522 1656 1678 1711 τοῦτο
1715 1657 1951 1728 μάλιστα

365 1739 536 1810 αὐτὴν
557 1737 840 1809 θαυμάζω,
860 1739 940 1791 ὅτι
964 1738 1032 1792 τὰ
1053 1737 1370 1810 ἐγκλήματα
1388 1737 1560 1792 ταῦτα
1575 1739 1948 1813 διεκρούσατο,

364 1822 565 1894 ὅτιλτὴν
585 1821 919 1892 κατηγορίαν
941 1819 1192 1883 ἀπέθετο,
1213 1822 1294 1874 ὅτι
1314 1821 1403 1874 τοῦ
1425 1821 1842 1894 διαϐαλλομένου
1866 1826 1952 1894 γέ-

363 1891 488 1968 νοῦς
522 1891 654 1958 οὖσα
691 1891 1318 1974 καίγκατηγορουμένου,
1340 1903 1408 1957 τὰ
1427 1905 1601 1976 ὀνείδη
1626 1891 1805 1962 πάντα
1843 1891 1948 1963 ἀπ-

361 1986 638 2056 ετρίψατο,
660 1985 748 2038 διὰ
782 1986 890 2039 τῶν
930 1985 1106 2058 ἔργων
1144 1985 1493 2052 παιδεύουσα,
1517 1989 1599 2041 ὅτι
1619 1991 1866 2043 κάκεῖναι
1885 1991 1944 2044 οὐ

362 2069 514 2140 παρά
549 2069 649 2142 τὴν
687 2069 850 2139 φύσιν
887 2068 1130 2122 τοιαῦται
1169 2068 1636 2137 γεγόνασιν.ἀλλά
1677 2073 1826 2143 παρά
1847 2075 1946 2149 τῆν

361 2153 680 2224 προαίρεσιν
715 2153 810 2207 καί
842 2152 942 2223 τῆν
980 2152 1184 2207 οἰκείαν
1221 2154 1531 2224 ὀλιγωρίαν,
1553 2157 1646 2211 καὶ
1665 2157 1745 2210 ὅτι
1777 2159 1836 2212 ἐν
1866 2157 1946 2228 τῷ

360 2235 508 2302 γένει
527 2235 700 2306 τούτῳ
720 2235 942 2288 δυνατὸν
962 2234 1139 2304 ἄκρας
1158 2236 1358 2307 ἀρετῆς
1378 2236 1751 2292 ἐπιλαϐέσθαι.
1791 2241 1946 2294 Φιλό-

359 2335 539 2374 νεικον
558 2319 669 2389 γάρ
689 2320 804 2372 ἐστι
825 2319 885 2372 τὸ
906 2319 1045 2385 ζῶον
1063 2319 1222 2373 τοῦτο
1240 2319 1334 2373 καὶ
1352 2319 1589 2384 εὔτονον,
1613 2322 1713 2378 κάν
1749 2326 1828 2388 εἰς
1848 2341 1945 2378 πο-

359 2401 553 2472 νηρίαν
588 2401 876 2476 ἀποκλίνῃ.
901 2401 1113 2472 μεγάλα
1150 2401 1443 2472 ἐργάζεται
1476 2405 1654 2460 κακά’
1678 2406 1782 2460 κᾶν
1814 2407 1945 2478 ἀρε-

358 2481 497 2544 τῆς⁸
534 2481 1002 2556 ἐπιλάϐηται,τῆν
1037 2483 1212 2555 ψυχὴν
1256 2487 1550 2560 προήσεται
1587 2487 1870 2562 πρότερον,
1908 2489 1941 2560 ἢ

357 2565 456 2636 τῆς
478 2564 789 2636 προθέσεως
809 2567 1192 2636 ἀποστήσεται.

429 2645 585 2700 Οῦτω
621 2646 750 2715 γοῦν
787 2648 882 2700 καὶ
918 2645 1056 2719 αῦτη
1097 2647 1194 2722 τῆν
1233 2646 1394 2716 φύσιν
1429 2649 1670 2722 ἐνίκησε,
1711 2653 1808 2706 καὶ
1842 2653 1943 2725 τὴν

356 2729 605 2801 ἀνάγκην
643 2728 922 2791 ἐϐιάσατο,
943 2729 1038 2782 καί⁵
1077 2731 1141 2799 τῇ
1181 2730 1479 2802 προσεδρίᾳ
1514 2735 1614 2804 τῆς
1648 2735 1814 2806 εὐχῆς
1834 2737 1942 2791 ἀπὸ

359 2812 575 2882 μήτρας
589 2828 737 2883 πεπη
746 2811 995 2884 ρωμένης
1009 2811 1197 2865 τέκνον
1218 2811 1517 2884 βλαστῆσαι
1538 2818 1940 2887 παρεσκεύασε,

355 2894 458 2948 Διά
488 2895 646 2949 τοῦτο
684 2897 844 2949 πάλιν
881 2896 975 2948 ἐπὶ
1003 2896 1101 2966 τὴν
1121 2895 1284 2966 εὐχὴν
1305 2897 1660 2966 καταφεύγει,
1685 2901 1780 2954 καὶ
1803 2903 1942 2973 μετά

353 2977 417 3030 τὸ
454 2976 639 3031 λαϐεῖν
670 2976 814 3032 οὕτω
848 2976 1113 3046 λέγουσαο
1149 2978 1506 3047 Ἐστερεώθη
1527 2980 1564 3046 ή
1587 2981 1798 3050 καρδία
1821 3003 1940 3053 μου

352 3061 425 3115 ἐν
459 3064 671 3129 Κυρίῳ.
693 3061 902 3130 ὑψώθη
940 3059 1115 3128 κέρας
1145 3077 1264 3130 μου
1298 3060 1370 3113 ἐν
1402 3061 1522 3126 Θεῷ
1547 3066 1817 3132 μου.”οτι
1839 3070 1939 3138 μὲν

351 3139 470 3208 οὗν,
490 3144 544 3197 τί
564 3146 743 3211 ἐστιν,
779 3142 1132 3211 ἐστερειίήη
1166 3144 1204 3211 ἡ
1239 3143 1450 3212 καρδία
1479 3163 1600 3216 μου
1633 3148 1936 3220 ένΚυρίῳ,

354 3226 546 3299 πρώην
565 3223 720 3281 εἷπον
741 3227 880 3300 πρὸς
899 3227 999 3297 τὴν
1019 3226 1292 3297 ὑμετέραν
1318 3227 1560 3298 ἀγάπην,
1583 3229 1739 3302 δῆλον
1776 3236 1933 3305 ύμίνο

347 3305 468 3367 νυνὶ
485 3311 542 3365 δέ
561 3312 858 3380 ἀναγκαῖον
877 3311 976 3381 τὴν
995 3308 1124 3378 ἐξῆς
1142 3311 1205 3381 ἐρ
1212 3311 1478 3381 μηνεῦσαι
1499 3313 1678 3384 ῥῆσιν.
1693 3318 1936 3376 Είποῦσα

353 3395 491 3472 γάρ’
529 3391 890 3463 Ἑστερεώθη
927 3394 967 3460 ἡ
1006 3393 1219 3462 καρδιά
1249 3395 1696 3466 μουένΚυρίῳ·
1725 3402 1936 3474 tuin“-

353 3467 472 3544 γτν·
511 3476 748 3547 ’Υψώθη
769 3478 948 3548 κέρας
963 3495 1081 3546 μου
1098 3478 1168 3530 ἐν
1189 3476 1310 3542 Θεῷ
1324 3495 1464 3547 μου.
1487 3479 1552 3532 Τί
1587 3483 1723 3545 ἐστι,
1746 3467 1935 3554 Κέρας

343 3579 496 3632 μου;
535 3563 645 3616 Καὶ
678 3561 788 3632 γάρ
826 3560 1062 3630 συνεχῶς
1101 3560 1272 3632 ταύτῃ
1317 3561 1580 3633 κέχρηται
1616 3569 1681 3636 τῇ
1717 3566 1858 3632 λέξει
1897 3573 1931 3643 ἡ

349 3647 563 3717 Γραφὴ,
601 3647 676 3709 ὼς
711 3648 840 3700 ὅταν
875 3644 1043 3716 λέγῃ·
1079 3644 1315 3711 ’Υψώθη
1355 3645 1534 3714 κέρας
1567 3649 1773 3712 αὐτοῦ,
1817 3655 1932 3721 καὶ,

361 3727 600 3797 ’Υψώθη
619 3728 798 3796 κέρας
815 3728 1068 3796 χριστοῦ
1088 3727 1296 3783 αὑτοῦ.
1321 3729 1386 3780 Τί
1407 3731 1524 3781 ποτ’
1545 3726 1638 3783 οῦν
1659 3731 1806 3800 λέγει
1827 3735 1932 3788 κέ-

349 3828 489 3882 ρας;
531 3812 642 3881 Τὴν
679 3811 930 3881 δύναμιν,
951 3811 1048 3881 τὴν
1087 3810 1265 3876 δόξαν,
1287 3811 1385 3881 τὴν
1425 3814 1802 3881 περιφάνειαν,
1824 3818 1932 3871 ἀπὸ

350 3895 664 3964 μεταφορᾶς
698 3892 807 3945 τῶν
842 3892 1052 3960 ἀλόγων
1090 3891 1244 3957 ζώων
1276 3893 1409 3946 αὐτὸ
1442 3895 1610 3958 τιθείς
1630 3897 1685 3935 δ’
1709 3899 1802 3950 καί
1821 3899 1930 3972 γάρ

345 3977 576 4040 ἐκείνοις
611 3977 732 4030 ἀντὶ
753 3977 910 4047 δόξης
929 3977 1022 4029 καί
1040 3977 1204 4030 ὅπλου
1225 3977 1286 4030 τὸ
1305 3977 1472 4046 κέρας
1496 3978 1655 4048 μόνον
1673 3980 1930 4052 ἐνέθηκεν

343 4059 378 4113 6.
395 4061 550 4126 Θεὸς,
570 4061 674 4116 κᾶν
694 4062 1006 4126 ἀποϐάλωσι
1025 4059 1204 4126 τοῦτο,
1227 4061 1288 4118 τὸ
1325 4061 1486 4114 πλέον
1525 4063 1796 4118 ἀπέϐαλον
1830 4068 1929 4138 τῆς

343 4145 625 4216 δυνάμεως
643 4162 658 4176 ⁸
694 4145 786 4198 καὶ
806 4143 1056 4215 καθάπερ
1074 4144 1272 4207 ἄοπλος
1294 4143 1652 4216 στρατιώτης,
1673 4147 1815 4201 οὕτω
1835 4151 1928 4204 καὶ

343 4227 545 4300 ταῦρος
579 4230 747 4300 χωρὶς
784 4228 1031 4300 κεράτων
1069 4227 1267 4300 ῥᾳδίως
1303 4227 1603 4282 ἁλίσκεται.
1637 4231 1801 4285 οὐδὲν
1834 4232 1927 4290 οὖν

341 4309 433 4364 διά
448 4311 637 4364 τούτου
655 4310 783 4365 ἀλλο
803 4312 966 4382 φησὶν
989 4312 1020 4382 ή
1040 4312 1200 4380 γυνὴ.
1222 4309 1337 4370 ἀλλ’
1355 4310 1411 4380 ἢ,
1431 4307 1782 4382 ὅτιτψώθηή
1799 4317 1925 4383 δόξα

346 4410 470 4463 μου.
494 4395 603 4448 Καὶ
623 4405 646 4433 ε
673 4394 787 4458 πῶς
808 4393 1027 4464 ὑψώθης
1063 4394 1158 4446 Ἐν
1179 4392 1300 4458 Θεῷ
1313 4413 1454 4463 μου.
1477 4395 1628 4464 φησί.
1653 4397 1752 4453 Διά
1769 4400 1926 4456 τοῦτο

343 4480 440 4532 καὶ
476 4478 714 4548 ἀσφαλὲς
748 4476 808 4532 τὸ
845 4477 976 4546 ὕψος
1004 4478 1142 4539 ἐστὶ,
1167 4476 1389 4547 βεϐαίαν
1413 4479 1505 4532 καί
1525 4481 1781 4552 ἀκίνητον
1799 4484 1923 4554 ἔχον

339 4562 440 4634 τῆν
461 4562 633 4632 ῥίζαν.
649 4563 714 4616 Ἦ
754 4564 851 4634 μὲν
887 4561 992 4633 γάρ
1031 4562 1178 4634 παρά
1196 4563 1302 4616 τῶν
1321 4562 1624 4634 ἀνθρώπων
1646 4565 1792 4634 δόξα,
1815 4569 1922 4624 τῶν

337 4645 669 4711 δοξαξόντων
707 4647 954 4717 μιμεῖται
991 4645 1088 4716 τὴν
1123 4645 1417 4708 εὐτέλειαν,
1439 4646 1560 4699 ὅθεν
1580 4649 1673 4701 καὶ
1694 4651 1922 4720 μεταπί-

340 4747 463 4784 πτει
485 4730 682 4804 ῥᾳδίως
703 4748 715 4759 ·
739 4731 772 4800 ή
811 4729 867 4782 δὲ
900 4729 992 4781 τοῦ
1021 4727 1156 4780 Θεοῦ
1179 4729 1276 4802 οὐχ
1294 4727 1484 4793 οὔτως.
1509 4730 1644 4784 ἀλλά
1663 4733 1920 4807 ἀκίνητος

341 4813 493 4884 μένει
528 4813 617 4868 διά
653 4813 869 4876 παντός.
893 4811 1000 4864 Καὶ
1028 4811 1198 4864 ταῦτα
1218 4811 1501 4882 ἀμφότερα
1538 4813 1714 4882 δηλῶν
1732 4819 1760 4870 ό
1781 4835 1916 4889 προ-

337 4899 532 4968 φήτης.
556 4898 814 4968 κάκείνης
833 4895 893 4949 τὸ
911 4895 1349 4965 εὐμετάπτωτον,
1371 4896 1466 4948 καὶ
1486 4897 1688 4970 ταύτης
1727 4900 1787 4954 τὸ
1822 4904 1918 4972 μό.

334 4997 512 5049 νιμον.
533 4979 706 5044 οὕτως
737 4980 888 5047 ἔλεγε
909 4994 921 5007 ο
951 4976 1124 5031 Πᾶσα
1161 4976 1318 5044 σὰρξ
1357 4979 1588 5046 χόρτος.
1612 4982 1710 5034 καί
1747 4984 1916 5042 πᾶσα

336 5063 486 5136 [754]
497 5063 644 5126 δόξα
656 5064 970 5131 ἀνθρώπου
984 5062 1064 5128 ὠς
1079 5061 1261 5126 ἄνθος
1279 5061 1517 5128 χόρτου.
1537 5064 1864 5136 Ἑξηράνθη
1881 5071 1914 5123 ό

333 5147 567 5214 χόρτος,
588 5146 683 5198 καί
707 5146 772 5198 τὸ
790 5145 971 5210 ἄνθος
997 5143 1268 5207 ἐξέπεσε.
1313 5143 1446 5214 Περὶ
1466 5144 1524 5198 δὲ
1541 5146 1641 5217 τῆς
1657 5147 1753 5202 τοῦ
1776 5150 1910 5204 Θεοῦ

330 5231 430 5301 οὐχ
461 5229 653 5293 οὓτως,
676 5227 809 5282 ἀλλά
831 5228 980 5293 πῶςς
1015 5227 1087 5282 Τὸ
1104 5227 1173 5282 δὲ
1182 5227 1350 5296 ῥῆμα
1388 5227 1496 5281 τοῦ
1524 5232 1673 5285 Θεοῦ
1695 5235 1782 5299 εις
1806 5235 1912 5288 τὸν

329 5315 516 5369 αἰῶνα
526 5314 714 5383 μένει.
739 5314 847 5365 Καὶ
863 5312 1022 5381 δῆλον
1041 5313 1196 5365 τοῦτο
1216 5314 1308 5366 καὶ
1330 5313 1436 5365 ἀπὸ
1455 5313 1656 5382 ταύτης
1686 5319 1783 5387 τῆς
1815 5335 1883 5387 γυ
1896 5348 1908 5360 .

327 5399 533 5465 ναικός.
566 5399 806 5460 Βασιλεῖς
838 5398 936 5468 μὲν
961 5397 1069 5468 γάρ
1088 5399 1180 5451 καὶ
1201 5401 1495 5469 στρατηγοί
1515 5400 1606 5454 καὶ
1628 5401 1904 5464 δυνάσται.

385 5612 414 5672 ἓ
436 5610 571 5661 Coll).
598 5615 650 5658 el
677 5609 1012 5672 Βριάρετήν.

602 5673 700 5740 Quo
715 5664 777 5740 pl
799 5664 920 5740 ne};1
943 5664 1228 5740 μετατιθείς..
1261 5731 1268 5738 _
1308 5739 1313 5740 γ
1556 5736 1560 5740 _
1639 5735 1671 5740 μ

397 5736 414 5764 ⁸
439 5733 520 5799 εἰς
538 5733 673 5788 Colb.
697 5733 794 5781 duo
813 5740 862 5783 et
881 5732 1008 5798 Reg.
1037 5732 1150 5782 Haec
1186 5732 1349 5782 vitiata
1372 5740 1511 5783 erant
1552 5736 1601 5784 iu
1638 5735 1798 5784 L‘dllo.

1635 284 1722 341 DE
1760 282 1946 340 ANNA
1988 280 2226 340 SEBMO
2263 283 2354 339 IV.

3519 294 3628 353 σοι

2061 401 2232 456 πολλὰ
2275 402 2832 474 πραγματευσάμενοι
2854 403 3133 472 πολλάκις,
3151 405 3292 462 ὥστε
3312 408 3494 464 αὐτῶν
3513 412 3648 485 ἀλη-

2062 500 2188 536 στον
2206 485 2461 552 γενέσθαι
2479 486 2578 558 τὴν
2602 489 2845 558 μνήμην,
2867 489 2960 541 καὶ
2979 489 3183 558 τάφους
3203 491 3486 564 λαμπροὺς
3505 497 3648 548 οἰκο⁴

2060 567 2449 639 δομησάμενοι,
2470 570 2564 623 καὶ
2584 571 2905 642 ἀνδριάντας
2941 573 3367 644 ἀναστήσαντες,
3388 579 3480 630 καὶ
3500 580 3646 633 εἰκός-

2061 669 2158 716 νας
2177 651 2377 716 πολλάς
2396 653 2688 724 πολλαχοῦ,
2702 655 2795 707 καὶ
2815 655 3256 726 κατορθωμάτων
3277 659 3648 731 ὑπομνήματα

2064 734 2235 804 μυρία
2254 735 2665 801 καταλιπόντες,
2689 737 3026 806 σεσίγηνται,
3050 741 3144 792 καὶ
3182 741 3300 794 οὐδὲ
3338 743 3446 796 ἀπὸ
3484 743 3647 814 ψιλῆς

2066 819 2438 889 προσηγορίας
2459 819 2565 872 εἰσί
2591 836 2695 872 τινι
2721 820 3005 892 γνώριμοιο
3033 822 3172 894 αὐτη
3199 824 3256 877 δὲ
3280 827 3312 896 ἠ
3339 826 3476 897 γυνὴ
3503 844 3646 880 παν-

2059 901 2224 971 ταχοῦ
2267 903 2367 972 τῆς
2413 903 2739 974 οἰκουμένης
2789 904 2972 976 ᾄδεται
3009 905 3123 958 νῦν·
3161 907 3265 960 κᾶν
3303 911 3381 972 εἰς
3411 909 3646 964 Σκυθίαν

2059 985 2326 1057 ἀπέλθῃς,
2353 986 2456 1039 κάν
2480 988 2561 1051 εἰς
2594 988 2890 1056 Αιγυπτον,
2931 988 3034 1043 κᾶν
3062 991 3141 1053 εἰς
3192 991 3402 1055 Ἰνδοὺς,
3434 992 3535 1046 κᾶν
3564 995 3645 1054 εἰς

2059 1067 2200 1120 αὐτά
2225 1068 2291 1120 τά
2316 1068 2530 1139 πέρατα
2556 1071 2652 1140 τῆς
2699 1071 3045 1144 οἰκουμένης,
3078 1073 3298 1127 πάντων
3328 1074 3537 1149 ἀκούσῃ
3573 1077 3644 1130 τά

2059 1149 2460 1221 κατορθώματα
2485 1153 2584 1222 τῆς
2601 1155 2860 1220 γυναικὸς
2896 1154 3100 1226 ταύτης
3131 1155 3388 1228 ᾀδόντων,
3418 1160 3513 1213 καὶ
3533 1162 3643 1214 πᾶ-

2059 1248 2160 1286 σαν
2193 1233 2401 1297 ἀπλῶς,
2421 1235 2556 1304 ὅσην
2592 1235 2742 1305 ήλιος
2771 1237 2943 1308 ἐφορᾷ
2960 1238 3084 1308 γῆν,
3109 1241 3142 1311 ή
3173 1238 3298 1304 δόξα
3320 1242 3418 1310 τῆς
3443 1243 3644 1313 Ἀννης

2057 1316 2482 1386 καταλαμϐάνει.
2506 1317 2616 1372 Καὶ
2629 1319 2690 1370 οὐ
2721 1318 2877 1372 τοῦτο
2900 1320 3062 1390 μόνον
3080 1321 3200 1374 ἐστί
3225 1322 3287 1374 τὸ
3305 1321 3638 1393 θαυμαστὸν,

2056 1399 2140 1451 ὅτι
2172 1399 2448 1470 πανταχοῦ
2477 1401 2578 1470 τῆς
2609 1401 2934 1473 οἰκουμένης
2949 1403 3132 1473 ᾅδεται
3162 1407 3196 1475 ή
3224 1407 3384 1476 γυνὴ,
3413 1407 3528 1460 ἀλλ’
3559 1409 3643 1461 ὅτι

2055 1480 2312 1535 τοσούτου
2346 1481 2709 1554 παρελθόντος
2737 1484 2950 1554 χρόνου,
2986 1487 3048 1538 οὐ
3086 1487 3246 1560 μόνον
3269 1488 3369 1542 οὐκ
3405 1488 3639 1560 ἐσϐέσθη

2054 1564 2122 1616 τά
2160 1564 2260 1634 τῆς
2291 1565 2568 1636 εὐφημίας
2596 1567 2786 1638 αὐτῆς,
2820 1567 2958 1620 ἀλλά
2989 1568 3083 1622 καὶ
3115 1568 3336 1633 αὔξεται
3385 1572 3479 1624 καὶ
3521 1573 3642 1625 ἐπιο

2055 1645 2290 1700 τείνεται
2330 1648 2508 1720 πολλῷ
2533 1649 2714 1713 πλέον,
2747 1652 2840 1704 καί
2879 1652 2979 1722 τὴν
3001 1652 3315 1722 φιλοσοφίαν
3351 1655 3521 1726 αὐτῆς
3545 1657 3639 1708 καὶ

2053 1730 2152 1799 τῆν
2175 1730 2451 1803 ὑπομονὴν
2477 1734 2570 1785 καὶ
2582 1735 2681 1804 τὴν
2700 1734 2992 1805 καρτερίαν
3011 1734 3248 1801 ἅπαντες
3277 1738 3443 1801 ίσασι,
3467 1739 3562 1792 καὶ
3580 1740 3639 1792 ἐν

2054 1812 2242 1866 πόλεσι
2274 1815 2368 1867 καὶ
2397 1816 2455 1868 ἐν
2484 1817 2697 1887 ἀγροῖς,
2724 1817 2821 1869 καὶ
2863 1818 2919 1870 ἐν
2948 1819 3165 1882 οἰκίαις,
3193 1819 3286 1872 καί
3316 1821 3375 1874 ἐν
3410 1837 3637 1892 στρατο-

2054 1895 2253 1960 πέδοις,
2283 1897 2378 1950 καὶ
2411 1899 2470 1950 ἐν
2503 1898 2729 1963 πλοίοις,
2757 1901 2852 1952 καὶ
2879 1903 2937 1953 ἐν
2968 1901 3370 1973 ἐργαστηρίοις,
3392 1906 3489 1958 καὶ
3505 1922 3641 1958 παν-

2052 1979 2218 2049 ταχοῦ
2251 1980 2350 2050 τῆς
2379 1981 2637 2049 γυναικὸς
2665 1983 3154 2056 ἐγκωμιαζομένης
3179 1986 3388 2060 ἀκούσῃ
3411 1986 3634 2059 ταύτης.

2055 2063 2223 2116 Ὅταν
2251 2064 2359 2134 γάρ
2388 2064 2565 2129 ὁΘεός
2593 2083 2716 2119 τινα
2733 2065 2952 2130 δοξάσαι
2985 2066 3242 2140 βουληθῇ,
3275 2069 3380 2123 κᾶν
3410 2069 3639 2135 θάνατος

2051 2147 2394 2216 ἐπιγένηται,
2429 2147 2532 2201 κάν
2561 2147 2760 2219 χρόνου
2778 2148 3004 2219 πλῆθος,
3035 2150 3136 2204 κᾶν
3165 2150 3294 2206 ἄλλο
3314 2152 3517 2215 ὁτιοῦν.
3541 2155 3639 2224 μέ-

2050 2246 2129 2281 νει
2160 2230 2227 2284 τά
2262 2228 2361 2298 τῆς
2378 2229 2539 2300 δόξης
2569 2229 2788 2300 ἐκείνης
2816 2229 3083 2286 ἀνθοῦντα
3105 2233 3393 2303 διηνεκῶς,
3418 2237 3512 2289 καὶ
3545 2237 3638 2290 οὐ-

2049 2311 2160 2374 δείς
2184 2312 2545 2382 ἐπισκοτῆσαι
2594 2312 2623 2349 ·³
2664 2315 2730 2382 τῇ
2772 2315 3100 2385 περιφανείᾳ
3127 2316 3296 2388 ταύτῃ
3327 2317 3632 2389 δυνήσεται.

2049 2395 2148 2448 Διά
2174 2394 2334 2449 τοῦτο
2359 2395 2457 2450 καὶ
2475 2395 2616 2467 αὐτὴ
2643 2396 2974 2450 παιδεύουσα
3001 2399 3128 2462 τοὺς
3147 2399 3444 2464 ἀκούοντας
3465 2401 3636 2456 anav-

2047 2495 2165 2541 τας,
2215 2478 2384 2532 ὅτιού
2429 2479 2537 2550 χρὴ
2598 2479 2964 2549 καταφεύγειν
2994 2482 3105 2544 τοίς
3152 2484 3458 2555 ἐπικήροις,
3517 2485 3634 2540 ἀλλ’

2047 2560 2169 2614 ὅθεν
2200 2560 2394 2630 βέϐαια
2423 2562 2518 2614 καὶ
2545 2561 2778 2631 ἀκίνητα
2803 2565 2934 2633 ήμίν
2969 2564 3122 2632 μένει
3159 2566 3228 2620 τά
3281 2567 3482 2636 ἀγαθὰ,
3511 2565 3632 2623 εἷπε

2045 2642 2136 2696 τὸν
2161 2642 2264 2711 τῆς
2301 2642 2462 2714 δόξης
2487 2643 2678 2698 αίτιον.
2712 2643 2954 2698 Εἰποῦσα
3003 2645 3129 2718 γὰρ,
3158 2647 3239 2700 ὅτι
3281 2651 3631 2721 Ἐστερεώθη

2045 2726 2085 2793 ἠ
2110 2724 2321 2793 καρδία
2341 2742 2461 2794 μου
2498 2725 2568 2778 ἐν
2599 2724 2816 2795 Κυρίῳ,
2855 2728 3154 2799 ἐπήγαγεν,
3193 2730 3431 2800 ’ΥιΜκὶη
3453 2736 3634 2802 κέρας

2040 2827 2160 2878 μου
2187 2809 2258 2861 ἐν
2282 2808 2404 2874 Θεῷ
2439 2825 2576 2876 μου,
2608 2807 2786 2872 ,διπλᾶ
2831 2811 3064 2865 ἐνταῦθα
3115 2814 3249 2884 ήμίν
3288 2817 3633 2889 αἰνιττομένη

2044 2891 2112 2944 τὰ
2127 2891 2328 2959 ἀγαθὰ,
2351 2892 2496 2962 ἀπερ
2523 2890 2780 2946 δύσκολον
2798 2893 3117 2964 συμϐαίνειν
3139 2897 3369 2967 ταχέως.
3398 2902 3507 2954 Καὶ
3523 2902 3633 2971 γάρ

2043 2973 2137 3028 τοῦ
2162 2974 2348 3041 σάλου,
2367 2975 2552 3045 φησὶν,
2576 2975 2919 3048 ἀπηλλάγην,
2935 2978 3031 3030 καί
3062 2980 3163 3050 τὴν
3187 2981 3412 3052 ἀτιμίαν
3431 2984 3634 3038 ἀπεθέ-

2046 3073 2175 3126 μην,
2207 3059 2302 3112 καὶ
2351 3057 2651 3127 ἀσφαλείας
2694 3059 2998 3124 ἀπέλαυσα,
3037 3062 3130 3115 καὶ
3157 3062 3316 3135 δόξης
3345 3067 3627 3138 μετέσχον.

2043 3139 2230 3194 Ταῦτα
2254 3140 2313 3194 δέ
2355 3141 2642 3214 ἀμφότερα
2670 3143 2771 3196 οὐκ
2803 3141 2868 3197 ἀν
2905 3160 2988 3208 τις
3018 3144 3118 3198 ἰδοι
3144 3146 3346 3217 ῥᾳδίως
3381 3149 3630 3221 ἀλλήλοις

2043 3239 2171 3277 συντ
2179 3223 2422 3294 ρέχοντα.
2449 3225 2642 3279 Πολλοὶ
2658 3225 2766 3297 γάρ
2781 3225 3041 3281 κινδύνων
3058 3227 3158 3298 μὲν
3173 3229 3627 3297 ἀπαλλάττονται,

2040 3305 2285 3372 ἐπίδοξον
2317 3308 2373 3362 δὲ
2400 3309 2501 3362 οὐκ
2529 3309 2713 3380 ἔχουσι
2763 3310 2896 3379 βίον·
2929 3309 3106 3383 ἐτεροι
3153 3311 3313 3366 πάλιν
3341 3313 3496 3386 δόξης
3528 3318 3628 3386 μὲν

2039 3389 2370 3444 ἀπολαύουσι
2402 3393 2497 3446 καὶ
2522 3392 2901 3464 περιφανείας,
2941 3393 3274 3448 κινδυνεύειν
3303 3396 3360 3449 δέ
3387 3398 3628 3464 ἀναγκά-

2038 3476 2219 3540 ζονται
2247 3475 2336 3529 διὰ
2369 3475 2466 3548 τῆν
2511 3475 2668 3543 δόξαν
2721 3476 2943 3548 ταύτην.
2977 3472 3102 3530 υἷόν
3138 3496 3190 3531 τι
3243 3479 3405 3548 λέγωο
3442 3482 3627 3538 πολλοὶ

2037 3560 2297 3623 πολλάκις
2311 3559 2372 3612 τὸ
2399 3561 2770 3631 δεσμωτήριον
2797 3562 3138 3631 οἰκήσαντες,
3167 3565 3345 3632 μοιχοὶ
3375 3566 3468 3618 καὶ
3492 3566 3624 3636 γόη-

2034 3659 2126 3706 τες
2143 3643 2236 3696 καὶ
2251 3641 2622 3712 τυμϐωρύχοι,
2655 3644 2749 3696 καὶ
2777 3645 2825 3696 οἰ
2850 3644 3014 3715 ἕτερά
3039 3663 3160 3698 τινα
3185 3646 3407 3700 τοιαῦτα
3443 3649 3620 3720 ήμαρ-

2034 3726 2286 3795 τηκότες,
2339 3720 2458 3776 εἶτα
2506 3726 2614 3777 ἀπό
2678 3743 2822 3789 τινος
2875 3727 3284 3798 φιλανθρωπίας
3338 3728 3622 3802 βασιλικῆς

2034 3807 2316 3877 ἀφέθησαν
2370 3805 2463 3860 τοῦ
2515 3809 2832 3878 οἰκήματος
2884 3802 3031 3862 οῦτοι
3074 3811 3174 3881 τῆς
3207 3811 3481 3877 κολάσεως
3520 3815 3621 3884 μὲν

2033 3890 2453 3962 ἀπηλλάγησαν,
2484 3890 2554 3944 τά
2579 3891 2637 3943 δέ
2687 3892 2864 3959 ὀνείδη
2915 3894 3016 3947 οὐκ
3062 3895 3452 3966 ἀπετρίψαντο,
3502 3899 3620 3952 ἀλλ’

2033 3974 2214 4043 ἔχουσι
2249 3974 2345 4044 τὴν
2373 3972 2636 4045 αἰσχύνην
2679 3975 2956 4047 ἑπομένην
3005 3977 3209 4041 αὐτοῖς.
3244 3979 3424 4034 Ἀλλοι
3451 3997 3619 4052 στρα-

2031 4055 2221 4110 τιῶται
2246 4059 2483 4124 γενναῖοι
2518 4058 2606 4110 τὸν
2633 4057 2880 4122 ἐπίδοξον
2919 4059 3014 4113 καὶ
3042 4065 3312 4134 περιφανῆ
3351 4063 3463 4134 βίον
3488 4064 3616 4118 διώ-

2031 4157 2220 4202 κοντες
2259 4151 2304 4202 ο,
2337 4139 2725 4210 ῥιψοκινδύνως
2749 4143 2975 4206 ἐαυτούς
3002 4146 3116 4207 τοίς
3144 4145 3422 4216 πολεμίοις
3438 4147 3618 4202 ἐνδόν-

2030 4241 2141 4286 τες,
2178 4223 2348 4277 πολλὰ
2398 4223 2656 4288 πολλάκις
2699 4223 2893 4279 ἔλαϐον
2924 4226 3236 4298 τραύματα,
3266 4230 3360 4283 καὶ
3387 4231 3616 4300 ἔσχατον

2029 4307 2206 4376 ἄωρον
2236 4305 2548 4376 ὑπέστησαν
2583 4307 2843 4360 θάνατον·
2873 4303 3019 4364 οὗτοι
3046 4309 3204 4382 δόξης
3233 4311 3613 4384 ἐπιθυμήσαν-

2028 4405 2137 4452 τες.
2166 4389 2460 4458 ἀσφαλείας
2492 4389 2765 4454 ἐξέπεσον.

2095 4471 2137 4525 δ’
2143 4513 2157 4527 .
2177 4473 2299 4526 Ἐπί
2313 4473 2369 4526 δέ
2389 4475 2485 4543 τῆς
2502 4475 2760 4541 γυναικὸς
2776 4475 3060 4548 ἀμφότερα
3079 4476 3252 4532 ταῦτα
3279 4479 3497 4552 συνέϐη,
3518 4483 3612 4538 καὶ

2026 4555 2325 4623 ἀσφαλείας
2353 4556 2628 4610 ἀπέλαυσε
2659 4559 2751 4612 καὶ
2796 4559 2955 4630 δόξης
3001 4562 3280 4632 ἐπέτυχεν.
3310 4562 3468 4618 Οῦτω
3519 4568 3611 4620 καὶ

2025 4638 2243 4692 ἐπὶτῶν
2259 4639 2426 4712 τριῶν
2448 4640 2654 4695 παίδων
2680 4641 2915 4710 ἐγένετοο
2936 4644 3027 4695 καί
3041 4642 3151 4714 γὰρ
3179 4645 3440 4701 κινδύνων
3457 4647 3609 4720 755Ῑ

2023 4721 2417 4794 ἀπηλλάγησαν
2461 4723 2814 4793 διαφυγόντες
2864 4725 2926 4778 τὸ
2959 4724 3091 4796 πῦρ,
3150 4729 3244 4782 καὶ
3290 4734 3608 4802 περιφανεῖς

2022 4804 2288 4872 ἐγένοντο,
2324 4807 2463 4877 ὐπὶρ
2497 4807 2659 4875 φύσιν
2707 4808 2803 4861 τοῦ
2834 4809 3096 4880 στοιχείου
3140 4813 3462 4883 νικήσαντες
3505 4813 3607 4884 τὴν

2019 4888 2269 4960 δύναμιν.
2315 4890 2551 4944 Τοιαῦτα
2599 4890 2693 4943 τοῦ
2745 4891 2881 4945 Θεοῦ
2914 4893 2984 4946 τά
3019 4894 3435 4964 κατορθώματα·
3465 4895 3605 4966 ὁμοῦ

2019 4972 2127 5043 γάρ
2152 4972 2403 5043 λαμπρὸν
2431 4974 2526 5026 καὶ
2558 4973 2778 5045 ἀσφαλῆ
2829 4974 3112 5046 χαρίζεται
3136 4976 3272 5045 βίον.
3303 4978 3484 5048 "Amp
3510 4975 3604 5032 οῦν

2017 5055 2299 5125 ἀμφότερα
2327 5057 2421 5109 καὶ
2452 5055 2590 5127 αὕτη
2619 5058 2964 5128 αἰνιττομένη
2991 5058 3195 5126 ἐλεγεν.
3242 5061 3601 5131 Ἔστερεώθη

2017 5138 2056 5204 ἡ
2089 5137 2303 5206 καρδία
2325 5158 2446 5208 μου
2467 5141 2537 5193 ἐν
2560 5142 2774 5208 Κυρίῳ,
2795 5141 3005 5209 ὑψώθη
3034 5139 3212 5207 κέρας
3228 5159 3347 5210 μου
3383 5143 3454 5197 ἐν
3478 5144 3602 5212 Θεῷ

2009 5237 2150 5288 μου.
2187 5222 2298 5292 Οὐχ
2325 5222 2511 5286 ἀπλῶς
2537 5219 2831 5287 εἰπεν,Ἑν
2861 5221 3006 5287 Θεῷ,
3033 5223 3170 5288 ἀλλ’,
3189 5225 3284 5277 Ἐν
3313 5224 3434 5292 Θεῷ
3455 5245 3597 5296 μου,

2013 5303 2104 5355 τὸν
2127 5304 2306 5357 κοινὸν
2333 5305 2431 5375 τῆς
2458 5306 2781 5376 οἰκουμένης
2817 5307 3092 5377 Δεσπότην
3118 5309 3437 5378 ἀρπάζουσα
3463 5310 3597 5381 πρὸς

2012 5386 2230 5448 ἑαυτήν.
2257 5387 2427 5444 Τοῦτο
2464 5389 2521 5442 δὲ
2553 5391 2828 5460 ἐποίησεν.
2848 5391 2949 5443 οὐκ
2976 5389 3274 5447 ἐλαττοῦσα
3304 5392 3468 5447 αὐτοῦ
3496 5395 3597 5465 τὴν

2071 5664 2097 5702 δ
2126 5667 2246 5728 Reg.
2275 5669 2592 5716 ἑπισκοτίσαι.

2077 5738 2098 5766 τ
2125 5729 2244 5792 Reg.
2269 5730 2370 5790 βίον
2401 5730 2667 5791 αἰδούμενοι
2693 5729 2838 5791 (forte
2862 5732 3149 5795 αἰτούμενοι)
3181 5733 3279 5796 ριψ.
