4110 6214
596 276 706 332 ϐϐῗί
1301 281 1362 336 S.
1401 279 1688 337 JOANNIS
1724 280 2217 338 CIIRYSOSTOIII
2257 283 2576 343 ARCHIEP.
2620 290 3165 355 CONSTANTINOP.

594 390 936 453 δεσποτείαν,
973 389 1109 444 ἀλλὰ
1143 390 1236 444 τὸν
1273 395 1472 446 οἰκεῖον
1501 393 1681 465 ἔρωτα
1709 395 2095 465 ἐνδεικνυμένη
2121 413 2180 448 τε

594 477 685 526 καὶ
708 473 1194 545 παραμυθουμένη.
1227 475 1479 529 Τοιοῦτον
1519 477 1628 549 γὰρ
1659 477 1769 530 τῶν
1796 478 2092 546 φιλούντων
2124 479 2184 532 τὸ

587 559 729 620 ἔθος
753 558 851 612 οὐκ
886 557 1167 627 ἀνέχονται
1189 559 1326 628 μετὰ
1361 560 1571 614 πολλῶν
1602 562 1798 631 φιλεῖν,
1824 562 1938 616 ἀλλ’
1967 563 2181 635 ἐξαιρέ-

588 661 697 705 τως
735 643 826 696 καὶ
851 641 1159 707 ἰδιαζόντως
1177 643 1456 712 βούλονται
1489 646 1670 700 αὐτῶν
1702 646 2075 701 ἐνδείκνυσθαι
2121 647 2182 702 τὸ

590 726 828 794 φίλτρον.
859 727 1015 780 Οὐτω
1046 730 1140 780 καὶ
1163 731 1190 782 6
1219 728 1381 783 Δαυῖδ
1411 735 1552 784 ποιεῖ
1586 733 1758 801 λέγων
1797 743 1837 764 ’·
1875 733 1926 784 '0
1956 733 2121 798 Θεὸς,
2145 736 2178 786 ὁ

585 814 734 879 Θεός
760 830 901 879 μου,
927 815 1078 882 πρὸς
1112 816 1187 869 σὲ
1213 817 1469 886 τ’ρθρίζω.
1503 818 1686 872 Εἰπὼν
1723 820 1835 890 γάρ
1862 821 1960 891 τὴν
1991 819 2177 890 κοινὴν

587 896 753 948 αὐτοῦ
787 898 1130 957 δεσποτείαν,
1165 896 1285 952 εἷπε
1320 901 1414 954 καὶ
1454 901 1552 972 τὴν
1589 902 1897 966 ἰδιάζουσαν
1933 905 2032 975 τὴν
2086 905 2176 957 ἐπὶ

584 979 697 1031 τῶν
752 981 943 1049 ἁγίων.
988 983 1100 1036 Καὶ
1167 984 1350 1049 πάλιν,
1400 985 1462 1038 '0
1529 987 1698 1057 Θεὸς,
1747 992 1780 1042 0'
1833 991 1980 1055 Θεός
2032 1007 2172 1058 μου,

581 1063 854 1132 πρόσχες
899 1082 1020 1134 μοι·
1053 1067 1152 1118 ἵνα
1181 1067 1238 1120 τί
1280 1068 1670 1136 ἐγκατέλιπές
1701 1088 1814 1139 ys;
1838 1073 1947 1125 Καὶ
1993 1073 2172 1126 πάλιν·

599 1145 738 1211 Ἐρῶ
769 1145 848 1212 τῷ
875 1146 1026 1213 Θεῷ⁶
1051 1147 1443 1219 Ἀντιλήπτωρ
1466 1170 1586 1219 μου
1607 1148 1679 1206 εἷ’
1696 1153 1875 1223 ψυχῆς
1898 1154 2006 1226 γάρ
2032 1155 2177 1220 ζεού-

585 1245 688 1297 σης
705 1231 799 1282 καὶ
817 1231 1026 1302 θερμῆς
1046 1233 1140 1286 καὶ
1155 1233 1543 1304 διακαιομένης
1567 1237 1672 1288 ὑπὸ
1701 1237 1794 1290 τοῦ
1816 1239 1978 1292 πόθου
2000 1239 2174 1294 ταῦτα

582 1314 652 1364 τὰ
687 1314 928 1384 ῥήματα.
972 1315 1130 1370 υύτω
1160 1317 1254 1369 καὶ
1281 1319 1316 1388 ἠ
1350 1318 1488 1387 γυνὴ
1517 1317 1656 1390 αὐτη
1693 1320 1972 1392 ἐποίησεν.
2009 1324 2171 1379 Ἀλλὰ

578 1394 642 1446 τὸ
677 1396 775 1466 μὲν
825 1397 1144 1469 ἀνθρώπους
1193 1399 1352 1453 τοῦτο
1407 1404 1604 1465 ποιεῖν,
1653 1402 1966 1475 θαυμαστὸν
1998 1408 2167 1461 οὐδέν·

579 1479 712 1532 ὅταν
732 1480 788 1533 δὲ
819 1482 934 1552 ἴδῃς
955 1483 1046 1536 τὸν
1059 1483 1210 1563 ῌΘεὸν
1224 1484 1383 1538 τοῦτο
1402 1484 1677 1550 ποιοῦντα,
1703 1489 1824 1541 τότε
1839 1491 2166 1563 ἐκπλάγηθι.

583 1561 853 1634 Καθάπερ
879 1565 990 1635 γάρ
1026 1557 1172 1618 οὗτοι
1201 1567 1262 1620 οὐ
1290 1571 1442 1638 κοινῇ
1469 1569 1608 1638 μετὰ
1635 1569 1743 1623 τῶν
1769 1573 1981 1627 πολλῶν
2007 1557 2170 1629 αὐτὸν

583 1644 858 1728 καλοῦσιν,
878 1647 1014 1701 ἀλλὰ
1036 1649 1129 1703 καὶ
1150 1649 1458 1716 ἰδιαζόντως
1481 1652 1688 1707 ἑαυτῶν
1711 1655 1872 1709 αὐτὸν
1889 1657 2168 1728 βούλονται

579 1727 721 1783 εἶναι
744 1731 895 1784 Θεόν·
933 1731 1074 1785 οὕτω
1095 1735 1192 1787 καὶ
1211 1734 1392 1798 αὐτὸς,
1424 1736 1485 1788 οὐ
1519 1739 1669 1807 κοινῇ
1709 1740 1844 1806 μετὰ
1869 1741 1978 1795 τῶν
1995 1743 2168 1798 ἄλλων

578 1817 744 1884 φησὶν
768 1815 948 1868 αὐτῶν
985 1810 1124 1870 εἶναι
1171 1817 1302 1871 Θεὸν
1350 1819 1532 1888 μόνον.
1575 1821 1710 1875 ἀλλὰ
1740 1824 1834 1876 καὶ
1860 1825 2169 1890 ἰδιαζόντως

579 1899 782 1952 αὐτῶν.
813 1900 911 1953 Διὰ
935 1900 1093 1954 τοῦτο
1114 1901 1284 1969 λέγει,
1327 1902 1467 1971 Ἐγώ
1498 1906 1616 1972 εἰμι
1662 1909 1697 1959 ὁ
1727 1907 1873 1972 Θεὸς
1913 1910 2167 1980 Ἀϐραὰμ

579 1991 677 2044 καί
717 1991 923 2045 Ἰσαὰκ
946 1991 1047 2045 καί
1077 1991 1305 2054 Ἰακὼϐ,
1338 1994 1400 2046 οὐ
1424 1995 1729 2050 συστέλλων
1765 1997 1930 2052 αὐτοῦ
1951 2001 2051 2071 τὴν
2078 2003 2166 2055 δε-

581 2074 852 2135 σποτείαν,
881 2073 996 2126 ἀλλ’
1024 2075 1280 2128 ἐκτείνων
1315 2075 1536 2146 μᾶλλον
1560 2080 1623 2130 οὐ
1653 2080 1762 2150 γάρ
1783 2081 1926 2135 οὐτω
1944 2083 2004 2134 τὸ
2031 2085 2167 2154 πλῆ-

578 2157 670 2218 θος
704 2155 812 2209 τῶν
832 2158 1174 2229 ἀρχομένων,
1201 2153 1279 2212 ὡς
1326 2161 1358 2228 ἠ
1401 2160 1570 2230 ἀρετὴ
1598 2161 1706 2216 τῶν
1735 2153 2165 2236 βασιλευομένων

574 2238 845 2292 δείκνυσιν
863 2239 1028 2293 αὐτοῦ
1057 2240 1156 2311 τὴν
1201 2242 1395 2313 ἀρχήν
1427 2243 1546 2296 οὐδὲ
1581 2244 1727 2299 οὕτω
1756 2247 1934 2318 χαίρει
1967 2249 2163 2303 καλού-

574 2339 737 2392 μενος
762 2322 894 2386 Θεὸς
925 2323 1153 2393 οὐρανοῦ
1188 2325 1281 2378 καὶ
1301 2327 1425 2396 γῆς,
1458 2328 1552 2380 καὶ
1599 2329 1891 2399 θαλάττης,
1929 2333 2024 2386 καὶ
2054 2333 2164 2387 τῶν

574 2407 634 2456 ἐν
669 2405 896 2469 τούτοις,
929 2407 1007 2470 ὡς
1030 2407 1211 2478 χαίρει
1250 2407 1584 2480 καλούμενος
1609 2413 1741 2476 Θεὸς
1787 2415 2038 2487 Ἀϐραὰμ
2069 2420 2163 2471 καὶ

589 2488 773 2542 Ίταὰκ
805 2491 900 2542 καὶ
926 2489 1141 2543 Ἰακώϐ.
1172 2491 1280 2544 Καὶ
1305 2492 1442 2564 ὅπερ
1476 2494 1562 2546 ἐπ’
1593 2495 1896 2566 ἀνθρώπιον
1925 2499 1987 2551 οὐ
2018 2501 2160 2566 γίνε-

573 2589 687 2632 ται,
722 2571 880 2625 τοῦτο
911 2572 1004 2625 ἐπὶ
1033 2572 1125 2625 τοῦ
1168 2573 1304 2626 Θεοῦ
1358 2575 1654 2644 συμϐαῖνον
1685 2575 1830 2632 ἔστιν
1857 2580 2004 2633 ἰδεῖν.
2036 2577 2160 2635 υίόν

568 2671 625 2707 τι
654 2655 816 2722 λέγω·
868 2654 960 2707 ἐπὶ
1005 2655 1114 2706 τῶν
1153 2655 1454 2726 ἀνθρώπων
1500 2659 1610 2711 ἀπὸ
1657 2659 1764 2714 τῶν
1810 2663 2088 2718 δεσποτῶν
2112 2667 2161 2719 οἱ

569 2735 746 2789 δοῦλοι
776 2735 1087 2801 καλοῦνται,
1106 2739 1200 2790 καὶ
1224 2737 1396 2802 οῦτως
1417 2740 1534 2804 ἔθος
1559 2741 1931 2813 ἆπασιλέγειν,
1946 2747 2160 2802 Ὀδεῖνα

574 2821 866 2892 ἐπίτροπος
891 2822 982 2873 τοῦ
1043 2822 1232 2884 δεῖνος.
1255 2825 1285 2876 ό
1321 2822 1468 2878 δεῖνα
1506 2827 1787 2899 οἰκονόμος
1829 2830 1922 2884 τοῦ
1969 2831 2157 2896 δεῖνος,

577 2904 884 2974 στρατηγοῦ
913 2905 1005 2958 καὶ
1057 2905 1324 2974 ὑπάρχου·
1362 2907 1536 2970 οὐδεὶς
1579 2908 1636 2960 δέ
1673 2927 1857 2980 φησιν,
1886 2907 2101 2967 Ὀδεῖνα
2131 2917 2160 2968 ό

575 2985 820 3056 ὕπαρχος
846 2985 999 3040 τοῦδε
1031 2987 1126 3039 τοῦ
1181 2989 1500 3058 ἐπιτρόπου,
1534 2991 1670 3046 ἀλλὰ
1701 2994 1828 3058 τοὺς
1867 2995 2159 3062 ἐλάττονας

574 3069 682 3120 ἀπὸ
708 3069 817 3121 τῶν
873 3069 1139 3139 μειζόνων
1192 3071 1281 3124 ἀεὶ
1344 3072 1526 3125 καλεῖν
1578 3074 1866 3146 εἰώθαμεν.
1929 3081 2050 3134 Ἐπὶ
2101 3083 2158 3136 δὲ

571 3151 666 3203 τοῦ
710 3151 844 3203 Θεοῦ
879 3152 1186 3206 τούναντίον
1209 3153 1451 3221 γέγονεν·
1483 3158 1543 3209 οὐ
1572 3157 1682 3228 γὰρ
1715 3160 1874 3228 μόνον
1909 3162 2159 3235 Ἀϐραὰμ

564 3236 664 3289 τοῦ
690 3235 825 3289 Θεοῦ
847 3237 1085 3305 λέγεται,
1119 3239 1255 3293 ἀλλὰ
1285 3241 1379 3294 καὶ
1405 3243 1433 3294 6
1460 3241 1595 3306 Θεὸς
1621 3245 1716 3296 τοῦ
1759 3245 2029 3317 Ἀϐραὰμ,
2064 3252 2157 3303 καὶ

562 3321 598 3374 ὁ
622 3321 897 3392 Δεσπότης
916 3323 1025 3375 άπὸ
1047 3321 1140 3375 τοῦ
1174 3323 1359 3377 δούλου
1394 3326 1658 3380 καλεῖται.
1678 3327 1848 3382 Τοῦτο
1870 3331 1998 3398 γοῦν
2027 3335 2157 3386 αὐτὸ

567 3405 661 3456 καὶ
680 3407 708 3456 6
725 3405 934 3468 Παῦλος
949 3406 1384 3480 ἐκπληττόμενος
1408 3410 1580 3477 ἔλεγε·
1610 3415 1691 3464 Δι’
1721 3411 1801 3479 ἢν
1825 3417 2023 3469 αἰτίαν
2044 3421 2155 3472 οὐκ

569 3486 993 3555 ἐπαισχύνεται
1019 3491 1051 3541 o'
1073 3491 1236 3555 Θεὸς,
1270 3491 1417 3557 Θεὸς
1462 3493 1773 3548 καλεῖσθαι
1801 3496 2017 3552 αὐτῶν.
2041 3501 2155 3555 Οὐκ

567 3569 973 3639 ἐπαισχύνεται,
1029 3573 1214 3641 φησὶν,
1269 3574 1297 3626 6
1329 3576 1606 3646 Δεσπότης
1659 3578 1767 3630 άπὸ
1817 3580 1923 3632 τῶν
1953 3581 2154 3638 δούλων

568 3651 869 3706 καλεῖσθαι.
910 3652 1010 3706 Διὰ
1043 3653 1093 3705 τί
1112 3656 1214 3708 οὐκ
1237 3657 1650 3726 ἐπαισχύνεται;
1678 3661 1797 3713 εἰπὲ
1825 3662 1923 3732 τὴν
1950 3667 2148 3722 αἰτίαν.

569 3734 688 3787 Ἵνα
722 3736 1090 3807 μιμησώμεθα
1121 3738 1213 3790 καὶ
1233 3740 1413 3809 ἡμεῖς.
1445 3741 1598 3794 Ἀλλ’
1613 3742 1830 3797 ἐκεῖνοι
1854 3746 2016 3809 ξένοι
2051 3752 2149 3804 καί

566 3819 962 3888 παρεπίδημοι
996 3819 1179 3887 ἦσαν,
1210 3823 1375 3892 φησίν
1403 3823 1453 3878 ιι.
1489 3825 1597 3877 Καὶ
1632 3826 1737 3896 μὴν
1762 3830 1855 3881 καὶ
1885 3830 1974 3883 διά
1995 3833 2152 3887 τοῦτο

565 3901 986 3972 ἐπαισχύνεσθαι
1021 3903 1120 3957 δεῖο
1150 3907 1179 3958 6
1229 3906 1332 3976 γὰρ
1367 3906 1511 3971 ξένος
1547 3910 1767 3981 εὐτελὴς
1791 3914 1884 3965 καὶ
1913 3916 2148 3980 εὐκατα-

565 3985 829 4055 φρόνητος
852 3983 990 4038 εἶναι
1017 3987 1181 4041 δοκεῖ.
1220 3988 1360 4041 Ἀλλ’
1388 3991 1582 4043 ἐκεῖνοι
1611 3993 1660 4044 οἱ
1692 3993 1837 4061 ἅγιοι
1869 3999 1930 4049 οὐ
1961 3999 2148 4054 τοῦτον

560 4063 704 4135 ἦσαν
737 4067 878 4133 ξένοι
903 4068 995 4122 τὸν
1013 4070 1235 4138 τρόπον,
1275 4071 1334 4122 ὸν
1360 4073 1521 4141 ἡμεῖς
1540 4075 1853 4146 νομίζομεν,
1886 4078 2000 4132 ἀλλ’
2030 4082 2146 4137 ἕτε..

561 4149 840 4234 ρόνγίῖὄϐ]
863 4169 982 4234 τινα
1010 4153 1101 4205 καί
1134 4154 1455 4224 παράδοξον.
1487 4157 1678 4227 Ἡμεῖς
1705 4161 1804 4229 μὲν
1824 4164 1934 4234 γὰρ
1963 4166 2146 4234 ξένους

561 4233 804 4296 ἐκείνους
825 4233 1097 4305 καλοῦμεν
1120 4237 1246 4300 τούς
1272 4236 1370 4308 τὴν
1391 4239 1571 4292 αὐτῶν
1600 4245 1834 4313 πατρίδα
1884 4233 2143 4317 άφέντας,

560 4322 655 4372 καὶ
695 4320 776 4382 εἰς
820 4319 1010 4392 ἑτέραν
1050 4321 1154 4391 γῆν
1204 4323 1474 4387 ἐλθόνταςο
1529 4327 1728 4382 ἐκεῖνοι
1767 4330 1823 4384 δέ
1846 4332 1945 4403 οὐχ
1971 4334 2144 4401 οὕτως

558 4399 700 4473 ἦσαν
739 4405 903 4488 ξένοι,
930 4405 1064 4488 άλλά
1080 4408 1177 4476 τῆς
1192 4408 1517 4480 οἰκουμένης
1538 4411 1757 4483 ἁπάσης
1776 4399 2140 4488 ὑπεριδόντες,

557 4488 654 4538 καὶ
691 4487 892 4558 μικρέιν
925 4483 1062 4541 εἶναι
1097 4489 1417 4558 νομίσαντες
1450 4493 1548 4562 τὴν
1607 4495 1731 4562 γῆν,
1788 4483 1922 4569 πρὸς
1955 4502 2055 4571 τὴν
2083 4505 2142 4555 ἐν

555 4571 670 4629 τοῖς
697 4569 944 4639 οὐρανοῖς
987 4569 1139 4624 πόλιν
1163 4571 1408 4632 ἔϐλεπον,
1441 4575 1502 4627 οὐ
1542 4576 1607 4627 δι’
1634 4577 1970 4649 ἀλαζονείαν,
2006 4569 2141 4639 ἄλλα

555 4649 646 4703 διὰ
685 4651 1109 4722 μεγαλοψυχίαν,
1141 4653 1202 4706 οὐ
1237 4654 1302 4707 δι’
1329 4656 1605 4720 ἀπόνοιαν,
1641 4660 1776 4714 ἀλλὰ
1803 4663 1890 4716 διὰ
1923 4665 2139 4732 φιλοσο-

559 4734 969 4816 φίανηἙπειδὴ
1012 4736 1120 4807 γὰρ
1167 4737 1466 4809 ἐσκέψαντο
1501 4742 1567 4794 τὰ
1623 4745 1716 4796 ἐπὶ
1761 4746 1865 4816 γῆς
1897 4748 2135 4816 ἅπαντα,

556 4817 652 4870 καὶ
685 4812 824 4870 εἶδον
862 4818 943 4870 ὅτι
983 4821 1069 4890 ῥεῖ
1116 4823 1208 4875 καὶ
1237 4823 1553 4887 ἀπόλλυται,
1583 4829 1676 4880 καὶ
1716 4812 1866 4883 οὐδέν
1904 4812 2138 4890 ἐνταῦθα

559 4899 775 4968 βέϐαιον
819 4902 914 4954 καὶ
964 4903 1242 4975 ἀκίνητον,
1289 4907 1346 4960 οὐ
1407 4909 1652 4974 πλοῦτος,
1706 4914 1766 4965 οὐ
1829 4915 2133 4982 δυναστεία,

555 4983 798 5069 οὐ-δόξα,
848 4986 948 5039 οὐκ
978 4987 1116 5058 αὐτὴ
1167 4991 1199 5060 ή
1233 4989 1366 5062 ζωὴ,
1416 4992 1530 5045 ἀλλ’
1569 4994 1798 5048 ἕκαστον
1832 4997 1941 5068 ἔχει
1963 5001 2132 5069 τέλος,

552 5067 651 5150 καὶ
684 5068 818 5140 πρὸς
860 5070 920 5122 τὸ
951 5073 1147 5124 οἰκεῖον
1184 5074 1460 5142 ἐπείγεται
1495 5076 1698 5146 πέρας,
1736 5079 1808 5132 τά
1844 5067 1900 5133 δέ
1939 5085 1995 5136 ὲν
2023 5067 2134 5150 τοῖς

555 5149 804 5218 οὐρανοῖς
826 5153 887 5204 οὐ
919 5154 1164 5217 τοιαῦτα,
1191 5154 1329 5208 ἀλλὰ
1366 5157 1701 5230 ἀτελεύτητα
1728 5163 1821 5214 καὶ
1871 5149 2131 5231 ἀθάνατα,

549 5233 769 5319 είλοντο
784 5234 922 5319 ξένοι
950 5238 1058 5292 τῶν
1089 5239 1320 5308 ῥεόντων
1371 5241 1464 5294 καὶ
1497 5246 1952 5317 παρατρεχόντων
1981 5253 2134 5319 γενέ-

554 5317 698 5378 σθαι.
749 5317 812 5370 ἵν’
843 5321 1065 5374 ἐκείνων
1093 5322 1200 5376 τῶν
1238 5323 1504 5393 μενόντων
1556 5329 1940 5386 ἐπιλάϐωνται.
1980 5317 2130 5390 Ξένοι

551 5399 730 5486 τοίνυν
751 5397 990 5486 ᾖσθα-κού
1020 5404 1097 5474 τῷ
1124 5406 1198 5476 μὴ
1227 5406 1372 5476 ἔχειν
1398 5409 1651 5479 πατρίδα,
1682 5412 1818 5466 ἀλλὰ
1835 5414 1912 5485 τῷ
1940 5419 2130 5486 πατρία

546 5479 638 5544 δος
671 5483 914 5551 ἐφίεσθαι
939 5487 1035 5556 τῆς
1070 5488 1158 5540 ἀεὶ
1193 5489 1479 5560 μενούσης.
1515 5493 1690 5565 Ὅπερ
1723 5492 1815 5550 οὖν
1842 5479 1934 5552 καὶ
1969 5479 2128 5567 αὐτὸς

611 5656 638 5735 εἰ
661 5658 905 5735 ριύτοηκαί
928 5664 954 5709 ὁ
976 5665 1404 5735 προφήτης-ἐποίει
1441 5668 1590 5735 λέγων
1630 5669 1898 5735 Cojbgrlini
1925 5679 1978 5722 et
2001 5674 2120 5735 Reg.

611 5715 639 5755 δ
663 5717 775 5765 ’Ὁτι
800 5721 914 5774 ξένοι
940 5715 1024 5774 καῖ’
1057 5715 1376 5788 παρεπίδημοί
1422 5715 1514 5777 εἰσί
1920 5715 1978 5784 έί

3769 309 3890 366 666

2290 401 2615 472 παραδηλῶν
2665 404 2872 475 ἐλεγενο
2905 413 2972 464 Οἱ
2997 411 3066 464 δὲ
3091 413 3279 469 ταῦτα
3326 415 3629 485 λέγοντες,
3653 420 3884 489 ἐμφαί-

2283 502 2502 541 νουσιν
2528 489 2617 544 ὅτι
2638 491 2893 559 πατρίδα
2929 494 3192 562 ζητοῦσι.
3223 500 3411 562 Ποίαν,
3435 502 3575 566 εἰπέ,
3611 507 3878 575 πατρίδας

2282 565 2404 660 άρα⁸
2423 573 2521 644 τὴν
2544 574 2836 660 προτέραν,
2867 577 2933 649 ἢν
2965 579 3261 660 άπέλιπον;
3285 586 3441 654 Οὐχὶ,
3481 565 3632 656 φησί·
3657 565 3737 642 Εἰ·

2279 654 2518 722 ἐκείνης
2544 656 2897 727 ἐμέμνηντο,
2933 658 3103 730 εἶχον
3131 664 3210 718 ἂν
3237 667 3449 734 καιρὸν
3487 654 3874 739 ἁνακάίιϋλαέ·

2279 739 2398 793 νῦν
2425 740 2856 822 (δὲ-κρείττονος
2885 744 3213 815 ὀρέγονται,
3255 749 3588 816 τουτέστιν,
3612 754 3880 822 ἐπουραο

2277 824 2436 886 νέου,
2488 820 2565 895 ἧς
2609 828 2886 895 τεχνίτης
2936 829 3035 882 καί
3085 830 3447 902 δημιουργὸς
3483 838 3518 888 ό
3564 838 3729 902 Θεός.
3762 820 3877 892 Διὰ

2279 907 2456 961 τοῦτο
2485 909 2596 962 οὐκ
2617 910 3050 980 ἐπαισχύνεται
3078 917 3111 968 ό
3145 916 3285 983 Θεὸς
3316 917 3631 972 καλεῖσθαι
3663 921 3876 974 αὐτῶν

2278 991 2442 1056 Θεός.

2347 1121 2407 1168 ε’.
2437 1115 2822 1191 Μιμησώμεθα
2847 1119 2911 1192 δὴ
2946 1121 3041 1175 καὶ
3067 1123 3226 1194 ἡμεῖς
3255 1125 3500 1190 τούτους,
3535 1126 3865 1196 παρακαλῖν

2276 1197 2620 1271 ὑπερίδωμεν
2661 1203 2771 1256 τῶν
2800 1204 3106 1275 παρόντων,
3147 1205 3574 1280 ἐπιθυμήσωμεν
3597 1210 3705 1262 τῶν
3734 1211 3870 1280 μελ-

2275 1281 2494 1347 λόντων,
2513 1283 2768 1354 λάϐωμεν
2794 1286 2892 1359 τὴν
2918 1292 3150 1355 γυναῖκα
3175 1290 3378 1346 ταύτην
3402 1292 3743 1356 διδάσκαλον,
3763 1296 3867 1347 καὶ

2276 1365 2413 1434 πρὸς
2442 1369 2532 1422 τὸν
2577 1367 2712 1422 Θεὸν
2748 1370 2834 1423 ἀεὶ
2865 1373 3319 1444 καταφεύγωμεν,
3352 1376 3446 1428 καὶ
3493 1378 3622 1448 παρ’
3646 1377 3862 1431 ἐκείνου

2275 1451 2453 1506 πάντα
2487 1454 2748 1526 αἰτῶμεν.
2788 1456 2954 1510 Οὐδὲν
2989 1457 3097 1531 γὰρ
3131 1457 3294 1530 εὐχῆς
3339 1461 3469 1514 ἴσον·
3502 1463 3593 1516 καὶ
3623 1463 3732 1534 γὰρ
3789 1466 3861 1518 τὰ

2271 1535 2510 1590 ἀδύνατα
2540 1538 2680 1609 αὐτη
2722 1542 2866 1593 ποιεῖ
2911 1541 3130 1605 δυνατά,
3170 1545 3266 1598 καὶ
3289 1544 3354 1597 τά
3396 1544 3622 1598 δύσκολα
3671 1547 3858 1618 ῥᾴδια,

2271 1619 2458 1673 καὶτὰ
2493 1619 2728 1694 δυσχερῆ
2779 1623 2940 1676 εὐθέα
2967 1625 3276 1698 καθίστησι.
3321 1627 3537 1700 Ταύτην
3563 1631 3654 1683 καὶ
3685 1632 3712 1683 6
3751 1648 3858 1700 μα-

2270 1703 2461 1774 κάριος
2513 1707 2676 1760 Δαυῒδ
2726 1708 3027 1779 κατώρθου·
3067 1710 3148 1763 διὸ
3184 1710 3278 1765 καὶ
3325 1710 3528 1780 ἔλεγενο
3570 1713 3857 1782 Ἐπτάκις

2269 1787 2381 1856 τῆς
2410 1787 2637 1858 ἡμέρας
2666 1792 2870 1860 ῇνησά
2894 1810 2969 1847 σε
2995 1793 3091 1847 ἐπὶ
3117 1796 3189 1848 τὰ
3227 1795 3478 1864 κρίματα
3503 1794 3613 1862 τῆς
3630 1796 3854 1852 δικαιο-

2268 1871 2468 1940 σύνης
2490 1887 2627 1929 σου.
2649 1875 2712 1928 Εἰ
2745 1876 2801 1930 δὲ
2831 1876 3079 1947 βασιλεὺς
3105 1877 3246 1950 ἀνὴρ
3279 1879 3498 1949 μυρίαις
3523 1879 3854 1952 βαπτιζόμε-

2267 1971 2358 2017 νος
2378 1957 2648 2026 φροντίσι,
2677 1958 2771 2012 καὶ
2811 1959 3146 2030 πανταχόθεν
3187 1962 3624 2032 περιελκόμενος,
3665 1981 3858 2018 τοσαυο

2267 2038 2424 2102 τάκις
2451 2039 2550 2109 τῆς
2577 2041 2790 2112 ἡμέρας
2827 2043 3127 2113 παρεκάλει
3151 2044 3241 2098 τὸν
3281 2045 3434 2108 Θεὸν,
3469 2045 3591 2098 τινὰ
3621 2048 3687 2100 ἂν
3715 2048 3855 2118 ἔχοι-

2269 2139 2369 2192 μεν
2397 2124 2688 2194 ἁπολογίαν
2729 2126 2760 2197 ἦ
2791 2127 3119 2199 συγγνώμην
3151 2129 3331 2198 ἡμεῖς,
3364 2131 3630 2203 τοσαύτην
3654 2133 3854 2205 σχολὴν

2267 2206 2511 2275 ἄγοντες,
2562 2210 2656 2262 καὶ
2715 2209 2791 2282 μὴ
2841 2211 3081 2281 συνεχῶς
3128 2212 3290 2265 αὐτὸν
3355 2215 3706 2280 ἱκετεύοντες,
3754 2217 3852 2271 καὶ

2264 2289 2439 2345 ταῦτα
2469 2291 2719 2346 τοσοῦτον
2752 2291 3032 2364 μέλλοντες
3061 2295 3399 2366 καρποῦσθαι
3422 2298 3639 2370 κέρδοςς
3678 2301 3849 2371 Ἀμή-

2265 2390 2426 2443 χανον
2447 2374 2574 2446 γὰρ,
2591 2375 2890 2447 ἀμήχανον,
2904 2376 3186 2449 ἄνθρωπον
3205 2381 3341 2449 μετὰ
3355 2383 3453 2452 τῆς
3467 2383 3850 2455 προσηκούσης

2267 2455 2576 2527 προθυμίας
2615 2458 2925 2528 εὐχόμενον,
2967 2461 3060 2513 καὶ
3093 2463 3512 2533 παρακαλοῦντα
3567 2465 3657 2518 τὸν
3709 2467 3847 2518 Θεὸν

2266 2538 2524 2608 συνεχῶς,
2555 2541 2817 2612 ἁμαρτεῖν
2864 2559 3012 2596 ποτε.
3070 2545 3179 2597 Καὶ
3223 2545 3360 2611 πῶς,
3416 2547 3525 2616 ἐγὼ
3563 2548 3724 2616 λέγω.
3787 2551 3846 2602 '0

2261 2620 2632 2694 διαθερμάνας
2665 2624 2830 2679 αὐτοῦ
2849 2626 2946 2696 τὴν
2975 2626 3233 2694 διάνοιαν,
3257 2632 3350 2683 καὶ
3373 2632 3469 2702 τὴν
3500 2633 3675 2704 ψυχὴν
3709 2635 3848 2687 ἀνα-

2265 2713 2489 2781 στήσας,
2519 2713 2613 2766 καὶ
2641 2713 2780 2784 πρὸς
2799 2714 2890 2768 τὸν
2914 2716 3142 2788 οὐρανὸν
3165 2719 3353 2772 ἐαυτὸν
3393 2723 3724 2789 μετοικίσας,
3741 2725 3847 2777 καὶ

2261 2796 2402 2850 οῦτω
2454 2799 2543 2852 τὸν
2586 2802 2862 2873 Δεσπότην
2905 2804 2996 2858 τὸν
3041 2805 3234 2860 ἑαυτοῦ
3285 2808 3534 2872 καλέσας,
3584 2810 3680 2863 καὶ
3725 2814 3846 2866 τῶν

2261 2885 2673 2958 ἁμαρτημάτων
2700 2891 3086 2961 ἀναμνησθεὶς,
3118 2895 3212 2947 καὶ
3254 2897 3382 2966 περὶ
3427 2897 3521 2968 τῆς
3551 2902 3845 2972 συγχωρή-

2263 2991 2399 3038 σεως
2425 2976 2630 3031 τούτων
2651 2979 2799 3050 αὐτῷ
2822 2981 3140 3052 διαλεχθεὶς,
3155 2987 3249 3038 καὶ
3281 2987 3670 3057 παρακαλέσας
3681 2989 3842 3041 ἵλεων

2259 3059 2512 3127 γενέσθαι
2549 3061 2644 3114 καὶ
2674 3063 2902 3133 ἥμερον,
2934 3067 3043 3120 ἀπὸ
3075 3069 3172 3139 τῆς
3205 3072 3262 3122 ἐν
3289 3074 3400 3134 τοῖς
3421 3071 3601 3138 λόγοις
3629 3072 3839 3136 τούτοις

2258 3142 2541 3215 διατριϐῆς
2574 3147 2752 3199 πᾶσαν
2782 3149 3095 3203 ἀποτίθεται
3134 3151 3394 3224 βιωτικὴν
3436 3156 3711 3226 φροντίδα,
3744 3159 3840 3210 καὶ

2259 3230 2574 3298 πτεροῦται,
2617 3234 2710 3287 καὶ
2741 3234 2849 3287 τῶν
2888 3235 3242 3308 ἀνθρωπίνων
3284 3242 3472 3295 παθῶν
3511 3243 3838 3315 ὑψηλότερος

2258 3319 2486 3384 γίνεται·
2529 3319 2632 3374 κᾶν
2661 3321 2853 3393 ἐχθρὸν
2889 3323 2972 3397 ίδῃ
3015 3327 3153 3395 μετά
3179 3327 3276 3398 τὴν
3308 3329 3494 3400 εὐχὴν,
3521 3330 3621 3384 οὐκ
3652 3331 3732 3384 ἔτι
3760 3332 3837 3394 ὡς

2257 3405 2449 3477 ἐχθρὸν
2478 3406 2689 3477 ὄψεται·
2738 3409 2841 3464 κᾶν
2868 3415 3103 3479 γυναῖκα
3134 3413 3428 3487 εὔμορφον,
3467 3419 3530 3470 οὐ
3559 3420 3837 3473 κατακλα-

2257 3493 2515 3563 σθήσεται
2551 3495 2688 3565 πρὸς
2713 3496 2812 3568 τὴν
2840 3497 2984 3568 ὄψιν,
3011 3500 3104 3554 τοῦ
3127 3503 3296 3574 πυρὸς
3325 3504 3419 3557 τοῦ
3449 3506 3590 3560 κατὰ
3620 3509 3720 3577 τὴν
3741 3509 3833 3559 εὐ-

2255 3580 2355 3652 χὴν
2388 3579 2536 3634 ένδον
2559 3581 2829 3652 μένοντος,
2864 3587 2958 3638 καὶ
2986 3587 3165 3641 πάντα
3210 3588 3408 3643 ἄτοπον
3444 3591 3702 3663 λογισμὸν
3753 3594 3832 3646 δι-

2252 3669 2584 3737 ωθουμένου.
2601 3671 2738 3723 Ἀλλ’
2759 3674 2880 3724 ἐπεὶ
2901 3673 3217 3745 ἀνθρώπους
3233 3675 3384 3750 [757]
3405 3679 3563 3743 ὄντας
3578 3681 3724 3745 εἰκὸς
3741 3685 3832 3735 καὶ

2253 3753 2335 3815 εἰς
2363 3752 2632 3824 ῥᾳθυμίαν
2654 3755 2933 3825 ἐμπεσεῖν,
2954 3757 3172 3812 ἐπειδάν
3195 3762 3438 3834 παρέλθῃ
3463 3765 3558 3834 μία
3589 3766 3686 3818 καὶ
3708 3767 3829 3819 δευ-

2251 3839 2383 3912 τέρα
2398 3841 2515 3911 ὥρα
2534 3843 2626 3894 καὶ
2651 3842 2809 3914 τρίτη
2831 3843 2968 3914 μετὰ
2982 3845 3080 3916 τὴν
3102 3847 3288 3919 εὐχὴν,
3311 3851 3406 3903 καὶ
3429 3851 3544 3923 ἴδῃς
3559 3851 3656 3922 τὴν
3679 3870 3831 3918 γενο-

2253 3927 2420 3998 μένην
2439 3945 2519 3981 σοι
2537 3928 2846 4001 θερμότητα
2862 3932 3001 3985 κατὰ
3025 3934 3217 4003 μικρὸν
3231 3935 3487 4008 ὑπορρεῖν
3507 3938 3825 4008 μέλλουσαν,

2250 4014 2423 4086 δράμε
2440 4016 2650 4085 ταχέως
2673 4018 2835 4071 πάλιν
2857 4020 2947 4073 ἐπὶ
2969 4020 3068 4090 τὴν
3089 4021 3275 4092 εὐχὴν,
3298 4026 3392 4076 καὶ
3420 4025 3829 4095 καταψυγεῖσάν

2249 4118 2344 4155 σου
2370 4101 2468 4173 τὴν
2492 4104 2728 4158 διάνοιαν
2752 4104 3041 4176 θέρμανον.
3080 4109 3200 4163 Κᾶν
3223 4110 3377 4165 τοῦτο
3402 4115 3554 4182 ποιῇς
3587 4113 3675 4167 διὰ
3721 4116 3828 4169 πά-

2249 4205 2348 4261 σης
2375 4189 2470 4262 τῆς
2497 4191 2731 4262 ἡμέρας,
2748 4192 2813 4245 τά
2838 4195 3040 4265 μεταξύ
3063 4195 3423 4269 διαλείμματα
3445 4203 3506 4271 τῇ
3529 4203 3824 4271 πυκνότητι

2245 4272 2352 4326 τῶν
2418 4275 2591 4344 εὐχῶν
2638 4275 3056 4348 διαθερμαίνων,
3104 4283 3166 4334 οὐ
3215 4282 3406 4348 δώσεις
3461 4285 3538 4354 τῷ
3593 4287 3824 4357 διαϐόλῳ

2244 4355 2500 4428 ἀφορμὴν
2545 4359 2637 4412 καὶ
2671 4361 2875 4413 εἴσοδον
2904 4363 3044 4441 κατὰ
3082 4363 3190 4416 τῶν
3220 4367 3329 4419 σῶν
3361 4368 3653 4441 λογισμῶν.
3714 4355 3822 4426 Καὶ

2244 4441 2378 4514 ὅπερ
2415 4445 2919 4516 ἀριστοποιούμενοι
2972 4439 3068 4503 καὶ
3099 4452 3271 4506 πίνειν
3304 4456 3586 4525 μέλλοντες
3638 4461 3821 4513 ποιοῦ-

2246 4547 2366 4600 μεν,
2409 4532 2626 4585 ἐπειδὰν
2661 4533 2857 4605 ἴδωμεν
2887 4537 2948 4591 τὸ
2992 4538 3295 4612 θερμανθὲν
3315 4545 3457 4617 ὓδωρ
3484 4549 3818 4618 καταιᾷυγέν,

2241 4617 2332 4669 ἐπὶ
2378 4619 2475 4689 τῆς
2523 4620 2762 4692 ἐσχάρας
2792 4624 2922 4677 αὐτὸ
2955 4625 3175 4695 τίθεμεν
3207 4630 3386 4694 πάλιν,
3436 4631 3572 4686 ὥστε
3608 4617 3820 4708 διαθερ-

2245 4705 2512 4777 μανθῆναι
2539 4709 2768 4779 ταχέως·
2818 4711 2976 4766 τοῦτο
3015 4716 3110 4769 καὶ
3149 4717 3384 4772 ἐνταῦθα
3414 4721 3676 4793 ποιῶμεν,
3723 4726 3818 4778 καὶ

2240 4791 2490 4864 καθάπερ
2519 4795 2603 4848 ἐπ’
2627 4795 2935 4867 ἀνθράκων,
2967 4801 3066 4872 τῆς
3095 4802 3281 4873 εὐχῆς,
3301 4805 3540 4871 τιθέντες
3559 4791 3730 4879 ημῶν
3758 4811 3818 4863 τὸ

2240 4880 2433 4948 στόμα,
2456 4881 2598 4936 οὕτω
2631 4885 2792 4938 πάλιν
2821 4886 3148 4959 ἀνάπτωμεν
3181 4890 3336 4962 ἡμῶν
3353 4894 3449 4964 τὴν
3476 4895 3712 4950 διάνοιαν
3736 4900 3817 4962 εἰς

2238 4962 2543 5029 εὐλάϐειαν,
2598 4969 2692 5022 καὶ
2727 4969 3023 5040 μιμώμεθα
3061 4975 3184 5038 τοὺς
3217 4962 3545 5048 οἰκοδόμους.
3574 4981 3680 5033 Καὶ
3705 4983 3815 5053 γὰρ

2236 5050 2432 5103 ἐκεῖνοι
2465 5053 2717 5118 πλίνθους
2768 5056 3056 5124 μέλλοντες
3108 5062 3431 5134 οἰκοδομεῖν.
3467 5065 3555 5120 διὰ
3612 5067 3671 5119 τὸ

2238 5137 2367 5207 ὕλης
2391 5138 2590 5211 σαθρὸν
2621 5141 2794 5206 ξύλοις
2830 5151 3060 5216 μακροῖς
3091 5149 3492 5220 άποσφίγγουσι
3528 5154 3625 5226 τὴν
3661 5137 3811 5208 οἰκος

2233 5226 2426 5298 δομὴν,
2456 5228 2550 5280 καὶ
2580 5230 2701 5283 οὐδὲ
2725 5231 2811 5284 διὰ
2866 5234 3060 5287 πολλοῦ
3113 5236 3271 5292 τοῦτο
3321 5239 3534 5294 ποιοῦσι
3561 5242 3653 5296 τοῦ
3695 5243 3812 5296 δια*

2236 5314 2531 5384 στήματος,
2594 5317 2729 5371 ἀλλά
2772 5319 2837 5371 δι’
2869 5319 3072 5389 ὀλίγου,
3116 5324 3204 5377 ἵνα
3245 5329 3309 5397 τῇ
3355 5329 3645 5399 πυκνότητι
3702 5331 3811 5384 τῶν

2233 5399 2405 5467 ξύλων
2424 5403 2627 5458 τούτων
2653 5406 3058 5478 ἀσφαλεστέραν
3091 5410 3186 5482 τὴν
3216 5414 3489 5486 συνθήκην
3517 5416 3624 5470 τῶν
3655 5418 3809 5470 πλίν-

2233 5483 2338 5537 θων
2373 5485 2730 5555 ἐργάσωνται.
2757 5491 2926 5546 Τοῦτο
2952 5495 3044 5548 καὶ
3074 5496 3136 5548 σὺ
3178 5497 3421 5568 ποίησον,
3447 5502 3539 5553 καὶ
3559 5502 3657 5564 τὰς
3681 5502 3811 5572 βιω-
