4134 6214
442 311 553 373 865

440 426 736 486 dominium
783 437 1051 488 minuens,
1080 419 1173 475 sed
1215 433 1370 474 suum
1414 431 1654 474 amorem
1683 415 1922 472 indicans
1955 429 2017 468 ac

444 524 649 578 fovens.
675 519 765 576 Sic
807 518 950 572 enim
989 523 1252 568 amatores
1294 512 1511 566 solent:
1547 525 1650 565 non
1698 507 1873 564 ferunt
1918 521 2021 561 una

443 630 564 669 cum
595 610 776 666 multis
804 622 1005 672 amare,
1049 604 1143 659 sed
1169 604 1419 659 eximium
1458 600 1738 671 quemdam
1766 615 1829 654 ac
1857 613 2022 668 pecu-

445 707 628 760 liarem
675 715 912 755 amorem
960 713 1068 767 pra:
1110 711 1169 751 se
1211 695 1352 751 ferre
1378 694 1582 750 volunt.
1629 691 1720 746 Sic
1760 699 1814 745 et
1857 688 2017 744 David

441 798 669 860 dicebat,
702 796 857 854 Deus,
887 791 1023 845 Deus
1053 805 1210 852 meus,
1236 788 1305 840 ad
1328 797 1373 840 te
1396 802 1540 839 mane
1558 783 1707 854 vigilo
1732 781 1898 853 (Psal.
1927 781 2015 833 62.

442 889 520 958 1).
553 886 832 941 Noininata
861 881 1003 938 enim
1029 877 1294 950 communi
1325 877 1440 946 ejus
1459 875 1840 936 dominatione,
1867 871 2018 925 addi-

438 980 516 1034 dit
541 993 658 1032 eam
696 991 800 1045 qua
846 971 1183 1043 peculiariter
1207 978 1511 1023 sanctorum
1542 964 1794 1018 Dominus
1823 971 1921 1016 est.
1951 961 2018 1015 Et

441 1085 672 1130 rursum,
707 1065 840 1120 Deus
865 1080 1024 1122 meus.
1070 1061 1270 1116 intende
1298 1061 1350 1114 in
1376 1075 1452 1112 me
1468 1076 1486 1122 ;
1515 1073 1672 1127 quare
1711 1053 2018 1124 dereliquisti

439 1180 520 1215 me
541 1159 712 1231 (Psaf.
743 1158 833 1213 2i.
874 1155 969 1229 1)?
997 1155 1064 1208 Et
1089 1169 1320 1217 rursum,
1352 1149 1530 1204 Dicam
1573 1147 1699 1210 Deo,
1752 1147 2018 1200 Protector

439 1268 578 1305 meus
600 1267 652 1303 es
681 1246 850 1318 (Psaf.
876 1245 964 1302 90.
983 1244 1042 1313 2)
1068 1265 1080 1300 :
1103 1246 1292 1298 anima:
1313 1243 1455 1296 enim
1482 1240 1733 1295 ferventis
1752 1250 2018 1291 accensa:-

438 1359 542 1413 que
587 1339 851 1396 desiderio
877 1345 1000 1390 sunt
1044 1335 1159 1390 [nec
1205 1334 1384 1387 verba.
1419 1331 1561 1386 Idem
1590 1338 1642 1383 et
1685 1328 1799 1382 hare
1828 1326 2018 1381 mulier

439 1432 561 1486 fecit
608 1427 870 1483 Cancrum
899 1426 1140 1480 homines
1171 1424 1239 1478 ita
1270 1424 1440 1476 facere
1472 1419 1601 1475 nihil
1630 1421 1855 1472 mirum:
1893 1431 2014 1470 cum

438 1537 564 1576 vero
606 1521 771 1574 Deum
817 1519 920 1572 hoc
967 1517 1139 1586 ipsum
1189 1513 1361 1568 facere
1412 1511 1625 1574 videris,
1679 1520 1786 1562 tum
1829 1507 2016 1563 merito

437 1609 780 1680 obstupefias.
805 1604 1268 1676 Quemadmodum
1292 1605 1432 1656 enim
1456 1601 1508 1656 hi
1537 1617 1640 1654 non
1664 1605 1712 1651 in
1732 1614 2016 1654 commune

437 1701 583 1755 illum
633 1700 902 1763 invocant,
947 1695 1216 1768 prOpriunt
1276 1692 1535 1754 faciendo,
1567 1707 1722 1746 suum
1747 1706 1868 1744 cum
1896 1704 2016 1745 esse

437 1795 623 1850 volunt
656 1813 670 1848 :
701 1793 771 1846 ita
799 1800 853 1845 et
899 1790 1010 1860 ipse
1051 1803 1156 1842 non
1184 1787 1355 1843 solum
1383 1785 1734 1839 communiter
1763 1799 1862 1837 una
1893 1798 2012 1838 cum

437 1884 558 1938 aliis
580 1898 765 1936 eorum
809 1880 969 1934 etiam
1015 1879 1184 1932 Deum
1211 1891 1269 1930 se
1310 1875 1605 1944 profitetur,
1646 1874 1739 1927 sed
1769 1873 2015 1942 privatim

439 1976 691 2044 ipsorum.
721 1972 1051 2041 Quapropter
1079 1969 1308 2030 dicebat,
1335 1967 1445 2039 Ego
1468 1984 1578 2021 sum
1600 1965 1735 2020 Deus
1761 1965 2016 2018 Abraham

438 2077 485 2122 et
514 2066 666 2120 Isaac
685 2075 731 2118 et
760 2065 919 2118 Iacob
951 2063 1141 2131 (Exod.
1164 2063 1217 2118 5.
1245 2059 1300 2132 6)
1333 2079 1346 2116 :
1379 2075 1483 2114 non
1513 2059 1833 2114 contrahens
1858 2074 2014 2116 suum

439 2157 743 2227 imperium,
775 2155 867 2210 sed
895 2155 1185 2208 extendens
1214 2153 1386 2222 potius
1409 2169 1423 2215 ;
1453 2167 1559 2206 non
1586 2152 1726 2205 enim
1749 2159 1855 2204 tam
1873 2151 2014 2205 mul-

439 2248 661 2303 titudine
707 2246 1061 2310 subditorum,
1099 2260 1254 2313 quam
1300 2259 1482 2297 eorum
1514 2244 1707 2296 virtute
1753 2249 2016 2296 monstrat

440 2341 718 2410 imperium
761 2355 954 2402 suum;
1005 2352 1175 2407 neque
1215 2346 1412 2391 tantum
1462 2335 1599 2389 Deus
1641 2334 1777 2394 cazli,
1821 2342 2012 2398 terrm,

437 2431 599 2487 maris
623 2441 678 2486 et
717 2446 902 2485 eorum
931 2445 1048 2497 qua:
1091 2429 1142 2482 in
1191 2427 1269 2480 eis
1311 2435 1433 2480 sunt
1480 2424 1731 2493 appellari
1777 2422 2012 2492 gaudet,

438 2531 688 2592 quantum
718 2520 764 2574 si
787 2521 927 2575 Deus
951 2519 1218 2573 Abraham
1251 2530 1302 2571 ct
1333 2516 1475 2569 Isaae
1505 2525 1558 2569 et
1584 2515 1748 2569 Jacob
1775 2525 2010 2568 vocetur.

437 2613 504 2671 Et
530 2611 672 2681 quod
712 2611 764 2666 in
795 2610 1096 2665 hominibus
1135 2622 1238 2662 non
1282 2607 1537 2672 solemus,
1587 2604 1637 2658 in
1681 2605 1788 2658 Deo
1833 2604 2014 2659 videre

438 2703 582 2757 licet.
619 2701 855 2771 Exempli
885 2716 1043 2755 causa
1075 2721 1088 2755 :
1119 2698 1255 2769 apud
1285 2696 1527 2751 homines
1550 2711 1578 2749 a
1610 2695 1840 2750 dominis
1873 2695 2011 2749 servi

435 2793 848 2863 appellationem
873 2800 1109 2855 sumunt,
1159 2800 1212 2844 et
1239 2791 1308 2842 ila
1338 2803 1525 2843 omnes
1572 2803 1635 2841 ex
1661 2803 1810 2841 more
1837 2786 2011 2856 loqui-

436 2899 556 2940 mur
589 2905 601 2938 :
636 2883 725 2937 ille
756 2882 840 2938 vel
886 2883 972 2938 illc
1014 2891 1324 2951 procurator
1351 2887 1444 2934 aut
1471 2879 1806 2946 diSpensator
1836 2877 2009 2942 illius,

439 2974 521 3027 vel
551 2973 690 3026 illius
713 2971 866 3025 ducis
885 2980 938 3025 et
964 2969 1196 3040 praefecti
1227 2983 1241 3018 :
1277 2984 1432 3022 nemo
1457 2977 1632 3022 autem
1658 2966 1732 3018 sic
1759 2966 2009 3035 loquitur,

440 3065 532 3120 Ille
563 3065 644 3118 vel
669 3064 756 3118 ille
772 3062 1062 3133 praefectus
1081 3063 1225 3119 illius
1244 3062 1599 3130 procuratoris
1627 3069 1714 3112 aut
1734 3059 2014 3128 dispensa-

439 3157 567 3210 toris
599 3177 611 3210 :
639 3155 730 3210 sed
762 3155 999 3209 minores
1041 3170 1069 3206 a
1099 3152 1390 3220 majoribus
1419 3165 1631 3219 semper
1666 3149 2010 3204 denominare

436 3246 828 3301 consuevimus.
863 3244 938 3298 De
978 3244 1086 3298 Deo
1111 3251 1288 3297 autem
1326 3251 1509 3296 contra
1555 3240 1612 3294 fit
1647 3261 1659 3294 :
1689 3255 1796 3295 non
1839 3238 2010 3292 solum

435 3338 580 3393 enim
611 3337 875 3393 Abraham
921 3336 1012 3391 Dei
1043 3351 1182 3399 esse,
1230 3335 1322 3390 sed
1353 3335 1494 3388 Deus
1535 3333 1692 3388 etiam
1724 3329 2010 3386 Abraltami

435 3428 657 3495 dicitur,
688 3436 846 3498 atque
879 3429 945 3481 ita
986 3428 1239 3482 Dominus
1276 3442 1305 3480 a
1349 3441 1504 3480 servo
1549 3425 1865 3480 nominatur.
1902 3423 2012 3478 iloc

434 3520 575 3577 idem
620 3520 778 3592 igitur
822 3529 878 3575 et
920 3521 1114 3574 Paulus
1159 3535 1277 3573 cum
1322 3517 1705 3579 admiraretur,
1753 3515 2007 3571 diccbat:

436 3614 770 3678 Quamobrem
809 3629 910 3666 non
959 3613 1201 3665 erubescit
1254 3610 1390 3664 Deus
1433 3611 1598 3664 vocari
1624 3609 1758 3662 Deus
1789 3610 2011 3676 ipsorum

436 3705 621 3774 (Hebr.
668 3705 754 3759 .
801 3702 910 3773 i6).
961 3703 1076 3756 Non
1121 3702 1404 3764 erubescit,
1453 3700 1639 3769 inquit,
1693 3700 1942 3752 Dominus
1981 3713 2011 3750 a

435 3795 607 3849 servis
632 3793 1044 3864 appellationem
1075 3807 1305 3846 sumere.
1351 3791 1524 3856 Quare
1573 3805 1678 3843 nou
1707 3787 2012 3842 erubescit?

435 3884 520 3939 die
547 3885 830 3938 rationem.
859 3882 1118 3936 Nimirum
1147 3891 1202 3934 ut
1229 3890 1281 3934 et
1305 3895 1400 3934 nos
1427 3895 1550 3933 eum
1571 3879 1852 3932 imitemur.
1881 3877 2013 3943 Quia

436 3974 656 4042 hospites
679 3982 840 4036 erant,
875 3972 1060 4041 inquit,
1092 3981 1137 4025 et
1180 3973 1384 4024 aduente
1411 3969 1568 4043 (Ibid.
1604 3986 1646 4024 .
1701 3970 1811 4038 15).
1857 3968 2013 4037 Atqui

436 4065 517 4119 vel
547 4065 617 4118 ob
641 4066 741 4119 hoc
765 4065 932 4135 ipsum
959 4064 1277 4119 erubescere
1303 4063 1578 4132 Oportebat
1613 4080 1625 4115 :
1657 4061 1846 4130 hospes
1871 4061 2010 4114 enim

437 4157 556 4210 vilis
585 4167 638 4212 et
662 4157 1085 4212 contemnendus
1113 4171 1232 4212 esse
1264 4156 1488 4210 videtur.
1510 4155 1577 4208 At
1605 4153 1679 4208 illi
1711 4153 1874 4206 sancti
1905 4168 2008 4205 non

436 4261 502 4300 eo
525 4247 685 4302 modo
735 4246 973 4314 hospites
999 4257 1172 4312 erant,
1200 4262 1305 4317 quo
1354 4261 1451 4301 nos
1493 4255 1757 4316 putamus,
1786 4243 1877 4298 sed
1910 4243 2014 4296 alio

435 4337 666 4406 quodam
711 4338 927 4391 minime
956 4338 1176 4408 vulgari.
1208 4337 1314 4392 Nos
1355 4337 1592 4406 hOSpites
1618 4351 1711 4391 eos
1744 4335 2014 4404 appellare

438 4426 695 4492 Solemus,
727 4428 814 4495 qui
845 4427 1030 4480 relicta
1060 4442 1152 4482 sua
1183 4429 1348 4496 patria
1381 4426 1432 4481 in
1477 4427 1703 4481 alienam
1744 4426 2012 4494 regionem

439 4519 754 4586 perveniunt
777 4540 790 4574 ;
817 4519 887 4573 illi
915 4535 1040 4574 vero
1069 4536 1172 4575 non
1203 4522 1270 4574 ita
1297 4529 1450 4575 erant
1477 4520 1730 4590 hospites,
1759 4517 1852 4572 sed
1874 4515 2014 4590 quod

437 4607 621 4662 orbem
666 4609 975 4663 universum
1020 4610 1377 4678 despicerent,
1421 4619 1475 4665 et
1521 4625 1738 4678 parvatn
1771 4613 2017 4677 putarent

436 4713 556 4752 esse
585 4707 801 4760 terram,
825 4698 890 4752 ad
906 4699 1172 4755 ctelestem
1195 4702 1334 4755 illam
1353 4701 1618 4758 civitatem
1639 4700 2012 4768 respiciebant,

438 4803 542 4843 non
570 4791 893 4860 arrogantia,
935 4790 1029 4846 sed
1057 4792 1488 4861 magnanimitate
1513 4807 1528 4857 ;
1555 4808 1660 4847 non
1695 4792 1973 4847 insolentia
1995 4833 2011 4858 ,

436 4885 532 4936 sed
569 4894 788 4953 propter
814 4883 1088 4952 sapientiae
1112 4884 1368 4939 studium.
1397 4885 1681 4955 Postquam
1712 4886 1851 4941 enim
1884 4900 2014 4938 con

441 4974 674 5043 templati
703 4983 828 5029 sunt
871 4984 1079 5030 terrena
1111 4975 1388 5043 universa,
1431 4985 1486 5031 et
1527 4978 2015 5032 animadverterunt

442 5061 581 5119 fluxa
606 5081 726 5120 esse
749 5075 805 5122 et
830 5067 1096 5132 mortalia,
1127 5083 1227 5122 nec
1253 5067 1537 5138 quidquam
1570 5069 1654 5124 hic
1682 5070 1887 5124 firmum
1925 5078 2017 5124 aut

440 5155 650 5220 stabile,
694 5173 798 5210 non
842 5159 1082 5226 divitias,
1115 5175 1218 5214 non
1262 5161 1548 5230 potentiam
1571 5201 1587 5224 ,
1618 5175 1722 5216 non
1751 5163 2012 5230 gloriam,

443 5261 547 5298 non
577 5246 738 5298 vitam
784 5248 970 5315 ipsam,
996 5251 1088 5303 sed
1133 5251 1336 5320 singula
1387 5250 1543 5303 linem
1596 5251 1810 5316 habere,
1856 5262 1907 5306 et
1948 5253 2014 5306 ad

441 5351 594 5390 suum
635 5336 881 5406 quodque
923 5355 1206 5406 properare
1251 5343 1534 5395 terminum
1572 5343 1842 5398 :cmlestia
1889 5359 2016 5398 vero

441 5442 548 5482 non
569 5429 712 5494 talia,
732 5429 824 5483 sed
848 5429 1048 5484 infinita
1072 5433 1510 5502 immortaliaque,
1527 5435 1827 5489 maluerunt
1847 5436 2017 5504 hospi-

439 5525 526 5575 tes
549 5532 669 5572 esse
712 5519 765 5571 in
795 5520 956 5574 rebus
983 5519 1137 5576 fluxis
1167 5531 1222 5577 et
1259 5523 1778 5591 prmterlabentibus,
1809 5536 1865 5579 ut
1895 5542 2015 5595 per-

444 5617 718 5664 manentes
744 5610 862 5664 illas
891 5613 1099 5682 assequi
1125 5623 1358 5682 possent.
1389 5613 1638 5684 Hospites
1664 5616 1821 5686 igitur
1841 5627 2013 5682 erant,

369 5741 376 5748 .
444 5712 552 5757 non
585 5698 726 5772 quod
752 5701 971 5782 patriam
1002 5718 1105 5759 non
1135 5703 1414 5774 haberent,
1445 5704 1538 5762 sed
1565 5704 1705 5776 quod
1731 5708 2012 5779 sempiter-

1720 303 1806 360 DE
1843 300 2027 358 ANNA
2054 299 2284 360 SERHO
2321 304 2405 360 IV.

2127 432 2251 473 nam
2275 419 2420 476 illam
2441 423 2664 492 patriam
2683 423 3071 484 desiderarent.
3098 428 3251 497 Quod
3271 431 3487 503 quidem
3510 446 3564 491 et
3591 441 3705 507 ipse

2123 509 2470 599 signicando
2509 513 2719 570 dicebat
2750 534 2764 572 :
2800 517 2900 584 Qui
2934 528 3097 573 autem
3139 521 3261 576 (alia
3287 525 3578 592 loquamur,
3608 547 3701 599 pa-

2127 598 2276 651 triam
2302 617 2356 654 se
2378 604 2628 672 requirere
2649 608 2912 661 ostendunt
2947 608 3126 678 (Hebr.
3161 612 3248 666 ii.
3298 614 3506 686 H-IG).
3533 598 3699 684 Quam

2130 691 2372 757 patriam,
2398 693 2668 751 obsecro?
2697 713 2820 752 num
2860 701 3087 768 priorem
3116 701 3256 758 illam
3287 721 3443 775 quam
3477 709 3705 780 relique-

2128 784 2294 836 runt?
2321 785 2552 851 Minime,
2581 789 2748 858 inquit
2778 812 2790 846 :
2824 792 2886 846 Si
2929 795 3058 846 enim
3103 796 3240 850 illius
3273 800 3697 867 recordabantur,

2126 872 2377 943 integrum
2403 878 2472 930 eis
2496 889 2603 931 erat
2630 880 2720 933 illo
2744 883 2906 935 redire
2933 897 2954 938 :
2979 901 3112 938 nunc
3141 896 3305 942 autem
3332 890 3581 944 meliorem
3611 894 3699 946 de-

2123 963 2367 1029 siderant,
2395 965 2488 1019 hoc
2510 978 2582 1021 est
2606 970 2864 1036 ccclestem,
2892 976 3036 1044 cujus
3059 977 3231 1046 opifex
3258 987 3304 1032 et
3333 991 3527 1033 creator
3561 979 3702 1035 Deus

2125 1065 2216 1109 est.
2249 1055 2370 1111 Ideo
2394 1075 2492 1112 non
2512 1061 2750 1116 erubescit
2769 1061 2908 1118 Deus
2928 1068 3094 1120 uocari
3123 1066 3264 1124 Deus
3289 1069 3514 1140 ipsorum
3537 1072 3699 1142 (Ibid.

2125 1161 2173 1200 .
2207 1147 2334 1217 10).,

2196 1240 2251 1295 5.
2280 1241 2492 1296 Assidue
2517 1245 2713 1313 precari
2750 1245 2998 1314 debemus,
3025 1258 3072 1302 et
3108 1253 3356 1306 orationes
3381 1254 3578 1310 crebras
3607 1273 3697 1310 ue-

2119 1333 2271 1402 gotiis
2316 1333 2629 1404 interponere
2649 1353 2670 1392 :
2694 1340 2788 1393 hoc
2826 1342 3156 1408 conrmatur
3194 1347 3433 1415 exemplis
3473 1357 3518 1400 et
3565 1365 3702 1402 eom-

2121 1425 2470 1494 parationibus
2513 1445 2627 1481 cum
2667 1445 2729 1484 ea:
2755 1431 2968 1497 prandio
3011 1443 3115 1486 tum
3141 1451 3170 1488 e
3196 1435 3454 1502 fabrorum
3482 1439 3700 1506 articio

2125 1515 2395 1579 deductis;
2455 1517 2665 1584 alfectus
2715 1522 2970 1592 prwcipua
3028 1541 3148 1592 pars
3195 1527 3452 1584 orationis.
3593 1529 3700 1583 Hos

2126 1608 2285 1678 igitur
2341 1624 2437 1664 nos
2506 1626 2716 1682 quoque
2788 1613 3091 1682 imitemur;
3141 1616 3496 1686 despiciamus
3560 1635 3698 1688 pra:-

2126 1701 2319 1765 sentia,
2364 1703 2802 1771 concupiscamus
2841 1704 3015 1760 futura
3046 1727 3059 1763 :
3090 1717 3300 1762 utamur
3346 1708 3445 1764 bac
3481 1711 3703 1766 muliere

2124 1791 2392 1860 magistra,
2427 1803 2478 1846 et
2507 1793 2573 1847 ad
2608 1793 2772 1848 Deum
2812 1809 3024 1865 semper
3058 1796 3446 1868 confugiamus,
3494 1800 3560 1854 ab
3587 1801 3700 1855 illo-

2120 1898 2228 1950 que
2249 1883 2424 1936 omnia
2448 1884 2816 1954 deposcamus.
2840 1887 2975 1942 Nihil
2998 1889 3140 1943 enim
3161 1892 3451 1958 precationi
3473 1893 3698 1960 requale:

2123 1990 2186 2029 ea
2216 1977 2414 2045 quippe
2439 1986 2528 2032 est
2553 1993 2674 2048 quae
2716 1994 2785 2038 ex
2814 1980 3227 2049 impossibilibus
3259 1983 3527 2052 possibilia
3555 1984 3700 2050 facit,

2129 2082 2195 2124 ex
2219 2067 2526 2124 difficilibus
2552 2070 2744 2137 facilia,
2773 2081 2826 2126 et
2848 2088 2911 2126 ex
2943 2073 3194 2130 tortuosis
3222 2083 3384 2128 recta.
3410 2075 3555 2128 Ilanc
3577 2075 3703 2129 lica-

2127 2169 2210 2214 tus
2235 2174 2449 2228 quoque
2491 2161 2656 2216 David
2687 2162 2973 2220 adhibebat
2999 2182 3020 2230 ;
3051 2165 3273 2234 ideoque
3298 2166 3508 2222 dicebat
3547 2186 3562 2220 :
3601 2168 3701 2222 Se-

2125 2251 2250 2319 pties
2271 2252 2426 2306 indie
2448 2252 2652 2310 laudari
2672 2263 2719 2308 te
2737 2264 2939 2324 propter
2947 2256 3147 2324 judicia
3158 2257 3373 2326 justitite
3396 2267 3496 2314 tua
3528 2260 3543 2322 (
3555 2256 3698 2312 Psal.

2127 2341 2248 2396 8.
2294 2344 2437 2412 164).
2481 2344 2630 2411 Quod
2656 2346 2701 2400 si
2734 2361 2849 2410 res,
2891 2345 3111 2402 infinitis
3135 2348 3278 2402 curis
3317 2349 3616 2414 immersus,
3647 2359 3701 2408 et

2125 2434 2179 2489 in
2208 2444 2316 2491 tam
2335 2437 2476 2489 varia
2492 2437 2794 2501 distraetus,
2811 2438 2970 2493 toties
2991 2438 3044 2492 in
3065 2439 3154 2494 die
3167 2439 3478 2507 precabatur
3500 2439 3695 2494 Deum:

2124 2540 2285 2594 quam
2311 2525 2676 2582 defensionem
2703 2539 2796 2585 aut
2822 2529 3029 2584 veniam
3055 2529 3250 2584 habere
3274 2531 3563 2598 poterimus
3579 2545 3696 2596 nos,

2123 2616 2212 2685 qui
2262 2617 2314 2670 in
2344 2626 2492 2670 tanto
2529 2619 2640 2672 otio
2677 2618 2938 2688 degimns,
2966 2634 3065 2674 nec
3095 2629 3266 2674 tamen
3300 2621 3447 2674 illum
3489 2621 3699 2676 assidue

2121 2722 2359 2772 oramus,
2391 2707 2547 2776 idque
2572 2723 2694 2762 cum
2722 2709 2848 2764 inde
2879 2719 3054 2763 tantus
3084 2709 3286 2766 fructus
3307 2711 3372 2763 sit
3400 2711 3552 2764 nobis
3577 2725 3699 2779 pro-

2125 2799 2420 2852 venturus?
2445 2798 2774 2866 impossibile
2793 2799 2956 2864 enim,
2985 2799 3310 2867 impossibile
3335 2808 3436 2864 est,
3461 2800 3694 2869 inquam,

2126 2887 2395 2943 hominem
2422 2905 2522 2958 qua
2551 2889 2704 2945 decet
2729 2890 3002 2944 alacritate
3033 2898 3358 2958 precantem,
3392 2900 3446 2946 et
3483 2890 3698 2946 assidue

2125 2979 2292 3033 Deum
2335 2988 2599 3045 orantem,
2631 2995 2878 3050 umquam
2929 2982 2978 3034 in
3024 2988 3297 3049 peccaturo
3347 2979 3598 3035 incidere.

2122 3085 2224 3138 qua
2253 3069 2458 3124 ratione
2483 3070 2588 3134 fiat,
2613 3070 2724 3140 jam
2744 3071 2981 3125 dicturus
3005 3087 3144 3126 sum.
3168 3072 3264 3136 Qui
3291 3081 3524 3124 mentem
3543 3085 3693 3124 suam

2121 3161 2384 3226 accendit,
2406 3171 2463 3217 et
2485 3163 2718 3217 animum
2741 3164 2910 3219 erexit
2933 3173 3090 3233 atque
3113 3163 3179 3217 ad
3208 3162 3438 3218 caelestia
3465 3170 3696 3216 transtu-

2123 3254 2203 3318 lit,
2237 3263 2291 3308 et
2331 3255 2399 3308 ita
2431 3254 2715 3310 Dominum
2753 3271 2910 3310 suum
2947 3256 3229 3320 invocavit,
3263 3255 3599 3325 peccatisquc
3639 3254 3693 3308 in

2121 3351 2434 3404 memoriam
2459 3349 2710 3412 reductis,
2756 3348 2825 3404 de
2865 3363 3052 3403 eorum
3092 3349 3404 3404 remissiOue
3443 3361 3564 3402 cum
3604 3346 3695 3399 illo

2121 3440 2456 3509 eolloquntns
2481 3449 2583 3502 est,
2622 3440 2910 3495 obsecrans
2955 3450 3009 3494 ut
3053 3441 3293 3508 placatus
3334 3454 3397 3494 ac
3435 3438 3694 3508 prepitius

2120 3533 2218 3587 sibi
2243 3547 2363 3588 esse
2385 3532 2652 3604 dignetur,
2679 3533 2723 3588 is
2744 3541 2864 3603 post
2891 3532 3022 3586 tales
3033 3533 3304 3587 orationes
3326 3546 3539 3586 omnem
3561 3545 3695 3598 pra:-

2123 3624 2289 3678 sentis
2320 3625 2439 3678 vita:
2465 3640 2646 3680 caram
2673 3626 2874 3690 abjicit,
2900 3640 2994 3694 spe
3033 3625 3269 3691 erigitur,
3295 3636 3358 3675 ac
3388 3636 3545 3689 supra
3567 3635 3690 3674 om-

2123 3730 2218 3769 nes
2257 3715 2512 3768 humanas
2537 3715 2842 3771 affectiones
2868 3716 3173 3779 extollitur;
3201 3724 3250 3769 et
3281 3712 3392 3766 sive
3423 3710 3690 3765 inimicum

2123 3816 2245 3876 post
2275 3807 2631 3874 prcCationem
2676 3806 2884 3868 viderit,
2924 3807 3032 3873 jam
3075 3805 3188 3860 non"
3209 3817 3474 3873 tamquam
3519 3803 3695 3858 inimi-

2123 3912 2242 3950 cum
2271 3897 2492 3965 aspiciet
2523 3918 2535 3952 :
2568 3897 2679 3950 sive
2705 3897 2977 3950 mulierem
3005 3896 3310 3962 fonnosam,
3339 3896 3456 3964 ejus
3478 3908 3694 3964 aspectu

2123 4002 2232 4043 non
2263 3985 2550 4056 frangetur,
2578 3987 2800 4040 durante
2843 3985 3016 4038 adhuc
3059 3986 3176 4056 igne
3216 4002 3311 4056 per
3339 3986 3694 4056 precationem

2126 4081 2267 4135 intus
2295 4094 2522 4134 accenso
2556 4087 2609 4132 et
2630 4093 2846 4134 Omnem
2874 4077 3159 4132 absurdam
3197 4079 3569 4148 cogitationem
3596 4077 3694 4132 dc-

2123 4175 2375 4245 pellente.
2407 4174 2511 4230 Sed
2537 4175 2786 4245 quoniam
2817 4175 3056 4231 homines
3082 4190 3206 4232 eum
3234 4175 3418 4234 simus,
3453 4172 3604 4227 facile
3628 4171 3694 4224 ad

2123 4267 2400 4336 segnitiem
2431 4266 2735 4331 relabimur,
2783 4274 2968 4321 exacta
3017 4282 3116 4318 una
3149 4265 3379 4320 alterave
3407 4272 3496 4316 aut
3541 4262 3695 4317 tertia

2125 4368 2245 4428 post
2273 4360 2632 4426 precationem
2669 4357 2817 4420 hora,
2851 4358 2936 4412 ubi
2966 4356 3197 4411 senseris
3227 4354 3504 4424 pristinum
3553 4353 3697 4406 illum

2126 4449 2390 4504 fervorem
2435 4449 2685 4517 paulatim
2715 4449 3017 4518 frigescere,
3053 4463 3266 4502 recurre
3289 4445 3602 4516 quantocius
3630 4443 3695 4497 ad

2125 4558 2332 4610 preces,
2367 4541 2841 4612 Digessi-utcmque
2879 4548 3110 4594 mentem
3144 4553 3328 4592 rursus
3361 4536 3610 4591 arcendo.
3643 4533 3696 4588 id

2122 4637 2168 4690 si
2203 4651 2296 4704 per
2324 4644 2485 4688 totam
2520 4635 2658 4688 diem
2688 4634 2898 4693 feceris,
2926 4647 3022 4701 per
3045 4630 3315 4688 intervalla
3347 4629 3548 4684 crebris
3576 4643 3694 4697 pre-

2124 4729 2422 4784 cationibus
2450 4737 2500 4781 te
2523 4728 2694 4796 ipsum
2720 4725 3036 4788 accendens,
3062 4740 3165 4779 non
3192 4723 3343 4778 dabis
3363 4723 3696 4778 occasionem

2123 4820 2337 4875 diabolo
2373 4827 2470 4872 aut
2513 4818 2677 4871 ullum
2706 4817 2773 4870 ad
2823 4824 2941 4870 tuas
2982 4815 3333 4885 cogitationes
3379 4814 3599 4867 aditum.
3630 4810 3701 4864 Et

2123 4908 2568 4980 quemadmodum
2595 4907 2646 4960 in
2667 4905 2974 4974 apparando
2997 4905 3240 4974 prandio,
3261 4918 3382 4958 cum
3409 4909 3535 4971 potu
3556 4915 3692 4968 opus

2121 5010 2227 5068 est,
2253 5002 2300 5056 si
2323 5015 2458 5069 aqua
2489 4998 2660 5054 calida
2708 4997 2976 5067 frigescat,
3008 4995 3074 5051 ad
3103 4994 3276 5049 focum
3299 4991 3572 5048 admotam
3610 5005 3696 5044 ca-

2126 5096 2400 5151 lefacimus
2422 5093 2502 5160 ()
2525 5092 2628 5148 :ita
2647 5101 2702 5146 et
2731 5091 2816 5145 hic
2843 5087 3138 5144 faciendum
3161 5095 3264 5152 est,
3299 5093 3357 5140 et
3371 5099 3434 5139 os
3460 5092 3699 5138 nostrum

2123 5187 2188 5241 ad
2221 5184 2556 5254 precationes
2582 5181 2730 5250 quasi
2760 5181 2826 5234 ad
2849 5193 3045 5248 prunas
3074 5175 3486 5240 admovendum,
3512 5182 3569 5228 ut
3596 5171 3698 5228 hoc

2125 5285 2280 5347 pacto
2311 5289 2463 5329 mens
2501 5273 2568 5327 ad
2600 5272 2850 5340 pietatem
2880 5283 3089 5323 rursum
3137 5264 3472 5321 accendatur.
3520 5262 3698 5318 lmitc-
3729 5307 3740 5310 -

2125 5384 2244 5422 mur
2289 5366 2447 5422 etiam
2496 5363 2674 5417 fabros
2719 5358 3088 5414 cmmentarios
3136 5374 3150 5410 :
3201 5355 3253 5409 bi
3301 5353 3442 5410 enim
3491 5351 3700 5421 quoties

2126 5457 2388 5513 Iateritius
2435 5455 2609 5525 paries
2647 5448 3058 5506 csmdificandus
3099 5455 3205 5512 est,
3245 5446 3318 5500 ob
3363 5443 3699 5513 fragilitatem

2187 5591 2259 5653 ()
2291 5597 2360 5638 De
2402 5596 2517 5653 potu
2559 5596 2694 5648 aqua
2725 5581 2895 5653 calidae
2928 5582 2977 5629 in
3006 5580 3219 5653 summa
3251 5571 3708 5653 mentionemmfaeiit

2122 5637 2350 5705 Justinus
2381 5637 2496 5698 Dial.
2534 5637 2644 5696 cum
2679 5643 2928 5708 tryphouc
2954 5657 3001 5705 p.
3025 5643 3149 5701 2i6;
3175 5641 3252 5690 hic
3273 5647 3435 5689 autem
3456 5637 3520 5686 de
3537 5637 3702 5699 quoti-

2126 5716 2265 5767 diano
2285 5726 2372 5762 usu
2397 5713 2569 5773 agitur.
