4134 6214
525 315 630 373 667

523 424 766 482 oratoria
808 440 933 481 eum
963 422 1134 494 longis
1166 422 1323 494 lignis
1351 424 1641 492 stringunt,
1674 421 1834 491 idque
1861 435 1966 474 non
2013 433 2110 487 per

524 519 682 586 longa
709 513 1009 578 interstitia,
1041 513 1132 567 sed
1160 527 1257 583 per
1298 510 1528 578 modica,
1559 521 1615 565 ut
1653 523 1936 580 compages
1974 509 2108 563 late-

527 623 648 662 rum
694 605 858 661 tutior
885 605 955 659 sit
993 603 1065 660 ob
1103 605 1366 674 lignorum
1413 602 1788 672 frequentiam.
1818 601 1960 655 idem
1993 600 2106 668 ipse

523 711 735 769 quoque
764 696 942 762 facito,
973 703 1028 750 et
1055 695 1193 750 sicut
1214 694 1287 748 illi
1313 693 1652 763 ligaminibus
1680 691 1871 763 ligneis
1900 689 1999 762 (a),
2033 690 2102 743 ita

523 803 578 845 tu
606 788 952 845 saecularibus
991 788 1220 858 negotiis
1247 787 1583 858 precationes
1607 785 1824 840 crebras
1862 783 2105 854 interpo-

521 894 676 946 nens,
703 881 867 934 vitam
899 889 1045 934 tuam
1069 879 1170 934 hoc
1199 889 1360 949 pacto
1385 878 1614 932 munias.
1639 875 1790 943 Quod
1821 875 1864 928 si
1887 873 2099 938 feceris,

518 973 727 1030 etiamsi
754 973 999 1042 plurima:
1033 972 1280 1041 procella:
1307 971 1576 1040 ingruant,
1606 969 1719 1023 sive
1747 968 2095 1030 tentationes,

525 1069 638 1123 sive
659 1067 950 1130 maestitiae,
979 1067 1093 1120 sive
1114 1063 1462 1134 cogitationes
1481 1063 1743 1127 molestae,
1765 1061 1878 1117 sive
1894 1059 2102 1129 quidvis

518 1158 684 1224 aliud,
714 1157 847 1213 nihil
875 1157 1108 1227 dejicere
1154 1157 1346 1226 poterit
1371 1155 1586 1209 domum
1615 1163 1720 1206 tam
1747 1151 1949 1206 crebris
1977 1164 2099 1219 pre-

519 1253 827 1307 cationibus
869 1250 1086 1319 ligatam
1115 1258 1274 1316 atque
1309 1245 1586 1300 munitam.
1636 1244 1808 1306 Dices,
1839 1242 1938 1308 Qui
1984 1240 2098 1295 ﬁeri

515 1351 690 1414 potest
720 1350 780 1396 ut
807 1342 968 1396 homo
992 1339 1284 1402 saecularis,
1313 1337 1610 1392 forensibus
1632 1334 1858 1404 negotiis
1883 1332 2093 1398 afﬁxus,

513 1435 686 1489 tribus
715 1433 862 1487 horis
886 1432 992 1487 diei
1040 1438 1310 1501 precetur,
1350 1437 1406 1484 et
1449 1428 1515 1482 ad
1559 1427 1840 1483 ecclesiam
1883 1425 2098 1480 currat?

521 1526 723 1591 Potest,
753 1533 809 1580 et
837 1523 991 1578 facile
1017 1531 1101 1579 est
1132 1539 1148 1588 ;
1176 1523 1298 1578 licet
1317 1523 1460 1576 enim
1482 1521 1547 1576 ad
1569 1520 1852 1576 ecclesiam
1881 1534 2098 1574 currere

517 1630 626 1670 non
656 1616 724 1671 sit
765 1614 1130 1678 commodum,
1180 1621 1352 1682 potest
1401 1612 1525 1666 inihi
1574 1612 1626 1666 in
1673 1610 1788 1665 foro
1832 1610 2098 1679 curimque

516 1707 782 1764 vestibulo
831 1706 1039 1762 haerens
1069 1703 1412 1760 nihilominus
1442 1705 1644 1771 precari
1677 1723 1688 1758 :
1717 1701 1784 1756 ad
1828 1700 1930 1757 hoc
1955 1701 2095 1755 enim

514 1807 694 1856 mente
721 1800 890 1871 magis
917 1812 1050 1869 opus
1076 1808 1158 1853 est
1183 1813 1342 1868 quam
1374 1810 1524 1860 voce,
1548 1795 1710 1850 animi
1754 1793 2096 1848 contentione

514 1893 683 1962 magis
724 1906 882 1962 quam
927 1904 1180 1945 manuum
1225 1886 1585 1944 extensione:
1632 1899 1732 1940 nec
1782 1894 1889 1938 tam
1935 1885 2096 1938 refert

515 1999 624 2053 quo
648 1981 887 2051 corporis
912 1979 1094 2035 habitu
1125 1977 1177 2034 id
1206 1976 1392 2045 facias,
1417 1990 1576 2047 quam
1617 1989 1724 2046 quo
1748 1975 1938 2030 animae
1962 1973 2094 2028 alie-

511 2083 602 2129 ctu
635 2089 651 2125 :
680 2070 1108 2142 quandoquidem
1147 2079 1204 2126 et
1245 2069 1360 2140 ipsa
1404 2071 1558 2124 Anna
1588 2082 1695 2122 non
1723 2065 1794 2122 ob
1829 2065 2092 2121 intensam

511 2165 971 2230 vociferationem,
1015 2164 1110 2221 sed
1154 2163 1226 2220 ob
1269 2163 1539 2219 internum
1587 2159 1764 2217 cordis
1805 2159 2092 2214 clamorem

509 2256 754 2312 exaudita
783 2264 884 2312 est.
919 2255 1056 2310 Dicit
1080 2254 1222 2311 enim
1251 2252 1546 2323 Scriptura,
1598 2249 1710 2306 Vox
1731 2250 1841 2320 ejus
1873 2264 1973 2303 non
1999 2264 2092 2302 asi-

509 2346 758 2410 diebatur,
798 2355 847 2400 et
876 2343 1128 2400 Dominus
1166 2343 1420 2399 exaudivit
1470 2358 1584 2396 eam
1627 2340 1720 2411 (L‘
1749 2338 1877 2411 Reg.
1912 2339 1964 2393 Ι.
1998 2337 2087 2394 15.

507 2437 634 2508 l9).
686 2436 798 2492 Hoc
824 2443 880 2492 et
927 2435 1018 2491 alii
1068 2434 1220 2490 multi
1267 2449 1411 2505 saepe
1455 2435 1714 2496 fecerunt,
1742 2439 1798 2486 et
1823 2429 2089 2484 clamante

505 2529 649 2584 intus
677 2527 1011 2600 magistratu,
1057 2527 1316 2591 minante,
1344 2531 1682 2593 exasperato,
1713 2521 1940 2586 furente,
1986 2518 2086 2588 ipsi

503 2634 603 2691 pro
631 2619 832 2675 foribus
873 2619 1037 2674 curis
1078 2625 1302 2680 stantes,
1335 2621 1617 2685 postquam
1645 2628 1705 2668 se
1745 2626 1901 2666 sacro
1927 2610 2082 2680 signo

510 2711 829 2772 munissent,
859 2715 915 2763 et
942 2719 1108 2778 pauca
1146 2706 1200 2760 in
1229 2705 1408 2760 animo
1435 2703 1656 2773 precati,
1685 2702 1993 2772 introgressi
2017 2699 2084 2755 ad

504 2815 628 2856 eum
659 2807 994 2856 mutaverunt
1021 2797 1317 2863 hominem,
1346 2811 1410 2851 ac
1433 2794 1824 2865 mitigaverunt,
1849 2802 1904 2848 et
1937 2807 2085 2848 man-

504 2900 714 2948 suetum
741 2906 806 2947 ex
835 2904 1026 2961 aspero
1054 2888 1400 2945 reddiderunt
1429 2904 1443 2940 :
1470 2901 1642 2956 neque
1668 2885 1771 2942 illis
1795 2895 1886 2940 aut
1911 2885 2079 2954 locus,

502 2991 596 3038 aut
618 2990 848 3054 tempus,
874 2989 964 3036 aut
987 2980 1256 3037 silentium
1287 2977 1354 3034 ad
1386 2975 1707 3048 precandum
1733 2974 1826 3030 fuit
1855 2975 2080 3045 impedi-

501 3085 704 3131 mento.

570 3167 624 3220 6.
657 3166 768 3220 lloc
795 3165 956 3220 etiam
987 3173 1042 3219 tu
1090 3163 1249 3218 facito
1277 3185 1291 3219 :
1321 3161 1607 3234 ingemisce
1645 3177 1848 3228 amare,
1878 3161 1932 3216 in
1960 3175 2076 3217 me-

500 3256 723 3311 moriam
774 3269 966 3311 revoca
1013 3263 1098 3309 tua
1130 3263 1364 3324 peccata,
1410 3254 1622 3324 suspice
1668 3255 1720 3308 in
1750 3253 1962 3321 caelum,
1991 3251 2079 3307 die

500 3346 556 3400 in
583 3354 782 3408 mente,
815 3343 1058 3399 Miserere
1087 3346 1204 3408 mei,
1242 3345 1401 3409 Deus,
1431 3353 1487 3400 et
1513 3345 1785 3401 absolvisti
1812 3344 2076 3413 precatio-

499 3450 643 3490 nem.
672 3435 772 3502 Qui
796 3435 939 3490 enim
960 3435 1109 3502 dicit,
1138 3434 1398 3500 Miserere,
1425 3435 1808 3490 confessionem
1830 3433 2004 3499 offert,
2024 3442 2080 3488 et

502 3535 778 3595 peccatum
805 3541 959 3580 suum
989 3525 1228 3596 agnoscit
1261 3547 1274 3580 :
1305 3525 1571 3595 lapsorum
1596 3525 1738 3579 enim
1766 3533 1849 3580 est
1869 3524 2078 3580 miseri-

495 3615 731 3672 cordiam
761 3617 1053 3687 requirere.
1084 3617 1184 3685 Qui
1211 3617 1360 3682 dicit,
1395 3617 1638 3672 Miserere
1658 3617 1774 3683 mei,
1798 3618 2072 3672 remissio-

499 3722 622 3762 nem
665 3706 980 3762 delictorum
1025 3708 1233 3778 accepit
1280 3729 1293 3764 :
1337 3709 1424 3778 qui
1474 3708 1615 3762 enim
1659 3708 2072 3764 misericordiam

494 3808 852 3870 consequutus
872 3809 974 3866 cst,
1006 3816 1112 3856 non
1139 3801 1374 3870 punitur.
1401 3801 1500 3868 Qui
1521 3800 1668 3866 dicit,
1695 3800 1934 3856 Miserere
1953 3802 2070 3869 mei,

493 3907 714 3964 regnum
759 3893 1011 3948 czelerum
1062 3894 1291 3950 obtinuit
1323 3915 1336 3949 :
1365 3908 1526 3964 quem
1555 3894 1696 3948 enim
1742 3894 1879 3949 Deus
1908 3895 2071 3950 mise-

493 3995 662 4052 ratur,
684 4000 789 4040 non
817 4001 846 4040 a
875 4001 1029 4056 pmna
1049 3987 1220 4042 solum
1246 3987 1450 4054 liberat,
1478 3986 1572 4042 sed
1598 3986 1891 4042 futurorum
1912 3989 2070 4043 etiam

495 4075 756 4131 honorum
782 4079 1120 4147 possessione
1147 4077 1412 4148 dignatur.

566 4165 754 4220 Procul
776 4183 808 4218 a
836 4168 1018 4235 templo
1046 4167 1270 4222 habitare
1297 4185 1361 4222 an
1390 4177 1585 4222 excuset
1615 4185 1714 4222 non
1739 4167 2026 4224 accedentes
2047 4186 2067 4234 ,°

493 4258 678 4328 ubique
703 4273 851 4310 orare
873 4273 1153 4326 possumus.
1169 4288 1239 4298 —
1253 4258 1330 4313 Ne
1353 4259 1510 4329 igitur
1530 4259 1898 4314 excusationes
1922 4275 2071 4329 quaa-

495 4362 677 4403 ramus
721 4347 948 4403 dicendo
1001 4364 1105 4402 non
1159 4364 1279 4404 esse
1347 4351 1695 4419 propinquam
1750 4349 2071 4419 precationis

491 4437 660 4493 aedem
692 4459 706 4494 :
733 4453 832 4494 nos
875 4441 1015 4494 enim
1063 4441 1225 4510 ipsos,
1265 4442 1309 4495 si
1351 4442 1514 4496 sobrii
1561 4443 1836 4507 fuerimus,
1875 4443 2068 4512 templa

494 4527 589 4581 Dei
637 4527 763 4582 facit
811 4530 977 4598 gratia
1021 4530 1269 4599 Spiritus,
1301 4539 1356 4584 nt
1407 4546 1594 4600 magna
1641 4531 1868 4602 undique
1920 4533 2070 4589 nobis

494 4619 746 4689 precandi
777 4619 996 4676 facultas
1044 4621 1200 4675 adsit.
1242 4621 1424 4691 Neque
1471 4624 1611 4676 enim
1643 4623 1760 4677 talis
1801 4634 1885 4678 est
1929 4625 2070 4694 apud

494 4724 595 4765 nos
620 4709 833 4764 divinus
855 4711 1052 4776 cultus,
1079 4714 1250 4782 qualis
1275 4712 1542 4783 quondam
1565 4713 1706 4784 apud
1723 4714 1936 4771 Judasos
1957 4725 2070 4772 erat

492 4803 720 4859 multum
745 4801 948 4858 habens
976 4805 1304 4860 sensibilium
1331 4805 1772 4873 ceremoniarum,
1803 4806 2070 4877 multaque

489 4893 802 4964 operatione
847 4893 1109 4964 indigens.
1156 4895 1268 4951 lllic
1302 4908 1635 4967 precaturum
1686 4898 1965 4968 oportebat
2001 4899 2068 4954 ad

487 4985 743 5056 templum
767 4986 1077 5054 ascendere,
1108 4995 1367 5043 turturem
1397 5005 1598 5056 emere,
1630 4990 1768 5060 ligna
1811 4999 1865 5046 et
1893 4989 2067 5061 ignem

489 5075 555 5131 ad
583 5091 773 5131 manus
801 5077 1016 5142 habere,
1044 5089 1258 5149 arrepto
1277 5079 1452 5134 cultro
1470 5079 1622 5134 altari
1643 5080 1911 5146 assistere,
1939 5081 2069 5136 alia-

485 5165 604 5240 que"
629 5171 792 5226 multa
837 5180 1100 5242 praecepta
1153 5173 1410 5243 perlicere
1443 5191 1456 5228 :
1485 5172 1571 5228 hic
1616 5173 1745 5228 nihil
1790 5174 1913 5237 tale,
1961 5175 2056 5230 sed

437 5287 446 5290 -
487 5262 814 5334 ubicumque
842 5260 1027 5332 fueris,
1059 5274 1255 5335 praesto
1281 5263 1374 5319 tibi
1394 5275 1472 5320 est
1498 5273 1553 5321 et
1580 5265 1766 5332 altare,
1795 5274 1850 5321 et
1874 5265 2064 5332 culter,

549 5436 622 5508 (tt)
654 5444 769 5496 olla
799 5439 899 5489 sint
928 5438 1010 5488 illa
1313 5439 1479 5490 multis
1500 5439 1882 5502 explanavimus,
1903 5446 2067 5488 etnon

487 5500 767 5573 [castimonia
801 5506 986 5573 tantum
1011 5503 1298 5573 Hiergnymi,
1331 5501 1592 5573 sedetiam
1609 5500 2065 5573 exemplo‘q‘nodam

489 5569 552 5623 ex
575 5559 832 5610 mlas-ibus
849 5562 1002 5623 petito
1021 5559 1404 5623 confirmavimus
1427 5564 1472 5611 in
1498 5562 1620 5610 libro
1642 5559 1953 5623 Antiquitatis
1975 5573 2065 5609 ex-

487 5621 696 5686 planata:
738 5633 799 5686 et
850 5620 1182 5686 schematibus
1201 5622 1468 5683 illustrem,
1491 5629 1620 5674 Tom.
1646 5622 1694 5682 3,
1731 5620 1784 5686 p.
1802 5621 1912 5680 350,
1935 5633 2082 5685 φη..

490 5686 542 5734 ui
561 5679 720 5742 fallor,
736 5683 866 5731 lectu
879 5682 1026 5745 digna
1042 5692 1170 5732 sunt.

1307 308 1364 365 S.
1401 306 1680 364 JOANNlS
1714 298 2191 361 οιιιιγεοετοιιι
2228 302 2542 362 ARClilEP.
2584 306 3114 367 CONSTANTINOP.

3711 313 3836 371 6‘38

2223 429 2277 474 et
2305 421 2514 477 victima
2548 441 2563 476 :
2595 433 2648 479 tu
2680 425 2793 494 ipse
2820 436 2874 482 et
2913 427 3102 494 altare,
3130 435 3184 482 et
3210 426 3480 491 sacerdos.
3505 439 3563 484 et
3587 431 3830 488 victima

2217 529 2294 569 es.
2328 514 2658 587 Ubicumque
2684 520 2824 573 enim
2855 519 3040 586 fueris,
3090 528 3242 590 potes
3286 522 3493 593 erigere
3533 523 3744 589 altare,
3778 525 3830 582 si

2214 606 2447 662 sobriam
2493 609 2652 665 modo
2694 610 3015 666 voluntatem
3065 611 3279 677 afferas,
3307 622 3486 668 necte
3529 625 3622 670 aut
3653 616 3829 671 locus

2213 709 2305 756 aut
2333 708 2546 772 tempus
2590 702 2830 773 impedit,
2872 703 2965 759 sed
2993 703 3201 759 etiamsi
3229 719 3330 760 nec
3371 721 3545 776 genua
3572 707 3780 764 ﬂectas
3807 751 3823 772 .

2213 807 2312 848 nec
2355 802 2540 863 pectus
2569 795 2780 862 tundas,
2819 811 2917 851 nec
2945 810 3136 850 manus
3175 797 3242 851 ad
3271 798 3462 852 caelum
3511 799 3738 868 tendas,
3775 802 3825 855 si

2208 894 2442 941 mentem
2484 887 2656 942 solum
2684 887 2882 942 afferas
2926 888 3200 950 fervidam,
3232 888 3364 944 mbil
3391 889 3483 944 tibi
3509 892 3574 945 ad
3605 907 3819 961 preca-

2211 978 2407 1033 tionem
2436 978 2625 1034 deerit.
2672 979 2822 1034 Licet
2851 980 3008 1034 etiam
3040 979 3247 1035 mulieri
3271 981 3448 1036 colum
3475 984 3680 1037 tenenti
3713 996 3819 1038 aut

2207 1067 2367 1122 telam
2397 1070 2593 1124 texenti
2637 1077 2818 1125 mente
2860 1069 3129 1138 suspicere
3159 1069 3212 1124 in
3261 1071 3472 1138 celum,
3501 1082 3556 1127 et
3581 1072 3813 1128 ardenti

2204 1166 2422 1228 pectore
2449 1159 2616 1213 Deum
2645 1159 2894 1215 invocare
2925 1177 2940 1215 :
2972 1159 3093 1216 licet
3119 1161 3277 1215 etiam
3308 1162 3423 1218 viro
3449 1163 3504 1216 in
3529 1163 3648 1218 foro
3675 1179 3815 1219 ver-

2203 1250 2343 1304 santi
2379 1258 2472 1305 aut
2513 1251 2616 1307 iter
2642 1251 2856 1306 facienti
2895 1260 3095 1306 attente
3122 1253 3327 1322 precari
3359 1269 3374 1306 :
3403 1254 3562 1310 alteri
3603 1255 3806 1310 itidem

2205 1339 2256 1393 in
2282 1339 2492 1395 officina
2521 1340 2726 1396 sedenti
2770 1357 2834 1397 ac
2857 1341 3001 1396 coria
3045 1343 3218 1397 suenti
3247 1343 3478 1398 animam
3507 1345 3575 1399 ad
3600 1345 3805 1400 Domi-

2201 1449 2329 1488 num
2361 1434 2566 1504 erigere
2594 1451 2608 1486 :
2639 1435 2762 1489 licet
2788 1449 2944 1489 servo
2969 1434 3268 1500 obsonanti,
3299 1451 3362 1491 ac
3387 1451 3599 1492 sursum
3627 1438 3806 1493 deor-

2201 1543 2320 1582 sum
2353 1527 2651 1592 cursitanti,
2681 1527 2762 1581 vel
2793 1527 2846 1582 in
2875 1528 3049 1582 culina
3073 1527 3414 1595 ministranti,
3444 1529 3489 1582 si
3519 1545 3626 1584 non
3658 1530 3801 1585 licet

2199 1618 2346 1673 adire
2371 1617 2674 1684 ecclesiam,
2696 1618 3056 1688 precationem
3079 1618 3331 1674 intentam
3352 1634 3415 1674 ex
3439 1620 3545 1675 imo
3567 1631 3800 1690 pectore

2198 1711 2358 1765 ciere.
2403 1709 2516 1765 Non
2568 1709 2730 1780 pudet
2777 1709 2876 1766 loci
2917 1711 3084 1766 Deum
3115 1727 3129 1764 :
3159 1727 3319 1766 unum
3351 1713 3602 1782 postulat,
3629 1730 3796 1769 men-

2201 1809 2304 1856 tem
2333 1800 2624 1856 ferventem
2645 1799 2982 1871 animamque
3004 1799 3318 1856 modestam.
3349 1802 3413 1856 Et
3434 1813 3492 1858 ut
3513 1805 3650 1859 scias
3673 1822 3790 1861 non

2203 1890 2382 1946 habitu
2411 1898 2505 1946 aut
2547 1890 2783 1946 locorum
2829 1899 3196 1961 temporumve
3240 1895 3632 1962 opportunitate
3657 1911 3797 1951 esse

2197 1996 2351 2050 opus,
2384 1980 2477 2036 sed
2521 1981 2702 2036 animo
2749 1981 2918 2051 probo
2954 1996 3017 2035 ac
3047 1982 3210 2052 vigili,
3257 1983 3450 2038 Paulus
3477 1986 3701 2055 supinus
3731 1987 3787 2042 in

2195 2088 2409 2129 carcere
2433 2073 2635 2142 iacens,
2663 2088 2767 2127 non
2798 2083 3008 2128 erectus
3033 2083 3183 2129 stans
3211 2073 3232 2144 (
3257 2090 3428 2146 neque
3451 2077 3593 2131 enim
3622 2093 3783 2132 crim-

2195 2180 2288 2236 pes
2331 2165 2503 2236 lignea
2549 2164 2932 2235 permittebat),
2977 2165 3223 2235 quoniam
3271 2181 3456 2238 magna
3505 2167 3784 2224 alacritate

2193 2254 2507 2325 precabatur
2529 2253 2732 2324 iacens,
2764 2269 3031 2309 carcerem
3074 2255 3356 2321 concussit,
3400 2255 3619 2326 ejusque
3649 2257 3780 2312 fun-

2190 2347 2436 2404 damenta
2464 2346 2771 2412 commovit,
2801 2355 2857 2402 et
2896 2346 3167 2402 custodem
3213 2348 3418 2414 terruit,
3445 2363 3510 2404 ac
3536 2365 3659 2404 mox
3683 2352 3779 2404 in-

2192 2441 2398 2496 itiatum
2425 2440 2492 2496 ad
2517 2441 2768 2513 mysteria
2795 2453 2943 2496 sacra
2969 2439 3213 2510 perduxit
3235 2440 3369 2512 (Act.
3398 2442 3510 2510 l6).
3540 2441 3780 2497 Rursum

2191 2531 2446 2587 Ezechias
2471 2532 2560 2587 ille
2582 2547 2687 2586 non
2717 2541 2927 2587 erectus
2954 2540 3102 2586 stans
3127 2547 3298 2602 neque
3323 2532 3544 2602 genibus
3573 2533 3728 2589 ﬂexis
3755 2575 3771 2600 ,

2191 2623 2289 2680 sed
2317 2623 2539 2693 supinus
2567 2625 2620 2679 in
2647 2623 2784 2679 lecto
2801 2621 3001 2678 cubans
3020 2621 3090 2678 ob
3119 2622 3498 2688 inﬁrmitatem,
3525 2638 3676 2681 versa
3699 2625 3771 2679 ad

2186 2717 2442 2788 parietem
2465 2716 2617 2780 facie,
2637 2715 2884 2788 quoniam
2912 2713 3164 2769 ardenter
3181 2723 3234 2769 et
3251 2714 3563 2784 temperanti
3586 2716 3776 2772 animo

2186 2809 2349 2864 Deum
2378 2808 2659 2874 invocavit,
2691 2807 3010 2863 sententiam
3039 2805 3296 2861 adversus
3324 2820 3385 2861 se
3413 2805 3577 2861 latam
3603 2822 3770 2862 revo-

2184 2901 2344 2968 cavit,
2369 2915 2610 2970 magnam
2633 2898 2730 2954 sibi
2752 2897 2974 2969 gratiam
2996 2896 3314 2962 conciliavit,
3339 2907 3394 2975 et
3417 2897 3468 2952 in
3485 2898 3768 2967 pristinam

2183 2991 2458 3046 restitutus
2483 2998 2565 3045 est
2589 2989 2866 3044 sanitatem
2893 2989 2971 3058 (4.
3021 2987 3146 3056 Reg.
3183 2987 3296 3058 20).
3324 2987 3432 3042 Nec
3450 2989 3621 3044 solum
3647 3005 3767 3042 ma-

2181 3081 2301 3152 gnis
2335 3090 2388 3136 et
2427 3080 2624 3135 sanctis
2662 3079 2789 3134 viris
2815 3078 2917 3133 hoc
2940 3078 3226 3148 contigisse
3250 3077 3430 3132 videas
3447 3119 3460 3143 ,
3488 3078 3582 3133 sed
3608 3079 3768 3133 malis

2181 3173 2362 3229 etiam.
2390 3170 2522 3227 Nam
2549 3181 2604 3226 et
2646 3172 2779 3225 latro
2807 3169 2916 3236 ille,
2966 3184 3072 3224 non
3115 3179 3264 3225 stans
3291 3171 3344 3224 in
3386 3172 3642 3238 oratorio,
3671 3182 3769 3228 aut

2179 3278 2350 3333 genua
2377 3262 2616 3326 flectens,
2643 3261 2736 3315 sed
2767 3260 2820 3314 in
2861 3275 3020 3314 cruce
3046 3259 3335 3326 distensus,
3381 3260 3560 3328 paucis
3584 3259 3766 3316 verbis

2185 3369 2407 3425 regnum
2434 3353 2685 3407 caalorum
2717 3351 3021 3420 impetravit
3049 3349 3198 3421 (Luc.
3227 3350 3317 3405 εδ.
3355 3350 3445 3406 η.
3472 3350 3562 3422 ιδ)
3588 3369 3600 3405 :
3622 3353 3764 3406 alius

2180 3448 2233 3501 in
2264 3447 2435 3501 lacum
2461 3457 2734 3499 caenosum
2779 3443 3073 3512 coniectus,
3101 3441 3235 3496 alius
3263 3441 3315 3495 in
3346 3439 3548 3495 foveam
3574 3440 3762 3496 bestiis

2178 3538 2457 3609 obiectus,
2506 3537 2640 3591 alius
2690 3535 2790 3590 ceti
2838 3535 2960 3589 alvo
3009 3534 3312 3600 conclusus,
3363 3535 3606 3588 invocato
3650 3533 3763 3590 Deo

2177 3631 2316 3686 mala
2350 3629 2595 3684 instantia
2643 3627 3026 3693 discusserunt,
3070 3625 3408 3696 divinamque
3435 3625 3535 3681 sibi
3576 3627 3761 3682 conci-

2178 3725 2373 3780 liarunt
2398 3723 2841 3779 benevolentiam.
2877 3721 2990 3776 Hoc
3017 3735 3266 3775 sermone
3292 3720 3478 3775 hortor
3502 3729 3560 3776 ut
3582 3722 3758 3776 conti-

2176 3832 2280 3872 nue
2304 3814 2650 3883 frequentetis
2671 3811 2945 3876 ecclesias,
2967 3821 3019 3866 et
3047 3810 3190 3865 domi
3219 3826 3339 3865 cum
3363 3825 3552 3882 magna
3577 3812 3762 3882 quiete

2178 3905 2464 3974 precemini
2495 3920 2588 3974 per
2614 3904 2802 3966 Otium,
2831 3916 2998 3972 genua
3026 3901 3318 3965 flectentes,
3348 3915 3642 3970 manusque
3670 3911 3758 3958 at—

2177 3998 2454 4052 tollentes:
2477 3995 2619 4066 quod
2641 3994 2684 4048 si
2709 4002 2916 4061 tempus
2941 4000 3030 4046 aut
3055 3991 3205 4046 locus
3225 4005 3323 4046 nos
3352 3991 3402 4045 in
3421 3991 3760 4048 multitudine

2176 4087 2447 4142 hominum
2493 4082 2889 4153 deprehendat,
2922 4097 3026 4136 non
3074 4089 3157 4136 est
3185 4079 3256 4135 ob
3290 4081 3391 4136 hoc
3415 4096 3445 4135 a
3483 4083 3758 4137 consuetis

2175 4178 2506 4235 orationibus
2534 4175 2872 4239 cessandum,
2901 4174 2994 4230 sed
3025 4174 3094 4229 ita
3125 4184 3180 4228 ut
3208 4182 3436 4229 vestram
3475 4175 3753 4230 caritatem

2175 4269 2378 4329 monui,
2402 4266 2688 4337 precamini
2708 4275 2760 4321 et
2783 4266 3023 4320 invocate
3046 4265 3234 4330 Deum,
3257 4265 3387 4319 certi
3411 4265 3756 4320 nihilominus

2177 4361 2264 4416 tali
2295 4359 2601 4432 precatione
2623 4366 2797 4427 optata
2825 4370 2918 4410 vos
2939 4356 3333 4425 impetraturos.
3359 4355 3473 4410 Non
3497 4355 3612 4411 haec
3633 4356 3754 4410 ideo

2177 4454 2284 4508 dixi
2313 4463 2371 4508 ut
2394 4450 2724 4522 applaudatis
2751 4457 2802 4504 et
2845 4447 3089 4509 laudetis,
3115 4445 3209 4501 sed
3253 4455 3302 4500 et
3331 4461 3495 4515 opere
3519 4461 3579 4501 ea
3612 4462 3752 4516 pne-

2177 4545 2350 4612 stetis,
2380 4551 2544 4612 utque
2571 4551 2678 4596 tam
2707 4548 3022 4595 nocturnum
3051 4552 3208 4608 quam
3245 4537 3490 4591 diurnum
3539 4547 3595 4591 et
3619 4551 3751 4605 opo-

2175 4635 2323 4692 randi
2353 4645 2561 4702 tempus
2588 4631 2726 4685 votis
2754 4645 2818 4686 ac
2859 4627 3252 4699 precationibus
3277 4627 3566 4697 occupetis.
3597 4625 3750 4692 Quod

2173 4724 2215 4780 si
2248 4739 2336 4779 res
2362 4733 2572 4777 nostras
2597 4722 2676 4776 sic
2701 4719 3140 4789 disposuerimus,
3169 4725 3224 4772 et
3246 4726 3561 4786 przesentem
3589 4716 3750 4772 vitam

2175 4824 2286 4870 tuto
2314 4813 2666 4883 transigemns
2688 4851 2703 4875 ,
2749 4819 2804 4865 et
2843 4808 3054 4867 coaleste
3100 4821 3320 4877 regnum
3358 4819 3703 4875 assequemur
3733 4820 3748 4858 :

2171 4921 2279 4977 quo
2325 4904 2478 4960 nobis
2506 4902 2750 4958 omnibus
2782 4899 3058 4970 pervenire
3086 4897 3259 4964 detur,
3301 4895 3468 4966 gratia
3511 4903 3565 4949 et
3597 4895 3752 4950 beni-

2172 4999 2370 5068 gnitate
2397 4994 2602 5051 Domini
2647 4990 2815 5048 nostri
2843 4991 2968 5046 Jesu
2991 4988 3212 5055 Christi,
3245 5004 3340 5058 per
3363 5002 3522 5057 quem
3549 4994 3603 5041 et
3625 5003 3753 5044 rum

2171 5103 2278 5159 quo
2307 5087 2448 5142 Patri
2476 5085 2666 5157 gloria,
2694 5081 2848 5138 simul
2891 5095 3010 5136 cum
3052 5087 3240 5133 sancto
3282 5078 3502 5147 Spiritu,
3529 5086 3753 5134 nuncet

2173 5193 2405 5248 semper,
2427 5184 2482 5233 et
2507 5175 2560 5230 in
2585 5174 2774 5230 saecula
2804 5171 3142 5227 mulorum.
3170 5169 3361 5224 Amen.
