4134 6214
408 315 514 370 667

407 437 567 501 τικάς
612 436 840 510 πράξεις
895 437 1134 498 ἁπάσας,
1179 434 1432 507 καθάπερ
1491 435 1822 506 ίμαντώσεσί
1877 449 1990 486 τισι

1677 317 1765 374 οε
1801 313 1990 370 ANNA
2025 313 2260 376 SEBMO
2297 319 2384 379 IV.

3581 334 3686 392 (68

2102 449 2250 520 νοιαν
2277 436 2335 491 δὲ
2363 440 2527 509 μόνον
2552 444 2824 520 ἐπιδείξῃς
2862 444 3094 518 θερμὴν,
3133 446 3194 499 τὸ
3221 445 3330 500 πᾶν
3373 446 3684 519 ἀπήρτισας

409 526 602 591 ξύλων,
628 528 694 598 τῇ
726 525 975 597 συνεχείᾳ
1019 524 1128 578 τῶν
1158 524 1334 595 εὐχῶν
1361 524 1766 595 διαλαμϐάνων,
1803 523 1993 577 πάντο-
2098 519 2198 590 τῆς
2225 523 2412 597 εὐχῆς.
2451 529 2669 597 Ἔξεστι
2709 519 2803 587 καὶ
2831 535 3069 602 γυναῖκα
3103 533 3384 603 ἠλακάτην
3416 534 3681 604 κατέχουσ-
3722 542 3730 566 τ

409 619 500 672 θέν
526 635 620 672 σου
650 619 991 691 περίφραξον
1016 617 1115 688 τὴν
1144 616 1308 688 ζωήν.
1332 617 1430 672 Ἂν
1453 617 1634 671 τοίνυν
1649 616 1792 670 οὕτω
1809 617 1990 685 ποιῇς,

407 713 513 766 κᾶν
549 712 732 784 μυρίοι
749 709 1054 765 πνεύσωσιν
1083 709 1275 781 ἀνεμοι
1299 710 1506 773 λοιπὸν,
1537 709 1640 765 κάν
1667 709 1980 779 πειρασμοὶ,

405 804 510 856 κᾶν
542 803 790 876 ἀθυμίαι,
818 802 920 856 κᾶν
953 801 1204 874 λογισμοί
1243 819 1388 865 τινες
1433 802 1636 872 ἀηδεῖς,
1670 801 1775 855 κᾶν
1808 799 1988 854 ὁτιοῦν

404 893 604 965 ἐπέλθῃ
662 893 854 956 δεινὸν,
885 893 946 946 οὐ
977 893 1266 963 δυνήσεται
1312 891 1640 945 καταϐαλεῖν
1667 890 1766 962 τὴν
1811 891 1986 945 οἰκίαν

403 985 618 1056 ἐκείνην
634 987 866 1047 πυκναῖς
891 982 1064 1047 οὕτως
1087 983 1275 1054 εὐχαῖς
1298 982 1704 1053 συνδεδεμένην.
1736 981 1837 1035 Καὶ⁸
1870 982 1986 1047 πῶς

402 1077 647 1142 δυνατὸν,
715 1077 899 1148 φησιν,
961 1074 1247 1147 ἄνθρωπον
1311 1075 1600 1145 βιωτικὸν,
1648 1073 1986 1145 δικαστηρίῳ

404 1167 842 1239 προσηλωμένον,
864 1166 1004 1221 κατὰ
1017 1169 1166 1238 τρεῖς
1184 1166 1332 1238 ὥρας
1357 1165 1610 1237 εὐχεσθαι
1625 1167 1724 1237 τῆς
1749 1167 1981 1238 ἡμέρας,

403 1260 497 1314 καὶ
537 1259 618 1322 είς
647 1258 940 1328 ἐκκλησίαν
978 1258 1292 1330 ἐκτρέχειν;
1339 1255 1597 1322 Δυνατὸν,
1647 1256 1742 1310 καὶ
1777 1255 1983 1325 σφόδρα

401 1351 641 1405 εὐκολοψ
684 1352 789 1404 κᾶν
818 1350 927 1422 γάρ
961 1351 1043 1412 εἰς
1071 1349 1367 1417 ἐκκλησίαν
1413 1349 1640 1420 δραμεῖν
1669 1347 1744 1419 μὴ
1779 1346 1979 1419 ῥᾴδιον,

401 1443 611 1497 ἐστῶτα
654 1444 769 1496 ἐκεῖ
810 1441 916 1514 πρὸ
965 1440 1075 1494 τῶν
1121 1440 1322 1511 θυρῶν,
1371 1440 1465 1493 καὶ
1514 1437 1592 1508 τῷ
1647 1437 1981 1508 δικαστηρίῳ

400 1533 821 1606 προσηλωμένον
849 1531 1111 1598 εὔξασθαι
1127 1531 1370 1584 δυνατόν·
1400 1531 1520 1584 οὐδέ
1555 1529 1665 1600 γὰρ
1694 1528 1836 1583 οῦτω
1865 1547 1979 1599 φω-

397 1633 494 1699 νῆς
549 1630 730 1699 χρεία,
765 1628 840 1690 ὼς
869 1625 1126 1688 διανοίας,
1172 1625 1289 1678 οὐδὲ
1333 1623 1608 1685 ἐκτάσεως
1650 1622 1868 1693 χειρῶν,
1905 1622 1980 1686 ῶς

398 1719 801 1789 συντεταμένης
829 1717 1029 1787 ψυχῆς,
1055 1715 1175 1768 οὐδέ
1212 1716 1510 1786 σχήματος,
1541 1711 1679 1766 ἀλλά
1699 1714 1979 1784 φρονήμα-

395 1829 505 1876 τος·
539 1811 661 1865 ἐπεὶ
693 1810 787 1863 καὶ
817 1811 851 1880 ὴ
883 1809 1050 1862 Ἀννα
1075 1804 1234 1876 αῦτη,
1257 1805 1359 1859 οὐκ
1393 1803 1579 1874 ἐπειδὴ
1605 1803 1862 1876 λαμπρὰν
1883 1801 1976 1854 καὶ

398 1902 640 1971 μεγάλην
687 1899 872 1969 ἀφῆκε
922 1897 1106 1968 φωνὴν
1135 1909 1184 1959 ι,
1239 1895 1327 1950 διά
1382 1894 1540 1949 τοῦτο
1578 1894 1828 1964 ἠκούετο,
1859 1891 1975 1947 ἀλλ’

394 1994 579 2065 ἐπειδὴ
605 1992 819 2063 μεγάλα
847 1990 995 2044 ἔνδον
1021 1988 1161 2043 κατά
1187 1987 1288 2058 τὴν
1315 1987 1543 2058 καρδίαν
1572 1986 1720 2040 ἐϐόα.
1768 1987 1830 2039 Ἠ
1857 2003 1975 2054 φω-

392 2086 470 2153 νὴ
501 2085 609 2153 γὰρ
638 2081 830 2151 αὐτῆς
857 2082 970 2136 οὐκ
1009 2079 1281 2147 ἠκούετο,
1315 2078 1467 2149 φησὶ,
1513 2075 1612 2130 καὶ
1649 2076 1975 2144 είσήκουεν

390 2175 582 2242 αὐτῆς
632 2177 665 2228 ό
715 2172 880 2238 Θεός.
925 2170 1098 2225 Τοῦτο
1151 2171 1248 2224 καὶ
1293 2167 1445 2224 ἄλλοι
1494 2167 1679 2221 πολλοὶ
1714 2167 1973 2233 πολλάκις

392 2268 676 2336 ἐποίησαν,
708 2264 802 2318 καὶ
849 2262 1080 2333 βοῶντος
1120 2262 1216 2314 τοῦ
1251 2260 1508 2331 ἄρχοντος
1557 2257 1789 2323 ενδοθεν,
1816 2259 1973 2313 ἀπει-

389 2358 628 2422 λοῦντος,
669 2351 1093 2423 διατεινομένου,
1132 2349 1491 2422 μαινομένου,
1518 2349 1624 2420 πρὸ
1640 2347 1749 2403 τῶν
1790 2348 1972 2421 θυρῶν

389 2449 624 2512 ἑστῶτες
689 2444 1147 2518 σφραγισάμενοι,
1198 2443 1294 2497 καὶ
1340 2441 1498 2510 ὀλίγα
1562 2443 1784 2513 ῥήματα
1828 2441 1972 2497 κατά

387 2543 626 2597 διάνοιαν
654 2537 962 2608 εὐξάμενοι,
994 2534 1328 2597 είσελθόντες
1351 2533 1650 2604 μετέϐαλον
1679 2533 1845 2586 αὐτὸν
1875 2533 1969 2587 καὶ

387 2633 686 2704 ἐπράῦναν,
717 2628 812 2684 καὶ
831 2627 1040 2698 ἥμερον
1066 2625 1124 2693 ἐξ
1149 2623 1342 2695 ἀγρίου
1366 2623 1728 2695 κατέστησανο
1760 2625 1848 2678 καὶ
1877 2625 1969 2678 οὐ-

385 2726 476 2779 δὲν
499 2723 622 2777 οὐτε
668 2721 777 2776 ἀπὸ
814 2718 908 2774 τοῦ
941 2717 1130 2780 τόπου,
1175 2714 1300 2770 οὐτε
1331 2715 1440 2771 ἀπὸ
1467 2715 1562 2770 τοῦ
1601 2715 1820 2788 καιροῦ,
1843 2715 1966 2771 οὐτε

388 2817 493 2871 ἀπὸ
512 2816 612 2886 τῆς
639 2813 798 2883 σιγῆς
823 2810 960 2883 πρὸς
985 2809 1082 2880 τὴν
1103 2808 1269 2879 εὐχὴν
1288 2806 1492 2877 ταύτην
1522 2808 1964 2878 ἐνεποδίσθησαν.

437 2915 518 2965 ς’.
531 2905 706 2961 Τοῦτο
732 2904 797 2976 δή
817 2905 911 2957 καὶ
933 2903 997 2956 σὺ
1020 2900 1263 2972 ποίησον·
1295 2897 1549 2966 στέναξον
1570 2899 1804 2971 πικρῶς,
1834 2900 1967 2956 ἀνα-

389 2995 659 3069 μνήσθητι
680 2993 790 3048 τῶν
814 2993 928 3063 ἀμα
937 2990 1226 3062 ρτημάτων
1244 2988 1354 3042 τῶν
1375 2987 1504 3055 σῶν,
1548 2988 1847 3060 ἀνάϐλεψον
1887 2991 1967 3054 είς

382 3089 476 3143 τὸν
489 3083 738 3158 οὐρανὸν,
764 3081 884 3137 είπέ
897 3079 1039 3136 κατὰ
1057 3079 1316 3134 διάνοιανο
1333 3077 1622 3146 Ἐλέησόν
1629 3095 1730 3148 με.
1744 3082 1778 3134 ὁ
1799 3080 1964 3148 Θεὸς,

385 3179 480 3235 καὶ
509 3172 843 3249 ἀπήρτισται
866 3189 958 3226 σου
981 3174 1014 3242 ἠ
1051 3171 1204 3241 εὐχή.
1221 3169 1284 3224 Ὀ
1307 3169 1416 3239 γὰρ
1441 3168 1631 3234 εἰπὼν,
1647 3169 1964 3238 Ἐλέησον,

384 3269 772 3342 ἐξομολόγησιν
788 3261 1121 3328 ἐπεδείξατο,
1147 3260 1240 3316 καὶ
1259 3260 1366 3315 τῶν
1389 3260 1604 3314 οἰκείων
1627 3261 1966 3334 ἁμαρτημά-

379 3382 489 3418 των
533 3359 685 3431 Ῐ758]
720 3357 935 3426 ἐπέγνω
956 3355 1006 3395 ὶν
1051 3353 1161 3406 τῶν
1191 3352 1301 3426 7&9
1339 3353 1740 3425 ἡμαρτηκότων
1762 3354 1877 3408 ἐστὶ
1903 3354 1965 3408 τὸ

381 3456 666 3512 ἐλεεῖσθαι.
685 3453 743 3506 ’0
778 3449 968 3512 εἰπὼν,
1011 3445 1306 3514 Ἐλέησόν
1316 3462 1412 3514 με,
1444 3445 1790 3517 συγχώρησιν
1805 3445 1963 3500 ἔλασε

379 3547 488 3602 τῶν
525 3540 1093 3614 πεπλημμελημένων*
1118 3536 1268 3608 δγάρ
1301 3535 1542 3606 ἐλεηθεὶς
1570 3537 1628 3590 οὐ
1652 3537 1958 3601 κολάζεται.

391 3640 450 3691 ’0
487 3637 676 3697 εἰπὼν,
713 3631 1000 3698 Ἐλέησόν
1027 3645 1122 3696 με,
1178 3627 1450 3697 βασιλείας
1482 3627 1671 3697 ἔτυχεν
1695 3629 1959 3699 οὐρανῶνο

379 3729 438 3780 ὃν
467 3727 574 3796 7&9
602 3727 630 3778 ὁ
655 3723 785 3784 Θεὸς
824 3719 1058 3788 ἐλεήσει,
1097 3716 1158 3770 οὐ
1197 3715 1470 3778 κολάσεως
1512 3717 1839 3770 ἀπαλλάττει
1869 3716 1964 3787 μό.

381 3837 490 3881 νον,
519 3814 656 3871 ἀλλά
683 3813 776 3867 καὶ
799 3809 910 3863 τῶν
939 3807 1239 3879 μελλόντων
1271 3805 1490 3875 ἀγαθῶν
1517 3803 1676 3871 ἀξιοῖ.

452 3921 542 3991 Μὴ
573 3918 752 3971 τοίνυν
779 3910 1244 3984 πῳφασιζιῦμεθα
1295 3909 1562 3976 λέγοντες,
1586 3908 1662 3972 ὡς
1704 3910 1803 3963 οὐκ
1846 3910 1960 3966 ἐστι

381 4011 604 4084 πλησίον
625 4007 909 4076 εὐκτήριος
939 3999 1105 4064 οἶκος·
1125 4003 1272 4072 ἡμᾶς
1294 3999 1403 4071 γὰρ
1423 3999 1639 4064 αὐτοὺς,
1666 4000 1762 4055 ἐάν
1781 4002 1960 4074 νήφω-

384 4123 502 4175 μεν,
539 4103 699 4162 ναοὺς
721 4097 943 4168 ἐποίησε
973 4093 1067 4148 τοῦ
1089 4091 1224 4146 Θεοῦ
1253 4091 1345 4146 τοῦ
1371 4090 1685 4164 Πνεύματος
1714 4094 1747 4164 ή
1776 4094 1956 4167 χάρις,

378 4201 518 4254 ὥστε
553 4194 720 4266 πολλὴ
767 4190 1030 4246 πάντοθεν
1072 4191 1203 4260 ήμῖν
1237 4190 1270 4260 ή
1324 4187 1564 4242 εὐκολία.
1605 4189 1717 4242 Καὶ
1758 4189 1868 4260 γὰρ
1896 4190 1955 4243 οὐ

376 4288 599 4356 τοιαύτη
630 4284 785 4356 ήμῶν
812 4284 845 4354 ὴ
875 4279 1121 4352 λατρεία,
1153 4278 1240 4331 οῖα
1271 4277 1423 4348 παρά
1437 4277 1710 4342 Ἰουδαίοις
1738 4279 1797 4332 τὸ
1825 4279 1958 4350 πρό-

376 4396 534 4450 τερον
553 4373 642 4448 ἦν,
661 4373 792 4428 πολὺ
815 4371 875 4426 τὸ
896 4369 1152 4439 αἰσθητὸν
1167 4368 1383 4440 ἔχουσα,
1402 4367 1495 4421 καὶ
1509 4368 1710 4439 πολλῆς
1727 4369 1955 4440 δεομένη

378 4466 776 4542 πραγματείας.
803 4464 950 4517 Ἐκεῖ
979 4461 1078 4532 μὲν
1101 4459 1208 4531 7&9
1239 4459 1329 4514 τὸν
1355 4459 1647 4530 εὐχόμενον
1673 4461 1768 4515 καὶ
1791 4463 1872 4525 είς
1895 4460 1956 4514 τὸ

379 4561 522 4632 ἱερὸν
546 4556 811 4626 ἀναϐῆναι
841 4554 967 4616 ἔδει,
993 4552 1087 4606 καὶ
1119 4551 1356 4624 τρυγόνα
1386 4550 1670 4622 πρίασθαι,
1697 4552 1792 4606 καὶ
1824 4551 1955 4618 ξύλα

380 4654 474 4708 καὶ
504 4649 615 4721 πῦρ
641 4646 1038 4719 μεταχειρίσαι,
1075 4644 1169 4697 καὶ
1207 4643 1486 4714 μάχαιραν
1522 4643 1730 4709 λαϐεῖν,
1757 4644 1954 4716 καὶτῷ

376 4744 545 4818 βωμῷ
573 4739 940 4814 παραστῆναι,
974 4737 1067 4790 καὶ
1097 4735 1268 4789 πολλά
1302 4736 1466 4806 ἔτερα
1492 4735 1741 4791 διανύσαι
1773 4738 1955 4791 ἐπιτά-

370 4852 574 4907 γματα·
603 4829 836 4886 ἐνταῦθα
865 4827 921 4880 δέ
951 4826 1105 4879 οὐδὲν
1144 4822 1407 4887 τοιοῦτον,
1438 4824 1553 4878 ἀλλ’
1586 4827 1832 4899 ὅπουπερ
1885 4828 1954 4882 ἂν

370 4928 467 5003 ᾗς,
493 4929 554 4983 τὸ
593 4925 978 4994 θυσιαστήριον
1010 4918 1153 4992 ἔχεις
1192 4917 1330 4989 μετὰ
1357 4919 1575 4984 σαυτοῦ,
1605 4919 1699 4973 καὶ
1719 4920 1818 4992 τήν
1851 4922 1953 4991 μά-

369 5036 586 5091 χαιραν,
611 5018 714 5071 ’καὶ
753 5014 814 5068 τὸ
851 5013 1067 5085 ἱερεῖον,
1099 5008 1262 5071 αὐτὸς
1291 5007 1366 5061 ῶν
1401 5009 1466 5062 σὺ
1497 5010 1590 5062 καὶ
1620 5009 1823 5082 ἱερεὺς,
1855 5013 1952 5066 καὶ
1998 5080 2003 5084 1

371 5110 773 5179 θυσιαστήριον,
799 5105 895 5158 καὶ
937 5104 1151 5174 ἱερεῖον.
1181 5101 1356 5152 Ὅπου
1378 5100 1488 5171 γὰρ
1516 5100 1582 5154 ἂν
1609 5099 1696 5172 ᾖς,
1724 5102 1951 5158 δύνασαι

371 5205 565 5272 στῆσαι
590 5199 680 5252 τὸν
706 5196 907 5267 βωμὸν,
939 5193 1258 5267 προαίρεσιν
1293 5193 1570 5261 νήφουσαν
1610 5193 1954 5264 ἐπιδειξάμε-

367 5313 457 5357 νος
494 5292 686 5364 μύνον,
721 5288 817 5342 καὶ
849 5286 999 5339 οὐδὲν
1031 5283 1232 5339 κωλύει
1273 5283 1465 5347 τόπος,
1506 5283 1628 5337 οὐδέ
1669 5284 1950 5354 ἐμποδίζει

367 5384 579 5455 καιρὸς,
614 5379 752 5436 ἀλλὰ
780 5377 884 5431 κᾶν
917 5375 1122 5444 γόνατα
1164 5375 1240 5446 μὴ
1270 5374 1479 5446 κλίνης,
1513 5375 1618 5427 κᾶν
1649 5374 1724 5446 μὴ
1756 5374 1952 5443 στῆθος

365 5477 529 5548 τύψας
559 5473 651 5528 καῖ
693 5471 787 5534 τὰς
812 5471 1002 5540 χεῖρας
1023 5467 1102 5530 εἰς
1132 5467 1222 5519 τὸν
1245 5465 1470 5537 οὐρανὸν
1499 5467 1808 5538 ἀνατείνῃς,
1836 5465 1951 5520 διά-

428 5719 454 5748 ⁸
488 5711 755 5762 Comm-lini
781 5714 834 5756 et
852 5707 975 5768 Reg.
1001 5703 1208 5767 μεγάλην
1226 5703 1327 5768 εἶχε
1359 5705 1534 5768 φωνήν.

428 5779 454 5820 ι
487 5780 612 5839 Reg,
633 5786 777 5830 unus,
803 5766 951 5820 (‘0le
969 5766 1092 5815 unus
1116 5766 1342 5827 κατέγνω,

2100 624 2222 676 σαν,
2254 613 2350 667 καὶ
2383 617 2777 690 ίστουργοῦσαν
2800 621 3106 691 ἀναϐλέψαι
3128 622 3210 685 είς
3236 621 3328 675 τὸν
3355 621 3585 693 οὐρανὸν
3610 626 3679 694 τῇ

2095 696 2323 773 διανοίᾳ,
2359 705 2456 758 καὶ
2481 706 2707 762 καλέσαι
2738 709 2878 780 μετὰ
2905 709 3241 781 θερμότητος
3271 709 3365 764 τὸν
3401 710 3565 765 Θεόν⁹
3595 711 3682 777 ἔξ·-

2095 801 2212 841 εστι
2233 789 2326 842 καὶ¹
2359 791 2647 864 ἄνθρωπον
2676 797 2758 860 είς
2799 795 3009 869 ἀγορὰν
3039 796 3400 868 ἐμϐάλλοντα,
3432 797 3528 852 καὶ
3556 798 3681 852 καθ’

2096 873 2285 932 ἐαυτὸν
2303 876 2585 947 βαδίζοντα
2606 881 2772 953 εὐχάς
2794 884 3064 938 ποιεῖσθαι
3086 887 3324 949 ἐκτενεῖς
3339 903 3354 915 ⁸
3382 887 3478 940 καὶ
3492 887 3679 957 ἕτερον

2081 966 2181 1031 ,ἐπ’
2223 967 2589 1045 ἐργαστηρίου
2625 975 2932 1047 καθήμενον
2969 977 3065 1030 καὶ
3102 976 3347 1048 δέρματα
3379 978 3673 1044 ῥάπτοντα,

2091 1059 2191 1131 τὴν
2215 1061 2392 1134 ψυχήν
2421 1065 2700 1121 ἀναθεῖναι
2731 1067 2869 1139 πρὸς
2900 1067 2992 1121 τὸν
3024 1068 3329 1139 Δεσπότην·
3369 1068 3577 1134 ἔξεστιν
3600 1071 3674 1122 οί-

2090 1151 2248 1224 κέτῃ,
2284 1157 2378 1210 καὶ
2407 1157 2719 1230 ὼνουμένῳ,
2757 1161 2850 1214 καὶ
2891 1161 3237 1215 ἀναϐαίνοντι
3276 1163 3371 1216 καὶ
3409 1161 3672 1216 καταϐαί-

2090 1261 2256 1309 νοντι,
2281 1248 2372 1300 καί
2401 1250 2700 1322 μαγειρείῳ
2731 1251 3064 1323 παρεστῶτι,
3089 1253 3216 1307 ὅταν
3247 1253 3322 1324 μὴ
3350 1253 3570 1308 δυνατὸν
3592 1255 3673 1317 είς

2090 1336 2388 1407 ἐκκλησίαν
2419 1340 2613 1406 ἐλθεῖν,
2647 1342 2813 1414 εὐχὴν
2849 1344 3118 1397 ποιεῖσθαι
3145 1345 3338 1414 ἐκτενῆ
3365 1344 3460 1397 καὶ
3487 1344 3672 1414 διεγη-

2087 1431 2386 1501 γερμένην.
2413 1433 2526 1486 Οὐκ
2564 1434 2954 1506 ἐπαισχύνεται
2981 1435 3145 1491 τόπον
3174 1437 3202 1488 ὁ
3230 1436 3362 1500 Θεός
3382 1453 3396 1466 ο
3425 1434 3483 1488 ἐν
3517 1433 3672 1506 ζητεῖ

2091 1521 2252 1592 μόνον
2277 1565 2293 1590 ,
2332 1523 2572 1579 διάνοιαν
2614 1525 2858 1599 θερμὴν,
2907 1529 3000 1581 καὶ
3048 1527 3225 1598 ψυχὴν
3260 1527 3665 1598 σωφρονοῦσαν.

2087 1610 2192 1664 Καὶ
2243 1613 2328 1666 ἴνα
2375 1614 2575 1686 μάθῃς,
2615 1616 2695 1669 ὅτι
2735 1617 2796 1670 οὐ
2829 1618 3109 1687 σχήματος
3144 1617 3303 1689 χρεία
3357 1619 3450 1671 καὶ
3487 1619 3667 1670 τόπων

2086 1703 2304 1767 πάντως
2345 1708 2438 1758 καὶ
2473 1706 2702 1776 καιρῶν,
2741 1707 2877 1762 ἀλλά
2900 1709 3248 1780 φρονήματος
3284 1710 3532 1777 γενναίου
3572 1713 3666 1762 καὶ¹

2083 1795 2528 1868 διεγηγερμένου,
2549 1799 2803 1863 ὀῐΙαῦλος
2832 1800 3019 1864 ὕπτιος
3047 1802 3140 1854 ἐπὶ
3171 1801 3264 1855 τοῦ
3292 1801 3664 1873 δεσμωτηρίου

2084 1889 2359 1958 κείμενος,
2380 1891 2473 1941 καὶ
2494 1890 2593 1943 οὐκ
2617 1890 2776 1959 ὀρθὸς
2802 1891 2970 1954 ἑστὼς
2994 1893 3078 1960 (οὐ
3102 1894 3209 1962 γὰρ
3229 1893 3379 1962 ἠφίει
3401 1893 3463 1945 τὸ
3487 1893 3665 1958 ξύλον,

2082 1973 2127 2049 ᾧ
2163 1982 2290 2045 τοὺς
2328 1981 2495 2045 πόδας
2528 1982 2790 2053 ἐδέδετο),
2830 1983 3018 2055 ἐπειδὴ
3051 1983 3191 2054 μετά
3227 1983 3535 2055 προθυμίας
3565 1985 3666 2054 ηὐο

2083 2071 2212 2138 ξατο
2244 2075 2518 2146 κείμενος,
2552 2073 2613 2128 τὸ
2646 2074 3020 2148 δεσμωτήριον
3054 2075 3256 2141 ἔσεισε,
3285 2075 3379 2128 καὶ
3407 2077 3476 2129 τά
3509 2075 3665 2146 θεμέ-

2079 2166 2168 2220 λια
2202 2166 2519 2220 διεσάλευσε
2556 2177 2605 2232 ο,
2639 2167 2731 2222 καὶ
2763 2167 2855 2220 τὸν
2900 2167 3286 2237 δεσμοφύλακα
3331 2166 3521 2238 ἔδησε,
3568 2168 3664 2221 κα)⁸

2081 2256 2218 2328 πρὸς
2242 2257 2342 2328 τὴν
2379 2257 2530 2327 ἱερὰν
2563 2258 2703 2327 μετά
2745 2257 2919 2310 ταῦτα
2949 2256 3339 2327 μυσταγωγίαν
3371 2256 3663 2329 ἐχειραγὼσ

2078 2368 2235 2420 γησε.
2264 2351 2431 2405 Πάλιν
2455 2355 2485 2406 δ
2511 2353 2758 2417 Ἐζεκίας
2777 2353 2878 2407 οὐκ
2905 2353 3065 2424 ὀρθὸς
3096 2351 3289 2416 ἐστὼς,
3320 2352 3440 2406 οὐδέ
3459 2352 3661 2421 γόνατα

2080 2442 2284 2506 κλίνας.
2313 2442 2428 2496 ἀλλ’
2465 2442 2656 2508 ὕπτιος
2692 2445 2786 2496 ἐπὶ
2811 2445 2909 2515 τῆς
2941 2446 3132 2515 κλίνης
3161 2445 3417 2513 κείμενος
3435 2443 3524 2498 διὰ
3558 2445 3662 2515 τήν

2077 2533 2391 2603 ἀρρωστίαν
2409 2574 2426 2598 ,
2457 2533 2696 2604 στρέψας
2727 2535 2918 2588 ἐαυτὸν
2957 2536 3052 2589 ἐπὶ
3083 2535 3174 2588 τὸν
3204 2537 3420 2606 τοῖχον,
3469 2535 3659 2606 ἐπειδὴ

2075 2623 2168 2676 τὸν
2201 2621 2334 2676 Θεὸν
2367 2622 2586 2694 θερμῶς
2633 2623 2860 2676 ἐκάλεσε
2910 2625 3006 2677 καὶ
3043 2623 3184 2693 μετά
3223 2624 3404 2696 ψυχῆς
3445 2640 3660 2695 σωφρο-

2075 2713 2294 2784 νούσης,
2319 2715 2414 2768 καὶ
2443 2715 2719 2783 ἀπόφασιν
2749 2714 3122 2786 ἐξενεχθεῖσαν
3147 2715 3532 2780 ἀνεκαλέσατο,
3563 2717 3659 2770 καὶ

2077 2805 2280 2874 πολλὴν
2317 2805 2668 2861 ἐπεσπάσατο
2698 2805 2800 2875 τὴν
2830 2803 3068 2873 εὔνοιαν,
3105 2807 3202 2862 καὶ
3230 2806 3367 2880 πρὸς
3399 2807 3498 2880 τήν
3521 2825 3657 2879 προ-

2072 2899 2239 2969 τέραν
2263 2897 2532 2970 ἐπανῆλθε
2565 2897 2776 2966 ὑγείαν.
2819 2898 2932 2952 οὐκ
2957 2899 3044 2951 ἐπ’
3061 2899 3271 2971 ἀνδρῶν
3291 2899 3536 2970 δέἀγίων
3562 2901 3658 2955 καὶ

2077 2991 2331 3061 μεγάλων
2361 2990 2544 3059 μόνον,
2572 2989 2710 3044 ἀλλά
2742 2989 2840 3045 καὶ
2867 2991 2960 3044 ἐπὶ
2990 2991 3244 3063 πονηρῶν
3268 2992 3429 3047 τοῦτο
3447 2993 3546 3047 ῐδοι
3571 3011 3658 3058 τις

2075 3083 2143 3138 ἂν
2180 3083 2496 3153 συμϐαῖνον.
2525 3083 2637 3137 Καὶ
2662 3083 2772 3155 γὰρ
2801 3085 2830 3138 δ
2863 3083 3097 3158 λῃστὴς,
3137 3084 3238 3138 οὐκ
3265 3085 3324 3138 ἐν
3359 3085 3496 3157 οἴκῳ
3522 3089 3656 3151 στάς

2073 3175 2368 3248 εὐκτηρίῳ,
2408 3175 2530 3230 οὐδὲ
2559 3175 2762 3244 γόνατα
2789 3175 2997 3242 κλίνας,
3027 3175 3140 3230 ἀλλ’
3162 3176 3256 3230 ἐπὶ
3290 3175 3383 3231 τοῦ
3417 3179 3654 3251 σταυροῦ

2072 3268 2384 3339 τεταμένος,
2419 3268 2528 3322 ἀπὸ
2569 3267 2829 3340 ῥημάτιον
2871 3267 3068 3335 ὀλίγων
3099 3267 3203 3340 τῆς
3238 3269 3518 3340 βασιλείας
3544 3271 3657 3327 τῶν

2069 3361 2316 3434 οὐρανῶν
2355 3363 2616 3433 ἐπέτυχεν
2637 3380 2650 3392 ·
2687 3361 2845 3425 ἄλλος
2892 3361 2950 3415 ἐν
2999 3360 3244 3434 βορϐόρῳ
3291 3365 3384 3418 καὶ
3429 3363 3618 3436 λάκκῳ
3636 3405 3652 3429 ,

2071 3455 2228 3519 ἀλλος
2257 3453 2407 3527 [759]
2435 3455 2491 3508 ἐν
2521 3453 2711 3523 λάκκῳ
2734 3455 2828 3506 καὶ
2853 3452 3084 3524 θηρίοις,
3096 3452 3284 3526 ἕτερος
3304 3456 3362 3508 ἐν
3393 3455 3530 3527 αὐτῇ
3556 3456 3651 3511 τοῦ

2070 3550 2269 3617 κήτους
2286 3546 2354 3616 τῆ
2377 3544 2550 3616 νηδύϊ,
2576 3544 2666 3597 τὸν
2683 3543 2814 3596 Θεὸν
2837 3544 3335 3614 παρακαλέσαντες,
3356 3544 3426 3599 τὰ
3445 3547 3654 3599 ἐπικεί-

2073 3656 2212 3710 μενα
2243 3639 2456 3692 ἅπαντα
2493 3636 2765 3698 διέλυσαν,
2796 3638 2890 3690 καὶ
2926 3636 3024 3706 τὴν
3061 3637 3269 3690 ἀνωθεν
3301 3635 3516 3690 εὔνοιαν
3552 3639 3649 3689 ἐπ-

2070 3729 2399 3782 εσπάσαντο.
2419 3727 2531 3780 Καὶ
2555 3727 2726 3780 ταῦτα
2763 3727 2860 3797 μὲν
2901 3727 3089 3794 λέγων,
3126 3725 3379 3796 παραινῶ
3411 3727 3649 3796 συνεχῶς

2069 3821 2189 3881 ταῖς
2235 3817 2552 3887 ἐκκλησίαις
2598 3814 3020 3886 ἐπιχωριάζειν,
3066 3817 3160 3869 καὶ
3207 3818 3265 3869 ἐν
3309 3816 3456 3888 οίκίᾳ
3509 3816 3650 3887 μετὰ

2069 3909 2271 3978 πολλῆς
2310 3907 2543 3978 ἡσυχίας
2580 3905 2860 3978 εὔχεσθαι,
2889 3906 2987 3959 καὶ
3035 3905 3176 3959 κατὰ
3222 3905 3419 3976 σχολὴν
3445 3907 3649 3974 γόνατα

2067 3995 2372 4062 κλίνοντας,
2404 3997 2499 4050 καὶ
2534 3995 2632 4059 τὰς
2663 3998 2854 4066 χεῖρας
2889 3994 3269 4059 ἀνατείνοντας
3289 4013 3302 4027 ·
3329 3997 3378 4049 εί
3409 3997 3465 4050 δέ
3493 3998 3526 4068 ἢ
3559 3998 3648 4054 διὰ

2068 4088 2279 4160 καιρὸν,
2311 4089 2342 4160 ἢ
2384 4087 2473 4141 διά
2504 4088 2669 4141 τόπον
2711 4087 3160 4160 ἀποληφθείημεν
3201 4088 3404 4159 μεταξὺ
3433 4089 3646 4144 πολλῶν

2067 4177 2286 4247 ἐτέρων,
2322 4177 2396 4247 μὴ
2424 4175 2512 4229 διὰ
2540 4175 2699 4229 τοῦτο
2725 4177 2823 4240 τὰς
2854 4177 3106 4247 συνήθεις
3131 4178 3532 4249 ἀπολιμπάνειν
3556 4181 3646 4234 εὐ-

2064 4267 2185 4336 χὰς,
2215 4266 2348 4321 ἀλλά
2380 4266 2570 4320 τοῦτον
2605 4268 2699 4320 τὸν
2729 4268 2952 4338 τρόπον,
2980 4270 3150 4340 ὅνπερ
3187 4265 3342 4324 εἷπον
3371 4271 3508 4341 πρὸς
3543 4272 3644 4342 τὴν

2065 4358 2338 4428 ὑμετέραν
2354 4358 2600 4428 ἀγάπην,
2623 4357 2846 4430 εὐχεσθε
2871 4360 2965 4412 καὶ
2989 4361 3353 4432 παρακαλεῖτε
3372 4363 3461 4417 τὸν
3487 4363 3640 4428 Θεὸν,

2062 4447 2138 4511 ὡς
2173 4447 2325 4501 οὐδὲν
2367 4448 2588 4501 ἔλαττον
2627 4448 2780 4519 παρά
2811 4449 3016 4521 ταύτην
3056 4450 3268 4516 ἕξοντες
3315 4453 3415 4524 τὴν
3455 4453 3640 4525 εὐχήν.

2065 4538 2250 4593 Ταῦτα
2281 4535 2468 4602 εἷπον,
2522 4541 2621 4610 οὐχ
2652 4541 2740 4593 ἵνα
2794 4542 3098 4612 κροτήσητε
3143 4543 3237 4596 καὶ
3288 4542 3640 4615 θαυμάσητε,

2061 4633 2176 4688 ἀλλ’
2204 4633 2290 4686 ἴνα
2328 4632 2418 4687 διά
2460 4632 2567 4687 τῶν
2611 4633 2786 4706 ἔργων
2831 4633 2970 4687 αὐτά
3012 4634 3370 4705 ἐπιδείξησθε,
3412 4638 3505 4690 καὶ
3551 4638 3643 4690 τὸν

2061 4725 2254 4796 καιρὸν
2280 4725 2370 4780 τὸν
2394 4728 2493 4798 τῆς
2525 4726 2718 4790 νυκτὸς
2754 4726 2846 4780 καὶ
2886 4726 2977 4778 τὸν
3006 4726 3106 4794 τῆς
3131 4728 3372 4798 ἡμέρας,
3415 4729 3508 4782 καὶ
3551 4729 3642 4782 τὸν

2059 4819 2160 4889 τῆς
2193 4819 2458 4891 ἐργασίας
2473 4819 2499 4858 ά
2523 4819 2712 4890 καιρὸν
2735 4820 2792 4871 ἐν
2816 4819 3004 4889 εὐχαῖς
3039 4819 3136 4874 καὶ
3165 4820 3382 4892 δεήσεσι
3407 4821 3638 4889 διαλαμ-

2049 4910 2334 4974 ϐάνοντες.
2353 4911 2451 4963 ’Ἂν
2473 4909 2616 4964 οὕτω
2641 4912 2710 4965 τά
2732 4912 2854 4964 καθ’
2883 4912 3110 4976 ἑαυτοὺς
3135 4911 3524 4982 οίκονομῶμεν,
3547 4913 3641 4964 καὶ

2059 5003 2152 5056 τὸν
2185 5003 2430 5070 παρόντα
2464 5001 2601 5071 μετά
2655 5002 2954 5071 ἀσφαλείας
2988 5002 3313 5072 διανύσομεν
3357 5001 3502 5070 βίον,
3543 5001 3639 5054 καὶ

2059 5102 2160 5171 τῆς
2183 5099 2463 5172 βασιλείας
2487 5099 2596 5151 τῶν
2617 5099 2860 5168 οὐρανῶν
2886 5096 3280 5166 ἐπιτευξόμεθα
3299 5113 3314 5128 ο
3339 5090 3408 5164 ἧς
3429 5096 3642 5162 γένοιτο

2061 5193 2270 5254 πάντας
2296 5190 2444 5260 ἡμᾶς
2471 5189 2767 5258 ἐπιτυχεῖν,
2799 5187 2981 5257 χάριτι
3014 5187 3110 5239 καὶ
3137 5185 3514 5258 φιλανθρωπίᾳ
3543 5183 3638 5239 τοῦ

2061 5283 2266 5355 Κυρίου
2306 5281 2462 5352 ήμῶν
2499 5279 2674 5350 Ἰησοῦ
2705 5277 2960 5350 Χριστοῦ,
2992 5277 3060 5330 δι’
3089 5268 3151 5330 οὐ
3180 5277 3276 5330 καὶ
3306 5275 3426 5346 μεθ’
3455 5272 3517 5331 οὐ
3559 5276 3639 5347 τῷ

2060 5371 2238 5444 Πατρὶ
2275 5373 2308 5444 ή
2341 5371 2487 5436 δόξα,
2519 5371 2633 5442 ἀμα
2660 5369 2738 5441 τῷ
2762 5369 2900 5439 ἀγίῳ
2928 5367 3227 5440 Πνεύματι,
3261 5367 3366 5422 νῦν
3391 5368 3484 5421 καὶ
3528 5366 3638 5433 ἀεὶ,

2062 5465 2156 5520 καὶ
2177 5465 2257 5529 είς
2285 5463 2411 5526 τοὺς
2445 5462 2648 5526 αἰῶνας
2665 5460 2772 5514 τῶν
2803 5459 3030 5513 αἰώνων.
3068 5461 3263 5530 Ἀμήν.

2125 5701 2150 5761 ς
2171 5699 2293 5761 Beg.
2319 5697 2564 5761 ἐσάλευσε.

2127 5759 2152 5800 d
2177 5757 2300 5823 Be'g.
2324 5765 2379 5808 el
2407 5758 2545 5807 (ιβιδ.
2574 5771 2702 5808 unus
2722 5759 2902 5819 ἡμέρας
2919 5757 3069 5808 ποιεῖν
3103 5757 3338 5819 ἐργασίας.
