4110 6214
315 318 424 372 ϐίω

953 417 1182 474 SEBMO
1225 415 1286 468 γ.

317 545 566 597 Attum-uis
604 552 686 590 eos
711 535 794 606 qui
819 542 1014 586 tantum
1054 531 1107 582 in
1137 527 1274 599 festis
1303 525 1621 587 conveniunt,
1651 532 1696 576 et
1744 521 1897 592 quid-

395 649 510 686 nam
537 631 600 684 sit
626 631 840 700 festum;
872 625 987 678 item
1011 621 1252 676 adversm
1277 635 1360 673 eos
1386 618 1472 690 qui
1509 617 1741 670 incusarat
1768 614 1900 667 diri-

394 739 511 776 nam
537 717 900 787 providentiam
921 756 937 782 ,
979 731 1036 768 eo
1077 713 1213 782 quod
1241 713 1292 765 in
1322 710 1415 764 hac
1444 710 1544 763 vita
1569 708 1772 776 quidam
1800 708 1901 760 sint

391 812 588 874 divites,
619 810 822 880 quidam
853 820 1101 875 pauperes
1126 820 1144 856 :
1174 800 1310 871 quod
1337 809 1608 870 paupertas
1633 797 1900 850 utilissima

389 904 475 967 sit,
503 911 548 955 et
575 888 713 968 quod
742 907 1016 968 paupertas
1042 895 1156 964 plus
1200 893 1472 961 voluptatis
1517 907 1576 942 ac
1621 887 1903 943 securitatis

392 995 572 1063 ubique
599 991 810 1056 habeat,
837 1005 990 1059 quant
1018 986 1242 1050 diuitice;
1270 985 1488 1053 itemque
1524 983 1586 1036 de
1625 982 1790 1035 Anna.

397 1133 451 1186 t.
473 1130 718 1194 Frustra,
737 1135 798 1182 ut
819 1124 1046 1186 videtur.
1067 1121 1263 1192 eosqui
1284 1116 1603 1191 pmcedenti
1623 1113 1902 1170 adfuerunt

322 1222 561 1276 etillecter
577 1260 593 1284 ,
625 1217 816 1273 hortati
840 1229 1024 1270 sumus
1043 1254 1065 1282 ,
1087 1221 1147 1268 ut
1179 1212 1230 1266 in
1254 1218 1474 1283 paterna
1497 1208 1656 1264 domo
1691 1220 1906 1276 perma-

326 1317 535 1376 nerent,
557 1318 612 1363 et
636 1323 740 1362 non
771 1321 872 1360 una
900 1319 1022 1360 cum
1066 1303 1165 1367 iis,
1211 1301 1301 1371 qui
1331 1299 1481 1355 festis
1517 1297 1706 1352 diebus
1732 1295 1904 1350 solum

331 1403 419 1456 hic
443 1415 502 1455 se
525 1401 738 1462 sistunt,
768 1395 1086 1452 accederent
1112 1391 1180 1448 ad
1209 1407 1308 1446 nos
1325 1433 1339 1456 ,
1365 1405 1429 1444 ac
1448 1401 1656 1444 rursum
1677 1383 1905 1440 decede-

326 1501 444 1546 rent
471 1508 484 1543 :
518 1491 626 1544 imo
649 1503 776 1542 vero
817 1501 921 1540 non
954 1485 1169 1539 frustra.
1210 1480 1344 1535 Nam
1385 1478 1483 1533 etsi
1512 1474 1709 1532 nemini
1736 1489 1802 1529 ex
1828 1473 1906 1528 eis

328 1596 638 1655 persuasum
662 1589 806 1636 esset
825 1577 1065 1632 oratione
1087 1582 1266 1629 nostra
1284 1614 1298 1639 ,
1321 1570 1475 1625 nobis
1496 1577 1673 1622 tamen
1696 1578 1902 1619 merces

327 1677 528 1746 integra
568 1680 780 1735 manet,
808 1669 1125 1740 plenamque
1165 1663 1420 1720 habemus
1447 1658 1588 1729 apud
1616 1658 1780 1712 Deum
1807 1655 1905 1710 de-

327 1767 643 1820 fensionem.
661 1759 1020 1828 Quamobrem
1038 1764 1246 1826 oportet
1257 1753 1707 1810 concinnatorem.
1720 1749 1908 1802 etiam-

329 1859 372 1912 si
417 1870 576 1911 nemo
605 1852 843 1908 attendat
862 1892 885 1919 ,
913 1851 1118 1905 semina
1139 1849 1339 1917 jacere,
1367 1853 1422 1900 et
1449 1843 1722 1913 pecuniam
1743 1839 1908 1908 depo-

329 1964 457 2005 nere
480 1989 496 2014 ,
537 1956 593 2002 ut
624 1953 806 2017 postea
852 1944 992 1998 Deus
1022 1956 1125 1996 non
1153 1939 1222 1993 ab
1252 1939 1368 2002 illo,
1401 1935 1496 1992 sed
1535 1949 1565 1988 a
1600 1931 1909 1988 numulariis

331 2039 586 2095 rationem
630 2042 896 2107 reposcat.
938 2030 1090 2098 Quod
1135 2043 1266 2084 sane
1304 2027 1463 2082 etiam
1507 2039 1606 2078 nos
1648 2022 1904 2084 fecimus,

329 2129 623 2202 arguendo,
655 2123 981 2194 increpando
1003 2163 1018 2185 ,
1044 2117 1398 2183 obsecrando,
1442 2111 1808 2169 admonendo.
1850 2111 1909 2165 lu

331 2222 433 2275 hue
457 2220 599 2274 enim
630 2216 780 2270 vobis
804 2210 1338 2270 commemoravimus
1364 2206 1526 2261 filium
1553 2205 1702 2258 illum
1732 2210 1911 2270 pater-

332 2307 840 2365 narutul‘acultatum
855 2304 1276 2372 absumptorem,
1297 2297 1506 2353 tandem
1536 2293 1604 2350 ad
1636 2301 1910 2362 paternam

331 2403 548 2457 domum
598 2396 926 2469 postliminio
972 2406 1248 2449 reversum
1271 2429 1288 2454 ,
1338 2387 1748 2454 universamque
1795 2382 1916 2449 ejus

333 2491 624 2552 miseriam,
653 2487 869 2552 famem,
910 2483 1162 2546 dedecus,
1207 2477 1490 2549 opprobria
1519 2516 1534 2540 ,
1577 2483 1633 2530 et
1655 2470 1910 2542 quidquid

331 2583 469 2655 apud
490 2593 704 2638 exteros
729 2577 964 2648 pertulit,
993 2571 1312 2627 adduximus
1339 2569 1395 2623 in
1421 2566 1682 2629 medium,
1708 2573 1770 2616 ut
1809 2562 1913 2655 hoc

331 2651 576 2742 exemplo
596 2671 663 2724 ad
698 2668 1045 2724 sobrietatem
1073 2677 1168 2719 vos
1196 2660 1560 2731 redigeremus
1586 2672 1601 2710 τ
1631 2669 1802 2724 neque
1830 2651 1916 2707 hic

333 2777 634 2820 sermonem
669 2759 957 2820 finivimus,
984 2768 1166 2809 verum
1185 2752 1644 2832 etiamlpaternam
1669 2759 1792 2814 erga
1821 2756 1917 2796 eos

335 2857 583 2927 pietatem
612 2850 974 2912 exhibuimus,
999 2860 1106 2900 non
1136 2841 1472 2914 negligentia:
1493 2851 1677 2908 pinnas
1701 2836 1918 2927 exigen-

335 2925 434 3012 tes,
464 2945 558 3001 sed
589 2944 792 3012 supinis
817 2939 1062 2996 manibus
1090 2951 1186 2992 eos
1211 2933 1566 3002 excipientes,
1582 2928 1791 2985 veniam
1820 2925 1910 2981 de-

336 3040 579 3096 lictorum
621 3032 1000 3096 concedentes,
1047 3036 1228 3098 aperta
1265 3025 1427 3080 domo
1467 3036 1705 3078 mensam
1749 3034 1920 3089 appo-

336 3139 544 3191 ueutes.
573 3124 832 3182 doctrinae
852 3121 1050 3177 amictu
1074 3133 1169 3174 eos
1192 3116 1533 3178 amicientes,
1563 3121 1920 3179 ceteramque

335 3233 550 3274 outnem
593 3231 775 3271 curam
826 3212 958 3283 ipsis
998 3209 1335 3265 adhibentes.
1389 3206 1468 3262 Illi
1519 3213 1697 3258 autem
1752 3199 1919 3255 lilium

337 3311 484 3366 illum
515 3323 620 3362 non
667 3313 791 3360 sunt
831 3302 1018 3360 imitati
1039 3342 1058 3369 ,
1087 3314 1188 3356 nec
1221 3313 1315 3355 eos
1343 3296 1512 3352 relicti
1552 3303 1724 3350 cattus
1752 3292 1924 3362 pumi-

339 3401 460 3466 tnit,
501 3413 674 3469 neque
713 3396 765 3451 in
797 3403 1018 3465 paterna
1054 3391 1216 3447 domo
1243 3395 1575 3450 manserunt,
1623 3382 1721 3439 sed
1747 3382 1923 3438 deuito

339 3492 732 3545 abscesserunt.
755 3486 996 3540 Vestrum
1026 3483 1184 3552 igitur
1209 3489 1375 3544 esset,
1397 3487 1656 3542 vestrum,
1685 3475 1929 3544 inquam,

340 3583 428 3652 qui
456 3595 670 3650 semper
694 3575 970 3631 nobiseum
986 3573 1135 3636 estis,
1169 3571 1425 3626 reducere
1449 3569 1612 3639 ipsos,
1635 3565 1925 3636 persuade-

344 3688 508 3742 reque
537 3681 594 3724 ut
621 3669 902 3723 nobiscum
943 3681 1038 3735 per
1069 3664 1306 3733 singulas
1333 3662 1583 3716 collectas
1610 3659 1777 3714 velint
1804 3657 1922 3712 festi

342 3778 462 3822 esse
486 3763 788 3835 participes.
836 3757 1090 3826 Quamvis
1118 3755 1261 3811 enim
1303 3753 1621 3809 Pentecoste
1646 3749 1921 3820 praeteriit,

343 3859 535 3912 festum
575 3863 750 3908 tamen
782 3866 886 3905 non
931 3847 1218 3920 praeteriit;
1245 3845 1420 3901 omnis
1448 3844 1590 3899 enim
1629 3853 1926 3898 conventura

346 3949 536 4004 festum
567 3955 669 4001 est.
715 3943 867 3999 Unde
894 3943 995 3997 hoc
1016 3939 1195 4010 patet?
1223 3939 1298 3994 Ex
1331 3937 1459 4009 ipsis
1500 3935 1696 3992 Christi
1728 3935 1924 3999 verbis,

346 4038 608 4094 dicentis:
643 4035 950 4106 Ubicumque
973 4032 1158 4102 fuerint
1188 4031 1288 4085 duo
1319 4030 1395 4084 rel
1423 4039 1522 4083 tres
1545 4029 1836 4099 congregati
1873 4028 1928 4081 in

347 4146 457 4182 meo
483 4143 701 4189 nouune,
733 4126 800 4180 ibi
820 4142 930 4179 sunt
964 4125 1016 4178 in
1054 4123 1220 4176 medio
1245 4137 1419 4176 eorum
1443 4119 1652 4184 (Matth.
1685 4119 1772 4175 18.
1806 4118 1922 4189 20).

347 4219 564 4288 Quoties
593 4227 766 4273 autem
781 4215 1024 4271 Christus
1048 4215 1270 4269 interest
1298 4213 1352 4267 in
1374 4211 1550 4268 medio
1569 4219 1760 4275 ctetus,
1785 4209 1926 4282 quod

351 4312 522 4381 majus
545 4309 739 4380 quwris
770 4307 886 4364 festi
907 4305 1314 4378 argumentum?

423 4443 688 4497 I’estorum
733 4451 944 4495 ornatus
989 4441 1200 4494 reri.——
1230 4439 1327 4495 Ubi
1378 4453 1527 4492 sacra
1578 4435 1819 4492 doctrina
1872 4445 1929 4491 et

352 4549 556 4605 preces,
587 4533 676 4587 ubi
700 4543 906 4600 patrum
939 4531 1334 4585 henedictiones
1355 4539 1408 4583 ct
1437 4528 1630 4582 divina:
1657 4526 1790 4596 legis
1829 4541 1928 4580 auo

352 4627 624 4691 diturium,
648 4625 734 4678 ubi
763 4631 1054 4676 conventus
1080 4623 1323 4687 fratrum,
1339 4635 1709 4691 germanteqne
1732 4619 1928 4674 carita-

353 4721 420 4774 tis
463 4717 754 4779 vinculum,
786 4715 872 4770 ubi
918 4731 1037 4769 cum
1071 4717 1180 4769 Deo
1217 4715 1560 4783 colloquium.
1590 4723 1642 4767 et
1674 4712 1764 4767 Dei
1807 4727 1928 4766 cum

358 4810 664 4865 hominibus
693 4822 890 4866 sermo.
925 4807 1013 4876 qui
1043 4805 1153 4860 fleri
1183 4813 1355 4874 potest
1380 4813 1435 4857 ut
1462 4804 1533 4858 ibi
1575 4819 1678 4858 non
1710 4804 1778 4858 sit
1799 4803 1930 4857 festa

353 4899 664 4954 celebritas?
703 4897 860 4953 Festa
887 4897 1028 4952 enim
1057 4911 1161 4950 non
1193 4894 1474 4949 multitudo
1503 4895 1928 4949 convenientium

356 4990 529 5045 facere
552 4991 704 5054 solet,
735 4989 826 5043 sed
854 4989 1052 5051 virtus;
1085 5002 1191 5041 non
1209 4994 1550 5055 sumptuosus
1574 4987 1814 5049 vestitus,
1836 4986 1930 5040 sed

357 5082 564 5150 pietatis
582 5090 798 5136 ornatus
819 5098 832 5142 ;
863 5097 967 5136 non
1000 5094 1199 5137 mensa:
1217 5080 1439 5144 lautitia,
1459 5078 1550 5135 sed
1573 5094 1696 5134 cura
1718 5081 1930 5136 animm.

357 5171 642 5225 Maximum
673 5171 815 5226 enim
848 5169 1039 5225 fesmm
1063 5179 1146 5226 est
1169 5170 1490 5225 conscientia
1521 5170 1676 5224 bona.
1715 5171 1780 5225 Et
1801 5174 1934 5228 sicut

358 5263 410 5320 in
448 5263 684 5316 externis
721 5263 1120 5317 celebritatihus
1148 5266 1190 5318 is
1229 5265 1318 5334 qui
1362 5279 1460 5319 nec
1493 5273 1690 5317 vestem
1735 5263 1932 5332 habet,

356 5372 459 5426 qua
490 5355 758 5419 induatur,
786 5355 1141 5425 splendidam,
1168 5372 1266 5411 nec
1293 5371 1550 5419 mensam,
1578 5371 1678 5426 qua
1709 5354 1933 5422 fruatur,

358 5449 574 5510 lautam,
608 5447 701 5500 sed
744 5447 869 5500 vivit
901 5448 951 5500 in
996 5457 1338 5516 paupertate,
1385 5446 1544 5513 fame,
1595 5459 1938 5518 extremaque

361 5540 613 5606 miseria,
645 5554 750 5592 nou
793 5539 1026 5593 amcitur
1056 5538 1189 5593 festo
1232 5539 1340 5604 die,
1386 5541 1591 5594 etiamsi
1636 5541 1935 5596 universam

361 5633 544 5685 urbem
568 5632 792 5687 choreas
819 5647 977 5703 agerc
1008 5632 1203 5698 videat,
1236 5633 1328 5688 sed
1355 5649 1421 5689 eo
1449 5636 1614 5704 magis
1639 5637 1849 5705 angitur
1873 5652 1936 5692 ac

359 5721 504 5792 dolet
528 5722 667 5794 quod
693 5722 825 5776 alios
856 5723 906 5777 in
936 5722 1141 5778 deliciis
1158 5724 1354 5793 videat,
1381 5725 1506 5779 dunt
1539 5726 1654 5794 ipse
1681 5727 1930 5782 omnibus

1535 299 1620 354 ne
1661 294 1840 373 anna
1881 287 2110 345 εεπιιο
2146 288 2208 345 v.

3483 283 3588 337 670

2007 408 2161 466 eget;
2194 397 2340 451 dives
2363 412 2489 451 vero
2516 397 2795 458 delicatus,
2828 397 3124 451 mutatoriis
3154 395 3386 450 vestibus
3413 397 3583 448 ιιΙιιιιι-

2004 487 2166 550 dans,
2197 496 2251 541 et
2289 489 2341 540 iu
2372 501 2577 541 summa
2608 489 2957 556 prOSperitate
2996 487 3178 540 vivens
3198 528 3212 554 ,
3243 486 3400 540 etiam
3436 495 3585 540 extra

2007 577 2136 632 festa
2166 587 2404 646 tempora
2431 578 2618 632 festum
2645 592 2801 648 agere
2821 576 2918 631 sibi
2946 575 3157 632 videtur
3184 593 3196 628 :
3227 576 3294 630 ita
3320 585 3374 630 et
3395 577 3445 630 in
3467 577 3591 646 spi-

2010 669 2286 722 ritualibus
2310 669 2470 722 rebus
2501 669 2782 722 usuvenit:
2818 667 2907 737 qui
2936 667 3062 720 vivit
3087 666 3138 720 in
3161 665 3362 735 justitia
3383 675 3436 720 et
3456 681 3586 736 ope-

2008 759 2156 812 rihus
2185 759 2356 824 bonis,
2393 759 2475 814 vel
2503 759 2710 828 absque
2743 757 2878 813 festo
2907 757 3099 812 festum
3139 756 3246 827 agit
3267 797 3283 820 ,
3325 757 3590 811 sinceram

2008 851 2330 920 voluptatem
2359 866 2423 904 ex
2450 849 2584 904 bona
2607 848 2931 904 conscientia
2961 849 3259 917 percipiens
3290 864 3305 900 :
3346 847 3434 917 qui
3462 862 3590 902 vero

2008 940 2064 994 in
2097 950 2313 1009 peccato
2351 950 2403 993 et
2431 939 2628 993 malitia
2673 938 2853 1008 degit,
2884 937 3172 992 multorum
3200 939 3457 991 malorum
3489 937 3589 990 sibi

2009 1033 2275 1096 conscius,
2307 1031 2465 1085 etiam
2497 1047 2614 1085 cum
2642 1030 2830 1086 festum
2853 1039 2956 1097 est,
2981 1040 3085 1084 tam
3109 1029 3245 1085 festo
3265 1039 3409 1084 caret
3433 1045 3588 1100 quam

2009 1125 2096 1194 qui
2125 1126 2369 1178 maxime.
2402 1125 2734 1194 Quapropter
2769 1125 2890 1178 licet
2918 1124 3106 1189 nobis,
3138 1123 3182 1177 si
3207 1123 3452 1188 velimus,
3493 1139 3585 1191 per

2012 1216 2251 1286 singulos
2279 1218 2390 1270 dies
2414 1215 2602 1270 festum
2633 1216 2847 1279 habere,
2871 1216 2914 1269 si
2944 1215 3194 1270 virtutem
3221 1229 3588 1278 exerceamus,

2011 1318 2066 1362 et
2092 1309 2472 1363 conscientiam
2519 1307 2876 1379 purifieemus.
2919 1307 3030 1375 Qua
3056 1307 3200 1361 enim
3241 1322 3298 1361 re
3327 1305 3590 1376 prmterita

2011 1398 2234 1451 collecta
2266 1399 2364 1452 hac
2396 1398 2641 1466 prmsenti
2673 1404 2754 1452 est
2783 1396 2993 1466 potior?
3017 1410 3195 1451 annon
3224 1395 3448 1450 tumultu
3477 1404 3595 1448 tau-

2017 1497 2126 1541 tum
2179 1497 2232 1542 et
2279 1489 2532 1557 strepitu,
2581 1488 2829 1556 nullaque
2872 1502 2928 1542 re
2959 1488 3098 1542 alia?
3127 1486 3346 1555 Quando
3371 1486 3512 1542 enim
3541 1494 3597 1539 et

2012 1588 2317 1631 sanctorum
2347 1579 2724 1650 mysteriorum
2750 1579 3042 1648 perceptio,
3089 1587 3145 1633 et
3187 1579 3411 1632 aliarum
3438 1578 3593 1646 Spiri-

2015 1668 2236 1722 tualium
2267 1683 2447 1722 rerum
2477 1668 2782 1724 communio
2802 1709 2819 1734 ,
2867 1679 2991 1739 puta
3040 1669 3436 1738 precationem,
3463 1682 3594 1723 cou-

2012 1760 2204 1822 ciouis,
2239 1761 2701 1825 benedictionum,
2732 1761 3004 1827 caritatis,
3036 1769 3455 1829 ceterorumque
3483 1775 3597 1813 om-

2014 1852 2160 1905 nium
2189 1852 2374 1905 eadem
2403 1862 2484 1906 est
2513 1833 2673 1904 etiam
2718 1851 2896 1914 hodie,
2944 1851 3085 1904 nulla
3132 1851 3184 1904 in
3229 1865 3287 1905 re
3328 1851 3440 1904 haec
3481 1849 3602 1904 dics

2013 1953 2293 2013 superatur
2331 1944 2398 1996 ab
2452 1943 2536 1997 illa
2562 1983 2576 2008 ,
2611 1949 2867 2012 quantum
2899 1942 2981 1996 vel
3024 1941 3089 1996 ad
3131 1955 3229 1995 vos
3280 1940 3365 1996 vel
3415 1939 3483 1995 ad
3512 1956 3600 1995 me

2014 2037 2420 2090 coucionautem
2449 2038 2660 2090 attinet.
2697 2034 2831 2089 Nam
2854 2036 2943 2104 qui
2983 2044 3108 2088 tunc
3137 2048 3234 2088 nos
3273 2032 3604 2098 audiebant,

2017 2125 2068 2180 hi
2097 2140 2235 2181 nunc
2259 2142 2471 2196 quoque
2499 2126 2725 2180 audituri
2749 2135 2909 2191 sunt;
2938 2135 2992 2180 et
3019 2126 3106 2195 qui
3134 2139 3275 2178 nunc
3297 2125 3508 2190 absunt,
3534 2141 3600 2178 ne

2017 2225 2142 2273 tunc
2177 2218 2391 2287 quidem
2417 2217 2639 2272 aderant
2666 2258 2680 2283 ,
2731 2216 2940 2271 etiamsi
2971 2230 3193 2286 corpore
3239 2215 3427 2271 adesse
3458 2216 3601 2269 vide-

2017 2317 2203 2364 rentur
2221 2330 2232 2361 ;
2251 2325 2354 2363 non
2376 2309 2598 2363 audiunt
2619 2323 2759 2363 nunc
2778 2325 2792 2374 ;
2814 2309 2920 2363 imo
2939 2315 3064 2362 tunc
3084 2307 3260 2362 minus
3283 2308 3564 2362 audiebant
3585 2325 3598 2370 ;

2022 2415 2121 2456 nec
2149 2401 2320 2455 solum
2350 2416 2456 2454 non
2484 2401 2804 2464 audiebant,
2832 2398 2925 2453 sed
2951 2400 3113 2454 etiam
3141 2395 3475 2453 audientibus
3502 2398 3603 2453 ob-

2019 2489 2308 2558 strepeudo
2335 2489 2548 2544 molesti
2577 2498 2754 2543 erant.
2784 2488 3124 2558 QuaprOpter
3146 2497 3200 2542 et
3227 2496 3351 2542 tunc
3387 2497 3440 2542 et
3464 2505 3604 2542 nunc

2017 2580 2222 2650 aquale
2249 2580 2376 2634 mihi
2409 2588 2491 2633 est
2525 2579 2792 2633 theatrum
2813 2619 2827 2640 ,
2861 2578 3110 2648 idemque
3141 2579 3445 2632 auditorum
3471 2593 3600 2632 con-

2024 2681 2239 2738 ventus,
2267 2687 2367 2726 nec
2395 2671 2502 2724 ulla
2532 2672 2584 2724 in
2614 2685 2670 2724 re
2699 2671 2865 2724 altero
2891 2670 2974 2724 hic
3003 2667 3240 2725 inferior.
3275 2668 3406 2734 lmo,
3439 2671 3480 2724 si
3503 2671 3610 2724 mi-

2021 2779 2140 2818 rum
2156 2763 2353 2833 aliquid
2380 2762 2560 2818 dicere
2584 2761 2912 2833 permittitis,
2933 2761 3016 2815 hic
3038 2761 3130 2815 illo
3151 2769 3232 2816 est
3253 2764 3604 2830 praestantior;

2021 2855 2162 2924 quod
2189 2854 2308 2909 sine
2336 2855 2557 2923 strepitu
2588 2854 2654 2908 sit
2674 2869 2872 2918 sermo,
2892 2862 2943 2908 et
2961 2854 3076 2908 sine
3093 2854 3318 2908 tumultu
3345 2854 3605 2917 doctrina,

2023 2955 2078 3000 et
2113 2960 2236 3000 cum
2263 2945 2474 3014 majore
2525 2945 2799 3000 intellectu
2828 2945 3178 3011 auscultatio,
3209 2943 3354 3001 nullo
3384 2945 3614 3000 tumultu

2029 3037 2267 3092 auditum
2297 3045 2536 3090 nostrum
2559 3035 2997 3106 interrumpente.

2097 3130 2150 3184 2.
2199 3128 2445 3184 Paucitas
2470 3129 2759 3182 auditorum
2786 3145 2848 3183 ne
2872 3128 3148 3182 contristet.
3176 3158 3249 3169 ——
3271 3127 3398 3182 litec
3430 3135 3604 3181 autem

2026 3220 2169 3286 dico,
2197 3236 2302 3276 non
2328 3221 2468 3290 quod
2514 3231 2854 3276 contemnam
2892 3220 3282 3276 multitudinem
3313 3220 3455 3276 illius
3477 3235 3612 3276 eorr-

2025 3321 2235 3375 veutus,
2291 3311 2384 3365 sed
2423 3319 2485 3365 ut
2523 3310 2676 3366 vobis
2701 3311 3050 3380 persuadeam
3081 3325 3146 3366 ne
3173 3311 3396 3367 dulcatis
3419 3352 3435 3378 ,
3479 3327 3620 3366 neve

2024 3402 2410 3459 contristemini
2441 3404 2512 3459 ob
2542 3404 2861 3473 paucitatem
2907 3417 3134 3470 eorum,
3186 3402 3275 3473 qui
3326 3418 3468 3458 nunc
3509 3402 3612 3457 huc

2027 3505 2426 3550 convenerunt.
2468 3493 2582 3549 Non
2631 3497 2773 3549 enim
2813 3508 3095 3564 corporum
3121 3537 3136 3561 ,
3180 3495 3272 3550 sed
3313 3495 3616 3551 auditorum

2029 3585 2425 3641 multitudinem
2451 3585 2504 3640 in
2532 3585 2757 3640 ecclesia
2785 3585 3127 3655 requirimus.
3173 3585 3621 3660 Quandoquidem.

2030 3678 2190 3748 igitur
2233 3677 2393 3733 iidem
2436 3677 2673 3732 conviva:
2713 3678 2804 3748 qui
2856 3689 3018 3744 tunc,
3067 3677 3226 3733 etiam
3273 3695 3413 3737 nunc
3460 3683 3622 3738 nobis

2029 3771 2242 3834 adsunt,
2281 3770 2392 3840 pari
2419 3768 2692 3824 alacritate
2720 3769 2877 3823 hodie
2905 3784 3115 3841 quoque
3139 3773 3438 3828 convivium
3465 3775 3622 3829 vobis

2029 3859 2314 3925 exhibebo,
2344 3859 2412 3914 ad
2439 3869 2814 3929 argumentum
2847 3875 3112 3925 reversus,
3145 3864 3287 3932 quod
3334 3865 3489 3921 nobis
3529 3865 3606 3920 fe-

2030 3950 2278 4006 stivitatis
2304 3960 2513 4020 tempus
2549 3949 2850 4019 interrupit.
2886 3949 3343 4017 Quemadmodum
3385 3955 3530 4010 enim
3559 3956 3609 4010 iu

2031 4043 2378 4100 Pentecoste‘
2399 4041 2828 4112 intempestivum
2855 4051 2991 4110 erat,
3015 4043 3210 4098 omissa
3237 4044 3622 4101 beneficiorum

2030 4150 2128 4206 per
2157 4133 2209 4189 id
2242 4141 2453 4204 tempus
2497 4133 2548 4188 in
2594 4149 2692 4188 nos
2727 4133 3040 4188 collatorum
3069 4137 3575 4192 commemoratione
3596 4179 3621 4202 ν

2033 4225 2304 4295 inceptum
2341 4229 2501 4279 antea
2554 4231 2860 4280 contextum
2886 4225 3198 4281 continuare
3222 4242 3236 4278 :
3269 4226 3337 4280 ita
3362 4241 3503 4281 nunc
3523 4241 3619 4280 cx-

2033 4326 2150 4374 acta
2166 4315 2503 4384 Pentecoste,
2522 4327 2821 4387 opportune
2838 4316 3111 4372 historiam
3136 4317 3188 4371 in
3211 4332 3398 4371 manus
3412 4332 3618 4372 rosum-

2037 4419 2177 4479 ptam
2205 4423 2622 4480 prosequemur,
2656 4408 2936 4479 pristinum
2963 4408 3030 4463 de
3066 4410 3217 4465 Anna
3246 4417 3623 4478 argumentum

2037 4501 2331 4555 tractaturi.
2380 4499 2492 4554 Non
2541 4501 2682 4554 enim
2728 4499 3072 4570 spectandum
3115 4515 3270 4571 quam
3305 4502 3467 4557 multa
3506 4502 3627 4570 jam

2036 4589 2176 4644 dicta
2202 4590 2327 4653 sint,
2357 4589 2450 4644 sed
2478 4598 2651 4644 utrum
2681 4589 2746 4643 ad
2770 4590 2926 4645 linem
2961 4590 3117 4660 hujus
3160 4593 3457 4662 argumenti
3507 4610 3615 4664 per

2035 4680 2361 4734 venerimus.
2391 4678 2524 4734 Nam
2557 4688 2612 4734 et
2639 4680 2727 4750 qui
2753 4679 3062 4734 thesaurum
3095 4681 3452 4750 invenerunt,
3492 4685 3619 4739 licet

2037 4771 2294 4842 plurimas
2338 4771 2461 4825 inde
2502 4770 2716 4840 capiant
2758 4769 2973 4824 divitias
3003 4813 3019 4838 ,
3047 4787 3152 4826 non
3182 4775 3325 4840 prius
3359 4775 3624 4828 absistunt

2037 4878 2195 4934 quam
2217 4871 2383 4916 totum
2407 4861 2773 4925 exhauserint,
2801 4870 2859 4915 ut
2883 4877 3017 4932 quos
3039 4871 3264 4917 nontam
3289 4861 3434 4932 juvat
3453 4865 3619 4917 multa

2038 4955 2341 5024 accepisse,
2379 4967 2536 5022 quam
2565 4950 2700 5007 nihil
2744 4951 3007 5022 reliquum
3042 4950 3250 5006 fecisse.
3297 4952 3447 5019 Quod
3495 4954 3537 5006 si
3585 4956 3618 5009 ii

2104 5067 2120 5098 ¹
2141 5063 2271 5114 Oolb.
2288 5062 2384 5113 duo
2395 5070 2445 5112 et
2463 5069 2599 5124 Reg,
2622 5069 2905 5113 Pentecoste.
2921 5064 2991 5124 sic
3009 5060 3128 5111 infra
3153 5063 3297 5124 etiam
3314 5061 3512 5124 legitur.
3530 5071 3618 5112 tuo-

2039 5126 2156 5186 rel.,
2189 5122 2594 5188 Mesopentecosie,
2630 5125 2680 5172 in
2712 5135 2937 5188 utroque
2960 5122 3083 5171 loco.
3124 5130 3220 5188 Qua
3241 5122 3386 5172 ducti
3407 5127 3621 5188 omittunt

2040 5184 2148 5237 Mss.
2173 5184 2456 5236 auctoritate
2481 5185 2740 5234 lectione
2762 5184 3068 5242 mutavimus,
3091 5184 3329 5234 suadente
3352 5186 3496 5235 etiam
3516 5184 3624 5236 lineo

2040 5247 2275 5310 illosupra
2294 5244 2435 5310 paulo
2458 5254 2564 5308 post
2599 5247 2803 5310 initium,
2827 5242 3046 5310 Quamvis
3067 5243 3194 5310 enim
3216 5251 3622 5310 l’erttecosterprw-

2041 5305 2308 5370 teriit.'quo
2349 5305 2561 5357 inanitur
2606 5307 2683 5356 hic
2716 5305 2979 5366 legendum
3014 5317 3126 5355 esse
3152 5306 3203 5356 in
3237 5308 3450 5370 secundo
3487 5305 3619 5368 Ιὶιοο.

2041 5377 2215 5433 ρεατμι
2232 5369 2526 5433 'peutecoste.
2548 5374 2961 5433 Mes-otiemceoste
2983 5376 3147 5433 autat:
3172 5376 3280 5418 erat
3302 5369 3422 5417 feria
3453 5380 3621 5433 quarta

2041 5429 2356 5481 hebdomadis
2399 5436 2584 5492 quarta:
2623 5428 2729 5492 post.
2759 5428 2955 5492 tascha;
2988 5430 3058 5478 sic
3089 5430 3243 5488 dicta,
3269 5433 3380 5492 quia
3412 5428 3624 5492 médium

2042 5493 2247 5603 spatium
2281 5489 2545 5562 occupabat
2804 5489 2934 5537 inter
2961 5499 3012 5540 et
3057 5489 3391 5562 Pentecos'ten.
3429 5498 3497 5542 De
3543 5491 3623 5542 illa

2044 5565 2180 5603 uura
2201 5559 2407 5603 Cantnus
2437 5566 2487 5600 tn
2511 5552 2747 5601 Glossarto
2781 5556 2960 5601 Gram.
2995 5548 3213 5603 lufertort
3250 5565 3355 5602 arvo
3395 5552 3623 5603 frequen-

2044 5548 2180 5626 plura
2201 5548 2417 5614 Cangius'
2437 5556 2487 5600 in
2511 5552 2747 5623 Glossario
2995 5548 3213 5624 [inferiori
3250 5565 3355 5624 sevo
3395 5552 3623 5616 frequen-

2046 5615 2230 5684 tissune
2255 5612 2357 5663 hzec
2377 5627 2469 5684 vox
2497 5620 2717 5684 oeuli-rit.
2747 5610 2924 5684 Aliquis
2964 5626 3082 5684 ergo
3113 5613 3629 5684 tmperttttsnlibrarlus

2046 5677 2125 5726 hic
2148 5683 2594 5738 Mempenteeosten
2618 5681 2809 5724 temere
2835 5672 3044 5723 induxit:
3068 5672 3195 5724 Adde
3215 5687 3325 5738 qua:
3346 5675 3558 5727 diximus
3579 5677 3626 5724 In

2049 5737 2181 5787 Praef.
2210 5738 2338 5785 Tomi
2363 5737 2522 5800 hujus,
2546 5736 2568 5800 ς
2593 5750 2685 5786 vus.
