4134 6214
535 318 633 375 671

533 432 624 503 qui
648 447 701 485 tn
723 428 973 500 pecunias
993 423 1435 483 insaniunt.tanto
1451 437 1628 478 rerum
1646 421 1997 492 periturarum
2017 431 2118 472 nec

536 534 904 577 mansurarum
923 527 1169 572 tenentur
1183 513 1379 573 studio.
1393 513 1561 570 multo
1577 513 1743 584 magis
1755 513 1855 567 hoc
1870 526 1968 566 nos
1982 512 2035 566 in
2048 511 2122 566 di-

537 614 672 666 vinis
690 611 862 664 facere
878 605 1142 661 thesauris
1157 614 1390 673 oportet,
1415 618 1513 658 nec
1526 604 1672 674 prius
1694 603 1951 657 absistere
1961 615 2120 671 quam

539 713 704 758 totum
728 701 830 755 hoc
843 696 984 769 quod
1002 696 1073 751 ibi
1090 696 1329 751 videmus
1346 698 1771 750 exhauserimus.
1788 693 1905 748 Dixi
1919 699 2121 770 autem,

536 792 678 866 quod
712 792 782 847 ibi
809 791 1070 854 videmus,
1097 789 1220 859 quia
1252 788 1554 844 universum
1578 785 1862 840 exhaurire
1889 799 1994 840 non
2022 784 2122 838 da-

546 896 650 940 tur.
685 882 827 936 Fons
855 881 998 936 enim
1029 889 1111 935 est
1132 879 1437 949 perenniter
1461 891 1683 932 manans
1723 877 2018 932 divinarum
2043 875 2124 930 vis

535 972 922 1030 sententiarum
949 1011 964 1036 ,
1013 983 1301 1040 numquam
1340 966 1592 1022 deﬁciens
1616 1007 1633 1034 ,
1671 981 1956 1036 numquam
1997 980 2124 1021 eva-

534 1064 764 1120 cuanda.
813 1063 996 1132 Itaque
1017 1076 1086 1116 ne
1111 1059 1502 1128 defatigemur:
1535 1073 1640 1112 non
1673 1060 1814 1112 enim
1845 1056 1912 1110 de
1938 1055 2122 1125 vulga-

535 1155 686 1211 ribus
715 1154 876 1209 rebus
905 1151 1059 1206 nobis
1090 1159 1173 1205 εει
1211 1150 1389 1205 oratio
1409 1189 1424 1213 ,
1455 1146 1548 1203 sed
1573 1147 1640 1202 de
1660 1146 1985 1216 precatione,
2028 1159 2124 1213 spe

536 1254 754 1309 nostra;
777 1241 1084 1315 precatione
1114 1255 1208 1310 per
1233 1254 1390 1308 quam
1419 1236 1617 1291 sterilis
1656 1245 1826 1290 mater
1851 1243 1933 1289 est
1961 1232 2120 1299 facta,

534 1346 588 1392 et
614 1349 914 1391 numerosae
939 1331 1104 1404 prolis
1131 1345 1323 1400 parens
1352 1344 1469 1398 qua:
1501 1327 1622 1381 ﬁliis
1667 1326 1920 1390 carebat,
1949 1333 2004 1378 et
2051 1339 2118 1380 ex

539 1438 801 1488 merente
830 1428 985 1492 lecta;
1015 1441 1111 1495 per
1139 1439 1296 1494 quant
1320 1423 1505 1475 vitiosa
1536 1418 1884 1489 reparabatur
1912 1424 2120 1480 natura,

545 1523 832 1590 clausaque
864 1516 1206 1572 rescrabatur
1228 1512 1442 1576 matrix,
1473 1519 1527 1565 et
1553 1507 1893 1578 impossibilia
1931 1505 2126 1560 ﬁebant

542 1612 835 1684 possibilia.
855 1611 1194 1678 Quapropter
1218 1605 1394 1658 omnia
1433 1603 1683 1672 paulatim
1708 1608 2121 1670 perscrutemur,

540 1705 776 1776 singulas
803 1703 1135 1772 explicantes
1151 1700 1432 1759 dictiones,
1453 1707 1589 1751 utne
1611 1695 1886 1750 minimum
1913 1693 2124 1764 quidem

538 1811 658 1861 uos,
681 1800 941 1864 quantum
963 1792 1076 1845 ﬁeri
1101 1799 1292 1860 potest,
1319 1788 1550 1858 effugiat.
1575 1787 1846 1856 Siquidem
1875 1793 2122 1854 propter-

537 1901 600 1941 ea
630 1885 762 1940 duas
789 1885 1019 1953 integras
1043 1881 1442 1936 dissertationes
1488 1880 1540 1933 in
1569 1877 1674 1932 duo
1700 1879 1812 1932 sola
1841 1878 1955 1945 ejus
1985 1875 2125 1930 dicta

547 1977 926 2046 insumpsimus
964 1991 977 2025 :
1010 1973 1273 2042 primum,
1322 1971 1688 2038 Conﬁrmata»:
1730 1979 1804 2022 est
1842 1985 1927 2021 cor
1963 1985 2128 2022 meum

543 2067 594 2120 in
624 2064 864 2130 Domino,
891 2071 945 2118 et
970 2063 1111 2134 quod
1133 2077 1256 2116 mox
1278 2061 1535 2132 sequitur,
1562 2059 1854 2113 Exultatum
1881 2068 1951 2112 cst
1971 2075 2129 2113 cornu

544 2174 708 2211 meum
749 2157 802 2210 in
830 2154 938 2209 Deo
968 2172 1077 2209 meo
1108 2156 1183 2225 (1.
1215 2153 1338 2224 (leg.
1368 2152 1422 2206 2.
1456 2152 1532 2220 l).
1582 2152 1926 2220 Consequens
1972 2150 2129 2220 igitur

542 2258 625 2302 est
655 2246 810 2302 hodie
835 2245 901 2301 ad
931 2246 1145 2300 tertium
1177 2245 1386 2302 venire.
1410 2242 1561 2311 Quod
1597 2257 1726 2298 vero
1748 2241 1849 2296 hoc
1877 2242 1996 2296 est?
2037 2241 2130 2294 Di-

542 2341 753 2393 latatum
778 2349 851 2392 est
878 2354 934 2393 os
959 2354 1122 2393 meum
1149 2353 1298 2403 super
1326 2335 1555 2390 inimicos
1586 2350 1719 2388 meos
1745 2349 1765 2386 :
1805 2333 1977 2388 (artata
2016 2349 2129 2388 sum

541 2435 595 2488 in
633 2434 797 2488 salute
835 2443 941 2486 tua.
989 2430 1406 2486 Animadvertite
1438 2437 1742 2483 accuratam
1783 2426 2079 2481 orationem
2112 2441 2128 2478 :

544 2542 652 2582 non
697 2525 867 2591 dixit,
911 2525 1202 2578 Exacutum
1239 2531 1319 2578 est
1363 2535 1425 2576 os
1454 2535 1631 2574 meum
1672 2532 1834 2590 super
1887 2516 2130 2570 inimicos

543 2633 693 2673 meos
719 2634 734 2670 :
768 2632 873 2671 non
904 2615 1046 2670 enim
1082 2613 1150 2669 ad
1171 2613 1412 2669 convicia
1437 2619 1492 2666 et
1526 2608 1744 2665 dicteria
1775 2615 2130 2679 praeparatum

543 2721 681 2770 erat.
712 2723 819 2762 non
847 2707 912 2760 ad
943 2706 1226 2776 opprobria
1253 2713 1307 2758 et
1339 2701 1764 2766 accusationem,
1807 2698 1900 2752 sed
1922 2697 1989 2752 ad
2016 2713 2131 2750 mo.

547 2800 802 2854 nitionem
833 2807 887 2852 et
927 2796 1227 2860 consilium,
1251 2793 1315 2847 ad
1341 2791 1725 2847 correctionem
1747 2798 1801 2844 et
1825 2787 2130 2844 instructio-

549 2905 694 2944 nem.
728 2888 1017 2958 Propterea
1059 2900 1166 2940 non
1201 2883 1370 2950 dixit,
1413 2882 1648 2936 Exacuta
1687 2889 1770 2936 est
1809 2880 1984 2950 lingua
2015 2893 2132 2932 mea

547 2994 709 3051 super
738 2978 980 3034 inimicos
1006 2991 1173 3043 meos,
1220 2973 1344 3041 sed,
1380 2971 1662 3026 Dilutatum
1699 2980 1770 3026 est
1799 2986 1876 3024 os.
1909 2969 2134 3024 Relaxa—

549 3071 714 3138 tione,
744 3069 933 3141 inquit,
961 3067 1139 3123 fruor:
1175 3065 1342 3120 libere
1359 3062 1500 3134 loqui
1528 3077 1747 3134 possum
1771 3060 1908 3131 :jam
1932 3058 2134 3131 pudore

549 3164 793 3219 discusso
818 3161 885 3218 ad
916 3160 1215 3220 libertatem
1240 3156 1390 3212 redii.
1425 3158 1502 3212 Ac
1523 3170 1589 3212 ne
1616 3169 1756 3210 nunc
1777 3153 1989 3225 quidem
2010 3168 2134 3207 mu-

551 3254 738 3308 lierem
767 3251 1012 3307 wmulam
1048 3249 1358 3314 nominavit,
1389 3247 1484 3303 sed
1509 3247 1820 3317 simpliciter
1862 3243 2135 3300 indeﬁnita

553 3343 944 3413 nuncupatione
968 3383 984 3408 ,
1026 3342 1174 3412 quasi
1217 3340 1442 3412 quadam
1483 3339 1657 3402 larva,
1705 3347 1866 3394 tantm
1908 3336 2136 3392 tristitia:

551 3448 768 3489 causam
813 3431 1110 3486 abscondit.
1165 3430 1279 3486 Non
1318 3429 1492 3496 dixit,
1537 3427 1679 3499 quod
1725 3427 1906 3482 multa:
1952 3427 2138 3484 dicunt

553 3523 849 3580 mulieres:
894 3520 1142 3578 Confudit
1167 3537 1285 3578 eam
1314 3521 1486 3588 Deus,
1528 3520 1803 3590 dissipavit
1843 3527 1899 3575 et
1939 3519 2136 3589 dejecit

553 3617 834 3672 scelestam
861 3625 914 3671 et
938 3623 1273 3685 arrogantem
1314 3622 1370 3668 et
1407 3612 1838 3683 magniloquam:
1880 3612 1973 3667 sed
2003 3613 2136 3666 sim-

559 3706 767 3778 pliciter
789 3747 804 3772 ,
835 3703 1120 3760 Dilatatum
1149 3715 1220 3758 est
1249 3721 1303 3758 os
1329 3719 1494 3758 meum
1517 3720 1671 3775 super
1697 3703 1927 3759 inimicos
1967 3719 2137 3768 meos;

559 3799 733 3852 (tutata
760 3813 871 3852 sum
897 3797 948 3849 in
972 3795 1136 3850 salute
1156 3779 1260 3848 tua.

629 3887 696 3942 In
738 3887 951 3942 salutari
991 3884 1086 3941 Dei
1121 3886 1284 3940 (artari
1325 3885 1447 3955 quid
1482 3885 1564 3940 sit.
1599 3915 1664 3929 ν
1696 3884 1829 3940 Vide
1865 3885 2135 3956 quomodo

553 3977 799 4037 eamdem
825 3977 995 4048 legem
1028 3992 1120 4048 per
1149 3985 1312 4031 totam
1343 3976 1702 4046 precationem
1750 3985 1947 4030 servat.
1989 3975 2140 4032 Sicut

557 4074 701 4128 enim
732 4073 785 4126 in
826 4071 1085 4141 principio
1109 4069 1334 4132 dicebat,
1371 4067 1737 4137 Con/innatum
1761 4077 1833 4122 est
1861 4083 1950 4122 cor
1975 4084 2140 4122 meum

558 4163 612 4216 iu
639 4160 877 4227 Domino,
913 4159 1191 4214 exaltatum
1215 4171 1287 4212 est
1308 4173 1466 4212 cornu
1493 4173 1655 4211 meum
1681 4160 1734 4212 in
1762 4156 1870 4214 Deo
1896 4175 2026 4226 meo,
2053 4159 2138 4212 di-

561 4252 775 4305 latatam
799 4259 873 4302 est
897 4265 954 4303 os
998 4265 1164 4302 meum
1202 4264 1355 4317 super
1382 4247 1611 4302 inimicos
1639 4265 1772 4303 meos
1799 4265 1818 4302 :
1845 4251 1914 4304 ita
1950 4259 2004 4305 et
2031 4249 2139 4315 hic,

560 4340 755 4395 Laetata
779 4355 891 4394 sum
923 4340 976 4392 in
1004 4337 1168 4393 salute
1192 4349 1298 4391 tua.
1329 4336 1444 4394 Non
1484 4339 1815 4409 simpliciter,
1856 4339 1909 4394 In
1949 4341 2140 4409 salute,

560 4431 680 4498 sed,
712 4429 776 4484 In
815 4429 979 4484 salute
1006 4438 1113 4483 tua.
1141 4428 1255 4484 Non
1298 4430 1440 4484 enim
1471 4430 1722 4500 quoniam
1753 4439 1962 4486 servata
2001 4445 2141 4497 sum,

562 4522 656 4577 sed
687 4521 935 4591 quoniam
963 4535 1058 4590 per
1086 4528 1139 4574 te
1160 4529 1367 4575 servata
1409 4535 1548 4588 sum,
1594 4530 1874 4592 propterea
1913 4521 2064 4576 laetor
2089 4529 2144 4576 et

564 4613 793 4669 exsulto.
817 4612 970 4668 Tales
996 4614 1191 4683 quippe
1214 4621 1338 4667 sunt
1361 4622 1665 4668 sanctorum
1687 4615 1912 4680 animae;
1941 4614 2008 4670 de
2037 4614 2145 4670 Deo

567 4709 736 4776 magis
779 4707 1025 4761 laetantur
1076 4715 1298 4762 auctore
1345 4722 1644 4774 munerum,
1700 4722 1858 4777 quam
1903 4707 1970 4763 de
2017 4707 2147 4777 ipsis

567 4799 879 4853 muneribus
910 4817 924 4852 :
956 4813 1061 4852 non
1091 4798 1232 4852 enim
1261 4807 1477 4868 propter
1497 4798 1634 4854 dona
1665 4800 1859 4870 ipsum,
1888 4801 1980 4855 sed
2007 4800 2146 4855 dona

566 4900 783 4960 propter
812 4889 959 4944 illum
985 4889 1232 4960 diligunt.
1265 4889 1380 4945 Hoc
1415 4905 1599 4946 servos
1627 4901 1812 4959 gratos
1836 4891 2010 4958 decet,
2045 4891 2146 4946 hoc

567 4981 794 5036 famulos
816 4980 1054 5036 beneﬁcii
1083 4995 1368 5047 memores,
1392 4980 1642 5038 videlicet
1665 4982 1822 5037 rebus
1841 4982 1951 5036 suis
1973 4982 2148 5037 omni-

567 5073 666 5128 bus
697 5087 1008 5142 praeponere
1038 5071 1339 5126 Dominum.
1383 5070 1470 5127 Sic
1512 5072 1671 5127 etiam
1713 5086 1811 5126 nos
1849 5071 2023 5126 aﬁ‘ecti
2069 5074 2145 5127 si-

567 5183 686 5222 mus
711 5183 725 5222 :
755 5183 876 5222 cum
905 5169 1321 5237 peccaverimus,
1371 5184 1476 5222 non
1511 5167 1790 5224 doleamus
1829 5169 1952 5238 quia
1993 5167 2148 5237 punio

569 5275 708 5324 mur.
734 5259 830 5316 sed
850 5260 972 5331 quia
996 5261 1277 5316 Dominum
1307 5261 1626 5317 oﬂ’endimus
1654 5279 1666 5315 :
1699 5273 1752 5318 et
1778 5263 1821 5317 si
1848 5262 1988 5333 quod
2013 5277 2148 5332 opus

569 5353 766 5406 bonum
795 5362 1037 5406 nostrum
1077 5361 1181 5419 est,
1229 5367 1335 5408 non
1381 5351 1706 5421 gaudeamus
1739 5363 1956 5422 propter
1984 5367 2146 5423 regna

564 5445 842 5510 caelorum,
881 5443 974 5498 sed
1001 5440 1122 5514 quia
1163 5458 1276 5498 rem
1313 5445 1565 5499 cmlorutn
1612 5445 1741 5514 Regi
1785 5453 1990 5514 gratam
2018 5445 2140 5500 feci-

567 5550 702 5588 mus.
727 5533 824 5602 Qui
853 5534 994 5588 enim
1024 5549 1168 5588 sana:
1204 5537 1399 5589 mentis
1425 5543 1526 5600 est,
1557 5533 1829 5602 offensam
1855 5534 1948 5589 Dei
1980 5536 2147 5604 magis

565 5623 737 5686 timet,
765 5639 923 5692 quam
974 5623 1132 5676 ullam
1163 5623 1480 5693 gehennam.
1516 5634 1570 5679 et
1597 5624 1809 5696 placere
1846 5625 1953 5680 Deo
1983 5625 2145 5695 pluris

567 5716 812 5784 aastitnat,
841 5733 998 5788 quam
1047 5717 1211 5773 ullum
1247 5731 1489 5788 regnum.
1522 5716 1634 5776 Nec
1674 5718 1884 5776 mireris
1923 5720 1969 5777 si
2011 5734 2139 5792 erga

1247 313 1306 369 S.
1344 309 1620 368 JOANNIS
1653 303 2126 364 CHRYSOSTOMI
2163 303 2485 361 ARCHIEP.
2523 299 3056 362 CONSTANTINOP.

3705 307 3828 370 67!

2235 417 2401 471 Deum
2438 433 2558 473 esse
2583 417 2660 473 sic
2694 417 2943 475 aﬁ'ectum
2969 429 3204 490 oportet,
3246 435 3370 476 cum
3395 436 3523 494 erga
3563 423 3826 482 homines

2229 510 2379 564 multi
2406 511 2486 566 sic
2527 511 2702 567 aﬁ‘ecti
2731 513 2857 567 sint.
2888 512 3042 583 Szepe
3067 515 3212 569 enim
3240 515 3330 584 qui
3360 531 3649 585 germanos
3679 514 3822 572 libe-

2228 614 2318 655 ros
2365 601 2641 666 habemus,
2683 604 2727 657 si
2767 605 2848 658 vel
2893 605 3039 658 inviti
3077 620 3172 660 eos
3219 606 3536 675 laeserimus,
3581 623 3614 664 a
3662 611 3824 666 nobis

2229 690 2356 760 ipsis
2387 707 2571 762 pmnas
2601 693 2930 762 reposcimus
2959 712 2972 748 :
3002 703 3058 749 et
3090 709 3215 766 erga
3237 697 3440 752 amicos
3465 696 3610 753 idem
3639 699 3824 754 facere

2227 781 2484 837 solemus.
2514 779 2667 850 Quod
2706 784 2752 838 si
2797 784 3001 840 amicos
3028 794 3119 839 aut
3157 784 3296 840 ﬁlios
3336 786 3612 843 offendere
3643 789 3821 843 multo

2226 874 2443 942 gravius
2484 883 2731 943 putamus
2773 890 2932 945 quam
2980 891 3166 945 pinnas
3213 876 3386 943 luere,
3437 877 3606 934 multo
3646 881 3824 950 magis

2227 976 2351 1033 erga
2378 963 2544 1018 Deum
2586 965 2665 1019 sic
2687 963 2826 1020 afﬁci
2853 965 3027 1034 decet,
3057 976 3110 1022 et
3149 968 3294 1022 omni
3323 967 3564 1039 gebenna
3593 971 3825 1040 gravius

2230 1054 2522 1124 putandum
2567 1065 2672 1124 est,
2717 1057 2916 1128 aliquid
2958 1059 3149 1115 fecisse
3193 1060 3335 1130 quod
3387 1061 3462 1116 illi
3508 1060 3819 1132 displiceat.

2230 1145 2372 1202 Talis
2416 1156 2531 1202 erat
2561 1147 2747 1204 beatus
2787 1149 2984 1204 Paulus
3013 1169 3025 1205 :
3051 1161 3329 1222 propterea
3373 1152 3602 1221 dicebat,-
3633 1155 3821 1210 Certus

2225 1254 2339 1292 sum
2368 1239 2502 1308 quod
2529 1257 2690 1310 neque
2729 1243 2920 1314 angeli,
2965 1260 3123 1312 neque
3157 1245 3492 1316 principatus,
3533 1263 3694 1318 neque
3722 1265 3820 1318 po-

2228 1336 2450 1393 testates,
2477 1346 2635 1400 neque
2654 1333 2944 1401 presentia,
2977 1349 3138 1403 neque
3168 1336 3362 1404 futura,
3389 1352 3547 1403 neque
3569 1337 3815 1404 altitudo,

2229 1436 2384 1490 neque
2423 1423 2750 1492 profundum,
2785 1440 2879 1477 nec
2921 1427 3026 1478 alia
3063 1437 3293 1480 creatura
3317 1428 3501 1497 poterit
3527 1444 3620 1483 nos
3656 1444 3819 1500 sepa-

2227 1527 2344 1565 rare
2385 1529 2416 1564 a
2444 1515 2652 1568 caritate
2679 1513 2796 1578 Dei,
2843 1531 2958 1584 qua:
2995 1526 3068 1570 est
3096 1517 3151 1569 in
3179 1516 3376 1571 Christo
3421 1517 3546 1572 Jesu
3589 1519 3821 1574 Domino

2229 1611 2398 1656 nostro
2429 1602 2601 1674 (Rom.
2643 1604 2697 1660 8.
2731 1605 2822 1661 39.
2858 1607 2969 1675 ιο).
3015 1607 3152 1674 Quin
3197 1617 3253 1662 et
3298 1621 3510 1665 sanctos
3549 1621 3821 1684 martyres

2229 1707 2353 1747 cum
2379 1694 2568 1749 beatos
2615 1711 2888 1764 vocamus,
2929 1701 3001 1752 ob
3031 1700 3247 1754 vulnera
3293 1701 3524 1768 primum
3550 1705 3820 1772 praedica-

2231 1799 2370 1850 mus,
2402 1803 2523 1840 mox
2563 1787 2634 1842 ob
2660 1790 2911 1857 praemia;
2941 1791 3089 1860 prius
3136 1791 3206 1846 ob
3246 1792 3445 1863 plagas,
3491 1804 3544 1849 et
3573 1803 3686 1849 tum
3712 1796 3820 1852 de-

2231 1891 2376 1930 mum
2419 1876 2488 1931 ob
2532 1891 2762 1932 coronas
2813 1879 3096 1948 repositas.
3140 1880 3366 1935 Prmmia
3411 1884 3553 1937 enim
3594 1896 3821 1955 propter

2229 1967 2448 2021 vulnera
2486 1968 2818 2038 contingunt,
2860 1977 2914 2023 et
2941 1984 3044 2022 non
3073 1969 3293 2025 vulnera
3323 1981 3542 2042 propter
3569 1975 3818 2044 praemia.

2302 2055 2355 2110 3.
2397 2055 2672 2111 Αἳνιιηιηω
2709 2074 2800 2126 pro
2825 2056 3025 2112 Christo
3066 2063 3313 2126 toleratae,
3355 2073 3473 2116 sunt
3513 2065 3702 2135 gratia,
3730 2082 3817 2119 co-

2231 2162 2379 2214 rona,
2408 2163 2614 2202 merces.
2638 2178 2710 2189 —
2736 2147 2812 2204 Ita
2838 2150 3023 2204 beatus
3053 2165 3265 2222 quoque
3309 2152 3502 2208 Paulus
3545 2169 3654 2210 non
3706 2166 3823 2212 tam

2232 2241 2482 2309 repositis
2507 2241 2606 2296 sibi
2635 2240 2810 2307 bonis,
2832 2257 2990 2312 quam
3019 2244 3277 2300 molestiis
3303 2255 3518 2316 propter
3540 2246 3822 2304 Christum

2233 2333 2562 2402 perferendis
2586 2333 2870 2404 gaudebat,
2891 2335 3258 2407 clamabatque
3282 2337 3487 2404 dicens,
3520 2338 3736 2395 Gaudeo
3765 2342 3822 2396 in

2233 2425 2547 2493 passionibus
2595 2443 2687 2494 pro
2719 2427 2857 2481 vobis
2906 2427 3038 2497 (Col.
3087 2428 3140 2482 1.
3168 2428 3260 2499 24)
3287 2446 3302 2482 :
3333 2437 3388 2484 et
3425 2431 3638 2498 iterum,
3693 2430 3823 2487 Non

2233 2519 2399 2572 solum
2439 2527 2628 2583 autem,
2685 2536 2858 2573 verum
2907 2529 2954 2574 et
2996 2521 3274 2591 gloriamur
3311 2523 3365 2576 in
3409 2523 3822 2580 tribulationibus

2237 2608 2414 2678 (Rom.
2443 2610 2498 2664 5.
2521 2609 2576 2679 5)
2605 2627 2618 2663 :
2649 2618 2705 2664 et
2731 2625 2962 2677 rursum,
2995 2610 3249 2678 Quoniam
3295 2613 3440 2667 nobis
3469 2613 3715 2668 donatum
3745 2630 3827 2670 est

2235 2713 2268 2750 a
2297 2696 2422 2763 Deo,
2455 2707 2508 2752 ut
2544 2715 2646 2753 non
2673 2700 2838 2754 solum
2865 2701 2920 2754 in
2962 2718 3076 2755 eum
3102 2701 3388 2770 credamus,
3417 2702 3506 2756 sed
3542 2706 3695 2758 etiam
3722 2723 3824 2775 pro

2234 2802 2294 2841 eo
2327 2789 2581 2858 patiamur
2622 2787 2879 2859 (Philipp.
2915 2790 2967 2845 ί.
3010 2790 3128 2860 29).
3177 2790 3272 2846 Est
3308 2792 3449 2847 enim
3487 2795 3655 2863 gratia
3700 2803 3838 2845 vere

2235 2879 2487 2946 maxima,
2530 2878 2748 2950 dignum
2794 2882 3007 2937 censeri
3051 2893 3265 2954 propter
3304 2881 3574 2940 Christum
3613 2885 3825 2958 aliquid

2237 2969 2368 3039 pati,
2399 2980 2453 3026 et
2472 2985 2670 3026 corona
2696 2986 2824 3028 vere
2853 2973 3110 3043 perfecta,
3139 2985 3195 3030 et
3217 2990 3422 3031 merces
3449 2975 3622 3032 futura
3654 2980 3824 3034 retri-

2236 3057 2458 3116 butione
2495 3074 2601 3115 non
2644 3061 2860 3117 minor:
2890 3072 2942 3118 et
2995 3062 3098 3119 hoc
3139 3074 3336 3120 norunt
3360 3067 3448 3136 qui
3477 3067 3713 3138 legitime
3756 3084 3826 3125 ac

2237 3148 2507 3206 ferventer
2533 3150 2802 3208 Christum
2823 3153 3048 3225 diligere
3083 3157 3276 3211 sciunt.
3308 3157 3452 3213 Talis
3479 3168 3594 3214 erat
3617 3169 3674 3215 et
3703 3159 3827 3215 hac

2237 3242 2448 3308 mulier,
2486 3243 2914 3302 ardentissimum
2959 3248 3160 3304 habens
3197 3249 3250 3303 in
3279 3250 3444 3306 Deum
3469 3251 3824 3320 desiderium,

2237 3346 2290 3388 et
2321 3334 2540 3402 ignitum
2583 3351 2860 3393 amorem:
2895 3349 3174 3409 prapterea
3211 3341 3441 3408 dicebat,
3482 3341 3676 3396 Letata
3703 3359 3825 3398 sum

2238 3423 2292 3478 iu
2318 3426 2531 3479 salutari
2579 3436 2684 3480 tuo.
2713 3427 2855 3482 Nihil
2882 3431 3024 3484 enim
3053 3431 3152 3500 ipsi
3197 3431 3293 3486 fuit
3325 3438 3446 3486 cu'tn
3489 3442 3624 3489 terra
3663 3449 3826 3488 com-

2239 3528 2418 3582 mune,
2445 3516 2540 3572 sed
2575 3533 2740 3574 omne
2769 3520 3057 3575 humanum
3094 3523 3349 3576 auxilium
3383 3523 3729 3594 despiciebat,
3765 3537 3826 3582 et

2240 3616 2357 3661 erat
2377 3607 2608 3677 Spiritus
2631 3611 2795 3680 gratia
2819 3613 3081 3679 sublimis,
3111 3614 3162 3667 in
3184 3613 3534 3684 omnibusque
3554 3614 3618 3669 ad
3650 3616 3825 3670 Deum

2243 3699 2583 3770 respiciebat,
2613 3710 2670 3756 et
2701 3703 2768 3758 ab
2799 3705 3107 3773 urgentibus
3131 3706 3387 3761 molestiis
3433 3707 3574 3760 illinc
3602 3707 3825 3762 liberari

2240 3791 2480 3862 rogabat.
2509 3791 2740 3849 Noverat
2767 3795 2932 3862 enim,
2977 3795 3134 3866 plane
3162 3808 3402 3865 noverat,
3443 3797 3671 3854 humana
3702 3801 3831 3870 qui-

2241 3883 2384 3950 dem,
2415 3885 2820 3958 qualiacumque
2856 3888 2984 3956 sint,
3016 3889 3253 3944 dantium
3285 3890 3482 3946 imitari
3524 3903 3772 3948 naturam
3802 3911 3817 3946 :

2243 3977 2397 4032 nobis
2420 3986 2598 4034 autem
2623 3977 2804 4034 divino
2823 3995 3036 4050 semper
3062 3995 3197 4051 Opus
3221 3995 3343 4037 esse
3367 3983 3583 4049 auxilio,
3608 3984 3652 4037 si
3686 3983 3820 4038 veli-

2242 4082 2362 4122 mus
2389 4083 2640 4124 ancoram
2682 4071 2734 4124 in
2766 4079 2877 4126 tuto
2917 4071 3153 4127 ﬁrmare.
3182 4072 3518 4144 Quapropter
3547 4073 3615 4129 ad
3646 4073 3827 4130 Deum

2243 4173 2456 4229 semper
2497 4159 2868 4232 confugiebat;
2908 4172 2964 4218 et
3008 4174 3224 4232 accepta
3262 4166 3454 4234 gratia,
3494 4165 3636 4236 quod
3679 4165 3830 4223 Deus

2243 4250 2360 4319 ejus
2391 4261 2578 4306 auctor
2617 4263 2778 4317 esset,
2823 4253 2992 4324 magis
3028 4254 3310 4324 gaudebat,
3339 4264 3394 4310 et
3421 4256 3618 4325 gratias
3652 4270 3829 4326 agetis

2245 4339 2455 4396 diccbat
2483 4359 2498 4396 :
2529 4339 2647 4394 Non
2686 4351 2756 4396 est
2782 4352 3007 4411 sanctus,
3040 4354 3092 4396 ut
3132 4353 3204 4398 est
3228 4343 3492 4412 Dominus,
3539 4356 3587 4399 et
3617 4361 3719 4400 non
3747 4364 3808 4401 es

2236 4430 2407 4500 justus
2432 4431 2564 4486 sicut
2598 4430 2737 4486 Deus
2764 4445 2951 4502 noster,
2987 4444 3032 4488 et
3072 4451 3172 4489 non
3212 4445 3284 4489 est
3335 4447 3537 4491 sanctus
3565 4449 3751 4507 praeter
3779 4451 3834 4492 te

2248 4521 2325 4589 (i.
2351 4519 2478 4591 Reg.
2508 4520 2562 4574 Ξ.
2589 4520 2669 4591 2).
2695 4521 2906 4578 Etenim
2945 4525 3431 4596 irrcprehensibile,
3464 4526 3654 4598 inquit,
3673 4527 3819 4597 judi~

2247 4612 2385 4666 cium
2419 4613 2553 4679 ejus,
2583 4621 2636 4667 ct
2671 4612 2976 4685 incorrupta
3017 4615 3415 4687 infallibilisque
3440 4618 3730 4674 sententia.

2321 4703 2474 4757 Ratio
2502 4705 2841 4774 beneﬁcentia:
2879 4723 2911 4760 a
2945 4705 3051 4762 Deo
3081 4725 3181 4762 non
3211 4710 3558 4780 reposcenda;
3599 4728 3832 4781 pauper-

2249 4804 2326 4848 tas
2353 4806 2484 4849 artes
2512 4795 2719 4850 invenit.
2741 4827 2812 4837 —
2837 4797 3027 4854 Vidisti
3069 4811 3234 4872 gratae
3259 4801 3456 4858 anima:
3497 4804 3824 4874 cogitatum.

2248 4885 2362 4940 Non
2394 4885 2525 4941 dixit
2554 4888 2688 4943 intra
2715 4905 2775 4944 se
2799 4907 2812 4943 :
2844 4889 2979 4958 Quid
3008 4907 3279 4961 magnum,
3307 4902 3398 4948 aut
3424 4895 3547 4964 quid
3568 4910 3678 4966 pra:
3705 4895 3834 4952 aliis

2249 4979 2473 5047 accepi?
2495 4979 2644 5046 Quod
2672 4981 2878 5036 aemulae
2918 4997 3050 5038 mea:
3085 4984 3194 5052 jam
3220 4983 3420 5039 dudum
3449 4987 3663 5056 copiose
3691 4999 3834 5040 con-

2252 5070 2390 5140 tigit,
2423 5071 2472 5126 id
2502 5088 2601 5143 ego
2638 5073 2723 5128 vix
2756 5074 2968 5129 tandem
2998 5091 3191 5146 magno
3229 5087 3448 5144 conatu,
3474 5086 3528 5133 et
3555 5077 3830 5149 lacrymis,

2251 5171 2306 5216 et
2334 5162 2601 5231 precibus,
2648 5175 2702 5218 et
2732 5165 3206 5235 supplicationibus
3234 5167 3530 5237 impetravi.
3559 5167 3663 5224 Sed
3689 5185 3834 5239 quo-

2251 5251 2393 5305 niam
2435 5253 2570 5308 bene
2623 5255 2888 5310 sentiebat
2936 5255 3005 5310 de
3051 5257 3141 5311 Dei
3171 5258 3522 5328 providentia,
3565 5259 3835 5316 rationem

2250 5344 2614 5402 beneﬁcentiae
2657 5363 2760 5401 non
2802 5348 3032 5416 reposcit
3054 5363 3083 5401 a
3115 5349 3361 5417 Domino,
3393 5350 3532 5421 quod
3562 5351 3714 5405 tnulti
3745 5351 3832 5406 fa-

2251 5439 2417 5504 ciunt,
2463 5439 2698 5509 quotidie
2733 5440 2900 5493 Deum
2944 5440 2997 5494 in
3041 5441 3130 5510 jus
3177 5451 3448 5496 vocantes.
3495 5442 3552 5497 Si
3597 5443 3836 5498 viderint

2252 5531 2392 5586 hunc
2420 5531 2658 5599 divitem,
2684 5533 2843 5587 alium
2871 5533 3105 5603 inopem,
3138 5549 3240 5587 non
3266 5532 3518 5588 desinunt
3540 5534 3836 5588 adversum

2251 5625 2368 5694 ejus
2392 5625 2777 5694 providentiam
2814 5623 3050 5694 obloqui.
3077 5623 3214 5692 Quid
3255 5624 3401 5689 facis,
3450 5639 3483 5676 ο
3524 5624 3723 5679 homo?
3755 5624 3838 5681 De

2252 5731 2511 5774 conservo
2537 5726 2589 5773 te
2611 5715 2854 5786 judicare
2884 5731 2989 5772 non
3029 5715 3155 5772 sinit
3190 5715 3382 5772 Paulus
3409 5715 3619 5783 dicens,
3649 5716 3843 5774 Nolite
