4110 6214
18 987 22 1016 ζ

17 1173 28 1207 ι

17 1267 29 1302 ιτ

17 1357 30 1392 ι

18 1448 31 1484 I

18 1541 33 1574 ι

17 1631 34 1682 τι

18 1724 36 1759 ι

18 1817 36 1852 ι.

17 1996 42 2033 ιι

18 2539 54 2588 ιι

17 2643 58 2678 ιιι

17 2735 60 2780 ψ

21 2815 64 2853 τι

17 2899 56 2966 φ

22 3003 52 3043 ΡΞ

18 3099 45 3137 ,ι

18 3183 59 3231 ιιι

17 3277 60 3328 ει

17 3377 62 3420 ιιι

18 3477 45 3514 επ
55 3471 66 3504 ι

18 3553 66 3605 μὲι

18 3647 73 3700 ei!

352 321 450 376 671
1600 327 1684 385 DE
1723 328 1901 382 ΑΝΝΑ

2011 329 2182 390 EIUIO
2221 335 2282 390 ν.
3499 341 3606 394 θ’ίέ

350 440 419 507 τῇ
445 430 677 504 σπουδῇ,
702 434 883 506 πολλῷ
904 435 1100 506 μᾶλλον
1132 438 1276 507 ἡμᾶς
1301 437 1391 492 ἐπὶ
1417 440 1524 493 τῶν
1547 441 1706 495 θείων
1733 443 1931 514 θησαυ-

353 521 468 590 ρῶν
492 517 660 570 τοῦτο
691 519 863 570 ποιεῖν
895 519 1020 589 χρὴ,
1052 519 1146 572 καὶ
1182 521 1256 591 μὴ
1288 524 1547 591 πρότερον
1582 525 1930 592 ἀφίστασθαι,

349 603 457 662 ἓως
491 601 644 652 ἆπαν
673 599 735 651 τὸ
770 601 1088 668 φαινόμενον
1121 601 1552 674 ἐξαντλήσωμεν.
1578 606 1650 658 Τὸ
1677 607 1935 675 φαινόμε-

349 699 442 734 νον
491 682 551 734 δὲ
601 678 756 734 εἷπον
780 721 794 744 ,
825 684 1011 754 ἐπειδὴ
1047 685 1222 738 πάντα
1267 687 1586 757 ἐξαντλῆσαι
1633 691 1930 760 ἀμήχανον.

354 766 514 836 Πηγὴ
544 766 652 834 γάρ
677 767 790 818 ἐστι
817 765 1078 834 διηνεκῶς
1109 768 1377 837 βλύζουσα
1397 771 1504 824 τῶν
1539 770 1696 824 θείων
1726 773 1932 842 νοημά-

349 866 459 902 των
496 851 531 919 ἡ
567 849 816 919 δύναμις,
851 850 1104 904 οὐδέποτε
1137 853 1511 918 ἐπιλείπουσα,
1546 856 1664 908 οὐδὲ
1687 855 1931 909 δαπανω-

353 933 518 1002 μένη.
558 933 646 1004 Μὴ
695 934 873 985 τοίνυν
917 934 1322 1004 ἀποκάμωμεψ
1348 937 1466 990 οὐδὲ
1499 937 1606 1009 γάρ
1648 939 1785 1007 ὑπὲρ
1822 940 1929 991 τῶν

347 1016 628 1084 τυχόντων
650 1017 779 1086 ἡμῖν
812 1019 840 1069 ό
861 1016 1036 1083 λόγος,
1072 1017 1206 1069 ἀλλά
1234 1019 1359 1088 περὶ
1383 1019 1568 1088 εὐχῆς,
1597 1021 1695 1090 τῆς
1719 1019 1928 1084 ἐλπίδος

346 1097 448 1166 τῆς
472 1099 748 1167 ἡμετέρας
772 1113 785 1127 ⁸
816 1099 979 1167 εὐχῆς
1004 1099 1079 1162 δὲ,
1107 1099 1172 1152 δι’
1188 1094 1306 1170 ἦςή
1334 1105 1518 1172 στεῖρα
1546 1103 1725 1171 μήτηρ
1750 1102 1928 1168 ἐγένε-

347 1197 428 1234 το,
476 1180 573 1232 καὶ
619 1179 936 1251 πολύπαιςή
969 1180 1155 1242 ἄπαις,
1186 1182 1280 1234 καὶ
1311 1184 1342 1251 ἡ
1375 1182 1669 1245 κατώδυνος
1693 1186 1749 1236 έν
1769 1185 1926 1237 εὐθυ-

350 1261 470 1332 μία·
491 1263 561 1313 δι’
585 1263 651 1331 ῆν
677 1266 709 1332 ή
733 1265 1102 1334 πεπηρωμένη
1119 1263 1410 1333 διωρθοῦτο
1429 1264 1609 1332 φύσις,
1627 1267 1718 1317 καὶ
1743 1268 1923 1336 μήτρα

345 1344 827 1415 ἀποκεκλεισμένη
870 1346 1194 1415 ἀνεῴγνυτο,
1232 1347 1324 1398 καὶ
1356 1348 1423 1400 τά
1459 1348 1692 1402 ἀδύνατοι
1726 1351 1921 1404 δυνατὰ

347 1425 532 1478 πάντα.
589 1429 815 1494 ἐγίνετο.
868 1429 959 1480 Διὸ
989 1429 1053 1499 δὴ
1097 1430 1238 1482 κατά
1286 1431 1479 1500 μικρὸν
1523 1431 1922 1503 διερευνώμεθα

345 1509 560 1569 πάντα,
596 1510 714 1562 καθ’
763 1511 997 1579 ἑκάστην
1044 1511 1199 1579 ῥῆσιν
1249 1512 1731 1579 ἀναπτύξαντεςι,
1780 1516 1919 1570 ὥστε

346 1589 484 1658 μηδὲ
514 1591 576 1643 τὸ
605 1592 927 1662 μικρότατον
959 1593 1126 1660 ἡμᾶς,
1162 1591 1236 1654 ὡς
1263 1588 1372 1645 οἷόν
1399 1610 1480 1657 τε,
1521 1596 1915 1668 παραδραμεῖν.

340 1673 445 1724 Διά
461 1673 528 1744 δὴ
558 1673 716 1726 τοῦτο
743 1674 835 1725 δύο
861 1673 1119 1737 διαλέξεις
1151 1675 1474 1747 ὁλοκλήρους
1505 1679 1583 1740 είς
1619 1677 1711 1731 δύο
1735 1682 1918 1750 ῥήσεις

339 1755 706 1826 ἀνηλώσαμεν
732 1755 917 1825 μόνας,
951 1757 1029 1818 εἴς
1056 1773 1114 1808 τε
1143 1757 1238 1827 τὴν
1263 1759 1482 1828 πρώτην
1509 1760 1605 1830 τὴν
1633 1760 1913 1831 λέγουσαν,

354 1839 712 1907 Ἑστερεώθη
731 1842 767 1906 ἡ
785 1838 993 1906 καρδία
1004 1857 1120 1907 μου
1136 1840 1204 1891 ἐν
1218 1842 1685 1914 Κυρίῳ,[742]καὶ
1699 1847 1791 1916 τὴν
1804 1847 1916 1900 δευ-

339 1923 510 1993 τέραν
535 1923 632 1993 τὴν
662 1922 778 1992 μετ’
818 1921 1052 1991 ἐκείνην,
1087 1922 1320 1989 ’Υψώθη
1352 1925 1528 1990 κέρας
1551 1944 1669 1994 μου
1693 1931 1761 1980 ἐν
1794 1930 1914 1996 Θεῷ

334 2022 479 2070 μου.
519 2004 834 2057 Ἀκόλουθον
858 2003 922 2073 δὴ
968 2005 1204 2074 σήμερον
1235 2006 1328 2058 ἐπὶ
1369 2007 1468 2076 τὴν
1505 2009 1693 2080 τρίτην
1717 2010 1906 2067 ἐλθεῖν.

340 2087 439 2148 Τίς
484 2086 544 2138 δέ
591 2089 737 2139 ἐστιν
795 2085 970 2153 αὐτη;
1022 2087 1394 2156 Ἐπλατύνθη
1435 2091 1627 2159 στόμα
1665 2110 1784 2161 μου
1820 2096 1912 2149 ἐπ’

335 2168 597 2235 ἐχθρούς
622 2186 762 2238 μου.
799 2169 959 2239 φησίν
979 2185 992 2198 ·
1029 2169 1369 2238 εὐφράνθην
1397 2172 1466 2225 ἐν
1487 2177 1746 2244 σωτηρίᾳ
1772 2194 1907 2232 σου.

337 2250 646 2320 Προσέχετε
668 2254 730 2321 τῇ
761 2250 1014 2321 ἀκριϐείᾳ
1041 2252 1139 2320 τῆς
1169 2250 1383 2316 λέξεως.
1403 2255 1515 2307 Οὐκ
1547 2251 1720 2309 εἶπεν·
1755 2259 1911 2312 Ἠκο-

335 2333 475 2400 νήθη
510 2333 684 2402 στόμα
729 2351 832 2402 μου
858 2333 946 2384 ἐπ’
986 2332 1213 2402 ἐχθρούς
1244 2349 1374 2402 μου·
1408 2335 1469 2386 οὐ
1502 2336 1609 2406 γὰρ
1637 2339 1770 2408 πρὸς
1799 2339 1909 2393 λοι-

339 2415 527 2484 οορίας
563 2419 655 2468 καὶ
680 2417 989 2486 σκώμματα
1016 2416 1445 2485 παρεσκεύαστο,
1475 2419 1534 2470 οὐ
1571 2421 1704 2491 πρὸς
1732 2422 1906 2494 ὀνείδη

343 2497 444 2549 καὶ
488 2498 858 2568 κατηγορίαν,
892 2498 1023 2551 ἀλλά
1072 2498 1206 2568 πρὸς
1255 2500 1572 2568 παραίνεσιν
1619 2503 1713 2554 καὶ
1771 2521 1909 2573 συμ·

337 2578 574 2650 ϐουλὴν,
628 2580 762 2649 πρὸς
804 2580 1085 2649 διόρθωσιν
1134 2581 1226 2631 καὶ
1275 2580 1570 2633 νουθεσίαν.
1608 2583 1706 2635 Διά
1752 2585 1906 2638 τοῦτο

331 2661 434 2714 οὐκ
494 2659 665 2724 εἶπεν,
717 2660 983 2731 ’Πκονήθη
1038 2661 1070 2730 ἡ
1120 2659 1338 2728 γλῶσσά
1391 2679 1490 2731 μου
1544 2665 1630 2716 ἐπ’
1680 2667 1905 2738 ἐχθρούς

335 2759 462 2810 μου,
503 2743 638 2807 ἀλλ’,
676 2744 1068 2810 Emam-0n.
1106 2744 1365 2807 Ἀνέσεως
1387 2746 1693 2814 ἀπέλαυσα,
1719 2753 1901 2822 φησιν,

332 2825 806 2897 ἐλευθεροστομεῖν
860 2825 1110 2896 δύναμαι.
1157 2826 1269 2879 Νῦν
1318 2829 1744 2903 ἀπεκρουσάμην
1805 2835 1904 2907 τὴν

323 2909 636 2978 αισχῶνην,
699 2910 834 2980 πρὸς
895 2911 1207 2981 παρρησίαν
1268 2913 1584 2984 ἐπανῆλθον.
1635 2920 1740 2972 Καὶ
1785 2922 1905 2973 οὐδὲ

319 2991 570 3044 ἐνταῦθα
601 2990 750 3044 εἶπεν
783 2993 1042 3063 ὀνομαστὶ
1077 2995 1177 3064 τὴν
1205 2999 1438 3062 γυναῖκα
1464 2998 1563 3069 τὴν
1596 3002 1898 3073 ἀντίζηλον,

319 3073 460 3126 ἀλλά
505 3075 690 3137 ἁπλῶς
718 3075 796 3145 τῷ
817 3077 918 3159 τῆς
940 3078 1307 3149 προσηγορίας
1329 3079 1632 3152 ἀδιορίστῳ,
1654 3086 1902 3159 καθάπερ

320 3159 663 3228 προσωπείῳ
694 3150 1004 3230 κατέκρυψε
1030 3161 1128 3230 τὴν
1160 3162 1393 3217 τοσαῦτα
1422 3150 1754 3236 λυπήσασαν.
1789 3150 1900 3225 Οὐκ

319 3237 504 3325 εἶπεν,
531 3242 558 3294 ὃ
583 3242 772 3296 πολλαί¹
795 3243 1010 3325 λέγουσι
1036 3248 1290 3311 γυναῖκες
1308 3262 1322 3275 ·
1358 3249 1702 3319 Κατῄσχυνεν
1733 3253 1900 3325 αὐτὴν

318 3324 348 3374 ὁ
373 3323 536 3388 Θεδς,
564 3324 866 3398 κατέῤῥαξε
891 3327 982 3380 καὶ
1009 3327 1272 3380 κατέῦαλε
1293 3327 1390 3398 τὴν
1421 3333 1621 3401 μιαρὰν
1646 3336 1739 3388 καὶ
1764 3323 1898 3392 ωε-

321 3405 454 3470 ζόνα
507 3410 600 3462 καὶ
644 3409 1052 3480 μεγαλήγορον*
1095 3409 1210 3464 ἀλλ’
1256 3412 1473 3477 ἁπλῶς,
1531 3417 1896 3490 Ὲπλατύνθη

321 3493 524 3560 στόμα
549 3509 667 3560 μου
703 3493 795 3545 ἐπ’
835 3494 1084 3562 ἐχθρούς
1115 3511 1265 3563 μουο
1310 3497 1653 3567 εὐφράνθην
1681 3501 1749 3553 ἐν
1774 3512 1894 3553 σω-

323 3577 500 3642 τηρίᾳ
536 3593 672 3629 σου.

398 3657 542 3726 Ὅρα
567 3657 684 3718 πῶς
713 3657 802 3708 τὸν
834 3657 994 3710 αὐτὸν
1021 3656 1267 3729 διατηρεῖ
1298 3661 1460 3730 νόμον
1491 3663 1577 3715 διά
1596 3665 1695 3734 τῆς
1728 3668 1895 3736 εὐχῆς

324 3739 567 3808 ἁπάσης.
593 3740 801 3807 ’Ὠσπερ
831 3740 938 3810 γὰρ
974 3743 1029 3793 ὲν
1057 3741 1198 3812 ἀρχῇ
1230 3742 1430 3811 ἔλεγεν,
1467 3746 1820 3813 Ἐστερεώθη
1856 3752 1892 3818 ἡ

327 3821 541 3890 καρδιά
569 3837 685 3888 μου
724 3820 794 3871 ἐν·
843 3823 1053 3890 Κυρίῳ,
1081 3824 1286 3891 ὑψώθη
1325 3825 1498 3892 κέρας
1517 3846 1634 3896 μου
1664 3829 1733 3882 ἐν
1775 3832 1894 3896 Θεῷ

321 3920 462 3969 μου,
488 3904 829 3970 ἐπλατύνθη
856 3907 1048 3972 στόμα
1061 3922 1178 3972 μου
1198 3907 1288 3959 ἐπ’
1311 3908 1559 3976 ἐχθρούς
1575 3927 1724 3980 μουο
1752 3912 1893 3967 οὕτω

329 3997 422 4038 καί
465 3984 726 4049 ἐνταῦθα,
768 3985 1129 4055 Εὐφράνθην
1166 3989 1237 4041 ἐν
1281 3993 1545 4058 σωτηρίᾳ
1597 4009 1734 4047 σου.
1781 3996 1890 4066 Οὐχ

325 4069 534 4131 ἁπλῶς,
563 4069 910 4150 ἐνσωτηρία,
937 4069 1069 4135 ἀλλ’,
1108 4073 1203 4124 Ἐν
1227 4076 1488 4142 σωτηρίᾳ
1515 4093 1650 4129 σου·
1678 4077 1752 4130 Οὐ
1783 4079 1889 4150 γὰρ

324 4150 512 4219 ἐπειδὴ
553 4149 792 4220 ισώοην,
823 4152 1017 4221 φησὶν,
1059 4152 1174 4205 ἀλλ’
1203 4155 1387 4226 ἐπειδὴ
1427 4156 1510 4209 διά
1543 4157 1635 4210 σοῦ
1659 4149 1886 4230 ἐσώθην,

322 4231 412 4286 διὰ
441 4233 596 4286 τοῦτο
627 4233 799 4304 χαίρω
836 4234 928 4287 καὶ
955 4235 1275 4306 ἀγάλλομαι.
1305 4239 1558 4294 Τοιαῦται
1584 4240 1692 4295 τῶν
1720 4244 1887 4311 ἁγίων

323 4315 380 4368 αἱ
409 4314 574 4384 ψυχαί
595 4331 608 4345 ·
647 4316 754 4369 τῶν
791 4316 980 4386 δώρων
1016 4319 1215 4386 μᾶλλον
1248 4321 1526 4391 χαίρουσιν
1560 4322 1650 4376 ἐπὶ
1695 4325 1771 4394 τῷ
1801 4327 1887 4379 δε-

321 4396 517 4450 δωκότι
555 4398 699 4468 Θεῷο
745 4400 804 4451 οὐ
837 4399 943 4471 γάρ
981 4401 1142 4454 αὐτὸν
1181 4403 1268 4456 διά
1311 4406 1377 4458 τά
1421 4406 1586 4459 αὐτοῦ
1619 4407 1882 4475 φιλοῦσιν,

322 4481 437 4532 ἀλλ’
471 4483 651 4534 ἐκεῖνα
692 4481 757 4534 δι’
805 4483 983 4536 αὐτόν.
1029 4482 1198 4538 Τοῦτο
1235 4487 1459 4540 οίκετῶν
1504 4489 1879 4560 εὐγνωμόνων,

320 4562 479 4615 τοῦτο
525 4563 723 4615 δούλων
765 4563 1125 4636 εὐχαρίστων,
1165 4570 1378 4622 πάντων
1416 4569 1524 4622 τῶν
1557 4572 1762 4624 ἑαυτῶν
1792 4574 1883 4626 τὸν

321 4645 599 4715 Δεσπότην
629 4645 718 4697 τὸν
751 4647 957 4698 ἑαυτῶν
987 4649 1314 4718 προτιθέναι.
1351 4651 1524 4712 Οὕτω,
1561 4655 1879 4723 παρακαλῶ,

321 4729 414 4781 καὶ
433 4731 591 4798 ἡμεῖς
615 4728 983 4798 διακεώμεθα⁹
1012 4732 1113 4783 κᾶν
1132 4733 1485 4804 ἀμάρτωμεν,
1511 4736 1583 4805 μὴ
1607 4737 1878 4808 ἀλγῶμεν,

320 4812 506 4882 ἐπειδὴ
560 4811 918 4881 κολαζόμεθα,
967 4813 1082 4865 ἀλλ’
1131 4816 1315 4888 ἐπειδὴ
1349 4818 1742 4890 παρωξύναμεν
1791 4823 1880 4874 τὸν

317 4898 620 4965 Δεσπότην·
653 4895 758 4947 κᾶν
787 4895 1235 4964 κατορθώσωμεν,
1270 4903 1344 4966 μὴ
1373 4901 1647 4971 χαίρωμεν
1671 4903 1755 4957 διὰ
1784 4905 1880 4974 τὴν

319 4976 594 5046 βασιλείαν
641 4978 749 5031 τῶν
781 4977 1024 5047 οὐρανῶν
1049 5019 1064 5043 ,
1102 4979 1214 5032 ἀλλ’
1247 4982 1431 5052 ἐπειδὴ
1478 4985 1754 5056 ῆρέσαμεν
1803 4987 1880 5058 τῷ

319 5061 528 5131 βασιλεῖ
563 5060 671 5114 τῶν
701 5061 965 5131 οὐρανῶν.
1010 5062 1100 5132 Τῷ
1145 5063 1252 5134 γάρ
1299 5065 1420 5117 νοῦν
1446 5066 1619 5137 ἔχοντι
1659 5071 1880 5138 γεέννης

318 5144 534 5212 ἀπάσης
559 5142 926 5214 φοϐερώτερον
944 5144 1004 5197 τὸ
1028 5145 1397 5216 προσκροῦσαι
1418 5148 1556 5219 Θεῷ,
1581 5150 1766 5222 ῶσπερ
1786 5155 1879 5205 καὶ

318 5225 590 5297 βασιλείας
628 5225 843 5295 ἁπάσης
878 5227 1244 5297 ποθεινότερον
1271 5229 1332 5282 οδ
1370 5232 1559 5300 ἀρέσαι
1593 5232 1728 5302 Θεῷ.
1771 5237 1878 5288 Καὶ

316 5310 392 5378 μὴ
417 5307 700 5378 θαυμάσῃς
741 5308 789 5359 εί
825 5308 916 5358 ἐπὶ
955 5309 1046 5362 τοῦ
1073 5311 1207 5362 Θεοῦ
1243 5328 1385 5364 ουτω
1424 5312 1720 5368 διακεῖσθαι
1751 5317 1873 5388 χρὴ,

313 5391 446 5442 ὅπου
485 5406 547 5458 γε
594 5389 686 5441 καὶ
720 5388 806 5440 ἐπ’
839 5389 1138 5460 ἀνθρώπων
1159 5393 1299 5445 οὕτω
1343 5394 1525 5448 πολιοὶ
1558 5397 1872 5452 διάκεινται.

314 5470 476 5535 Υἱούς
506 5471 636 5539 γοῦν
672 5471 865 5541 ἔχομεν
900 5471 1153 5536 πολλάκις
1186 5477 1470 5544 γνησίους·
1510 5479 1613 5533 κᾶν
1654 5481 1874 5543 ἄκοντες

314 5555 508 5619 αὐτοὺς
533 5553 800 5625 διαθῶμίν
828 5572 880 5608 τι
907 5556 1093 5619 κακὸν,
1120 5558 1344 5621 ἑαυτοὺς
1372 5561 1757 5632 τιμωρούμεθα
1784 5565 1874 5617 καὶ

377 5729 404 5758 ⁸
423 5727 545 5791 Reg.
570 5726 960 5785 ἀναπτύσσοντες,
980 5732 1031 5775 et
1049 5728 1117 5775 sic
1139 5727 1286 5776 etiam
1309 5727 1445 5779 Colb.
1482 5743 1628 5781 unus.

633 5836 894 5894 l’nnou
949 5833 1063 5893 Gn.
1114 5835 1270 5894 LIV.

2045 449 2373 520 κολάζομεν’
2411 454 2504 506 καὶ
2537 456 2626 506 ἐπὶ
2675 456 2840 524 φίλων
2869 457 2924 510 δὲ
2958 456 3113 508 τοῦτο
3147 453 3423 524 ποιοῦμεν.
3456 454 3516 506 EE
3549 454 3605 506 δε

2041 535 2134 588 ἐπὶ
2165 536 2331 605 φίλων
2357 542 2446 592 καὶ
2473 543 2604 593 υἱῶν
2627 543 2721 595 τοῦ
2758 543 3087 612 κολασθῆναι
3120 541 3180 594 τὸ
3199 541 3440 610 λυπῆσαι
3463 541 3608 592 ὲκεί-

2040 639 2163 685 νους
2216 625 2394 696 πολλῷ
2438 627 2814 698 χαλεπώτερον
2862 626 3000 683 εἶναι
3055 629 3374 698 νομίζομεν,
3427 626 3606 694 πολλῷ

2043 711 2240 780 μᾶλλον
2269 714 2360 766 ὲπὶ
2390 715 2482 767 τοῦ
2514 716 2647 768 Θεοῦ
2676 718 2815 770 οὐτω
2854 717 3154 769 διακεῖσθαι
3185 715 3311 785 χρὴ,
3345 715 3438 766 καὶ
3462 715 3606 781 γεέν-

2039 814 2131 868 νης
2172 799 2388 868 ἀπάσης
2428 803 2803 874 χαλεπώτερον
2845 800 2982 856 εἶναι
3023 803 3260 872 νομίζειν
3298 801 3357 852 τὸ
3386 800 3603 870 ποιῆσαί

2035 902 2089 936 τι
2113 885 2221 938 τῶν
2253 887 2327 958 μὴ
2356 889 2650 942 δοκούντων
2679 890 2844 959 αὐτῷ.
2874 888 3124 951 Τοιοῦτος
3154 885 3220 958 ἦν
3262 889 3292 939 ὁ
3335 886 3602 957 μακάριος

2037 971 2244 1036 Παῦλος
2266 990 2279 1004 ·
2314 974 2400 1027 διά
2428 975 2584 1028 τοῦτο
2611 976 2760 1043 ἔλεγε
2782 993 2793 1005 ·
2831 977 3156 1044 ΙΙέπεισμαι
3209 973 3295 1026 ὅτι
3331 973 3466 1026 οὔτε
3492 972 3596 1041 ἀγ-

2035 1063 2216 1128 γελοι,
2245 1063 2382 1116 οὔτε
2404 1064 2599 1132 ἀρχαί,
2629 1066 2766 1117 οὔτε
2796 1065 3094 1132 δυνάμεις,
3119 1063 3256 1116 οὗτε
3277 1059 3594 1123 ἐνεστῶτα,

2033 1149 2170 1201 οὔτε
2197 1151 2520 1218 μέλλοντα,
2542 1153 2678 1206 οὔτε
2702 1154 2934 1221 ὕψωμα,
2955 1154 3091 1205 οὔτε
3107 1150 3316 1215 βάθος,
3344 1149 3481 1202 οὔτε
3507 1165 3596 1212 τις

2032 1237 2229 1299 κτίσις
2275 1237 2445 1306 ἑτέρα
2485 1239 2808 1303 δυνήσεται
2851 1238 3007 1306 ἡμᾶς
3048 1239 3291 1305 χωρίσαι
3327 1233 3446 1288 ἀπὸ
3489 1231 3596 1298 τῆς

2029 1322 2268 1390 ἀγάπης
2294 1326 2400 1379 τοῦ
2433 1327 2598 1388 Θεοῦ,
2624 1327 2732 1393 τῆς
2745 1328 2812 1379 ἐν
2829 1323 3055 1394 Χριστῷ
3082 1321 3282 1390 Ἰησοῦ
3304 1320 3382 1385 τῷ
3400 1320 3595 1388 Κυρίῳ

2030 1409 2214 1477 ἡμῶν.
2238 1411 2386 1484 [λῇ]
2405 1415 2511 1466 Καὶ
2531 1416 2686 1484 ἡμεῖς
2716 1415 2771 1466 δὲ
2798 1403 2919 1478 τοῦς
2949 1414 3134 1482 ἁγίους
3165 1411 3441 1481 μάρτυρας
3464 1408 3592 1460 ὅταν

2031 1471 2440 1570 μακαρίζωῇεν,
2478 1503 2585 1554 ἀπὸ
2617 1503 2724 1554 τῶν
2754 1503 3080 1573 τραυμάτων
3121 1502 3382 1570 πρότερον
3412 1511 3590 1566 μακα-

2031 1584 2269 1655 ρίζομεν,
2294 1589 2386 1640 καὶ⁸
2413 1589 2530 1640 τότε
2569 1589 2675 1642 ἀπὸ
2703 1589 2808 1641 τῶν
2840 1589 3136 1660 βραϐείωψ
3165 1585 3272 1639 ἀπὸ
3317 1583 3424 1636 τῶν
3451 1581 3590 1649 πλη-

2025 1671 2156 1739 γῶν,
2185 1675 2278 1726 καὶ
2308 1677 2425 1728 τότε
2457 1676 2565 1728 ἀπὸ
2593 1676 2698 1729 τῶν
2725 1675 3100 1744 ἀποκειμένων
3128 1673 3422 1739 στεφάνων.
3458 1668 3588 1720 Ἀπὸ

2022 1763 2130 1830 γὰρ
2162 1763 2269 1816 τῶν
2299 1765 2625 1835 τραυμάτων
2661 1763 2731 1817 τά
2765 1764 3007 1834 βραδεῖα,
3041 1762 3140 1816 οὐκ
3178 1761 3284 1813 ἀπὸ
3319 1759 3426 1811 τῶν
3458 1757 3586 1827 βρα-

2024 1850 2183 1902 ϐείων
2236 1851 2302 1904 τά
2344 1852 2631 1922 τραύματα
2667 1852 2764 1922 τὴν
2821 1851 2994 1922 ἀρχὴν
3033 1848 3297 1920 λαμϐάνει
3336 1847 3431 1900 καὶ
3486 1844 3586 1915 τὴν

2025 1936 2295 1991 ὑπόθεσιν.

2072 2047 2138 2108 γ’.
2160 2042 2310 2096 Οὕτω
2327 2044 2420 2097 καὶ
2435 2047 2461 2097 ὁ
2477 2043 2740 2115 μακάριος
2755 2042 2961 2106 Παῦλος
2976 2044 3083 2113 πρὸ
3097 2041 3203 2096 τῶν
3211 2039 3584 2108 ἀποκειμένων

2020 2128 2239 2195 ἀγαθῶν
2266 2131 2356 2182 ἐπὶ
2383 2133 2493 2194 τοῖς
2522 2133 2903 2202 συμϐαίνουσιν
2927 2130 3074 2200 αὐτῴ
3109 2129 3196 2182 διά
3229 2128 3319 2180 τὸν
3349 2126 3581 2195 Χριστὸν

2019 2213 2279 2285 λυπηροῖς
2308 2217 2512 2290 ἔχαιρε,
2560 2220 2654 2272 καὶ
2697 2218 2826 2271 ἐϐόα
2862 2218 3034 2284 λέγων
3057 2256 3070 2277 ,
3121 2215 3311 2282 Χαίρω
3351 2213 3420 2266 ἐν
3456 2210 3580 2276 τοῖς

2019 2301 2365 2372 παθήμασιν
2394 2305 2542 2373 ὑπὲρ
2584 2303 2780 2373 ὑμῶν·
2816 2304 2910 2357 καὶ
2944 2303 3123 2364 πάλιν,
3151 2304 3233 2354 Οὐ
3267 2301 3456 2368 μόνον
3486 2298 3578 2361 δὲ,

2017 2385 2178 2438 ἀλλὰ
2207 2387 2303 2440 καὶ
2337 2388 2685 2457 καυχώμεθα
2711 2388 2779 2440 ὲν
2804 2387 2932 2453 ταῖς
2965 2387 3205 2454 θλίψει-σι
3225 2401 3238 2414 ο
3275 2385 3370 2436 καὶ
3396 2382 3576 2442 πάλιν,

2020 2472 2148 2525 ’Ὁτι
2199 2473 2340 2542 ἡμῖν
2363 2476 2653 2544 ἐχαρίσθη
2686 2473 2802 2529 ἀπὸ
2833 2473 2934 2527 τοῦ
2980 2472 3144 2532 Θεοῦ,
3184 2472 3255 2524 οὐ
3290 2470 3479 2538 μόνον⁹
3510 2467 3577 2520 τὸ

2015 2560 2103 2622 εἷς
2143 2561 2332 2613 αὑτὸν
2372 2562 2712 2623 πιστεύειν,
2755 2561 2914 2614 ἀλλὰ
2958 2558 3053 2611 καί
3096 2557 3164 2610 τὸ
3197 2555 3346 2623 ὑπὲρ
3388 2555 3575 2608 αὐτοῦ

2015 2646 2293 2714 πάσχειν.
2343 2649 2449 2701 Καί
2500 2647 2607 2719 γάρ
2637 2649 2803 2710 δντως
2836 2647 2992 2716 χάρις
3040 2646 3302 2714 μεγίστη,
3344 2644 3403 2694 τὸ
3447 2659 3576 2694 κατ-

2013 2733 2310 2805 αξιωθῆναι
2352 2735 2438 2788 διὰ
2480 2735 2710 2807 Χριστόν
2756 2751 2808 2786 τι
2848 2733 3058 2794 παθεῖν,
3089 2734 3180 2784 καὶ
3227 2731 3485 2797 στέφανος
3517 2729 3574 2780 δὲ

2013 2822 2438 2894 ἀπηρτισμένος,
2466 2825 2560 2876 καὶ
2590 2821 2788 2893 ἀμοιϐὴ
2817 2821 2914 2890 τῆς
2940 2818 3232 2890 μελλούσης
3260 2817 3575 2878 ἀντιδόσεως

2012 2911 2109 2963 οὐκ
2160 2911 2429 2964 ἐλάττων·
2479 2913 2571 2965 καὶ
2621 2911 2775 2964 τοῦτο
2823 2913 2999 2963 ἴσασιν
3046 2909 3156 2960 ὅσοι
3201 2906 3437 2974 γνησίως
3481 2907 3573 2959 καὶ

2013 2999 2229 3070 θερμῶς
2254 3000 2424 3068 φιλεῖν
2447 3001 2588 3052 ῖσασι
2618 2999 2708 3051 τὸν
2741 2998 2990 3070 Χριστόν.
3022 2996 3064 3047 Τ
3067 2994 3255 3064 οιαύτη
3283 3011 3362 3056 τις
3388 2989 3456 3065 ῆν
3477 2995 3571 3048 καὶ

2008 3089 2041 3156 ἡ
2071 3087 2205 3156 γυνὴ
2251 3085 2386 3156 αὐτη
2409 3125 2422 3146 ,
2467 3085 2666 3155 θερμὸν
2707 3086 2903 3154 έχουσα
2936 3085 3062 3155 περὶ
3091 3083 3181 3136 τὸν
3219 3082 3348 3134 Θεὸν
3376 3081 3561 3146 πόθον,

2010 3177 2102 3228 καὶ
2127 3176 2342 3246 φίλτρον
2367 3175 2588 3238 διακαὲς
2607 3193 2621 3206 ο
2665 3175 2751 3228 διά
2780 3175 2936 3227 τοῦτο
2972 3169 3175 3312 ἐλῖεν,
3213 3170 3570 3238 Εὐφράνθητε

2010 3264 2075 3312 ἐν
2105 3264 2368 3312 σωτηρία
2401 3280 2536 3312 σου.
2571 3262 2737 3312 Οὐδὲν
2775 3263 2882 3312 γὰο
2919 3278 3035 3312 κοιν
3078 3279 3096 3310 ι
3128 3260 3261 3312 αὐτῆ
3307 3257 3439 3312 πρὸς
3470 3257 3568 3312 τὴν

2005 3264 2075 3315 ἐν
2105 3264 2368 3330 σωτηρίᾳ
2401 3280 2536 3317 σου.
2571 3262 2737 3315 Οὐδὲν
2775 3263 2882 3332 γὰρ
2919 3257 3096 3314 κοινδιι
3128 3260 3262 3328 αὐτῇ
3307 3257 3439 3327 πρὸς
3470 3257 3568 3326 τὴν

2005 3351 2107 3420 γῆν
2131 3347 2216 3420 ἦν,
2242 3351 2352 3402 ἀλλ’
2383 3351 2670 3421 ὑπερεώρα
2699 3349 3036 3420 ἀνθρωπίνης
3060 3347 3308 3416 βοηθείας
3329 3344 3564 3415 ἀπάσης,

2006 3441 2096 3492 καὶ
2129 3441 2403 3511 ἐπτέρωτο
2432 3443 2498 3509 τῇ
2542 3439 2635 3492 τοῦ
2669 3437 2982 3507 Πνεύματος
3014 3435 3217 3507 χάριτι,
3247 3435 3338 3488 καὶ
3369 3434 3566 3503 μετάρ-

2006 3543 2118 3590 σιος
2136 3522 2222 3597 ῆν,
2244 3529 2339 3579 καὶ
2363 3527 2495 3598 πρὸς
2523 3527 2613 3579 τὸν
2634 3525 2766 3578 Θεὸν
2792 3528 2848 3578 ὲν
2869 3525 3068 3578 ἅπασιν
3094 3522 3308 3582 ἐϐλεπε,
3341 3523 3434 3575 καὶ
3459 3520 3567 3573 τῶν

2003 3614 2366 3682 ἐπικειμένων
2411 3614 2598 3667 δεινῶν
2624 3615 2723 3683 τὴν
2756 3611 2908 3665 λύσιν
2939 3610 3146 3664 ἐκεῖθεν
3182 3607 3382 3678 ἐζήτει.
3410 3607 3564 3677 ’ᾙδει

2002 3699 2129 3768 γάρ,
2162 3700 2275 3769 ᾔδει
2301 3699 2506 3767 σαφῶς,
2537 3701 2618 3752 ὅτι
2656 3699 2725 3751 τὰ
2773 3698 2870 3768 μὲν
2915 3695 3249 3766 ἀνθρώπινα,
3280 3689 3368 3748 οἷα
3402 3693 3466 3746 ἂν
3502 3689 3560 3765 ᾗ,

2004 3788 2250 3856 μιμεῖται
2274 3785 2372 3856 τὴν
2399 3785 2557 3854 φύσιν
2587 3786 2693 3838 τῶν
2726 3784 3028 3838 δεδωκότων
3050 3799 3062 3812 ⁸
3091 3783 3172 3835 δεῖ
3206 3782 3261 3834 δὲ
3288 3780 3560 3850 πανταχοῦ

1999 3873 2099 3941 τῆς
2123 3871 2326 3925 ἄνωθεν
2356 3875 2483 3942 ἡμῖν
2507 3871 2702 3942 ῥοπῆς,
2728 3871 2842 3938 εἴγε
2866 3869 3152 3940 μέλλοιμεν
3177 3869 3262 3919 ἐπ’
3287 3866 3562 3936 ἀσφαλοῦς

1998 3960 2185 4028 ὁρμεῖν
2209 3959 2236 3997 δ
2263 3960 2359 4029 τῆς
2390 3959 2655 4028 ἀγκύρας.
2688 3959 2783 4011 Διά
2813 3957 2971 4010 τοῦτο
3004 3959 3098 4010 καὶ
3139 3956 3275 4024 πρὸς
3316 3953 3474 4007 αὐτὸν
3503 3955 3560 4006 ἐν

2000 4045 2171 4098 ἅπασι
2221 4047 2558 4115 κατέφευγε,
2591 4045 2681 4099 καὶ
2731 4043 2968 4097 λαθοῦσα
2999 4043 3096 4114 τὴν
3135 4044 3312 4113 χάριν,
3357 4041 3450 4093 ἐπὶ
3481 4038 3561 4108 τῷ

1996 4132 2246 4186 δεδωκότι
2278 4133 2476 4202 μᾶλλον
2521 4133 2735 4204 ἔχαιρε,
2771 4134 2864 4185 καὶ
2911 4132 3301 4202 εὐχαριστοῦσα
3341 4129 3556 4196 ἔλεγεν·

2000 4225 2119 4276 Οὐκ
2157 4222 2329 4275 ἐστιν
2362 4223 2545 4291 ἅγιος,
2573 4223 2652 4288 ὠς
2689 4225 2722 4275 ὀ
2749 4223 2980 4288 Κύριος,
3020 4219 3117 4274 καὶ
3153 4222 3263 4273 οὐκ
3293 4218 3425 4271 ἐστι
3473 4217 3559 4270 δί-

1995 4326 2179 4376 καιος,
2203 4311 2282 4376 ὡς
2315 4313 2348 4364 ό
2372 4311 2514 4376 Θεὸς
2542 4308 2728 4378 ἡμῶν,
2754 4309 2849 4361 καὶ
2876 4311 2987 4363 οὐκ
3011 4309 3180 4362 ἐστιν
3203 4307 3366 4374 ἅγιος
3391 4303 3558 4370 πλὴν

1994 4397 2411 4467 σοῦ.Ἀληπτος
2437 4399 2544 4468 γάρ
2569 4401 2602 4468 ή
2626 4398 2803 4468 κρίσις
2834 4396 3022 4463 αὐτοῦ,
3045 4395 3198 4466 φησὶ,
3219 4394 3434 4466 καθαρά
3461 4395 3556 4446 καὶ

1993 4485 2425 4555 ἀπαραλόγιστος
2451 4487 2483 4556 ή
2513 4484 2711 4554 ψῆφος.

2063 4601 2211 4666 Εἶδες
2236 4603 2410 4675 ψυχῆς
2438 4602 2775 4674 εὐγνώμονος
2794 4602 3030 4667 ἓννοιαν;
3055 4602 3128 4654 Οὐ
3151 4599 3257 4670 γάρ
3279 4595 3396 4652 εἷπε
3419 4598 3555 4670 πρδς

1991 4691 2219 4762 ἑαυτήν·
2249 4692 2313 4744 Τί
2336 4692 2441 4762 γάρ
2472 4709 2562 4761 μοι
2611 4691 2752 4760 μέγα
2783 4691 3008 4758 γέγονε;
3059 4689 3112 4740 τί
3140 4688 3198 4741 δὲ
3243 4687 3402 4740 πλέον
3445 4689 3555 4738 των

1988 4779 2160 4833 ἄλλων
2181 4796 2195 4844 ;
2219 4780 2395 4850 Ὅπερ
2421 4781 2453 4848 ή
2483 4778 2762 4848 ἀντίζηλος
2786 4777 2950 4830 πάλαι
2971 4776 3127 4829 ἓλαὸε
3155 4775 3245 4828 καὶ
3271 4778 3408 4846 μετὰ
3435 4773 3552 4826 πολ-

1987 4867 2084 4936 λῆς
2100 4867 2196 4937 τῆς
2218 4867 2518 4936 δαψιλείας,
2534 4865 2690 4917 τοῦτο
2709 4863 2847 4933 μετά
2873 4864 3035 4919 πολὺν
3059 4865 3246 4933 χρόνον
3267 4860 3394 4930 ἐγὼ,
3413 4861 3550 4928 μετά

1992 4951 2259 5019 καμάτου,
2303 4951 2396 5003 καὶ
2425 4947 2695 5015 δακρύων,
2729 4948 2820 5000 καὶ
2849 4947 3143 5017 ἱκετηρίας,
3177 4945 3546 5012 καὶδεήσεως,

1989 5033 2081 5086 καὶ
2111 5033 2269 5084 πόνου
2289 5031 2502 5084 πολλοῦ.
2537 5031 2675 5083 Ἀλλ’
2695 5031 2884 5101 ἐπειδὴ
2915 5030 3092 5092 καλῶς
3108 5027 3393 5080 ἐπέπειστο
3423 5024 3548 5093 περὶ

1985 5119 2082 5186 τῆς
2095 5115 2188 5168 τοῦ
2205 5114 2338 5168 Θεοῦ
2359 5114 2637 5186 προνοίας,
2651 5115 2749 5168 οὐκ
2765 5115 2984 5168 ἀπαιτεῖ
2995 5113 3083 5165 τὸν
3104 5111 3378 5180 Δεσπότην
3399 5108 3550 5161 εὐθύς

1987 5221 2079 5267 νας
2108 5202 2214 5256 τῶν
2232 5202 2549 5271 γινομένων,
2571 5202 2599 5253 ὃ
2626 5200 2809 5254 πολλοὶ
2839 5200 2947 5252 τῶν
2982 5197 3280 5268 ἀνθρώπων
3312 5195 3544 5258 ποιοῦσι,

1986 5289 2104 5343 καθ’
2135 5288 2369 5357 ἑκάστην
2401 5287 2615 5357 ἡμέραν
2638 5287 2717 5356 τῷ
2750 5286 2867 5355 Θεῷ
2898 5285 3224 5348 δικάζοντες.
3253 5281 3367 5335 Κᾶν
3397 5281 3546 5334 ἴδωσι

1985 5377 2076 5430 τὸν
2109 5377 2207 5447 μὲν
2237 5375 2588 5440 πλουτοῦντα,
2609 5375 2700 5427 τδν
2728 5373 2784 5427 δὲ
2816 5373 3125 5443 πενόμενον,
3149 5372 3373 5444 μυρίους
3405 5369 3546 5423 κατά

1984 5465 2082 5535 τῆς
2117 5463 2370 5533 προνοίας
2421 5461 2584 5516 αὐτοῦ
2619 5462 2826 5516 κινοῦσι
2869 5463 3078 5530 λόγους.
3125 5461 3191 5514 Τί
3231 5465 3421 5524 ποιεῖς,
3452 5460 3545 5513 ὃν·

1986 5552 2169 5623 θρωπε
2191 5568 2205 5618 ;
2229 5551 2319 5621 Τῷ
2352 5551 2618 5623 συνδούλῳ
2642 5552 2879 5617 δικάζειν
2921 5569 2977 5606 σε
3004 5553 3104 5606 οὐκ
3128 5552 3304 5622 ἀφῆκε
3339 5550 3544 5613 Παῦλος

2047 5742 2075 5783 ιι
2103 5742 2238 5793 Colb.
2264 5748 2311 5792 el
2339 5744 2461 5806 Reg.
2489 5746 2656 5809 δρμᾷν.

3145 5846 3212 5907 19
