4110 6214
355 373 457 428 673

356 501 471 543 ante
496 497 691 560 tempus
705 488 959 562 judicare,
991 488 1148 543 donec
1169 491 1334 546 ueniat
1374 489 1622 547 Dominus
1646 489 1924 560 (i.Car.4.

355 584 413 649 5)
441 599 454 635 :
486 589 541 635 et
569 589 626 636 tu
672 581 953 635 Dominum
995 582 1046 636 in
1070 582 1331 650 iudicium
1361 582 1552 648 trahis,
1583 593 1636 638 et
1664 582 1923 639 factorum

355 673 612 728 rationem
633 672 701 726 ab
726 687 792 727 eo
824 673 1017 742 exigis,
1048 689 1145 728 nec
1170 675 1431 730 exhorres
1464 684 1555 729 aut
1578 676 1927 744 expavescis?

357 761 418 815 Et
447 776 603 832 quam
643 762 986 832 consequeris
1023 764 1255 830 veniam,
1303 764 1549 831 obsecro,
1581 782 1740 836 quam
1765 781 1925 821 escu-

353 851 615 906 sationem
647 851 883 918 habebis,
902 867 1021 907 cum
1051 853 1268 924 singulis
1291 855 1498 920 diebus,
1528 857 1635 911 imo
1663 872 1788 912 vero
1817 857 1927 912 siu-

351 943 486 1012 gnlis
517 942 663 998 horis
681 946 1102 1014 experimentum
1129 948 1476 1017 providentia:
1496 950 1612 1020 ejus
1631 951 1838 1020 capias;
1871 961 1925 1007 et

355 1044 529 1090 tamen
555 1035 627 1090 ob
653 1036 1085 1107 inaequalitatem,
1113 1055 1232 1109 qua:
1261 1040 1400 1096 inter
1427 1041 1620 1097 divites
1644 1054 1699 1097 et
1728 1059 1927 1114 paupe-

353 1140 441 1181 res
493 1126 735 1192 videtur,
781 1129 1017 1184 omnium
1064 1145 1242 1186 rerum
1289 1133 1484 1188 bonam
1533 1134 1923 1190 ordinationem

351 1216 590 1284 damnes,
619 1219 776 1290 idque
802 1221 1030 1289 injuste?
1058 1220 1114 1277 Si
1145 1224 1287 1279 enim
1327 1225 1396 1278 ita
1425 1233 1486 1278 ut
1516 1224 1760 1289 decebat,
1798 1239 1919 1280 cum

352 1323 538 1380 magna
587 1313 777 1367 mentis
827 1315 1122 1371 attentione
1173 1316 1288 1373 bare
1333 1319 1559 1374 scrutari
1611 1319 1914 1386 voluisses,

350 1401 557 1456 etiamsi
596 1403 796 1458 nullum
842 1406 982 1461 aliud
1011 1406 1204 1462 divinte
1246 1409 1591 1479 providentia:
1635 1425 1920 1480 argumen-

351 1499 462 1546 tum
513 1493 807 1559 habuisses,
839 1506 984 1552 certe
1021 1513 1087 1552 ex
1127 1497 1327 1553 divitiis
1366 1509 1420 1553 et
1461 1511 1772 1570 paupertate
1801 1515 1918 1556 eam

349 1581 755 1650 deprehendere
803 1586 1084 1654 potuisses.
1136 1587 1454 1656 Paupertate
1506 1593 1646 1646 enim
1691 1592 1918 1656 sublata,

348 1670 470 1726 vita:
513 1673 676 1727 totius
718 1674 1029 1729 constitutio
1068 1677 1360 1743 tolleretur,
1408 1689 1462 1734 et
1499 1681 1672 1735 omnis
1715 1683 1922 1737 vivendi

348 1764 485 1817 ratio
511 1762 914 1832 perturbaretur
947 1783 960 1819 :
986 1781 1156 1835 neque
1186 1775 1342 1823 nauta
1369 1770 1472 1824 erit
1512 1785 1683 1840 neque
1723 1772 1920 1841 guber-

350 1863 522 1918 nator,
556 1868 660 1906 non
692 1855 946 1923 agricola,
1002 1872 1105 1912 non
1149 1860 1543 1926 caementarius,
1575 1877 1680 1916 non
1726 1872 1919 1930 textor,

348 1957 452 1998 non
495 1952 665 2010 sutor,
705 1960 810 2000 non
848 1945 1015 2010 faber,
1059 1964 1162 2003 non
1199 1951 1439 2012 mrarius,
1487 1967 1592 2006 non
1636 1954 1916 2022 coriarius,

350 2032 602 2101 pistorve,
636 2049 735 2089 nec
776 2035 910 2092 alius
938 2039 1075 2093 ullus
1103 2039 1280 2110 opifex
1314 2058 1327 2094 :
1354 2041 1543 2110 quibus
1575 2059 1678 2098 non
1708 2055 1922 2102 exstan-

347 2121 510 2190 tibus,
547 2124 722 2180 omuia
753 2135 964 2196 pessum
995 2129 1164 2184 ibunt.
1206 2131 1356 2187 Nunc
1382 2135 1545 2201 enim,
1573 2137 1722 2205 quasi
1755 2139 1922 2208 magi-

345 2221 454 2268 stra
493 2215 734 2284 quaedam
773 2221 988 2288 Optima,
1023 2223 1309 2278 necessitas
1340 2229 1659 2295 paupertatis
1686 2231 1922 2300 singulos

345 2301 412 2356 ad
439 2318 597 2373 Opera
629 2307 712 2361 vel
745 2307 937 2365 invitos
964 2323 1110 2382 urget
1142 2330 1154 2365 :
1184 2314 1324 2385 quod
1348 2317 1393 2370 si
1416 2331 1601 2372 omnes
1627 2329 1809 2374 essent
1834 2322 1918 2376 αἱ.

346 2396 501 2464 vites,
529 2413 715 2454 omnes
740 2401 898 2456 etiam
943 2403 995 2458 in
1031 2405 1142 2461 otio
1167 2407 1422 2474 viverent,
1453 2418 1613 2479 atque
1642 2411 1709 2465 ita
1740 2413 1916 2467 omnia

346 2501 559 2557 pessum
607 2489 762 2557 irent,
810 2501 866 2548 et
914 2494 1042 2549 nihil
1088 2512 1192 2551 non
1240 2499 1454 2568 periret.
1499 2501 1762 2556 Praeterea
1807 2504 1918 2559 suis

345 2576 577 2646 ipsorum
605 2581 775 2637 verbis
793 2585 1031 2640 convinci
1064 2597 1304 2655 possunt,
1335 2597 1388 2642 et
1406 2589 1471 2643 ad
1499 2591 1766 2646 silentium
1795 2593 1920 2649 red-

346 2666 436 2737 igi.
483 2667 588 2724 Cur
625 2672 785 2734 enim,
845 2689 1060 2742 quaeso,
1101 2677 1192 2731 Dei
1237 2679 1616 2748 providentiam
1663 2683 1920 2738 accusas?

345 2773 535 2826 nempe
573 2761 713 2830 quod
741 2763 875 2818 alius
899 2765 1036 2834 plus,
1067 2767 1200 2822 alius
1221 2769 1394 2841 minus
1423 2773 1758 2840 pecuniarum
1789 2789 1914 2844 pos-

343 2847 498 2902 sidet.
541 2850 676 2916 Quid
723 2855 870 2909 tum?
913 2856 956 2910 si
999 2856 1052 2911 in
1092 2858 1379 2928 majoribus
1417 2863 1596 2928 rebus,
1645 2873 1698 2919 et
1725 2866 1916 2934 quibus

343 2939 446 2992 vita
477 2952 653 2995 nostra
680 2953 906 3009 constat,
941 2962 1091 3014 pares
1116 2963 1236 3004 esse
1255 2965 1439 3006 omnes
1469 2951 1712 3009 homines
1739 2965 1917 3011 osten-

342 3029 488 3094 dant,
535 3047 754 3090 necesse
799 3036 900 3091 erit
942 3047 999 3092 ut
1027 3054 1122 3108 per
1159 3043 1332 3096 omnia
1375 3043 1605 3102 divinam
1638 3047 1917 3116 providen-

343 3121 469 3178 tiam
502 3125 782 3193 approbes.
807 3127 938 3183 Nam
965 3131 1009 3185 si
1037 3131 1160 3187 inde
1187 3133 1392 3204 colligis
1421 3137 1615 3191 nullam
1641 3153 1761 3194 esse
1793 3155 1917 3210 pro-

343 3213 648 3281 videntiam,
675 3217 814 3286 quod
841 3234 946 3274 una
972 3221 1022 3274 in
1045 3237 1103 3277 re
1131 3223 1304 3292 potior
1324 3225 1394 3279 sit
1417 3226 1637 3281 divitum
1659 3231 1912 3295 conditio,

341 3303 584 3374 videlicet
611 3309 878 3376 pecuniis;
910 3311 955 3365 si
978 3323 1304 3382 compertum
1334 3315 1486 3371 fuerit
1515 3331 1700 3374 omnes
1729 3335 1912 3391 arqua-

342 3396 463 3453 liter
499 3400 675 3467 potiri,
704 3416 807 3455 non
837 3417 937 3456 una
967 3417 1046 3470 re,
1075 3419 1247 3475 neque
1277 3415 1382 3460 tam
1408 3407 1516 3472 vili,
1553 3409 1647 3464 sed
1676 3411 1914 3480 pluribus

340 3498 394 3543 et
419 3491 585 3545 multo
619 3493 930 3560 majoribus,
958 3498 1292 3564 perspicuum
1321 3508 1402 3553 est
1431 3509 1481 3554 te
1511 3501 1632 3556 inde
1662 3503 1744 3558 vel
1776 3505 1911 3558 iuvi-

342 3588 451 3634 tum
479 3584 592 3650 cogi
619 3583 707 3637 Dei
740 3584 1083 3652 providentia:
1111 3587 1440 3657 adstipulari.

411 3672 488 3724 Au
518 3674 631 3740 plus
658 3689 878 3742 paupere
913 3674 1048 3729 dives
1071 3676 1283 3740 habeat;
1304 3696 1508 3733 somnus
1550 3683 1750 3736 suavior
1778 3701 1911 3752 pau-

341 3762 480 3831 peri;
521 3761 753 3815 valetudo
783 3779 1024 3834 prospera
1052 3781 1193 3835 teque
1229 3769 1458 3823 divitibus
1498 3782 1544 3825 et
1573 3776 1912 3844 pauperibus;

346 3856 524 3922 funera
567 3852 775 3907 divitum
818 3862 864 3907 et
903 3872 1204 3926 pauperum.
1231 3889 1304 3899 —
1341 3861 1472 3930 Age,
1519 3864 1583 3918 ad
1619 3879 1679 3920 ea
1721 3867 1912 3936 quibus

342 3953 520 3997 nostra
555 3945 658 3998 vita
705 3955 934 4013 constat,
982 3963 1228 4005 sermone
1278 3954 1695 4022 progrediamur,
1741 3973 1912 4028 caque

340 4036 619 4105 diligenter
659 4035 1001 4105 inquiramus,
1047 4048 1099 4092 et
1144 4039 1417 4097 videamus
1461 4058 1527 4098 an
1568 4045 1619 4098 in
1665 4046 1766 4100 illis
1796 4049 1912 4116 plus

342 4143 572 4196 paupere
599 4128 746 4183 dives
773 4129 980 4184 habeat.
1009 4130 1158 4198 Puta,
1184 4133 1333 4189 dives
1364 4135 1520 4191 habet
1540 4137 1790 4194 Thasium
1809 4141 1907 4212 (a),

340 4227 397 4272 et
425 4219 556 4272 alios
589 4220 782 4275 multos
803 4229 916 4276 arte
937 4224 1207 4278 confectos
1235 4234 1387 4293 potus
1416 4235 1470 4281 et
1494 4227 1558 4280 ad
1586 4230 1907 4299 Voluptatem

340 4311 582 4364 conditos
607 4328 620 4367 :
651 4321 703 4364 at
731 4311 902 4367 fontes
926 4327 1179 4381 aquarum
1200 4317 1444 4372 omnibus
1475 4329 1600 4374 sunt
1626 4322 1904 4390 propositi,

342 4410 447 4454 tam
477 4401 793 4470 pauperibus
819 4417 976 4471 quam
1005 4403 1272 4459 divitibus.
1304 4406 1483 4462 Risisti
1520 4408 1660 4464 forte
1688 4411 1908 4467 audiens

341 4491 476 4546 hanc
500 4491 875 4562 aequalitatem.
904 4493 1038 4547 Audi
1070 4495 1228 4564 igitur
1256 4508 1449 4566 quanto
1480 4503 1816 4568 priestantior
1841 4504 1911 4557 sit

339 4582 528 4652 quovis
573 4582 698 4636 vino
745 4597 895 4649 aqua:
935 4593 1143 4653 natura,
1195 4589 1466 4660 magisque
1503 4593 1802 4647 necessaria
1855 4601 1909 4647 et

339 4675 520 4740 utilis;
550 4682 603 4729 et
635 4674 908 4728 revocabis
933 4683 1076 4729 tuam
1104 4680 1442 4745 sententiam,
1479 4695 1734 4751 verasque
1777 4698 1909 4752 pau-

339 4781 524 4836 perum
561 4766 772 4821 divitias
799 4765 1080 4833 intelliges.
1110 4765 1241 4820 Nam
1277 4769 1400 4822 vino
1426 4770 1637 4839 quidem
1676 4771 1904 4838 sublato,

341 4873 447 4913 non
471 4873 719 4929 magnum
743 4857 900 4914 fuerit
918 4856 1288 4914 detrimentum
1317 4870 1663 4931 praeterquam
1687 4862 1907 4918 intirmis

337 4949 467 5004 solis
490 4967 504 5002 :
525 4950 569 5004 si
598 4952 714 5021 quis
743 4959 919 5006 autem
947 4948 1115 5002 fontes
1138 4952 1411 5006 sustulerit
1437 4961 1490 5007 et
1517 4968 1770 5022 aquarum
1797 4955 1906 5009 ele-

339 5054 598 5111 mentum,
622 5046 779 5100 vitam
796 5061 1007 5102 omnem
1031 5053 1263 5100 nostram
1289 5044 1622 5110 subvenerit,
1647 5055 1700 5102 et
1720 5061 1905 5106 omnes

339 5134 628 5206 perdiderit
653 5145 833 5190 artes:
864 5152 926 5194 ac
957 5152 1024 5193 ne
1052 5137 1263 5193 biduum
1293 5137 1503 5206 quidem
1535 5138 1725 5193 durare
1755 5150 1905 5208 pote-

254 5277 258 5282 .
339 5228 525 5291 rimus,
567 5226 661 5280 sed
709 5227 883 5282 statim
925 5242 1110 5283 omnes
1155 5229 1442 5285 moriemur
1477 5239 1646 5285 morte
1675 5229 1899 5300 quadam

341 5319 627 5376 miserabili
653 5329 811 5388 atque
840 5321 1165 5389 gravissima.

407 5414 461 5465 ι.
501 5409 557 5466 ln
588 5410 900 5465 necessariis
927 5411 1100 5480 itaque
1134 5412 1293 5468 rebus
1318 5412 1508 5480 quibus
1539 5413 1643 5468 vita
1669 5423 1897 5482 constat,

334 5517 534 5574 pauper
562 5517 665 5557 non
690 5511 775 5557 est
813 5500 1051 5568 inferior,
1082 5501 1208 5567 imo,
1253 5503 1295 5556 si
1327 5505 1518 5558 mirum
1545 5505 1789 5576 quiddam
1812 5506 1901 5560 di-

333 5595 558 5652 cendum
587 5601 692 5662 est,
730 5602 944 5664 superat
969 5593 1128 5648 etiam
1168 5594 1403 5649 divitem.
1436 5595 1626 5654 Multos
1655 5597 1794 5653 enim
1817 5597 1897 5653 di-

397 5729 468 5791 an
499 5729 878 5797 C_eleberﬂn_mm
902 5737 1007 5779 erat
1026 5729 1247 5797 Thasium
1284 5730 1463 5795 viuum,
1487 5737 1542 5784 ut
1580 5730 1747 5785 videas
1768 5732 1896 5797 apud

336 5792 717 5856 Aristophanem,
742 5792 972 5853 Plautum,
997 5799 1048 5844 et
1068 5791 1205 5843 alios.

1622 375 1709 430 DE
1746 372 1926 432 ΑΝΝᾹ
1966 372 2196 434 SEBMO
2236 373 2299 429 ν.

3507 399 3609 457 671

2032 489 2168 546 vites
2221 490 2494 551 cernimus
2549 504 2765 564 propter
2819 496 3038 556 delicias
3076 505 3506 584 valetudinarips,
3551 521 3613 566 ut

2031 579 2316 649 plurimum
2359 598 2510 653 aqua:
2552 595 2676 655 potu
2715 589 2980 647 abstinere
3013 609 3027 646 :
3056 608 3255 665 pauper
3289 579 3615 676 autem'per

2031 677 2195 728 totam
2240 673 2396 728 vitam
2440 675 2522 731 bis
2564 677 2776 734 ﬂuentis
2803 680 2968 738 libere
3003 681 3213 750 fruitur,
3246 673 3614 759 tamquamad

2033 763 2206 817 mellis
2236 763 2431 830 fontes,
2459 767 2524 820 ad
2565 782 2820 836 aquarum
2846 787 3067 832 currens
3091 777 3311 838 rivulos.
3341 781 3609 840 sinceram

2033 852 2158 908 inde
2199 863 2253 909 et
2284 871 2468 923 puram
2501 871 2848 928 percepturus
2880 863 3219 934 voluptatem.
3250 869 3385 936 Quid
3425 882 3604 932 autem

2031 944 2167 1014 ignis
2192 949 2424 1002 natura?
2452 964 2628 1005 nonne
2659 950 2918 1012 thesauris
2941 955 3230 1015 innumeris
3271 962 3468 1030 utilior,
3497 963 3600 1023 lm-

2031 1035 2307 1106 manisque
2329 1037 2526 1096 divitiis
2559 1042 2838 1100 omnibus?
2868 1044 2934 1099 Et
2963 1045 3050 1102 hic
3086 1064 3296 1120 quoque
3324 1053 3602 1122 thesaurus

2029 1140 2094 1180 ex
2124 1143 2276 1196 aequo
2300 1129 2446 1184 diviti
2473 1131 2672 1199 pariter
2689 1149 2752 1190 ac
2781 1138 2996 1205 pauperi
3023 1144 3329 1211 propositus
3347 1154 3447 1200 est.
3473 1147 3604 1216 Quae

2027 1230 2155 1270 vero
2183 1219 2415 1273 nascitur
2441 1221 2509 1275 ab
2543 1237 2668 1277 aere
2711 1227 3022 1294 corporibus
3051 1233 3243 1289 nostris
3289 1235 3503 1301 utilitas,
3547 1245 3602 1300 et

2027 1307 2114 1362 lux
2145 1309 2354 1375 solaris,
2385 1313 2637 1382 numquid
2682 1315 2932 1374 divitibus
2973 1323 3141 1393 magis
3167 1339 3322 1393 quam
3349 1330 3598 1398 pauperi-

2026 1396 2126 1454 bus
2151 1399 2451 1466 exbibetur,
2483 1413 2534 1456 et
2564 1420 2678 1460 eam
2703 1407 2775 1461 illi
2805 1420 3048 1478 quatuor,
3079 1413 3131 1467 hi
3162 1415 3366 1471 duobus
3394 1396 3596 1474 unum:

2029 1488 2196 1542 oculis
2220 1491 2433 1545 vident?
2457 1491 2558 1547 Sed
2579 1510 2750 1564 neque
2769 1497 2869 1553 hoc
2893 1501 3169 1572 quisquam
3191 1504 3370 1562 dicere
3391 1518 3592 1578 potest:

2026 1581 2233 1650 utrique
2256 1583 2396 1638 enim
2429 1586 2537 1654 pari
2568 1602 2813 1644 mensura
2833 1605 2895 1645 ea
2919 1593 3260 1660 perfruuntur
3290 1614 3305 1651 :
3335 1600 3441 1654 imo
3465 1614 3595 1654 vero

2025 1680 2079 1727 et
2108 1672 2195 1728 hic
2220 1689 2506 1744 pauperum
2537 1687 2711 1746 partes
2745 1690 2865 1735 sunt
2893 1684 3144 1751 potiores,
3167 1698 3364 1756 quanto
3385 1699 3442 1747 et
3467 1706 3592 1747 sen-

2024 1778 2115 1820 sus
2142 1764 2337 1822 habent
2366 1770 2681 1837 vegetiores,
2729 1781 2784 1826 ct
2811 1775 3102 1832 acutiorem
3129 1782 3362 1848 oculum,
3404 1791 3461 1838 et
3489 1787 3592 1839 vim

2025 1856 2348 1925 percipiendi
2392 1863 2832 1927 praestantiorem.
2875 1864 3207 1937 Quapropter
3246 1880 3300 1926 et
3334 1874 3590 1930 veriorem

2024 1944 2272 2001 hauriunt
2297 1948 2641 2017 voluptatem,
2684 1961 2736 2007 et
2762 1962 3124 2012 creaturarum
3152 1964 3594 2033 contemplatione

2023 2036 2191 2104 magis
2212 2037 2556 2094 delectantur.
2586 2041 2698 2096 Non
2728 2042 2778 2097 in
2809 2046 2936 2100 solis
2967 2059 3146 2105 atem
3173 2052 3470 2122 elementis,
3498 2059 3591 2114 sed

2024 2126 2076 2182 in
2115 2128 2361 2182 omnibus
2398 2129 2514 2185 aliis
2542 2140 2745 2187 naturae
2773 2137 3098 2202 muneribus,
3146 2142 3364 2197 multam
3390 2146 3594 2204 videbis

2023 2219 2405 2288 mqualitatem,
2457 2220 2564 2275 imo
2616 2227 3014 2294 praerogativam
3065 2230 3225 2286 etiam
3277 2247 3589 2304 pauperum.

2021 2307 2154 2363 Nam
2194 2323 2412 2366 somnus
2440 2311 2686 2368 omnibus
2714 2313 2920 2372 deliciis
2945 2317 3160 2374 suavior
3197 2325 3467 2393 magisque
3492 2343 3589 2382 ne-

2022 2403 2308 2468 cessarius,
2351 2402 2604 2473 omnique
2656 2405 2836 2461 utilior
2879 2409 3223 2475 nutrimento,
3272 2416 3590 2484 pauperibus

2020 2499 2103 2544 est
2128 2505 2285 2560 quam
2314 2490 2564 2546 divitibus
2607 2492 2811 2548 facilior
2841 2513 2854 2547 :
2884 2511 3057 2566 neque
3083 2513 3210 2553 vero
3243 2501 3446 2558 facilior
3472 2513 3591 2559 tan-

2023 2587 2155 2644 tum,
2187 2579 2280 2638 sed
2309 2581 2468 2635 etiam
2495 2582 2773 2637 sincerior.
2798 2583 2877 2638 llli
2911 2587 3074 2652 enim,
3098 2596 3154 2642 ut
3179 2591 3265 2658 qui
3294 2591 3346 2646 in
3385 2592 3588 2654 deliciis

2021 2667 2238 2738 degunt,
2280 2669 2400 2724 cibo
2439 2669 2656 2738 famem,
2698 2681 2825 2740 potu
2865 2675 3030 2740 sitim,
3075 2691 3264 2734 somno
3291 2679 3585 2739 dormiendi

2020 2761 2388 2817 necessitatem
2423 2762 2772 2831 praeveniunt,
2803 2773 2960 2834 atque
3001 2766 3072 2821 ita
3100 2782 3312 2824 omnem
3341 2773 3584 2843 volupta-

2020 2861 2126 2908 tem
2175 2853 2276 2908 sibi
2311 2853 2687 2922 intercipiunt:
2721 2871 2825 2910 non
2870 2858 3010 2911 enim
3053 2859 3272 2928 perinde
3302 2859 3354 2917 iu
3398 2873 3584 2920 natura

2021 2943 2266 3008 istorum,
2293 2953 2452 3014 atque
2479 2944 2529 2998 in
2571 2960 2669 2999 usu
2699 2948 3021 3013 necessario,
3053 2949 3294 3020 voluptas
3321 2954 3581 3010 consistit.

2017 3032 2133 3088 Non
2165 3033 2238 3088 ita
2262 3032 2492 3088 delectat
2518 3034 2695 3090 viuum
2725 3035 2999 3106 ipsumque
3024 3052 3183 3092 suave
3210 3041 3356 3096 olens
3377 3053 3584 3111 potare.

2017 3134 2078 3182 ut
2117 3127 2381 3182 sitientem
2421 3126 2602 3182 bibere
2627 3141 2852 3197 aquam;
2886 3145 2988 3183 non
3035 3131 3103 3184 ita
3131 3131 3397 3200 placentas
3425 3135 3584 3192 edere

2011 3218 2181 3287 juvat.
2214 3227 2271 3272 ut
2298 3216 2579 3272 esuriendo
2606 3219 2845 3288 quemvis
2873 3218 3047 3276 cibum
3085 3234 3330 3290 sumere;
3359 3239 3466 3279 non
3508 3225 3580 3280 ita

2016 3309 2160 3364 molli
2185 3309 2380 3364 cubare
2402 3317 2587 3372 strato,
2612 3317 2667 3362 ut
2683 3323 2994 3378 oppressum
3019 3325 3206 3368 somno
3225 3313 3404 3381 jacere
3429 3331 3582 3386 :qua:

2015 3399 2191 3453 omnia
2217 3399 2384 3469 magis
2407 3398 2542 3466 apud
2570 3413 2828 3468 pauperes
2852 3407 2995 3464 sunt,
3025 3414 3181 3468 quam
3205 3402 3342 3472 apud
3365 3404 3580 3462 divites.

2015 3490 2144 3558 Qua:
2193 3504 2318 3545 vero
2369 3488 2636 3558 pertinent
2688 3488 2754 3542 ad
2809 3489 3048 3559 corporis
3099 3491 3470 3560 valetudinem,
3526 3505 3587 3551 et

2013 3594 2225 3634 omnem
2255 3579 2412 3633 aliam
2442 3578 2631 3634 bonam
2663 3577 3046 3648 habitudinem,
3072 3595 3248 3637 nonne
3278 3585 3576 3639 communia

2014 3681 2140 3727 sunt
2165 3671 2417 3726 divitibus
2434 3686 2584 3741 teque
2602 3680 2762 3740 atque
2787 3672 3140 3740 pauperibus?
3161 3675 3241 3727 An
3261 3690 3387 3729 vero
3405 3674 3582 3732 dicere

2015 3764 2272 3834 quispiam
2313 3771 2487 3834 potest
2513 3762 2639 3816 illud
2684 3771 2772 3815 aut
2813 3762 3114 3829 ostendere,
3155 3765 3295 3834 quod
3323 3781 3580 3836 pauperes

2014 3869 2226 3922 semper
2261 3861 2536 3922 aegrotent,
2579 3851 2770 3907 divites
2809 3866 3021 3921 seraper
3066 3869 3314 3924 prospera
3365 3866 3580 3913 utantur

2016 3944 2360 3999 valetudine?
2405 3942 2738 3998 Contrarium
2767 3942 2978 4010 quidem
3004 3944 3183 3999 videre
3210 3946 3353 4012 licet,
3391 3964 3580 4019 panpe-

2013 4053 2100 4094 res
2128 4053 2232 4092 non
2260 4036 2415 4091 facile
2445 4035 2827 4090 insanabilibus
2853 4036 3052 4090 morbis
3079 4038 3216 4105 capi,
3239 4039 3332 4093 sed
3363 4042 3578 4098 morbos

2013 4129 2207 4198 passim
2226 4127 2277 4182 in
2295 4127 2514 4181 divitum
2536 4126 2846 4195 corporibus
2865 4129 3113 4196 grassari.
3137 4126 3290 4185 Certe
3312 4133 3578 4203 podagrae,

2010 4219 2344 4290 gravedines,
2371 4217 2746 4272 dissolutiones
2775 4232 3080 4282 nervorum,
3123 4229 3213 4274 aut
3249 4225 3575 4278 contractio-

2011 4327 2124 4373 nes,
2174 4311 2298 4364 varii
2344 4308 2518 4363 llusus
2553 4307 2721 4362 vitiosi
2765 4323 2828 4362 ac
2861 4311 3116 4379 corrupti;
3158 4311 3414 4368 delicatos
3454 4315 3576 4370 illos

2011 4401 2178 4472 magis
2205 4401 2472 4463 infestant,
2510 4414 2604 4454 eos
2623 4399 2711 4468 qui
2739 4408 3002 4468 unguenta
3037 4399 3202 4461 olent,
3233 4416 3337 4455 non
3364 4416 3457 4456 eos
3483 4409 3572 4474 qui

2011 4494 2252 4548 laborant
2279 4499 2334 4546 et
2372 4499 2704 4556 exercentur,
2747 4499 2802 4544 et
2829 4489 3134 4560 quotidiana
3164 4505 3324 4560 opera
3369 4492 3570 4550 victum

2009 4584 2111 4639 sibi
2141 4591 2344 4654 parant.

2078 4677 2132 4733 5.
2173 4676 2505 4744 Quapropter
2551 4671 2807 4728 mendicis
2861 4671 3020 4727 etiam
3069 4671 3372 4728 miseriores
3415 4681 3574 4735 sunt,

2008 4775 2268 4841 quotquot
2293 4767 2343 4821 iu
2369 4766 2570 4822 deliciis
2598 4765 2775 4818 vivunt
2799 4779 2813 4828 ;
2840 4762 2889 4816 id
2921 4763 3060 4833 quod
3102 4779 3199 4818 nec
3225 4764 3323 4832 ipsi
3351 4762 3574 4818 inficiari

2007 4869 2244 4934 possunt.
2295 4858 2623 4928 Frequenter
2661 4855 2856 4925 quippe
2893 4855 3044 4912 dives
3081 4856 3224 4910 molli
3254 4855 3443 4909 lectulo
3483 4869 3574 4907 cu—

2008 4955 2160 5018 bans,
2185 4953 2322 5008 inter
2346 4945 2648 5004 omnimodo
2697 4961 2971 5000 servorum
3003 4959 3065 5000 ac
3088 4944 3396 4998 ancillarum
3425 4943 3575 4996 obsc-

2006 5048 2149 5117 quia,
2179 5043 2356 5099 audito
2395 5037 2638 5095 mendico
2665 5053 2758 5108 per
2795 5038 2965 5094 vicum
3007 5037 3238 5090 clamore
3268 5049 3454 5105 panem
3484 5049 3574 5102 pc-

2009 5149 2149 5193 tente
2177 5133 2451 5206 ingemuit,
2479 5141 2675 5186 etcum
2703 5129 2950 5200 lacrymis
2974 5136 3217 5197 precatus
3243 5135 3344 5190 est,
3367 5133 3422 5179 ut
3455 5123 3573 5177 talis

2007 5232 2177 5297 ﬂeret,
2207 5223 2496 5282 dummodo
2529 5237 2716 5287 sanus,
2743 5221 2919 5291 potius
2959 5234 3115 5288 quam
3145 5218 3198 5272 in
3236 5214 3440 5272 deliciis
3473 5212 3572 5272 sd-

2007 5338 2161 5378 versa
2203 5321 2466 5375 laboraret
2512 5315 2831 5372 valetudine.
2876 5311 2985 5368 Nec
3031 5320 3230 5366 tanuun
3264 5308 3568 5366 valetudine

2004 5417 2162 5480 bona,
2193 5411 2286 5469 sed
2313 5410 2476 5482 prolis
2499 5410 2657 5465 etiam
2687 5406 2957 5472 felicitate,
2988 5402 3178 5458 divites
3206 5401 3372 5457 nihilo
3399 5399 3561 5468 potio-

2002 5522 2089 5565 res
2115 5504 2316 5568 videas,
2347 5517 2503 5572 quam
2529 5514 2819 5571 pauperes;
2846 5496 2939 5554 sed
2965 5494 3246 5564 utrobique
3267 5489 3568 5546 indidemn-

2003 5611 2083 5658 tcr
2110 5607 2203 5655 aut
2226 5598 2423 5654 nullam
2450 5605 2541 5650 aut
2566 5605 2900 5648 numerosam
2933 5587 3168 5644 sobolem
3200 5603 3210 5636 :
3242 5584 3368 5656 quin
3390 5581 3570 5658 potius

1999 5703 2054 5748 et
2087 5691 2185 5746 hac
2217 5699 2366 5761 parte
2393 5687 2610 5742 divitem
2638 5681 2818 5738 videas
2845 5681 3167 5735 inferiorem.
3201 5675 3406 5746 Pauper
3420 5673 3564 5731 enim

2002 5785 2126 5840 licet
2157 5794 2305 5854 pater
2345 5796 2448 5838 non
2493 5775 2603 5848 ﬁat,
2649 5772 2791 5830 haud
2831 5774 3055 5831 multum
3091 5767 3253 5830 sentit
3276 5767 3565 5828 dolorem;
