4134 6214
494 363 602 420 075

498 483 648 538 dives
666 490 855 539 autem
885 483 1084 546 quanto
1126 473 1293 542 magis
1336 480 1542 524 auctam
1569 483 1686 522 rem
1727 467 1894 534 videt,
1925 472 2078 520 tanto

497 571 669 642 magis
692 570 920 624 orbitate
952 565 1182 634 angitur,
1217 578 1324 633 pra:
1353 560 1564 616 heredis
1583 559 1850 614 desiderio
1881 558 2080 612 nullam

495 661 732 716 sentiens
759 657 1102 726 voluptatem.
1149 653 1213 707 Et
1255 651 1503 722 pauperis
1529 649 1744 720 quidem
1773 647 2077 711 "hereditas,

497 752 621 805 licet
647 747 762 802 siue
789 747 972 802 liberis
997 743 1244 807 decedat,
1268 758 1388 797 cum
1413 749 1632 812 propter
1658 739 1948 794 exilitatem
1974 753 2080 792 non

495 843 565 897 sit
585 841 928 896 contentione
957 838 1135 909 digna,
1167 836 1232 906 ad
1264 835 1462 889 amicos
1487 833 1675 888 transit
1701 841 1858 902 atque
1887 845 2082 900 cogna-

497 943 580 988 tos
611 949 625 986 :
654 931 837 986 divitis
877 940 1078 995 autem,
1121 943 1186 983 eo
1211 926 1348 996 quod
1382 925 1664 979 multorum
1692 925 1758 976 ad
1802 937 1861 977 se
1887 922 2082 976 alliciat

494 1024 699 1090 oculos,
742 1040 848 1078 non
877 1038 999 1078 raro
1027 1022 1092 1076 ad
1128 1021 1371 1076 inimicos
1396 1017 1630 1074 defuncti
1655 1016 1870 1072 devenit
1901 1033 1914 1069 :
1939 1014 2080 1086 quod

493 1133 616 1171 cum
644 1117 735 1172 ille
760 1116 944 1170 vivens
972 1115 1024 1168 in
1051 1114 1170 1168 aliis
1194 1097 1305 1166 ﬁeri
1323 1111 1528 1176 videat,
1552 1109 1712 1162 vitam
1741 1108 1883 1178 degit
1907 1116 2080 1162 morte

497 1207 890 1274 molestiorem,
919 1206 975 1260 in
1010 1221 1069 1260 se
1097 1187 1308 1274 quoque
1333 1209 1653 1270 ex5pcctans
1699 1199 1838 1254 idem
1885 1198 2080 1252 factum

496 1298 584 1353 iri.
613 1297 768 1367 Quod
798 1306 973 1352 autem
1003 1297 1328 1350 admortem
1359 1295 1568 1358 attinet,
1602 1305 1779 1346 nonne
1801 1301 1854 1345 et
1875 1290 1964 1344 hic
1992 1305 2082 1344 ea-

493 1390 615 1445 dem
646 1389 1158 1461 mqualitasinonne
1204 1397 1310 1442 tam
1344 1387 1594 1442 divitibus
1637 1401 1797 1456 quam
1825 1386 2078 1455 pauperi-

494 1481 597 1534 bus
639 1480 938 1533 immatura:
983 1488 1180 1532 mortes
1221 1476 1505 1532 accidunt?
1548 1486 1705 1546 atque
1753 1476 1911 1529 etiam
1963 1483 2080 1543 post

495 1582 724 1626 mortem
771 1586 877 1624 non
935 1579 1039 1623 tam
1077 1569 1156 1622 his
1205 1583 1363 1638 quam
1402 1568 1504 1622 illis
1552 1565 1799 1621 omnibus
1837 1566 2081 1619 similiter

495 1675 690 1730 corpus
719 1659 1049 1722 dissolvitur,
1088 1658 1370 1728 l'avillaque
1401 1657 1456 1711 llt
1482 1666 1536 1711 et
1565 1657 1757 1726 pulvis,
1790 1665 1843 1710 et
1869 1670 2080 1710 vermes

495 1753 703 1823 gignit?
730 1753 799 1806 At
823 1751 1076 1806 funeralia
1105 1765 1438 1819 nequaquam
1466 1750 1679 1803 similia.
1711 1748 1818 1802 Sed
1841 1763 1959 1818 qua:
1981 1747 2081 1801 uti-

496 1844 800 1900 litas?Cum
822 1845 964 1898 enim
984 1841 1234 1896 defuncto
1257 1841 1478 1894 multam
1505 1842 1856 1894 substraveris
1878 1848 2077 1894 vestem

497 1937 787 2006 pretiosam
817 1945 871 1990 et
909 1945 1169 1999 auratam,
1200 1933 1328 1988 nihil
1361 1932 1640 1987 aliudnisi
1668 1933 1922 2002 majorem
1952 1932 2080 1985 invi-

494 2027 637 2083 diam
667 2036 722 2082 et
761 2025 1188 2081 criminationem
1220 2025 1480 2087 attuleris,
1531 2031 1584 2076 et
1610 2022 1864 2078 adversus
1891 2021 2080 2076 defun-

493 2128 638 2171 ctum
664 2117 902 2170 omnium
929 2130 1022 2169 ora
1047 2115 1339 2184 aperueris,
1371 2122 1426 2168 et
1455 2114 1758 2167 innumeras
1782 2115 1828 2168 ei
1858 2129 2081 2183 parave-

492 2207 569 2260 ris
622 2205 1038 2269 maledictiones,
1095 2213 1149 2259 et
1191 2204 1426 2257 avaritia:
1471 2204 1890 2270 criminationes,
1948 2203 2075 2258 dum

491 2294 684 2365 singuli
729 2303 1048 2364 rumpuntur
1092 2293 1478 2363 indignatione,
1519 2303 1575 2348 et
1614 2301 1882 2348 mortuum
1923 2309 2078 2349 exse-

490 2393 724 2448 crantur,
750 2387 837 2455 qui
868 2400 934 2438 ne
955 2393 1075 2455 post
1090 2384 1292 2439 obitum
1323 2384 1537 2454 quidem
1568 2383 1801 2438 insanire
1831 2385 1882 2438 in
1915 2399 2077 2454 pecu-

493 2475 609 2529 nias
638 2474 912 2529 desiverit.
945 2473 1056 2528 lluc
1085 2474 1286 2528 accedit
1316 2473 1458 2528 aliud
1486 2473 1704 2539 malum,
1733 2473 1873 2543 quod
1902 2474 2076 2530 furum

493 2563 634 2617 oculi
657 2564 953 2617 irritantur.
987 2563 1168 2632 Itaque
1193 2577 1299 2632 quo
1336 2563 1506 2631 major
1533 2571 1615 2616 est
1641 2563 1837 2629 cultus,
1868 2578 1935 2618 eo
1962 2580 2077 2618 ma-

493 2652 626 2722 joris
650 2653 724 2707 illi
759 2653 816 2707 lit
844 2653 1056 2707 occasio
1087 2653 1444 2707 contumeliae.
1477 2653 1736 2722 Pauperis
1755 2655 1897 2708 enim
1918 2656 2078 2709 cada-

495 2759 591 2800 ver
615 2760 774 2799 nemo
799 2745 1032 2814 spoliare
1061 2753 1232 2809 curat,
1256 2744 1390 2812 vipsa
1419 2743 1846 2799 indumentorum
1873 2746 2076 2804 vilitate

500 2844 693 2890 tutum.
726 2835 822 2890 llic
852 2843 1028 2889 autem
1053 2836 1329 2890 obices-et
1367 2849 1524 2900 serae,
1554 2835 1694 2888 fores
1718 2843 1880 2904 atque
1907 2845 2078 2890 custo-

495 2925 611 2990 des,
643 2927 818 2981 omnia
869 2925 1136 2980 incassum
1180 2924 1523 2990 adhibentur,
1569 2939 1691 2978 cum
1729 2927 2074 2995 pecuniarum

493 3019 750 3074 aviditate
773 3019 906 3074 nihil
937 3035 1040 3074 non
1081 3019 1332 3086 audeant,
1363 3019 1452 3090 qui
1491 3019 1684 3074 talibus
1713 3019 1991 3076 maleficiis
2015 3036 2074 3076 se

495 3111 911 3166 assuefeceram.
940 3110 1120 3182 Itaque
1144 3112 1312 3181 major
1337 3111 1509 3166 honor
1533 3111 1783 3166 defuncto
1818 3113 2075 3182 majorem

499 3199 660 3255 infert
691 3201 972 3272 injuriam;
1006 3212 1060 3259 et
1088 3203 1150 3270 is,
1177 3203 1264 3259 cui
1292 3203 1409 3258 vilia
1439 3202 1696 3258 funeralia
1721 3204 2071 3274 contingunt,

1277 355 1335 412 S.
1367 351 1642 410 JOANNIS
1679 347 2054 409 CHRYSOST.
2099 349 2418 406 ARCHIEP.
2449 349 2982 409 CONSTANTINOP.

2122 480 2124 482 ν
2183 461 2326 535 jacet
2353 464 2608 520 inviolato
2643 465 3097 535 sepulcriihoriore
3125 482 3140 520 :
3167 466 3251 521 cui
3279 481 3405 523 vero
3432 471 3684 540 pretiosa,
3724 474 3768 530 is

3669 359 3773 416 676

2187 557 2444 626 spoliatur
2470 566 2524 612 et
2549 557 2967 624 dehonestatur;
2998 568 3089 614 aut
3113 560 3156 615 si
3185 559 3286 616 hoc
3315 561 3604 618 ludibrium
3642 581 3769 620 eva-

2185 648 2296 715 dat,
2331 665 2398 705 ne
2427 650 2506 705 sic
2547 649 2762 719 quidem
2791 651 2966 719 potior
2992 652 3114 718 erit,
3158 652 3258 708 nisi
3288 654 3430 725 quod
3458 655 3630 724 major
3653 672 3770 713 cor-

2187 742 2364 811 ruptio
2391 742 2502 808 liet,
2523 744 2824 814 largiusque
2851 743 3017 798 vermi
3045 743 3316 813 pabulum.
3351 747 3597 803 Hmccine
3622 761 3765 818 sunt,

2185 848 2389 903 qua-so,
2421 834 2490 888 ob
2513 850 2631 904 qua:
2659 835 2843 890 beatos
2862 835 3256 903 prmdicemus?
3283 835 3350 890 Et
3378 839 3497 908 quis
3524 851 3610 894 est
3631 842 3765 898 adeo

2186 925 2368 989 miser,
2399 935 2560 994 atque
2587 941 2938 991 aerumnosos,
2972 935 3030 980 ut
3054 926 3121 982 ob
3146 927 3261 982 haec
3288 928 3556 986 hominem
3579 936 3766 989 existi-

2187 1028 2296 1071 met
2327 1018 2522 1072 invidia
2570 1017 2826 1088 dignum?
2855 1018 3048 1073 Verum
3085 1035 3192 1074 non
3221 1019 3335 1075 haec
3363 1022 3556 1083 solum,
3585 1026 3678 1079 sed
3711 1037 3767 1083 et

2185 1109 2286 1162 alia
2329 1109 2534 1178 singula
2576 1118 2978 1179 percurrentes,
3018 1108 3406 1180 diligenterque
3443 1124 3762 1183 scrutantes,

2187 1215 2446 1269 pauperes
2487 1199 2741 1254 divitibus
2772 1200 3159 1270 praeponendos
3188 1204 3599 1271 comperiemus.
3635 1206 3761 1263 llaec

2186 1289 2344 1359 igitur
2387 1291 2665 1361 diligenter
2704 1293 3150 1358 considerantes,
3202 1301 3256 1346 et
3305 1293 3425 1348 aliis
3479 1309 3758 1355 narrantes

2149 1425 2155 1430 .
2187 1379 2404 1451 (dicitur
2431 1383 2598 1448 enim,
2631 1382 2712 1436 Da
2755 1385 2969 1450 sapienti
2999 1385 3328 1452 occasionem,
3359 1395 3408 1439 et
3430 1389 3526 1440 erit
3557 1393 3765 1460 sapien-

2186 1473 2283 1524 lior
2308 1472 2485 1544 [Pi-0v.
2508 1474 2568 1529 ~9.
2603 1474 2716 1545 9]),
2749 1484 2802 1528 ct
2825 1475 2949 1528 illud
2977 1476 3230 1530 coatinue
3253 1479 3545 1534 retinentes
3565 1497 3771 1538 memo-

2185 1562 2284 1626 ria,
2312 1564 2652 1631 pecuniarum
2678 1566 2884 1633 copiam
2912 1566 3043 1619 nihil
3069 1568 3298 1636 amplius
3325 1567 3518 1625 aﬂ'erre
3546 1586 3762 1640 posses-

2185 1653 2416 1719 soribus,
2442 1669 2599 1723 quam
2635 1670 2809 1720 curas,
2841 1655 3245 1724 sollicitudines,
3289 1660 3530 1728 timores,
3578 1671 3632 1717 et
3668 1679 3767 1733 pe-

2185 1743 2348 1797 ricula
2383 1763 2395 1798 :
2434 1745 2603 1800 nihilo
2659 1745 2976 1802 deteriorem
3032 1765 3188 1817 quam
3243 1749 3464 1806 divitum
3523 1767 3764 1811 nosu‘am

2184 1835 2542 1891 conditionem
2587 1847 2852 1906 putemus.
2887 1838 2942 1892 Si
2968 1840 3109 1893 enim
3154 1840 3643 1910 advigilaverimus,
3674 1863 3768 1916 po-

2187 1925 2348 1979 tiores
2373 1926 2533 1980 etiam
2561 1937 2750 1997 partes
2780 1928 3108 1995 habebimus,
3157 1940 3263 1985 tam
3294 1934 3343 1986 in
3381 1933 3538 2004 hujus
3582 1941 3767 1994 sarculi

2185 2016 2364 2080 rebus,
2396 2033 2552 2086 quam
2582 2019 2632 2072 in
2663 2005 2877 2074 divinis.
2919 2019 3050 2074 Nam
3094 2032 3148 2077 et
3176 2025 3498 2093 voluptatem
3528 2037 3583 2081 et
3608 2043 3769 2084 secu-

2183 2108 2417 2170 ritatem,
2445 2109 2746 2180 bonamque
2775 2111 2968 2166 famam
3011 2127 3075 2168 ac
3110 2114 3490 2182 valetudinem,
3532 2127 3643 2173 tum
3682 2136 3771 2175 re-

2183 2206 2321 2252 ctam
2353 2199 2563 2254 vivendi
2605 2202 2890 2268 rationcm,
2936 2217 3086 2272 spem
3133 2205 3345 2273 bonam,
3391 2209 3767 2281 minoremque

2183 2292 2436 2361 peccandi
2481 2294 2818 2350 occasionem
2865 2297 3002 2366 apud
3057 2311 3320 2366 pauperes
3362 2301 3548 2369 magis,
3596 2317 3766 2372 quam

2182 2384 2322 2452 apud
2353 2383 2543 2439 divites
2583 2385 2846 2439 invenias.
2889 2386 2966 2442 Ne
2995 2389 3154 2457 igitur
3179 2404 3329 2445 more
3370 2405 3645 2446 servorum
3675 2394 3766 2449 in-

2181 2483 2453 2544 gratorum
2499 2491 2912 2544 murmuremus,
2964 2487 3056 2532 aut
3100 2479 3402 2536 incusetnus
3453 2483 3764 2553 Dominum,

2180 2564 2275 2618 sed
2305 2579 2402 2635 pro
2428 2567 2674 2620 omnibus
2698 2569 2896 2638 gratias
2921 2583 3158 2638 agamus,
3188 2571 3318 2626 nihil
3347 2574 3543 2628 malum
3568 2575 3772 2632 ducen-

2184 2667 2266 2712 tes
2292 2657 2393 2712 nisi
2437 2669 2733 2728 peccatum,
2766 2662 2896 2716 nihil
2925 2663 3118 2717 bonum
3160 2664 3259 2718 nisi
3284 2664 3562 2734 justitiam.
3591 2667 3648 2722 Si
3679 2671 3769 2726 sic

2181 2752 2532 2818 senserimus,
2567 2769 2670 2808 non
2700 2755 2980 2825 aegritudo,
3008 2772 3128 2810 'non
3169 2758 3365 2827 inopia,
3394 2776 3500 2814 non
3538 2762 3768 2832 ignomio

2181 2843 2289 2907 nia,
2325 2843 2452 2897 nihil
2482 2844 2713 2908 denique
2756 2845 2933 2900 simile
2977 2847 3257 2902 molestum
3307 2850 3458 2904 nobis
3489 2854 3591 2905 erit
3619 2871 3633 2906 :
3665 2856 3768 2909 sed

2182 2947 2369 3002 puram
2419 2949 2480 2988 ex
2523 2935 2772 2990 omnibus
2820 2937 2979 2991 rebus
3023 2941 3378 3007 percipientes
3410 2943 3763 3013 voluptatem,

2184 3021 2358 3076 futura
2388 3037 2780 3094 consequemur
2805 3025 2964 3092 bona,
3010 3029 3178 3096 gratia
3217 3040 3270 3085 et
3299 3031 3621 3102 benignitate
3655 3039 3765 3094 Do-

2183 3115 2310 3168 mini
2342 3117 2505 3170 nostri
2533 3116 2660 3172 Jesu
2689 3117 2902 3183 Christi,
2931 3133 3052 3173 cum
3084 3136 3190 3190 quo
3213 3121 3354 3176 Patri
3380 3125 3572 3194 gloria,
3601 3130 3768 3186 simul

2180 3215 2235 3260 et
2259 3214 2444 3260 sancto
2471 3206 2712 3278 Spiritui,
2745 3208 2798 3262 in
2831 3209 3021 3265 saecula
3059 3212 3396 3268 swculorum.
3428 3218 3618 3272 Amen.

1955 3979 2308 4043 MONITUM

575 4197 788 4255 'Eodem
823 4213 934 4270 quo
973 4197 1284 4269 superiores
1319 4193 1610 4252 Sermones
1638 4207 1784 4250 anno
1807 4193 1910 4250 387
1947 4192 2372 4266 Cbrysostomus
2399 4195 2497 4252 has
2525 4195 2592 4251 de
2623 4193 2825 4251 Davide
2851 4204 2906 4252 et
2941 4195 3109 4252 Sauie
3144 4194 3395 4251 homilias
3433 4193 3657 4262 habuit,
3698 4208 3770 4255 ut

520 4314 777 4386 colligere
807 4324 888 4370 est
916 4329 982 4370 ex
1017 4313 1251 4369 Humilia
1284 4313 1457 4384 prima
1485 4311 1552 4367 de
1581 4309 1785 4366 Davide
1809 4320 1860 4364 ct
1882 4307 2072 4375 Saule,
2101 4324 2331 4364 numero
2361 4311 2414 4374 l,
2440 4309 2530 4364 ubi
2563 4309 2638 4362 ait
2665 4324 2724 4364 se
2751 4324 2925 4379 nuper
2950 4323 3256 4364 sermonem
3288 4307 3480 4364 fecisse
3505 4309 3575 4364 de
3602 4311 3770 4365 debi-

515 4437 633 4485 tore
664 4431 852 4485 decem
881 4430 1109 4484 millium
1136 4429 1463 4484 talentorum
1495 4433 1550 4482 et
1575 4426 1880 4481 ostendisse
1903 4434 2168 4495 quantum
2199 4426 2402 4480 malum
2435 4434 2578 4479 esset
2605 4425 2929 4494 injuriarum
2958 4423 3284 4480 recordatio.
3316 4422 3409 4478 llla
3437 4434 3618 4480 autem
3645 4425 3770 4481 Ho-

515 4542 662 4598 milia
693 4544 760 4598 de
779 4543 1043 4610 debitore,
1074 4551 1206 4608 etc.,
1235 4556 1358 4611 qua:
1391 4541 1562 4610 prima
1588 4549 1673 4595 est
1699 4541 1752 4594 in
1780 4539 1952 4594 Tomo
1986 4540 2164 4602 tertio,
2187 4539 2374 4594 eodem
2406 4553 2552 4594 anno
2583 4538 2782 4608 scripta
2803 4547 3036 4608 est,quo
3075 4554 3170 4608 per
3193 4547 3357 4594 totam
3390 4538 3768 4610 Quadragesi-

513 4667 659 4709 mam
681 4653 747 4708 de
765 4653 986 4707 vitando
1007 4651 1317 4721 iuramento
1334 4660 1535 4720 egerat.
1564 4647 1614 4702 Is
1642 4657 1727 4703 est
1757 4663 1936 4704 annus
1963 4648 2086 4714 387,
2107 4657 2168 4704 ut
2187 4650 2423 4705 diximus
2446 4651 2498 4705 in
2513 4649 2714 4706 lilonito
2746 4651 2964 4706 ibidem.
2993 4650 3148 4718 Quod
3167 4653 3348 4720 itaque
3369 4664 3789 4723 argumentum.

515 4761 572 4816 in
600 4761 832 4819 llomilia
863 4761 929 4816 de
950 4759 1193 4818 debitore
1222 4769 1482 4833 coeperat,
1505 4775 1698 4831 nempe
1724 4760 1792 4817 de
1820 4737 2140 4831 injuriarum
2165 4763 2542 4820 recordatione
2563 4765 2896 4836 depellenda,
2927 4765 3101 4836 deque
3128 4769 3442 4824 earumdem
3471 4771 3764 4828 condona-

506 4899 3720 4936 _________________..__.___—_______.___._____.

1112 5039 1393 5097 HOMILIA
1419 5038 1471 5094 ‘1.

497 5176 572 5233 De
598 5176 794 5231 Daoide
822 5186 870 5230 et
891 5175 1066 5240 Saﬁle,
1091 5174 1251 5242 deque
1277 5174 1574 5243 tolerantia,
1602 5184 1650 5228 et
1689 5174 1831 5246 quod
1849 5182 2078 5246 oporteat

581 5269 799 5325 inimicis
818 5283 1044 5339 parcere,
1077 5281 1166 5321 nec
1185 5265 1248 5319 de
1270 5265 1554 5320 absentibus
1572 5267 1705 5320 male
1728 5268 1862 5337 loqui
1885 5266 1984 5339 (α).

570 5406 620 5462 l.
647 5403 866 5472 Quoties
894 5401 1094 5457 diutina
1138 5399 1400 5470 quzepiam
1446 5414 1510 5454 ac
1546 5399 1676 5455 dura
1725 5399 1928 5455 inﬂatio
1953 5415 2075 5456 cor-

495 5496 715 5565 poribus
747 5493 958 5550 inbresit
976 5535 991 5561 ,
1020 5501 1131 5548 tum
1157 5499 1211 5546 et
1234 5492 1392 5561 longo
1415 5497 1675 5561 tempore,
1701 5493 1973 5560 multoque
1999 5490 2078 5545 la-

494 5588 628 5645 bore
649 5629 666 5654 ,
687 5597 742 5643 et
783 5586 948 5642 multa
975 5585 1235 5656 sapientia
1255 5584 1315 5638 in
1347 5583 1691 5639 admovendis
1711 5584 1962 5639 remediis
1992 5594 2076 5640 est

495 5694 635 5750 Opus
655 5719 673 5744 ,
699 5689 758 5734 ut
799 5679 1052 5734 collectus
1098 5686 1276 5732 tumor
1314 5679 1514 5747 absque
1541 5676 1662 5730 vitm
1691 5678 1942 5744 periculo
1969 5676 2080 5734 dis-

538 5804 622 5869 (α)
643 5807 836 5863 Collata
865 5823 975 5862 cum
991 5809 1101 5861 cod.
1128 5809 1275 5874 Regio
1301 5806 1439 5868 1975,
1462 5810 1581 5859 item
1599 5819 1708 5859 cum
1734 5807 1870 5860 1963.

2181 5046 2433 5102 solvatur.
2488 5049 2630 5107 Idem
2673 5054 2850 5111 \idere
2891 5066 2972 5111 est
3020 5057 3072 5111 in
3119 5060 3316 5113 anima.
3355 5059 3572 5128 Quoties
3614 5063 3774 5120 enim

2182 5145 2372 5216 aliquis
2395 5150 2639 5205 morbum
2657 5193 2671 5216 ,
2700 5153 2789 5222 qui
2810 5152 2920 5222 jam
2943 5153 3156 5207 radices
3177 5154 3285 5223 egit
3308 5154 3358 5206 in
3390 5155 3586 5216 anima,
3621 5154 3779 5210 mul-

2183 5247 2342 5310 toque
2363 5249 2599 5311 tempore
2616 5252 2904 5298 concretus
2934 5243 3022 5306 sit,
3052 5244 3302 5299 radicitus
3322 5243 3551 5298 evellere
3574 5243 3781 5298 volue-

2181 5332 2290 5398 rit,
2317 5347 2421 5387 non
2467 5333 2596 5389 satis
2639 5341 2721 5388 est
2754 5333 2820 5388 ad
2859 5335 3242 5389 correctionem
3275 5334 3430 5388 unius
3463 5333 3779 5391 duorumve

2183 5425 2388 5483 dierum
2443 5427 2734 5483 admonitio
2782 5444 2797 5479 :
2841 5442 3022 5482 verum
3065 5437 3274 5497 oportet
3330 5426 3636 5496 frequenter
3695 5441 3779 5482 ac

2183 5519 2371 5576 diebus
2406 5519 2767 5589 compluribus
2798 5519 2931 5572 hanc
2957 5533 3069 5572 rem
3102 5526 3364 5573 tractare:
3388 5517 3433 5570 si
3461 5517 3621 5571 modo
3653 5531 3780 5575 non

2183 5613 2250 5669 ad
2271 5613 2613 5668 ambitionem
2642 5626 2705 5666 ac
2728 5611 3073 5680 voluptatem,
3104 5609 3200 5666 sed
3231 5609 3296 5665 ad
3325 5609 3552 5665 fructum
3581 5616 3634 5662 et
3656 5611 3777 5664 uti-

2183 5705 2385 5760 litatem
2416 5718 2610 5758 munus
2637 5702 2736 5757 hoc
2760 5700 3148 5757 concionatoris
3171 5699 3370 5771 gesturi
3403 5712 3602 5754 sumus.
3635 5697 3782 5755 Ideo

2183 5797 2321 5854 sicut
2367 5795 2434 5852 de
2475 5792 2789 5866 juramentis
2830 5791 3083 5860 fecimus,
3134 5791 3313 5848 multis
3353 5789 3540 5847 ordine
3565 5784 3785 5846 diebus
