4110 6214
378 347 480 408 677

375 454 532 512 vobis.
564 451 633 510 de
673 451 862 510 eodem
906 450 1228 506 disserentes
1267 455 1621 517 argumento:
1662 443 1841 498 itidem
1871 440 1939 496 de

373 548 451 600 ira
477 559 618 598 nunc
641 541 912 604 faciamus,
933 539 1234 595 continuam
1261 537 1328 592 de
1354 551 1415 590 ea
1439 549 1815 605 persequamur
1841 549 1937 587 cx-

377 635 727 689 hortationem
768 647 861 700 pro
887 638 1066 684 nostra
1094 627 1306 697 quidem
1346 626 1507 680 virili.
1532 625 1661 680 Nam
1693 625 1777 678 hic
1808 623 1934 677 mihi

375 725 582 779 videtur
608 723 840 792 Optimus
882 735 1004 775 esse
1043 718 1267 774 docendi
1310 716 1531 783 modus,
1567 718 1612 770 si
1656 731 1760 769 non
1792 715 1936 784 prius

375 813 689 868 desistamus
712 808 1038 866 consulendo
1054 822 1382 878 quacumque
1405 807 1474 862 de
1497 822 1575 872 re,
1601 821 1757 876 quam
1786 804 1936 858 vide-

376 905 542 958 rimus
586 902 996 957 admonitionem
1039 900 1105 954 ad
1163 899 1409 955 effectum
1454 899 1777 968 pervenisse.
1842 898 1934 952 Et-

376 993 515 1046 enim
544 991 631 1061 qui
664 990 818 1046 hodie
837 989 906 1046 de
933 990 1292 1059 eleemosyna,
1317 1002 1437 1044 cras
1461 988 1527 1043 de
1553 989 1811 1050 oratione,
1847 1003 1936 1056 pe.

378 1081 561 1137 rendie
597 1079 1044 1146 de-liumanitate,
1072 1078 1267 1134 deinde
1297 1093 1480 1134 rursus
1516 1077 1584 1133 de
1621 1077 1782 1132 animi
1823 1091 1937 1130 mo-

376 1168 540 1224 destia
570 1169 802 1236 disserit,
831 1169 958 1224 nihil
988 1169 1180 1224 horum
1209 1168 1259 1223 in
1279 1167 1575 1223 auditorum
1605 1167 1794 1222 animis
1816 1183 1936 1236 pcr-

378 1257 536 1313 ﬁcere
564 1268 709 1315 recte
754 1259 946 1328 poterit
967 1298 982 1323 ,
1023 1259 1092 1313 ab
1119 1257 1220 1315 hoc
1258 1256 1324 1312 ad
1352 1256 1479 1312 illud
1499 1297 1516 1324 ,
1549 1271 1730 1312 rursus
1750 1256 1817 1309 ab
1847 1256 1934 1309 illo

375 1364 585 1419 semper
610 1349 714 1403 alio
743 1349 1044 1405 transiliens
1069 1366 1083 1404 :
1111 1348 1204 1405 sed
1234 1363 1454 1404 necesse
1475 1357 1579 1412 est,
1606 1356 1664 1400 ut
1689 1348 1776 1416 qui
1808 1348 1934 1402 velit

375 1440 664 1493 orationem
708 1439 759 1493 in
787 1439 1084 1494 auditorum
1124 1439 1314 1493 animis
1355 1441 1580 1493 fructum
1618 1437 1933 1492 destinatqu

375 1533 603 1601 assequi,
632 1549 735 1587 non
761 1543 886 1589 ante
917 1533 1139 1588 desistat
1161 1533 1344 1588 iisdem
1367 1533 1435 1588 de
1459 1534 1616 1588 rebus
1640 1532 1934 1588 admonens

373 1623 776 1692 consulensque,
803 1638 898 1679 nec
929 1624 1074 1692 prius
1093 1622 1158 1676 ad
1184 1622 1322 1678 aliud
1348 1622 1616 1693 quidpiam
1647 1624 1925 1690 transiliat,

374 1728 528 1781 quam
573 1717 910 1784 conspexerit
951 1715 1280 1783 superion
1321 1715 1731 1770 admonitionem
1777 1717 1828 1770 in
1857 1718 1935 1773 eis

375 1801 512 1855 bene
552 1801 707 1854 ﬁxam
755 1816 818 1856 ac
844 1801 1152 1856 radicatam.
1173 1801 1315 1858 Idem
1337 1802 1437 1858 hoc
1460 1803 1632 1859 facere
1656 1805 1828 1860 solent
1855 1807 1935 1860 lu-

373 1889 664 1959 dimagistri
697 1909 710 1945 :
743 1905 846 1946 non
879 1891 1027 1960 prius
1052 1891 1117 1946 ad
1155 1891 1381 1963 syllabas
1408 1892 1674 1948 adducunt
1703 1910 1892 1963 pueros
1915 1937 1928 1961 ,

373 1996 529 2051 quam
550 1981 931 2035 elementorum
960 1981 1311 2050 cognitionem
1354 1982 1405 2035 in
1435 1981 1513 2037 eis
1541 1982 1767 2037 viderint
1792 1996 1934 2040 recte

372 2073 754 2127 conlirmatam.
794 2071 973 2141 Nuper
1017 2070 1175 2141 igitur
1202 2071 1505 2140 parabolam
1539 2073 1690 2129 vobis
1709 2073 1778 2130 de
1803 2091 1930 2130 cen-

374 2174 480 2219 tum
502 2163 731 2221 denariis
755 2205 770 2226 ,
795 2177 858 2218 ac
885 2163 1068 2219 decem
1094 2163 1326 2220 millibus
1352 2165 1663 2220 talentorum
1684 2181 1932 2220 enarran-

373 2265 452 2311 les
478 2256 580 2327 (a),
610 2255 937 2312 ostendimus
955 2264 1207 2326 quantum
1234 2266 1376 2312 esset
1402 2257 1596 2312 malum
1625 2259 1930 2326 injuriarum

371 2349 692 2404 meminisse.
719 2347 886 2416 Quem
913 2349 1054 2404 enim
1075 2347 1260 2415 decem
1287 2348 1446 2403 millia
1483 2350 1798 2404 talentorum
1826 2365 1932 2405 non

374 2439 727 2508 perdiderant,
753 2439 890 2494 lnmc
906 2449 1116 2494 centum
1133 2438 1336 2495 denarii
1360 2439 1524 2495 exitio
1544 2439 1929 2507 demerserunt,

371 2547 434 2585 ac
462 2531 665 2585 veniam
687 2543 784 2599 pro
807 2529 998 2585 debitis
1021 2543 1328 2585 concessam
1383 2529 1436 2584 lu
1467 2529 1670 2584 irritum
1719 2545 1932 2586 revoca-

371 2630 526 2686 runt,
571 2621 864 2690 debitaeque
907 2621 1142 2691 pecunia:
1201 2620 1567 2677 remissionem
1610 2622 1933 2692 dissiparnnt

370 2711 580 2779 (Matth.
603 2710 712 2782 18),
728 2724 972 2779 eumque,
987 2711 1074 2780 qui
1096 2708 1265 2766 fuerat
1289 2725 1318 2764 a
1338 2711 1644 2766 criminibus
1660 2711 1929 2779 liberatus,

369 2800 420 2854 in
443 2800 694 2870 judicium
723 2808 1057 2855 retraxerunt
1082 2839 1097 2864 ,
1126 2799 1351 2870 indeque
1379 2801 1432 2877 in
1458 2815 1724 2856 carcerem
1751 2803 1931 2873 conjec

365 2900 550 2945 cerunt
569 2931 584 2954 ,
605 2889 830 2958 denique
855 2889 1134 2943 immortali
1162 2889 1417 2958 supplicio
1439 2889 1780 2944 tradiderunt.
1825 2893 1930 2947 Sed

370 2980 524 3034 hodie
551 2981 618 3035 de
641 2979 852 3035 diverso
872 2988 1183 3049 argumento
1206 2978 1385 3034 dicere
1407 2979 1743 3036 tentabimus.
1770 2981 1933 3052 Opor-

370 3071 514 3125 tebat
538 3071 698 3134 enim,
726 3070 770 3124 si
799 3069 946 3124 ﬁeret
966 3068 1104 3139 quod
1126 3085 1332 3139 atquum
1362 3079 1496 3136 erat,
1517 3071 1584 3126 de
1607 3071 1929 3130 humanitate

367 3175 430 3214 ac
458 3159 859 3215 mansuetudine
892 3159 1048 3214 verba
1077 3159 1351 3215 facientem
1375 3176 1442 3217 ex
1461 3176 1578 3216 sese
1611 3162 1762 3218 istius
1794 3180 1929 3234 pnn-

367 3250 522 3304 elarte
551 3249 893 3320 philosophia:
930 3250 1170 3319 exempla
1198 3251 1434 3320 praebere
1456 3291 1471 3313 ,
1493 3261 1649 3321 atque
1678 3253 1747 3307 ita
1771 3254 1928 3312 simul

365 3351 419 3395 et
461 3341 635 3396 verbis
686 3357 803 3396 etim
849 3341 1040 3397 docere
1075 3350 1130 3397 et
1171 3342 1323 3398 factis
1367 3343 1432 3398 ad
1468 3359 1586 3399 eam
1633 3345 1926 3401 instituere.

366 3433 621 3497 Quoniam
664 3441 838 3486 autem
884 3447 994 3488 nos.
1019 3432 1088 3487 ab
1117 3431 1215 3487 hac
1243 3433 1436 3489 virtute
1481 3433 1639 3504 longo
1678 3436 1928 3494 absmnus

367 3523 641 3578 intervallo
659 3565 676 3589 ,
703 3539 806 3578 uno
834 3525 1082 3594 quopiam
1100 3540 1131 3580 e
1157 3541 1378 3582 numero
1406 3536 1708 3584 sanctorum
1730 3529 1780 3584 in
1812 3547 1928 3586 me-

367 3611 509 3667 dium
559 3613 846 3681 producto,
880 3615 1152 3684 oculisque
1182 3616 1374 3672 vestris
1420 3618 1694 3686 subjecto,
1728 3623 1929 3690 perspi-

367 3718 518 3754 cuam
546 3703 827 3771 quamdam
863 3717 924 3757 ae
970 3712 1236 3771 potentem
1280 3705 1646 3762 adhibebimus
1677 3709 1930 3765 exhorta-

372 3792 588 3851 tionem,
621 3799 675 3844 nt
701 3791 848 3858 quasi
895 3790 960 3844 ad
1004 3791 1276 3862 archetypi
1317 3793 1592 3862 cujusdam
1633 3799 1927 3854 a'mulatio-

372 3896 503 3935 neur
518 3880 858 3934 adhortemnr
884 3890 938 3936 et
963 3896 1058 3936 vos
1077 3893 1129 3935 et
1152 3896 1248 3936 nos
1276 3883 1437 3952 ipsos.

441 3971 607 4024 David
636 3971 892 4039 exemplar
912 3973 1262 4028 humanitatis.
1287 4005 1357 4018 —
1380 3975 1510 4041 Quis
1553 3977 1708 4045 igitur
1735 3979 1784 4032 in
1814 3996 1926 4035 me-

371 4064 512 4117 dium
553 4062 895 4130 proferendus
940 4073 1024 4118 est
1064 4063 1130 4118 de
1167 4063 1491 4120 humanitate
1531 4067 1775 4123 dicturo?
1800 4071 1928 4138 Quis

372 4169 498 4207 vero
540 4154 704 4218 alius,
747 4170 902 4224 quam
947 4157 992 4210 is
1023 4157 1111 4226 qui
1150 4157 1347 4213 caelesti
1389 4159 1690 4215 testimonio
1730 4163 1927 4219 laudari

373 4246 595 4310 meruit,
616 4247 685 4301 ob
711 4245 811 4301 hoc
841 4247 1008 4315 ipsum
1041 4248 1268 4304 maxime
1294 4251 1699 4320 suspiciendus?
1728 4253 1926 4321 Inveni,

375 4337 570 4404 inquit,
598 4336 762 4389 David
786 4338 946 4405 ﬁlium
969 4337 1144 4402 Jesse,
1176 4340 1336 4394 uirum
1359 4345 1631 4399 secundum
1658 4362 1744 4399 cor
1767 4363 1930 4402 meum

375 4429 454 4496 (Ι.
480 4425 604 4498 Reg.
632 4428 716 4482 l3.
750 4429 811 4483 Η
831 4443 846 4492 ;
869 4429 976 4482 Act.
1007 4432 1090 4484 l5.
1113 4430 1227 4500 22).
1252 4432 1416 4486 Porro
1436 4445 1774 4504 posteaquam
1795 4439 1931 4494 Deus

374 4516 756 4585 pronuntiavit,
780 4519 916 4571 nulla
943 4520 1333 4575 contradicendi
1359 4523 1556 4592 reliqua
1586 4535 1666 4578 est
1696 4528 1927 4584 occasio.

373 4606 503 4661 Nam
547 4607 686 4661 illius
724 4608 955 4665 calculus
999 4611 1332 4680 incorruptus
1367 4624 1479 4678 est,
1513 4632 1578 4670 co
1605 4619 1742 4686 quod
1790 4621 1928 4676 Deus

374 4715 470 4752 nec
491 4697 554 4750 ad
583 4699 825 4766 gratiam,
858 4715 956 4754 nec
979 4717 1072 4770 per
1100 4702 1276 4758 odium
1298 4705 1518 4773 judicat,
1542 4709 1633 4763 sed
1664 4726 1759 4778 pro
1785 4728 1926 4770 mera

372 4788 530 4841 animi
563 4790 751 4842 virtute
796 4787 893 4843 fert
936 4789 1262 4859 suﬂ'ragium.
1296 4796 1363 4847 At
1392 4811 1494 4849 non
1525 4797 1596 4852 ob
1640 4800 1690 4854 id
1729 4811 1926 4858 tantum

375 4877 511 4931 liune
533 4878 585 4931 in
614 4877 842 4931 medium
872 4878 1231 4946 produximus,
1261 4883 1400 4950 quod
1425 4884 1513 4940 Dei
1541 4888 1787 4959 sull'ragio
1809 4892 1926 4948 fue-

375 4968 441 5018 rit
482 4967 752 5033 laudatus,
778 4983 958 5022 verum
987 4970 1142 5023 etiam
1166 4972 1304 5039 quod
1338 4973 1407 5026 sit
1431 4975 1580 5030 exiis
1598 4978 1686 5047 qui
1714 4981 1811 5035 sub
1841 4999 1930 5037 ve-

377 5056 472 5109 teri
505 5058 617 5126 lege
637 5069 759 5112 sunt
782 5059 1007 5114 educati.
1037 5060 1303 5129 Siquidem
1329 5063 1427 5117 sub
1443 5065 1555 5133 lege
1573 5071 1754 5136 gratim
1778 5073 1929 5126 exsti-

377 5145 501 5198 tisse
529 5148 827 5214 quempiam
854 5149 920 5203 ab
949 5151 1021 5203 ira
1051 5164 1261 5216 purum,
1290 5161 1342 5205 et
1367 5152 1591 5211 inimicis
1605 5155 1793 5212 delicta
1811 5175 1932 5216 con-

374 5233 654 5288 tionantem
677 5276 692 5298 ,
719 5250 780 5289 ac
807 5246 1105 5304 parcentem
1137 5239 1200 5293 iis
1222 5255 1250 5292 a
1295 5242 1486 5310 quibus
1511 5244 1666 5299 fuerit
1691 5250 1928 5306 molestia

377 5321 608 5385 allectus,
642 5324 770 5378 nihil
800 5340 924 5380 sane
951 5328 1165 5395 mirum,
1187 5329 1436 5386 videlicet'
1450 5343 1567 5402 post
1586 5337 1777 5392 Christi
1797 5355 1931 5395 mor-

380 5421 502 5477 tem,
538 5422 808 5482 postquam
852 5415 938 5470 ille
982 5427 1084 5472 tam
1114 5423 1400 5477 clementer
1426 5425 1574 5479 nobis
1601 5429 1774 5482 omnia
1804 5446 1930 5500 pec-

375 5511 492 5557 cata
536 5504 766 5570 remisit,
796 5514 915 5577 post
957 5517 1036 5563 tot
1073 5520 1333 5581 praecepta
1375 5516 1569 5571 referta
1612 5522 1930 5590 evangelica:

436 5673 506 5735 (α)
533 5681 724 5731 lluman
750 5682 812 5733 de
834 5685 1058 5737 Debitore
1081 5686 1249 5736 decem
1279 5687 1475 5739 millium
1502 5695 1807 5745 talentorum.

1393 334 1480 391 DE
1519 333 1769 391 DAVIDE
1808 325 1895 388 ET
1934 331 2157 386 SAULE
2195 331 2471 388 llOMlLlA
2514 333 2552 386 l.

3505 343 3608 397 ωε

2049 439 2394 511 philosophia:
2423 460 2436 496 :
2468 452 2715 498 caeterum
2736 444 2785 497 in
2810 442 2997 500 Vetere
3023 444 3358 502 Testamenlo
3375 463 3492 502 cum
3526 453 3608 507 lex

2045 534 2371 602 pennitteret
2405 535 2614 589 oculum
2667 551 2762 604 pro
2801 537 2956 592 oculo
2997 537 3261 603 ell’odere,
3292 554 3355 594 ac
3393 541 3605 597 dentem

2043 637 2140 692 pro
2176 624 2334 680 dente
2358 627 2650 682 extundere
2677 627 2865 696 (Exod.
2887 627 2974 682 21.
3008 627 3126 698 24).
3155 643 3381 698 eumque
3405 631 3492 698 qui
3520 632 3606 684 Ln-

2044 713 2202 767 sisset
2251 714 2460 769 talionis
2505 730 2658 784 [liena
2701 716 2916 780 ulcisci,
2957 717 3185 786 aliquem
3214 718 3482 774 exstitisse
3519 723 3605 788 qui

2041 813 2423 872 praceptorum
2474 807 2605 860 ﬁnes
2652 807 2993 872 transilierit,
3043 806 3217 877 adque
3262 809 3604 876 apostolicam

2041 894 2341 960 pervenerit
2360 895 2768 964 philosomtiam,
2798 911 2955 966 quem
2985 898 3282 954 auditorum
3313 914 3415 952 non
3438 899 3603 955 addu-

2039 991 2124 1036 cet
2153 983 2204 1037 in
2238 987 2546 1052 stuporem?
2567 1001 2723 1056 quem
2757 985 2802 1040 si
2850 1003 2952 1040 non
2982 987 3268 1051 imitemur,
3298 1003 3401 1042 non
3434 989 3606 1058 privet

2039 1073 2183 1126 omni
2213 1074 2387 1140 venia,
2413 1075 2662 1145 omnique
2696 1078 3076 1133 excusatione?
3100 1079 3204 1134 Sed
3234 1080 3602 1136 utaceuratius

2039 1162 2154 1230 ejus
2191 1163 2437 1218 virtutem
2479 1168 2844 1235 cognocastis,
2891 1168 3166 1223 concedite
3221 1168 3350 1223 mihi
3394 1178 3451 1224 ut
3482 1184 3601 1223 ora-

2042 1253 2238 1308 tionem
2268 1257 2425 1324 paulo
2449 1256 2607 1312 altius
2632 1268 2889 1328 repetam,
2915 1275 2977 1315 ac
3001 1260 3256 1315 beneﬁcia
3277 1275 3602 1315 commemo-

2039 1359 2148 1398 rem
2175 1361 2293 1414 qnae
2321 1346 2506 1400 beatus
2537 1348 2623 1403 ille
2647 1349 2726 1404 vir
2754 1350 2806 1404 in
2835 1350 3046 1406 Sainlem
3075 1352 3315 1407 contulit.
3339 1352 3468 1406 Nam
3496 1369 3599 1406 non

2039 1435 2216 1490 ulcisci
2236 1436 2500 1493 inimicum
2518 1439 2605 1508 qui
2631 1439 2942 1510 simpliciter
2959 1442 3111 1509 laesit,
3137 1460 3242 1498 non
3266 1445 3456 1498 mirum
3483 1454 3596 1498 est:

2037 1528 2198 1594 atqui
2229 1527 2496 1585 hominem
2540 1546 2568 1583 a
2596 1547 2656 1588 se
2697 1533 2874 1590 multis
2915 1534 3158 1590 ali'eetum
3191 1536 3480 1600 beneﬁciis,
3506 1539 3599 1592 scd

2037 1617 2128 1684 qui
2157 1633 2252 1686 pro
2297 1619 2587 1676 benefactis
2628 1622 2920 1679 beneﬁcum
2958 1626 3120 1684 semel
3165 1635 3325 1697 atque
3371 1628 3597 1692 iterum,

2037 1705 2146 1762 imo
2166 1708 2468 1778 frequenter
2491 1712 2790 1769 interﬁcere
2813 1724 3034 1770 conatus
3060 1716 3148 1780 sit,
3177 1727 3516 1788 posteaquam
3545 1719 3596 1774 in

2038 1813 2226 1854 manus
2252 1801 2549 1868 incidisset,
2577 1813 2632 1857 ut
2654 1803 2762 1872 jam
2789 1804 2971 1862 liceret
2995 1807 3261 1873 occidere,
3290 1824 3394 1863 non
3427 1809 3596 1878 ipsum

2037 1888 2239 1945 dimisit
2261 1900 2460 1948 tantum
2480 1933 2494 1956 ,
2527 1908 2709 1948 verum
2737 1895 2896 1952 etiam
2915 1911 2979 1950 ex
3005 1897 3228 1952 aliorum
3257 1899 3460 1955 insidiis
3485 1906 3600 1960 eri‘

2036 1981 2179 2048 puit;
2211 1982 2504 2050 praesertim
2545 1997 2665 2038 cum
2694 1984 2855 2040 sciret
2889 1985 3032 2040 illum
3076 1997 3195 2057 post
3233 1990 3418 2048 eadem
3445 1998 3598 2052 moli-

2037 2077 2210 2123 turum
2241 2088 2254 2123 :
2284 2071 2406 2141 quid
2431 2072 2475 2127 is
2499 2072 2757 2144 reliquum
2780 2073 2924 2142 fecit,
2953 2075 3094 2146 quod
3109 2076 3179 2134 ad
3199 2093 3458 2138 summam
3480 2085 3596 2156 phi-

2035 2157 2327 2228 losophiam
2352 2161 2519 2230 possit
2542 2162 2794 2233 adjungi?

2101 2247 2156 2300 2.
2188 2247 2438 2317 Beneﬁcia
2477 2248 2690 2306 Davidis
2731 2253 2783 2307 in
2822 2253 3048 2309 Sarilem.
3074 2286 3144 2298 ~—
3173 2257 3374 2326 Quibus
3420 2277 3593 2321 autem

2036 2334 2307 2391 beneﬁciis
2356 2338 2515 2394 David
2567 2340 2802 2398 alfecerit
2841 2342 3088 2409 Saitlem,
3125 2349 3335 2417 quando
3385 2363 3438 2406 et
3491 2371 3597 2422 quo

2034 2434 2222 2495 pacto,
2255 2430 2436 2498 paucis
2477 2442 2811 2488 enarrantem
2866 2449 2952 2491 me
2999 2438 3280 2512 sustinete.
3321 2441 3453 2498 Cum
3493 2447 3595 2500 ali-

2034 2517 2244 2584 quando
2290 2518 2454 2574 Judmi
2500 2521 2640 2577 bello
2683 2522 2998 2582 difﬁcillimo
3045 2541 3432 2599 premerentur,
3461 2533 3596 2592 adeo

2034 2612 2094 2658 ut
2121 2620 2306 2660 omnes
2343 2623 2536 2678 pavore
2564 2622 2741 2666 essent
2785 2617 3107 2670 consternati
3128 2656 3142 2680 ,
3174 2634 3274 2674 nec
3316 2623 3593 2692 quisquam

2031 2695 2250 2752 auderet
2290 2697 2494 2768 erigere
2532 2711 2688 2770 caput
2710 2741 2726 2768 ,
2747 2704 2839 2758 sed
2869 2705 2921 2760 in
2959 2715 3195 2763 extrema
3215 2711 3594 2781 desperatione

2033 2796 2173 2844 esset
2201 2787 2404 2855 civitas,
2432 2790 2650 2860 singulis
2675 2802 2898 2849 mortem
2927 2811 3038 2865 pra:
3060 2799 3228 2854 oculis
3257 2800 3592 2869 habentibus,

2033 2877 2366 2948 quotidieque
2389 2881 2652 2937 interitum
2679 2888 3099 2954 exspectantibus
3119 2893 3343 2957 cunctis,
3362 2903 3416 2947 ut
3434 2897 3592 2952 vitam

2032 2978 2246 3038 agerent
2274 2972 2601 3027 miseriorem
2631 2973 2695 3028 iis
2730 2975 2818 3043 qui
2847 2975 3044 3046 degunt
3083 2979 3132 3034 in
3163 2983 3433 3036 Ieterrimo
3474 3001 3591 3041 ear-

2032 3071 2154 3112 cere
2173 3098 2186 3122 ,
2217 3057 2304 3114 hic
2335 3059 2402 3115 ab
2439 3062 2623 3117 ovibus
2650 3065 2868 3120 veniens
2909 3066 2974 3122 ad
2999 3069 3285 3130 exercitum
3305 3113 3320 3136 ,
3351 3087 3468 3128 cum
3496 3093 3591 3144 per

2031 3157 2238 3230 nitatem
2267 3164 2362 3205 nec
2387 3159 2551 3207 artem
2573 3153 2796 3210 bellandi
2823 3158 3014 3213 callere
3040 3171 3236 3228 posset,
3265 3177 3326 3218 ac
3353 3164 3590 3221 laborum

2033 3236 2334 3292 militarium
2381 3241 2527 3296 rudis
2569 3252 2741 3308 esset,
2767 3246 2878 3316 ipse
2907 3263 3002 3318 pro
3033 3249 3289 3307 universis
3315 3253 3507 3310 bellum
3537 3259 3590 3312 in

2030 3341 2090 3381 se
2113 3330 2312 3399 recepit
2334 3370 2349 3396 ,
2378 3345 2440 3387 ac
2467 3331 2691 3389 feliciter
2714 3351 2826 3391 rem
2870 3340 3054 3408 gessit,
3086 3357 3242 3412 supra
3262 3360 3418 3413 quam
3449 3348 3592 3416 quis-

2030 3417 2168 3487 piam
2197 3433 2480 3491 Spcrasset.
2508 3424 2832 3496 Quamquam
2869 3429 3025 3484 etiam
3058 3430 3103 3485 si
3128 3431 3310 3489 virtuti
3341 3435 3593 3494 defuisset

2031 3521 2268 3576 eventus,
2295 3521 2467 3568 tamen
2489 3515 2556 3569 ob
2584 3515 2749 3571 solam
2771 3517 2931 3572 animi
2961 3523 3422 3591 promptitudinem
3444 3544 3592 3597 egre—

2029 3600 2276 3670 giumque
2299 3606 2622 3675 propositum
2661 3607 2993 3665 coronandus
3029 3622 3160 3668 erat.
3201 3613 3315 3668 lam
3345 3617 3390 3670 si
3416 3619 3532 3684 quis
3561 3636 3591 3672 ιι

2030 3706 2248 3746 numero
2277 3694 2499 3749 militum
2525 3705 2678 3752 (etate
2699 3697 2878 3768 vigens
2900 3698 3102 3755 facinus
3123 3702 3222 3757 hoc
3241 3703 3590 3776 designasse-t,

2031 3781 2157 3835 nihil
2202 3780 2384 3838 fuisset
2430 3785 2654 3850 mirum,
2678 3787 2922 3842 videlicet
2968 3789 3019 3843 id
3050 3793 3343 3860 postulante
3380 3797 3592 3851 miliuiri

2030 3869 2163 3942 lege.
2213 3873 2282 3926 At
2333 3872 2416 3928 hic
2463 3876 2551 3951 qui
2596 3877 2792 3934 nullam
2833 3879 3042 3936 videbat
3086 3887 3449 3942 necessitatem
3489 3888 3594 3944 huc

2030 3963 2329 4032 adigentem
2353 4004 2368 4028 ,
2422 3981 2482 4020 ac
2507 3967 2699 4022 multos
2737 3970 2894 4024 etiam
2942 3971 3164 4029 habebat
3207 3975 3592 4040 debortantcs;

2032 4068 2152 4108 nam
2181 4063 2236 4108 et
2273 4053 2434 4111 frater
2457 4056 2603 4111 illum
2638 4058 2966 4129 increpavit,
2986 4073 3038 4116 et
3063 4079 3154 4118 rex
3186 4069 3505 4137 perspiciens
3535 4072 3594 4124 il-

2032 4143 2139 4198 lum
2168 4145 2396 4199 nondum
2427 4156 2581 4203 aetate
2609 4160 2896 4215 maturum,
2915 4166 2976 4207 ac
2996 4155 3240 4222 periculis
3271 4158 3594 4226 perferendis

2033 4233 2314 4290 inhabilem
2357 4235 2593 4292 cohibuit
2615 4280 2630 4304 ,
2662 4253 2722 4292 ac
2751 4255 2965 4296 manere
3000 4242 3194 4313 jussit,
3222 4245 3400 4302 dicens
3429 4265 3442 4301 :
3475 4248 3593 4303 Non

2034 4324 2216 4391 poteris
2240 4324 2312 4376 ire
2332 4365 2346 4389 ,
2376 4325 2609 4393 quoniam
2651 4345 2775 4396 puer
2802 4346 2852 4383 es
2883 4345 2902 4384 :
2926 4330 3013 4385 ille
3037 4347 3150 4386 vero
3188 4335 3262 4386 vir
3287 4345 3358 4388 est
3388 4336 3594 4390 bellator

2031 4413 2093 4466 ab
2134 4414 2464 4467 adolescentia
2513 4432 2604 4469 sua
2633 4418 2708 4485 (l.
2743 4417 2866 4489 Reg.
2916 4421 3001 4475 l7.
3047 4423 3136 4491 55)
3170 4441 3182 4477 :
3213 4433 3441 4480 attamen
3468 4442 3590 4483 cum

2033 4505 2174 4558 nulla
2219 4505 2364 4560 illum
2411 4518 2717 4575 provocaret
2741 4511 2970 4578 occasio,
3007 4526 3190 4583 suapte
3217 4528 3404 4585 sponte
3447 4529 3499 4576 et
3528 4539 3591 4576 ex

2032 4609 2152 4649 sese
2186 4595 2362 4651 divino
2403 4611 2659 4656 accensus
2704 4600 2820 4654 zelo
2842 4643 2857 4667 ,
2887 4603 3170 4674 patriaeque
3207 4608 3441 4673 caritate,
3474 4626 3594 4679 per-

2035 4691 2155 4746 inde
2203 4693 2350 4762 quasi
2408 4709 2533 4750 oves
2587 4705 2830 4751 cerneret
2883 4696 3057 4752 verius
3105 4715 3261 4770 quam
3311 4702 3590 4767 homines,

2033 4792 2088 4838 et
2126 4785 2273 4854 quasi
2318 4799 2476 4840 caries
2505 4786 2782 4842 invasurus
2807 4797 2945 4841 esset
2971 4790 3146 4858 potius
3179 4807 3336 4862 quam
3365 4802 3469 4847 tam
3493 4811 3591 4847 nu-

2034 4888 2298 4927 luerosum
2353 4875 2622 4928 hominum
2669 4876 2995 4943 exercitum,
3053 4879 3185 4933 adeo
3226 4882 3480 4950 intrepide
3527 4884 3622 4937 ad.

2034 4964 2285 5019 barbaros
2302 4965 2536 5020 cucurrit
2565 4982 2580 5019 :
2610 4966 2764 5036 idque
2810 4971 3058 5039 temporis
3104 4980 3298 5025 Ianum
3335 4988 3459 5042 erga
3505 4991 3590 5028 re-

2033 5070 2151 5125 gem
2199 5054 2605 5110 sollicitudinem
2657 5056 2978 5122 declaravit,
3011 5069 3067 5113 ut
3105 5061 3247 5115 illum
3287 5064 3443 5117 etiam
3473 5075 3594 5119 ante

2035 5144 2271 5213 puellum
2283 5157 2344 5197 ac
2359 5143 2627 5198 victoriam
2647 5147 2696 5199 in
2714 5147 2895 5202 faciem
2913 5158 3232 5217 prostraturum
3250 5153 3594 5209 erexerit.Ne-

2035 5253 2138 5305 que
2159 5236 2296 5291 enim
2315 5236 2462 5291 factis
2478 5237 2634 5291 modo
2645 5239 2779 5306 juvit
2796 5240 2960 5306 illum,
2980 5241 3070 5294 sed
3085 5252 3206 5295 ante
3227 5242 3417 5298 factum
3436 5247 3616 5300 etiam.

2036 5331 2209 5385 verbis
2235 5330 2470 5384 hortatus
2495 5342 2574 5384 est
2602 5330 2740 5385 bono
2758 5332 2935 5384 animo
2965 5341 3020 5384 ut
3049 5342 3212 5397 esset,
3231 5350 3292 5389 ac
3313 5339 3594 5404 persuasit,

2038 5430 2197 5488 utque
2227 5420 2290 5475 de
2329 5431 2522 5475 eventu
2570 5421 2759 5476 bonam
2789 5423 3093 5490 conciperet
3116 5440 3260 5494 spem
3279 5467 3293 5491 ,
3323 5427 3496 5481 effecit
3529 5429 3594 5481 ita

2039 5509 2258 5579 loquens
2290 5527 2302 5562 :
2335 5509 2416 5564 Ne
2438 5511 2664 5566 concidat
2691 5527 2776 5564 cor
2800 5510 2989 5566 domini
3014 5514 3109 5565 inci
3136 5513 3186 5565 in
3213 5515 3340 5583 ipso,
3366 5517 3599 5584 quoniam

2038 5614 2204 5651 servus
2232 5611 2342 5652 hius
2367 5602 2488 5666 ibit,
2519 5601 2850 5669 pugnabitqtte
2873 5618 2985 5654 cum
3011 5603 3286 5672 alienigena
3315 5604 3405 5657 hoc
3440 5603 3598 5671 (Ibid.

2041 5703 2085 5739 ιι.
2113 5688 2227 5758 3:2).
2261 5690 2449 5756 Quzcso
2476 5730 2489 5757 ,
2520 5706 2644 5744 num
2677 5691 2774 5745 huc
2823 5706 3037 5761 parvum
3078 5692 3299 5757 videtur,
3331 5693 3468 5749 trulla
3510 5710 3602 5748 ne-
