4110 6214
520 319 622 380 679

511 443 762 490 cessitate
799 429 1128 499 compulsum
1153 466 1166 490 ,
1199 439 1346 479 suam
1371 425 1534 494 ipsius
1552 423 1716 476 vitam
1746 419 1970 490 prodere
1995 460 2009 482 ,
2042 427 2096 472 et

515 535 572 586 in
608 537 792 578 eorum
821 521 1094 574 utilitatem
1123 531 1153 569 a
1175 515 1366 585 quibus
1394 515 1523 568 nihil
1543 527 1787 582 umquam
1817 519 2094 578 acceperat

515 612 758 669 beneﬁcii
783 651 799 676 ,
831 610 882 663 in
908 609 1110 663 medios
1137 606 1316 661 hostes
1335 605 1579 660 irruere?
1602 605 1792 658 Annon
1824 617 1918 672 par
1944 609 2092 662 erat,

520 705 660 757 hunc
695 708 813 769 post
851 698 955 752 tale
980 695 1184 752 [acinus
1209 706 1397 750 ornato
1427 694 1579 748 titulo
1600 693 1800 748 domini
1831 689 2092 746 columnis

523 793 800 861 inscripto,
827 799 883 844 et
911 789 1174 859 publicum
1196 788 1422 842 civitatis
1448 795 1774 841 servatorem
1799 783 2090 853 appellare,

519 887 608 957 qui
645 894 699 940 et
727 882 873 952 regni
923 882 1103 946 decus,
1133 890 1188 935 et
1213 879 1482 934 civitatum
1508 877 1869 939 fundamenta,
1897 883 1950 929 et
1973 889 2096 928 om-

520 977 664 1028 nium
694 975 854 1027 vitam
883 972 1170 1041 Opitulante
1195 969 1288 1024 Dei
1317 970 1483 1039 gratia
1509 967 1771 1022 servarit?
1799 965 1948 1032 Quod
1977 979 2095 1020 esse

521 1072 728 1133 poterat
753 1062 893 1117 aliud
944 1061 1256 1116 beneﬁcium
1283 1059 1384 1113 hoc
1413 1058 1623 1127 majus?
1648 1057 1831 1125 Neque
1857 1056 1997 1110 enim
2039 1055 2092 1108 in

521 1155 742 1223 gloriam
771 1163 859 1206 aut
879 1152 1166 1222 potentiam
1189 1192 1206 1219 ,
1236 1149 1330 1205 sed
1357 1151 1406 1203 in
1435 1150 1600 1218 ipsam
1627 1148 1790 1216 ipsius
1819 1147 1978 1200 vitam
2007 1145 2093 1199 be-

524 1245 766 1300 nelicium
797 1242 897 1297 hoc
919 1241 1172 1306 contulit,
1208 1240 1347 1294 etab
1378 1239 1506 1308 ipsis
1537 1238 1723 1292 mortis
1749 1237 1916 1306 portis
1937 1250 2095 1290 revo-

520 1337 661 1390 cavit
691 1351 704 1388 :
739 1335 912 1403 itaque
937 1333 982 1387 si
1007 1332 1292 1386 humanum
1315 1331 1525 1401 quidem
1548 1329 1838 1384 subsidium
1863 1336 2093 1397 spectes,

523 1426 662 1480 illius
697 1424 954 1493 beneﬁcio
978 1421 1172 1477 deinde
1199 1421 1325 1475 visit
1347 1436 1438 1474 rex
1459 1461 1473 1485 ,
1500 1434 1562 1474 ac
1585 1419 1928 1489 principatum
1976 1433 2093 1472 ser-

526 1517 691 1571 vavit.
725 1515 788 1569 Et
817 1524 996 1583 postea
1019 1555 1035 1580 ,
1063 1528 1219 1583 quam
1251 1513 1324 1566 illi
1352 1512 1584 1581 reposuit
1607 1511 1865 1582 gratiam?
1900 1509 2030 1564 Nam
2053 1510 2098 1563 si

523 1607 642 1676 quis
688 1603 978 1676 perpendat
1017 1604 1270 1673 praeclare
1307 1612 1578 1672 gestorum
1633 1600 2045 1670 magnitudinem
2077 1640 2094 1663 ,

525 1697 730 1753 etiamsi
756 1712 846 1752 rex
885 1712 914 1750 a
953 1712 1050 1750 suo
1077 1696 1252 1767 capite
1297 1697 1586 1750 detractam
1613 1709 1861 1750 coronam
1889 1692 2098 1747 Davidis

523 1788 681 1858 capiti
719 1787 1088 1857 imposuisset,
1128 1801 1412 1855 numquam
1463 1801 1641 1854 parem
1679 1785 1947 1840 retulisset
1979 1798 2100 1853 gra—

527 1879 674 1941 tiam,
702 1877 794 1931 scd
821 1877 1131 1945 ampliorem
1152 1876 1438 1930 debuisset.
1468 1876 1564 1930 llic
1600 1876 1740 1930 enim
1778 1884 1833 1930 et
1861 1876 2018 1929 vitam
2045 1883 2100 1929 et

525 1983 747 2037 regnum
787 1966 864 2020 illi
905 1966 1157 2032 donavit,
1190 1965 1276 2019 ille
1317 1980 1444 2020 vero
1487 1964 1609 2018 huic
1651 1979 1868 2034 regnum
1895 1973 2100 2018 tantum

525 2069 642 2116 erat
689 2072 954 2114 cessurus.
995 2056 1370 2112 Verumtamen
1422 2055 1819 2110 consideremus
1880 2056 2099 2109 relatam

530 2168 628 2222 pro
693 2149 982 2207 benefactis
1040 2148 1284 2218 gratiam.
1347 2148 1475 2215 Quae
1543 2147 1753 2202 tandem
1807 2156 1921 2202 erat
1973 2146 2103 2200 illa?

531 2245 606 2298 De
629 2251 821 2307 caetero
845 2249 899 2296 et
924 2240 995 2294 ab
1030 2240 1119 2293 illo
1143 2239 1231 2293 die
1269 2248 1569 2308 suSpcctum
1609 2237 1790 2293 habuit
1825 2238 1984 2293 David
2005 2281 2020 2304 ,
2049 2245 2103 2293 et

529 2335 597 2388 ab
635 2333 724 2387 illo
770 2330 956 2386 metuit
1003 2329 1124 2385 sibi.
1159 2329 1266 2383 Cur
1294 2339 1348 2384 et
1381 2343 1536 2399 quam
1579 2328 1649 2383 ob
1693 2329 1943 2384 causam?
1971 2327 2101 2382 Nam

527 2435 584 2480 et
655 2423 970 2492 suSpicionis
1035 2435 1193 2476 causa
1253 2421 1714 2476 commemoranda
1770 2430 1870 2476 est.
1923 2419 2104 2490 Neque

524 2514 666 2570 enim
692 2511 944 2583 quidquid
974 2511 1160 2580 aliquis
1179 2509 1388 2575 dixerit,
1416 2510 1552 2565 idem
1579 2525 1696 2565 esse
1719 2510 1922 2580 justum
1949 2510 2100 2564 afﬁr-

528 2605 710 2660 mabit.
741 2603 871 2659 Nam
896 2617 1016 2672 erga
1046 2617 1166 2656 eum
1185 2603 1274 2670 qui
1305 2601 1532 2656 animam
1559 2601 1834 2671 impendit,
1858 2612 1910 2656 et
1941 2603 2102 2655 vitam

525 2696 709 2761 dedit,
740 2710 857 2764 qua:
883 2701 1087 2764 poterat
1107 2707 1224 2746 esse
1247 2692 1387 2760 justa
1427 2691 1744 2761 suSpicionis
1771 2692 1970 2747 causa?
1999 2692 2103 2748 Sed

528 2799 705 2843 tamen
741 2787 908 2854 ipsam
935 2783 1222 2837 inimicitiae
1248 2797 1465 2836 causam
1493 2782 1834 2851 inspiciamus
1854 2823 1869 2847 ,
1902 2792 1959 2836 ut
2003 2782 2104 2836 ali-

527 2877 654 2946 quid
705 2874 955 2936 discatis,
996 2873 1134 2943 quod
1189 2887 1287 2928 nec
1330 2873 1440 2942 ipsa
1481 2870 1700 2926 victoria
1737 2873 1806 2927 sit
1841 2872 2058 2928 interius
2086 2889 2105 2926 :

528 2967 773 3037 quodque
803 2964 963 3020 David
1002 2965 1076 3019 sit
1102 2964 1303 3018 honore
1327 2963 1518 3032 dignus
1543 2963 1612 3018 ob
1635 2978 1696 3018 ea
1725 2965 1857 3033 ipsa,
1885 2973 2104 3034 propter

528 3075 648 3130 qum
671 3058 920 3127 deinceps
945 3057 1089 3112 venit
1112 3057 1163 3110 iu
1188 3056 1543 3126 suspicionem
1569 3098 1585 3121 ,
1614 3056 1820 3112 insidiis
1843 3058 2106 3128 appetitus

529 3161 632 3206 cst.
680 3150 808 3217 Qua,-
855 3149 1014 3217 igitur
1054 3155 1170 3202 erat
1217 3147 1532 3216 suspicionis
1582 3148 1780 3202 causa?
1823 3148 2105 3218 Postquam

535 3242 746 3296 barbari
777 3241 916 3294 illius
937 3248 1095 3309 caput
1132 3239 1372 3306 abstulit,
1393 3249 1448 3294 et
1474 3239 1641 3309 spolia
1667 3248 1876 3311 gestans
1903 3241 2060 3296 rediit
2088 3257 2102 3300 :

534 3331 782 3385 Exierunt
806 3371 821 3394 ,
853 3329 1050 3400 inquit,
1083 3329 1314 3384 mulieres
1339 3339 1569 3384 canentes
1592 3347 1651 3384 ac
1689 3331 1904 3385 dicentes
1931 3348 1951 3385 :
1983 3330 2108 3386 Per-

533 3424 684 3478 cussit
713 3422 840 3477 Sail
862 3422 915 3475 in
939 3422 1158 3476 millibus
1206 3422 1339 3489 suis,
1363 3431 1409 3476 et
1427 3421 1593 3476 David
1625 3423 1677 3476 in
1704 3423 1870 3476 decem
1892 3423 2110 3478 millibus

533 3515 657 3566 suis.
685 3511 748 3565 Et
768 3515 926 3566 iratus
947 3521 1017 3565 est
1045 3511 1195 3579 Saul,
1217 3521 1264 3565 et
1281 3521 1563 3582 suspectum
1589 3512 1763 3565 habuit
1785 3511 1949 3566 David
1971 3513 2032 3566 ab
2049 3530 2107 3567 eo

533 3604 614 3657 die
637 3621 697 3656 ac
722 3604 953 3674 deinceps
977 3604 1055 3673 (Ι.
1089 3601 1215 3674 Reg.
1240 3603 1326 3659 l8.
1355 3602 1508 3674 6—9).
1539 3602 1701 3672 Cujus
1746 3604 1969 3660 obsecro
1989 3647 2003 3671 ,
2029 3604 2107 3660 rei

531 3694 725 3764 gratia?
750 3694 971 3749 Etiamsi
1015 3694 1130 3748 haec
1177 3703 1376 3765 praster-
1399 3695 1645 3750 meritum
1676 3695 1904 3752 fuissent
1928 3697 2065 3752 dicta
2088 3741 2104 3764 ,

532 3801 602 3840 ne
628 3786 703 3840 sic
719 3785 930 3855 quidem
952 3785 1227 3855 oportebat
1256 3785 1504 3841 hostilem
1548 3787 1599 3839 in
1642 3786 1892 3841 Davidem
1920 3803 2108 3858 gerere

532 3878 767 3932 animum
799 3896 812 3932 :
839 3876 932 3932 sed
955 3886 1226 3947 postquam
1247 3893 1314 3932 ex
1351 3879 1508 3933 rebus
1545 3878 1706 3948 gestis
1733 3878 1870 3932 illius
1896 3894 2018 3949 erga
2050 3893 2108 3933 se

534 3968 954 4024 benevolentiam
981 3968 1208 4023 habebat
1232 3975 1559 4038 compertam
1580 4008 1596 4034 ,
1627 3969 1820 4038 quippe
1849 3971 1936 4039 qui
1962 3970 2108 4024 nullo

533 4069 755 4131 cogente
797 4069 888 4115 aut
921 4061 1306 4129 compellente,
1345 4069 1532 4129 suapte
1577 4060 1944 4115 benevolentia
1996 4071 2110 4116 tan-

536 4164 648 4208 tum
694 4153 924 4207 subisset
971 4153 1325 4218 discriminis,
1374 4168 1479 4206 nou
1531 4153 1810 4221 oportebat
1859 4153 2110 4222 deinceps

537 4245 823 4316 quidquam
867 4243 935 4298 de
975 4242 1067 4296 illo
1112 4242 1369 4313 suspicari
1415 4242 1559 4296 mali.
1589 4241 1737 4297 Nunc
1784 4254 1957 4298 autem
1991 4244 2110 4314 jure

537 4337 722 4391 laudes
753 4333 1158 4406 preferebantur
1181 4350 1196 4399 ;
1226 4341 1282 4389 et
1306 4333 1351 4389 si
1393 4332 1474 4388 fas
1501 4342 1583 4388 est
1605 4348 1727 4388 vera
1754 4334 2028 4402 proloqui,
2057 4333 2109 4388 in

538 4429 714 4484 Saﬁlis
741 4429 960 4498 gratiam
982 4427 1068 4481 illa
1085 4427 1224 4481 dicta
1250 4434 1373 4480 sunt
1398 4427 1592 4497 potius,
1613 4441 1769 4495 quam
1793 4425 1844 4478 in
1880 4425 2110 4490 Davidis;

540 4521 768 4575 debebat
813 4527 987 4573 autem
1032 4519 1162 4572 satis
1209 4517 1443 4581 habere,
1493 4517 1634 4587 quod
1677 4517 1751 4572 illi
1806 4517 2114 4572 tribuissent

541 4610 708 4665 mille.
741 4607 846 4662 Cur
872 4609 1031 4679 igitur
1057 4607 1356 4677 indigratus
1379 4615 1491 4671 est,
1523 4607 1662 4676 quod
1701 4608 1882 4663 Davidi
1909 4609 2112 4663 tribue-

540 4704 646 4757 rint
673 4701 855 4756 decem
877 4701 1072 4755 millia?
1093 4699 1298 4754 Etenim
1320 4699 1364 4754 si
1394 4714 1484 4754 rex
1506 4684 1570 4752 ad
1600 4699 1793 4753 bellum
1825 4699 2113 4754 ﬁniendum

540 4795 621 4850 vel
650 4793 917 4864 paululum
941 4791 1137 4862 aliquid
1167 4791 1421 4847 momenti
1441 4792 1782 4857 contulisset,
1817 4801 1961 4846 recte
2001 4801 2110 4846 tum

539 4886 738 4940 dictum
763 4884 966 4951 fuisset,
997 4882 1126 4939 Sail
1148 4884 1201 4936 in
1221 4882 1440 4937 millibus
1457 4924 1471 4946 ,
1495 4881 1664 4936 David
1695 4881 1747 4934 in
1768 4882 1937 4936 decem
1963 4883 2116 4936 milli-

540 4979 652 5032 bus.
683 4977 835 5044 Quod
886 4977 931 5030 si
972 4977 1085 5046 ipse
1120 4975 1333 5045 quidem
1367 4975 1586 5044 pavidus
1623 4990 1686 5029 ac
1715 4983 1947 5031 tremens
1970 4976 2115 5031 domi

542 5068 783 5132 desedit,
817 5067 868 5121 in
896 5067 1132 5136 singulos
1157 5064 1270 5120 dies
1291 5075 1515 5119 mortem
1537 5075 1882 5134 exspectans.
1912 5065 1997 5120 hic
2016 5082 2114 5120 au-

540 5171 649 5216 tem
672 5169 837 5213 totum
881 5157 1084 5213 facinus
1124 5156 1368 5227 peregit:
1400 5171 1576 5210 annon
1620 5157 1906 5212 absurdum
1957 5165 2112 5220 erat,

539 5266 658 5303 eum
675 5251 761 5320 qui
789 5249 922 5303 nihil
946 5248 1011 5302 ad
1031 5247 1340 5317 depellenda
1365 5246 1595 5316 pericula
1617 5249 1946 5315 contulerat,
1970 5249 2039 5303 ob
2060 5249 2113 5302 id

541 5339 822 5412 indignari,
847 5339 986 5407 quod
1013 5353 1118 5392 non
1143 5339 1260 5406 plus
1286 5339 1457 5393 laudis
1487 5339 1734 5393 tulisset?
1756 5339 1886 5394 Nam
1915 5339 1958 5392 si
1985 5339 2114 5393 indi-

539 5431 805 5503 gnandum
825 5438 959 5492 erat,
988 5429 1237 5483 Davidem
1267 5430 1439 5497 potius
1459 5428 1807 5483 conveniebat
1826 5428 2111 5498 indignari,

540 5523 680 5594 quod
727 5536 847 5575 cum
893 5520 1040 5574 solus
1091 5529 1256 5574 totum
1295 5519 1572 5589 gessisset,
1622 5519 1847 5574 alterum
1892 5519 2112 5575 haberet

543 5612 714 5668 laudis
735 5610 1061 5680 participem.

610 5701 665 5753 ὗ.
702 5699 806 5756 Sed
837 5701 1023 5756 horum
1051 5698 1178 5754 nihil
1207 5697 1362 5755 dico:
1386 5714 1568 5756 verum
1591 5699 1721 5756 illud
1743 5701 1968 5758 dixerim
2006 5721 2018 5756 ;
2053 5713 2112 5758 ut

1269 313 1326 367 S.
1355 309 1630 368 JOANNIS
1665 303 2138 364 CHRYSOSTOMI
2175 303 2488 362 ARCHIEP.
2516 305 3044 367 CONSTANTINOP.

3660 325 3763 380 680

2203 416 2462 474 donemus
2487 435 2591 474 non
2619 432 2762 476 recte
2783 422 2968 478 fecisse
2989 425 3256 491 mulieres,
3279 442 3474 500 easque
3492 430 3654 489 fuisse
3669 439 3780 490 cri-

2201 509 2329 562 mini
2355 510 2631 574 obnoxias,
2676 521 2730 566 et
2757 515 3091 569 accusatione
3115 515 3322 585 dignas,
3369 520 3493 587 quid
3546 521 3662 579 haec
3707 527 3779 579 ad

2200 598 2487 653 Davidem?
2523 600 2704 670 Neque
2728 603 2868 656 enim
2901 605 3012 672 ipse
3040 617 3412 674 composuerat
3438 615 3734 669 cantionem
3757 651 3784 682 ,

2201 704 2372 758 neque
2388 689 2493 744 illis
2513 701 2772 759 suaserat,
2807 702 2864 747 ut
2893 694 3132 749 dicerent
3155 711 3272 766 quze
3301 698 3569 768 dicebant,
3602 719 3782 774 ireque

2200 779 2477 834 adamarat
2511 781 2659 835 illum
2697 782 3012 838 laudationis
3043 787 3277 842 modum.
3307 788 3535 846 Proinde
3563 794 3776 850 etiamsi

2201 870 2578 940 inngnandum
2606 882 2740 940 erat,
2765 876 3069 931 mulieribus
3093 881 3329 948 oportuit
3358 881 3636 953 indignari.
3667 903 3780 941 non

2202 960 2270 1016 de
2298 963 2456 1016 civile
2484 964 2832 1028 benemerito,
2864 976 2917 1021 et
2958 968 3174 1023 inﬁnitis
3221 969 3384 1041 digno
3413 977 3644 1028 comnis.
3702 981 3775 1032 At

2198 1053 2324 1112 Saﬁl
2352 1057 2562 1111 omissis
2584 1059 2691 1112 illis
2722 1059 2773 1113 in
2801 1059 2962 1113 David
2991 1062 3333 1117 irascebatur.
3357 1064 3474 1119 Jam
3495 1067 3538 1120 si
3564 1083 3622 1122 ea
3652 1069 3779 1123 lau-

2199 1147 2267 1202 de
2295 1148 2535 1204 sublatus
2559 1150 2645 1204 ille
2666 1151 2850 1204 beatus
2878 1150 3149 1206 invidisset
3178 1169 3354 1209 rerum
3374 1158 3608 1224 potienti,
3638 1158 3782 1215 fuis-

2199 1248 2383 1308 setque
2425 1239 2523 1308 ipsi
2548 1228 2983 1305 centumeliosus,
3027 1251 3082 1296 et
3108 1254 3424 1312 “pennatus
3451 1245 3633 1302 luisset
3658 1249 3780 1318 ejus

2200 1328 2518 1397 imperium,
2565 1329 2785 1384 forsitan
2831 1331 3004 1401 aliqua
3034 1331 3220 1386 luisset
3265 1335 3527 1390 invidendi
3566 1353 3723 1392 causa
3755 1351 3777 1395 :

2199 1425 2254 1472 at
2280 1420 2324 1473 si
2355 1419 2524 1474 lactus
2545 1418 2641 1474 fuit
2669 1419 2948 1476 humanior
2971 1437 3034 1477 ac
3059 1423 3348 1478 modestior
3369 1465 3386 1492 ,
3417 1427 3462 1480 si
3492 1428 3541 1481 in
3589 1429 3776 1482 subdi-

2201 1518 2374 1564 torum
2401 1511 2588 1566 ordine
2634 1527 2694 1566 se
2719 1513 3018 1580 continuit,
3072 1530 3191 1584 qua:
3230 1516 3441 1572 tandem
3480 1529 3593 1574 erat
3625 1521 3773 1590 justa

2199 1600 2414 1655 dolendi
2442 1616 2599 1656 causa
2621 1601 2647 1656 ?
2672 1601 2940 1672 Siquidem
2962 1619 3081 1658 cum
3110 1606 3156 1660 is
3177 1609 3264 1684 qui
3293 1609 3495 1664 honore
3519 1612 3771 1679 afﬁcitur,

2199 1693 2454 1748 attollitur
2470 1694 2722 1750 adversus
2739 1710 2858 1751 eum
2875 1711 2904 1750 a
2921 1712 3025 1768 quo
3047 1708 3324 1768 provectus
3343 1710 3444 1769 est,
3464 1718 3557 1757 nec
3578 1703 3774 1759 desinit

2199 1785 2254 1840 in
2270 1786 2406 1840 illius
2425 1794 2782 1856 contemptum
2801 1787 2999 1842 honore
3009 1790 3174 1853 abuti,
3198 1789 3353 1846 habet
3372 1793 3524 1846 dolor
3547 1796 3777 1849 nonnul-

2199 1877 2301 1932 lam
2318 1878 2707 1933 excusationem
2729 1897 2742 1932 :
2763 1888 3010 1934 cancrum
3028 1881 3114 1936 ubi
3139 1883 3369 1950 persistit
3387 1884 3438 1938 in
3463 1884 3778 1942 honorando

2201 1969 2346 2022 ilhnn
2370 2009 2386 2035 ,
2418 1978 2509 2023 aut
2533 1970 2710 2038 potius
2737 1970 2902 2039 magis
2929 1970 3255 2040 obsequitur,
3282 1973 3524 2043 ceditque
3564 1975 3616 2029 in
3649 1991 3772 2030 om-

2203 2061 2377 2125 nibus,
2403 2077 2557 2131 quem
2583 2070 2760 2130 postea
2785 2070 2956 2130 potest
2973 2060 3167 2117 habere
3193 2073 3508 2132 pratextum
3535 2066 3726 2120 ini-illia
3750 2068 3776 2120 ?

2272 2150 2394 2204 Non
2423 2149 2628 2217 effertur
2644 2151 2810 2205 David
2826 2152 2885 2205 ob
2909 2168 3198 2222 prosperum
3219 2155 3773 2224 successum—itaque

2201 2239 2406 2296 etiamsi
2451 2240 2578 2294 nihil
2605 2241 2748 2296 aliud
2785 2242 3034 2311 przeclare
3056 2251 3260 2312 gestum
3291 2243 3508 2311 fuisset,
3556 2246 3625 2300 ob
3665 2245 3771 2300 hoc

2202 2331 2372 2400 ipsum
2406 2341 2578 2385 tamen
2607 2331 2772 2401 magis
2796 2331 3240 2402 eratdiligendus,
3271 2334 3409 2402 quod
3430 2351 3547 2390 cum
3573 2345 3769 2389 tantam

2203 2431 2389 2476 nactus
2415 2431 2560 2476 esset
2581 2421 2915 2476 occasionem
2945 2422 3236 2491 occupandi
3262 2425 3429 2493 regni,
3482 2425 3771 2494 perstiterit

2203 2513 2255 2567 in
2283 2528 2376 2567 sua
2407 2512 2684 2567 modestia.
2713 2513 2896 2582 Neque
2940 2513 3081 2568 enim
3110 2530 3228 2584 qua:
3256 2515 3398 2584 prius
3445 2526 3592 2585 gesta
3639 2528 3767 2570 sunt

2204 2613 2427 2668 tantum,
2454 2618 2636 2658 verum
2666 2618 2764 2658 nec
2787 2619 2849 2658 ea
2875 2620 2994 2674 quae
3020 2617 3335 2676 consequuta
3361 2616 3503 2669 sunt.
3530 2610 3774 2676 superio-

2204 2693 2351 2748 ribus
2373 2693 2475 2748 illis
2499 2694 2666 2748 multo
2693 2695 3044 2764 praeclariora,
3069 2697 3386 2752 sustulerunt
3427 2697 3501 2750 illi
3529 2699 3762 2750 animos.

2203 2783 2331 2850 Quae
2361 2783 2570 2840 tandem
2602 2784 2728 2838 illa?
2752 2783 2902 2852 Erat,
2931 2786 3120 2856 inqut,
3149 2786 3302 2841 David
3324 2787 3534 2857 prudens
3557 2788 3611 2840 in
3647 2805 3762 2841 om-

2204 2872 2348 2927 nibus
2373 2874 2464 2927 viis
2483 2875 2609 2936 suis,
2629 2883 2674 2927 et
2703 2873 2949 2928 Dominus
2964 2877 3272 2946 omnipotens
3287 2886 3390 2930 erat
3416 2893 3525 2928 cum
3548 2893 3625 2943 eo,
3647 2879 3771 2930 uni-

2205 2983 2474 3036 versusque
2502 2965 2672 3020 Israel
2692 2976 2739 3021 et
2773 2966 2912 3019 Iuda
2940 2967 3175 3038 diligebat
3200 2967 3384 3034 David,
3404 2969 3649 3038 quoniam
3664 2971 3775 3039 ipse

2206 3058 2575 3128 ingrediebatur
2615 3067 2662 3112 et
2690 3057 3028 3128 egrediebatur
3067 3069 3183 3111 ante
3217 3068 3530 3127 conspectum
3571 3060 3770 3127 populi.

2207 3148 2276 3202 Et
2294 3149 2516 3203 Melchol
2533 3149 2642 3216 [ilia
2659 3149 2807 3215 Saﬁl,
2824 3157 2879 3203 et
2893 3149 3166 3203 universus
3185 3149 3340 3204 Israel
3359 3149 3592 3218 diligebat
3608 3150 3771 3201 illum.

2208 3240 2277 3295 Et
2297 3241 2517 3311 sapiebat
2533 3257 2690 3309 supra
2711 3257 2880 3295 omnes
2896 3257 3061 3294 servos
3085 3240 3236 3304 Saul;
3253 3249 3299 3294 et
3324 3239 3660 3294 honorabatur
3679 3257 3773 3292 no-

2208 3351 2320 3388 men
2341 3334 2478 3388 illius
2501 3332 2734 3404 valde(l.
2757 3333 2881 3403 Reg.
2901 3333 2987 3388 l8.
3009 3333 3188 3387 MJ6.
3207 3332 3297 3387 20.
3316 3331 3426 3402 30).
3449 3331 3513 3384 Et
3527 3330 3776 3384 Jonatltas

2208 3426 2344 3494 ﬁlius
2370 3425 2500 3479 Saiil
2527 3424 2762 3495 diligebat
2792 3423 2952 3477 David
2973 3424 3279 3478 vehementer
3306 3424 3384 3492 (l.
3412 3422 3535 3493 Reg.
3568 3423 3655 3476 l8.
3685 3421 3772 3489 9.).

2209 3516 2583 3571 Verumtamen
2611 3529 2731 3570 cum
2762 3515 3065 3571 universum
3092 3514 3344 3584 populum
3370 3528 3432 3568 ac
3460 3513 3596 3581 regis
3620 3511 3777 3564 lami-

2209 3607 2332 3661 liam
2379 3607 2479 3662 sibi
2512 3606 2844 3661 conciliatam
2873 3605 3111 3672 haberet,
3141 3620 3261 3661 cum
3306 3604 3498 3673 ubique
3532 3609 3582 3656 in
3624 3602 3779 3656 bellis

2209 3702 2464 3766 vinceret,
2490 3714 2587 3754 nec
2611 3713 2857 3768 umquam
2886 3697 3228 3752 frustraretur
3249 3711 3518 3760 successu,
3551 3710 3780 3763 cumque

2211 3806 2307 3862 pro
2350 3793 2487 3848 bene
2510 3791 2673 3862 gestis
2699 3789 2857 3845 rebus
2898 3789 3003 3843 illis
3055 3789 3210 3843 talem
3239 3797 3466 3859 gratiam
3496 3786 3779 3854 reciperet,

2211 3900 2315 3939 non
2342 3887 2511 3940 erexit
2529 3885 2811 3951 cervicem,
2841 3898 2938 3938 nec
2961 3898 3177 3952 regnum
3220 3881 3501 3945 aﬁ‘ectavit,
3536 3893 3631 3932 nec
3661 3878 3785 3931 ‘boo

2211 3985 2346 4032 stem
2370 3975 2514 4030 ultus
2541 3985 2644 4042 est,
2685 3976 2778 4031 sed
2805 3975 3171 4044 perseveravit
3195 3975 3246 4027 in
3279 3971 3676 4034 beanDClcndO,
3730 3981 3786 4024 et

2213 4067 2271 4121 in
2298 4065 2451 4120 bellis
2479 4080 2575 4135 pro
2601 4080 2724 4134 rege
2765 4065 2986 4119 feliciter
3010 4065 3274 4135 gerendis.
3299 4065 3426 4130 Quis
3455 4073 3536 4117 est
3565 4074 3667 4116 tam
3700 4061 3786 4116 el-

2213 4156 2410 4211 leratus
2438 4165 2492 4209 et
2519 4155 2768 4221 crudelis,
2800 4156 2883 4210 cui
2933 4155 3030 4209 ista
3074 4172 3177 4209 non
3210 4156 3401 4210 fut-rint
3445 4169 3785 4223 persisasura,

2213 4257 2272 4301 ut
2300 4247 2628 4301 inimicitiam
2653 4245 2978 4315 deponeret,
3024 4256 3079 4302 et
3122 4247 3372 4300 invidiam
3401 4245 3686 4314 abjiceret?
3716 4247 3792 4297 At

2213 4337 2486 4392 crudelem
2502 4339 2644 4390 illum
2671 4346 2727 4392 et
2753 4338 3095 4392 inhumanum
3124 4337 3248 4390 nihil
3277 4336 3463 4390 horum
3493 4335 3664 4397 ﬂexit;
3687 4335 3791 4388 sed

2213 4430 2279 4484 ad
2303 4430 2419 4484 lucc
2443 4430 2618 4484 omnia
2648 4443 2842 4495 caecus,
2866 4439 2920 4484 et
2948 4429 3157 4483 invidiae
3180 4429 3408 4494 deditus,
3449 4437 3669 4481 conatus
3703 4435 3794 4480 est

2215 4521 2362 4575 illum
2400 4535 2432 4575 e
2469 4519 2644 4574 medio
2674 4520 2896 4575 tollere:
2927 4530 2982 4575 et
3027 4521 3153 4590 quid
3197 4521 3419 4574 obsecro
3467 4518 3795 4572 facientem?

2216 4609 2236 4681 (
2267 4625 2386 4664 nam
2433 4610 2484 4664 id
2516 4611 2683 4680 majus
2706 4621 2788 4667 est
2815 4627 2878 4665 ac
2903 4612 3239 4681 stupendum,
3259 4611 3276 4679 )
3299 4620 3575 4665 canentem
3624 4611 3794 4663 citha-

2215 4719 2296 4768 ra,
2325 4714 2379 4759 et
2405 4704 2568 4773 ipsius
2595 4706 2851 4759 insaniam
2877 4705 3173 4760 sedentem.
3206 4703 3393 4767 David,
3426 4703 3612 4772 inquit,
3642 4705 3793 4772 psal-

2217 4795 2347 4848 lebat
2373 4811 2525 4848 manu
2546 4812 2640 4848 sua
2655 4797 2874 4864 quotidie
2893 4811 2913 4850 :
2933 4805 2978 4849 et
3005 4797 3150 4850 hasta
3172 4797 3223 4848 in
3244 4812 3394 4849 manu
3411 4793 3542 4849 Saitl
3562 4809 3652 4846 :ac
3676 4811 3795 4847 sus-

2217 4885 2328 4938 tulit
2374 4884 2506 4939 Saitl
2541 4885 2784 4949 lanceam,
2833 4887 3090 4956 dixitque,
3131 4885 3353 4956 Inﬁgam
3400 4886 3453 4938 in
3498 4884 3700 4949 David;
3750 4894 3801 4938 et

2219 4975 2330 5041 ﬁn‘t
2373 4975 2426 5026 in
2471 4975 2709 5043 parietem
2753 4990 2772 5028 :
2808 4986 2853 5029 et
2901 4976 3164 5029 declinauit
3207 4975 3375 5029 David
3415 4993 3447 5028 a
3501 4975 3629 5044 {acie
3679 4976 3800 5044 ejus

2218 5066 2293 5118 bis
2347 5064 2504 5134 (Ibid.
2551 5081 2595 5118 υ.
2645 5067 2756 5134 Η).
2794 5067 3044 5122 Potestne
3085 5067 3206 5122 huic
3242 5067 3452 5121 malitia:
3502 5067 3799 5137 quidquam

2217 5153 2472 5224 adjnngi?
2521 5154 2614 5209 Illa
2648 5154 2782 5211 forte
2828 5173 2945 5226 quae
2991 5166 3113 5226 post
3156 5158 3478 5226 subsequuta
3516 5169 3657 5211 sunt.
3689 5157 3799 5224 Qui

2219 5259 2388 5313 nuper
2418 5245 2600 5300 hOStcs
2625 5247 2892 5317 abegerat,
2925 5261 3021 5314 per
3046 5262 3203 5316 quem
3244 5249 3429 5304 civitas
3470 5250 3570 5304 sibi
3619 5247 3805 5307 fuerat

2218 5335 2447 5399 reddita,
2479 5337 2682 5390 cunctis
2716 5352 2810 5405 pro
2839 5337 3055 5391 victoria
3081 5339 3326 5392 victimas
3354 5340 3756 5394 immolantibus
3786 5360 3802 5396 :

2216 5425 2340 5481 Saﬁl
2373 5424 2666 5481 beneﬁcum
2714 5433 2769 5479 et
2804 5434 3158 5492 servatorem,
3181 5442 3244 5482 ac
3283 5428 3542 5484 bonorum
3583 5431 3800 5484 illorum

2216 5529 2487 5573 auctorem
2530 5527 2749 5572 conatus
2791 5526 2874 5571 est
2914 5518 3214 5574 interﬁcere
3243 5521 3554 5589 psallentem
3586 5537 3601 5572 :
3631 5537 3694 5575 ac
3725 5536 3803 5578 ne

2217 5606 2592 5662 beneﬁciorum
2614 5605 2824 5676 quidem
2863 5608 3118 5662 memoria
3148 5607 3410 5664 furentem
3439 5610 3584 5664 illum
3607 5625 3670 5664 ac
3695 5610 3801 5664 de-

2217 5700 2456 5755 lirantem
2487 5699 2738 5767 coercuit,
2769 5700 2861 5756 sed
2891 5701 3053 5757 semel
3084 5708 3138 5757 et
3158 5701 3236 5758 bis
3265 5704 3486 5760 torsitin
3517 5705 3659 5760 illum
3683 5704 3795 5761 lan-
3861 5739 3869 5750 ι
