4134 6214
426 340 530 396 679

419 457 520 524 τὴν
545 437 720 523 ψυχὴν
748 447 1022 503 ἐπιδοῦναι
1054 448 1152 517 τὴν
1187 444 1402 498 ἑαυτοῦ.
1440 445 1533 497 καὶ
1560 444 1698 515 ὐπέρ
1727 444 1825 512 τῆς
1860 441 2002 494 ὲκεί-

421 555 528 590 νων
584 533 854 603 ὠφελείας
885 534 964 592 εἰς
1003 529 1200 600 μέσους
1235 527 1472 596 πηδῆσαι
1509 527 1636 589 τοὺς
1688 525 1996 593 πολεμίους,

426 619 588 689 μηδὲν
619 616 884 686 μηδέποτε
937 614 1064 681 παρ’
1101 611 1279 663 αὐτῶν
1328 606 1385 662 εὖ
1426 608 1696 670 παθόντα;
1721 603 1865 676 Ἀρα
1900 607 2001 656 οὐκ

421 688 527 754 ἔδει
573 700 734 752 αὑτὸν
776 697 911 768 μετά
944 695 1112 748 ταῦτα
1144 693 1408 768 δεσπότην
1446 695 1570 758 ἐπιγ
1585 690 1871 760 ράφεσθαι,
1905 688 2000 740 καὶ

423 787 640 854 σωτῆρα
671 782 846 836 κοινὸν
881 781 977 848 τῆς
1017 778 1222 839 πόλεως
1267 761 1640 844 ἀνάγορεύειν,
1673 775 1763 826 τὸν
1811 773 1904 826 καὶ
1940 771 2000 822 τὸ

423 869 606 938 σχῆμα
652 865 752 934 τῆς
793 863 1082 933 βασιλείας,
1134 861 1228 912 καὶ
1274 860 1334 911 τὸ
1366 859 1474 911 τῶν
1518 859 1724 910 πόλεων
1768 856 1995 923 ἔδαφος,

423 953 514 1002 καί⁸
559 950 656 1019 τὴν
704 946 960 1000 ἁπάντων
1005 943 1148 1013 ξωὴν
1205 942 1340 1012 μετά
1378 943 1477 1014 τὴν
1523 941 1617 994 τοῦ
1657 939 1790 991 Θεού
1839 939 1997 1007 χάριν

421 1032 856 1101 διατηρήσαντα;
894 1027 1028 1080 Ποία
1065 1026 1174 1096 γὰρ
1200 1025 1404 1094 ταύτης
1444 1023 1762 1092 εὐεργεσίας
1799 1021 1997 1090 μείζων

423 1115 585 1184 ἑτέρα
619 1110 720 1182 ἧν;
752 1112 824 1165 Οὐ
857 1110 963 1180 γὰρ
995 1109 1070 1171 εἰς
1108 1109 1397 1177 χρήματα,
1437 1107 1558 1159 οὐδέ
1588 1107 1668 1168 είς
1711 1104 1863 1170 δόξαν
1905 1103 1998 1154 καὶ

419 1196 759 1253 δυναστείαν,
801 1192 914 1245 ἀλλ’
963 1192 1042 1252 είς
1091 1189 1260 1260 αὐτὴν
1309 1188 1473 1241 αὐτοῦ
1524 1187 1620 1256 τὴν
1668 1186 1844 1255 ψυχὴν
1900 1185 1997 1252 τὴν

421 1279 739 1348 εὐεργεσίαν
789 1275 1062 1336 κατέθετο,
1095 1274 1188 1327 καί
1236 1275 1294 1340 ἐξ
1325 1274 1500 1326 αὐτῶν
1545 1273 1705 1325 αὐτὸν
1739 1271 1998 1322 ἀνεκαλέ-

423 1374 596 1414 σατοα
638 1361 744 1413 τῶν
775 1359 868 1411 τοῦ
917 1357 1147 1410 Θανάτου
1196 1356 1400 1418 πυλῶν,
1450 1357 1542 1407 καί
1573 1357 1631 1406 τό
1679 1371 1741 1420 γε
1791 1353 1869 1415 εἰς
1905 1351 1997 1403 ἀν-

425 1444 639 1515 θρωπον
667 1436 820 1511 ἧκον,
857 1441 921 1492 δι’
953 1440 1158 1492 ἐκεῖνον
1193 1439 1286 1508 ἔζη
1326 1437 1511 1489 λοιπὸν
1539 1439 1567 1490 ό
1601 1435 1871 1505 βασιλεὺς,
1903 1435 1995 1486 καὶ

420 1525 658 1578 ἀπέλαυε
704 1525 800 1594 τῆς
852 1522 1044 1593 ἀρχῆς.
1093 1521 1246 1572 Τίσιν
1296 1516 1388 1573 οὐν
1441 1519 1600 1571 αὐτὸν
1641 1518 1774 1588 μετά
1826 1516 1995 1570 ταῦτα

419 1609 720 1677 ἡμείψατω
754 1607 815 1658 Εἰ
850 1606 946 1675 μὲν
972 1603 1080 1674 γὰρ
1111 1603 1242 1655 αὐτό
1274 1620 1356 1665 τις
1399 1604 1506 1654 τῶν
1555 1601 1995 1671 κατορθωμάτων

419 1689 516 1742 ἴδοι
541 1690 600 1741 τὸ
631 1687 875 1758 μέγεθος,
905 1686 1013 1737 οὐδ’
1040 1687 1089 1736 εί
1124 1686 1213 1737 τὸν
1255 1685 1516 1753 στέφανον
1551 1683 1658 1736 ἀπὸ
1687 1682 1786 1752 τῆς
1827 1681 1992 1734 αὐτοῦ

417 1772 595 1826 λαϐὼν
639 1771 880 1840 κεφαλῆς
913 1771 1006 1822 ὲπί
1047 1770 1145 1840 τὴν
1183 1769 1276 1821 τοῦ
1322 1767 1482 1820 Δαυῒδ
1526 1765 1740 1837 ἔθηκεν,
1783 1765 1994 1816 οὐδέπω

417 1856 516 1925 τὴν
555 1855 709 1918 ἀξίαν
750 1849 816 1924 ἦν
847 1852 1220 1914 ἀποδεδωκὼς,
1264 1851 1396 1904 ἀλλά
1445 1850 1506 1902 τὸ
1532 1844 1702 1902 ’πλέον
1739 1848 1985 1915 ὀφείλων.

432 1936 663 1998 Ἐκεῖνος
698 1936 794 2005 μὲν
825 1935 931 2004 γάρ
969 1935 1060 1987 καὶ
1092 1934 1232 2004 ζωὴν
1263 1932 1354 1986 καί
1387 1931 1658 2002 βασιλείαν
1689 1929 1837 1998 αὐτῷ
1863 1931 1990 1997 ἐχα-

419 2020 632 2089 ρίσατο·
663 2014 814 2080 οὗτος
845 2017 901 2069 δὲ
936 2016 1207 2085 βασιλείας
1236 2015 1384 2084 αὐτῷ
1422 2015 1770 2084 παραχωρεῖν
1800 2011 1991 2081 ἔμελλε

419 2099 604 2170 μόνης.
652 2099 798 2168 Πλὴν
830 2099 946 2153 ἀλλ’
991 2100 1185 2168 ἴδωμεν
1218 2097 1382 2150 αὐτοῦ
1409 2096 1508 2159 τὰς
1554 2094 1804 2164 ἀμοιϐάς.
1836 2095 1990 2155 Τίνες

415 2180 506 2236 οὖν
544 2181 682 2253 ἦσαν
711 2179 901 2249 αὑται;
930 2183 1006 2235 Δι’
1032 2183 1262 2248 ὑποψίας
1300 2178 1444 2250 εἶχεν
1474 2179 1634 2232 αὐτὸν
1664 2178 1868 2241 λοιπὸν,
1899 2178 1992 2228 καὶ

416 2267 750 2319 ὑπεϐλέπετο
787 2267 892 2318 ἀπὸ
935 2267 1034 2334 τῆς
1066 2265 1282 2335 ἡμέρας
1322 2264 1554 2332 ἐκείνης.
1586 2262 1741 2322 Τίνος
1782 2260 1988 2320 ἕνεκεν,

416 2351 510 2402 καὶ
541 2350 629 2402 διὰ
671 2350 756 2413 τίς
793 2350 1108 2417 Ἀναγκαῖον
1146 2350 1251 2417 γάρ
1301 2347 1392 2398 καὶ
1437 2345 1587 2416 [751]
1617 2344 1713 2412 τῆς
1757 2343 1990 2410 ὑποψίας

414 2436 511 2502 τὴν
545 2434 722 2486 αἰτίαν
753 2436 946 2496 εἰπεῖν.
977 2433 1144 2484 Οὐδὲν
1175 2434 1272 2500 μὲν
1301 2431 1428 2500 γὰρ,
1457 2430 1593 2497 ὅπερ
1630 2428 1694 2479 ἂν
1725 2428 1851 2496 είπῃ
1885 2444 1988 2489 τις,

416 2520 529 2587 ἐρεῖ
555 2517 780 2570 δίκαιον.
822 2516 965 2586 Πρὸς
993 2517 1103 2586 γὰρ
1137 2516 1228 2567 τὸν
1265 2516 1362 2583 τὴν
1399 2514 1574 2581 ψυχὴν
1606 2511 1988 2580 χαρισάμενον,

415 2603 507 2653 καὶ
557 2601 653 2672 τὴν
693 2602 834 2672 ζωὴν
881 2601 1282 2670 δωρησάμενον,
1330 2597 1456 2650 ποία
1491 2597 1708 2658 δικαίας
1755 2593 1989 2663 ὑποψίας

415 2685 683 2754 πρόφασις
717 2680 814 2754 ἦν;
859 2684 1006 2753 Πλὴν
1038 2683 1172 2735 ἀλλὰ.
1217 2682 1309 2734 καὶ
1355 2679 1519 2749 αὐτὴν
1549 2678 1646 2748 τὴν
1682 2678 1859 2730 αἰτίαν
1890 2678 1988 2746 τῆς

415 2767 609 2837 ἔχθρας
657 2768 874 2838 ἴδωμεν,
922 2767 1008 2819 ἵνα
1044 2766 1271 2836 μάθητε,
1316 2765 1396 2816 ὃτι
1433 2765 1525 2816 καὶ
1569 2763 1666 2832 τῆς
1700 2762 1854 2831 νίκης
1889 2761 1990 2813 οὐκ

413 2853 629 2904 ἔλαττον
669 2854 761 2904 καὶ
787 2852 874 2904 διά
895 2851 1067 2903 ταῦτα
1092 2850 1351 2917 τιμᾶσθαι
1385 2848 1592 2909 δίκαιος
1624 2843 1713 2915 ἦν,
1748 2845 1815 2896 δι’
1847 2847 1989 2915 άπερ

413 2935 762 2989 ὑπωπτεύετο
802 2934 895 2988 καὶ
937 2931 1320 2985 ἐπεϐουλεύετο
1357 2930 1494 3000 μετά
1527 2928 1713 2981 ταῦτα,
1761 2929 1854 2990 Τίς
1896 2925 1988 2981 οὖν

412 3021 446 3088 ἡ
495 3019 640 3071 αἰτία
685 3018 781 3086 τῆς
812 3016 1042 3085 ὑποψίας
1069 3012 1168 3086 ἧνς
1203 3013 1421 3083 Ἐπειδὴ
1454 3013 1546 3064 τοῦ
1587 3012 1859 3083 βαρϐάρου
1890 3013 1988 3082 τὴν

412 3101 649 3172 κεφαλὴν
676 3101 855 3163 ἔλαϐε,
885 3102 976 3154 καὶ
1007 3100 1076 3152 τά
1106 3099 1321 3169 λάφυρα
1354 3097 1489 3167 έχων
1513 3097 1755 3167 ἐπανῄει,
1784 3096 1990 3164 Ἐξῆλ-

411 3189 518 3239 θον
554 3187 613 3238 αἱ
643 3186 1019 3253 χορεύουσαι,
1049 3183 1232 3253 φησὶν,
1263 3181 1513 3247 ᾄδουσαι
1543 3179 1640 3232 καί
1670 3179 1983 3248 λέγουσαι·

424 3267 708 3332 Ἑπάτιιξε
737 3267 934 3321 Σαοὺλ
960 3266 1028 3318 ἐν
1058 3264 1326 3334 χιλιάσιν
1351 3263 1558 3327 αὐτοῦ,
1589 3263 1686 3315 καὶ
1712 3263 1891 3316 Δαυῒδ
1920 3263 1989 3316 ἐν

404 3351 698 3420 μυριάσιν
752 3351 959 3404 αὑτοῦ.
1013 3348 1121 3402 Καὶ
1171 3347 1428 3415 ὠργίσθη
1477 3345 1709 3408 Σαοὺλ,
1761 3345 1855 3401 καὶ
1910 3340 1988 3414 ἦν

409 3435 893 3503 ὺποϐλεπόμενος
929 3433 1036 3486 τόν
1075 3430 1255 3484 Δαυῒὸ
1286 3431 1405 3484 ἀπὸ
1439 3427 1549 3496 τῆς
1580 3429 1802 3496 ἡμέρας
1837 3429 1987 3482 ἐκεί-

408 3537 523 3588 νης
556 3521 650 3574 καὶ
678 3521 973 3574 ἐπέκεινα.
1000 3518 1154 3580 Τίνος
1183 3517 1389 3578 ἕνεκεν,
1419 3516 1541 3568 εἰπέ
1583 3532 1702 3585 μοι;
1737 3516 1986 3569 Μάλιστα

413 3603 509 3671 μὲν
540 3603 666 3671 γὰρ,
700 3605 746 3654 εί
782 3604 873 3654 καὶ
916 3601 1119 3660 ἀδίκως
1170 3599 1338 3651 ταῦτα
1385 3599 1620 3664 ἐλέγετο,
1650 3599 1768 3649 οὐδὲ
1815 3597 1986 3662 οὕτως

411 3685 547 3752 πρὸς
589 3683 748 3736 αὐτὸν
797 3682 1046 3752 ἀπεχθῶς
1090 3681 1395 3747 διατεθῆναι
1447 3680 1571 3741 ἔδει,
1603 3679 1715 3730 ἀλλ’
1743 3679 1850 3730 ἀπὸ
1881 3679 1986 3730 τῶν

411 3765 789 3833 γεγενημένων
842 3764 941 3834 τὴν
989 3762 1200 3815 εὔνοιαν
1246 3761 1410 3814 αὐτοῦ
1465 3760 1731 3830 μαθόντα,
1778 3761 1872 3812 καὶ
1904 3761 1986 3812 ὅτι

415 3847 636 3916 μηδενὸς
665 3847 1083 3914 ἀναγκάζοντος,
1130 3845 1264 3914 μηδέ
1307 3843 1646 3914 βιαζομένου,
1683 3843 1740 3909 ἐξ
1780 3843 1987 3906 οἰκείας

411 3930 622 3992 εὐνοίας
668 3929 917 3982 τοσοῦτον
962 3929 1219 3999 ὑπέμεινε
1274 3927 1538 3985 κίνδυνον.
1593 3928 1756 3997 μηδὲν
1789 3927 1985 3997 μηκέτι

411 4012 595 4065 λοιπὸν
631 4012 954 4066 ὑποπτεύειν
985 4013 1112 4083 περί
1147 4010 1311 4064 αὐτοῦ
1344 4011 1598 4081 πονηρόν.
1640 4011 1776 4063 Νυνὶ
1805 4011 1861 4062 δὲ
1895 4013 1987 4063 καὶ

407 4097 470 4149 τὸ
499 4097 705 4150 δίκαιον
744 4093 882 4165 εἶχον
919 4097 973 4148 αἰ
1006 4093 1302 4164 εὐφημίαι·
1338 4095 1431 4148 καὶ
1460 4095 1506 4146 εἰ
1540 4095 1643 4165 χρή
1680 4112 1730 4146 τι
1771 4093 1985 4162 θαυμα-

411 4181 535 4233 στὸν
557 4182 748 4244 εἰπεῖν,
777 4179 852 4249 τῷ
879 4179 1049 4230 Σαοὺλ
1074 4178 1393 4246 ἐχαρίσαντο
1425 4177 1640 4245 μᾶλλον,
1666 4177 1698 4245 ἢ
1721 4176 1798 4246 τῷ
1826 4176 1986 4229 Δαυῖδ

409 4264 581 4317 ταῦτα
612 4264 895 4332 λέγουσαι·
941 4266 1034 4316 καὶ
1079 4263 1298 4332 ἀγαπᾷν
1336 4261 1496 4314 αὐτὸν
1536 4262 1721 4331 ἐχρῆν,
1763 4261 1844 4313 ὅτι
1889 4258 1986 4322 τὰς

411 4349 656 4418 χιλιάδας
687 4347 815 4417 γοῦν
850 4348 1054 4400 ἔδωκαν
1099 4346 1267 4416 αὐτῷ.
1311 4347 1377 4398 Τί
1421 4341 1514 4398 οὖν
1552 4347 1870 4412 ἀγανακτεῖ,
1902 4345 1982 4396 ὅτι

364 4491 376 4502 _
411 4432 614 4485 ἔδωκαν
649 4432 745 4494 τὰς
776 4431 1036 4502 μυριάδας
1071 4431 1294 4498 ἐκείνῳ;
1328 4430 1388 4481 Εἰ
1415 4429 1512 4498 μὲν
1537 4428 1642 4498 γάρ
1669 4423 1736 4497 ἦν
1764 4443 1816 4478 τι
1860 4443 1986 4478 συν-

409 4516 631 4578 τελέσας
662 4519 740 4578 είς
764 4515 852 4568 τὸν
899 4515 1150 4583 πόλεμον,
1179 4514 1270 4564 καί
1310 4512 1508 4582 μικρὰν
1555 4510 1687 4579 γοῦν
1714 4527 1835 4562 τινα
1866 4512 1980 4578 μοῖ-

412 4619 508 4672 ραν
544 4599 887 4668 εἰσενεγκὼν,
937 4599 1114 4660 καλῶς
1158 4597 1332 4650 ταῦτα
1379 4597 1613 4664 ἐλέγετο,
1651 4597 1732 4648 ὅτι
1780 4595 1981 4648 Σαοὺλ

408 4686 477 4738 ὲν
518 4684 766 4754 χιλιάσι,
809 4682 908 4736 καὶ
947 4682 1122 4735 Δαυῒδ
1161 4683 1228 4734 ἐν
1272 4679 1578 4750 μυριάσιν.
1625 4681 1688 4731 Εἰ
1721 4681 1778 4732 δὲ
1819 4679 1985 4741 αὐτὸς
2024 4714 2028 4718 -

414 4768 511 4837 μὲν
549 4765 798 4828 δεδοικὼς
828 4767 920 4818 καὶ
965 4765 1183 4833 τρέμων
1227 4763 1372 4815 ἔνδον
1409 4762 1661 4831 ἐκάθητο,
1701 4762 1821 4814 καθ’
1851 4761 1981 4813 ἐκά-

414 4869 542 4922 στην
583 4852 798 4922 ἡμέραν
837 4846 1222 4903 ἀποθανεῖσθαι
1257 4845 1593 4918 προσδοκῶν,
1637 4842 1788 4911 οὗτος
1820 4846 1876 4899 δὲ
1924 4847 1983 4899 τὸ

412 4935 518 4985 πᾶν
559 4936 871 5005 εἰργάσατο,
909 4931 1025 4993 πῶς
1066 4931 1164 4982 οὐκ
1198 4931 1395 4983 ἄτοπον
1435 4924 1523 4998 ἦν,
1563 4930 1653 4981 τὸν
1695 4931 1860 5001 μηδὲν
1904 4933 2007 4994 εἰς,

411 5017 534 5075 τοὺς
577 5016 852 5079 κινδύνους
881 5015 1118 5076 ἐκείνους
1148 5011 1588 5081 συμϐαλλόμενον
1629 5015 1979 5080 ἀγανακτεῖν,

412 5098 490 5150 ὅτι
533 5098 606 5169 μὴ
636 5099 696 5149 τὸ
727 5099 884 5150 πλέον
919 5099 1016 5168 τῆς
1046 5095 1319 5166 εὐφημίας
1353 5094 1574 5160 ἐλαϐεν;
1616 5097 1677 5148 Εἰ
1710 5096 1816 5166 γὰρ
1848 5099 1984 5164 ἀγα-

412 5185 626 5234 νακτεῖν
654 5181 839 5250 ἐχρῆν,
865 5181 956 5234 τὸν
985 5179 1146 5233 Δαυῖδ
1168 5180 1496 5246 ἀγανακτεῖν
1525 5177 1652 5241 ἔδει,
1681 5180 1760 5232 ὅτι
1785 5181 1842 5232 τὸ
1873 5184 1981 5234 πᾶν

411 5265 570 5327 αὐτὸς
623 5262 1003 5334 κατορθώσας,
1057 5263 1316 5335 μεριστὴν
1347 5263 1533 5332 ἕτερον
1582 5262 1707 5333 ἔσχε
1747 5266 1842 5336 τῆς
1887 5267 1979 5319 εὐ-

413 5349 642 5418 φημίας.

483 5438 549 5499 γ’.
583 5431 727 5499 Πλὴν
755 5429 868 5483 ἀλλ’
888 5428 1036 5481 οὐδὲν
1062 5429 1268 5482 τούτων
1298 5428 1460 5496 λέγω,
1482 5429 1594 5482 ἀλλ’
1623 5433 1798 5483 ἐκεῖνο
1816 5432 1880 5485 ἂν
1901 5435 1979 5485 εί·-

412 5532 600 5586 ποιμι·
643 5516 782 5568 ἔστω
815 5513 997 5576 κακῶς
1032 5513 1387 5583 πεποιηκέναι
1432 5515 1530 5579 τὰς
1567 5518 1851 5584 γυναῖκας,
1886 5519 1980 5571 καὶ

478 5745 504 5774 ⁸
527 5743 668 5808 ΒρεῘὶ
687 5744 782 5793 duo
805 5743 1076 5794 ἀνεκάλεσε.

1428 330 1514 383 DE
1555 328 1809 384 DAVIDE
1842 327 1927 381 ET
1974 326 2200 383 SAULE
2240 328 2526 384 ιιοιιιωλ
2573 327 2614 381 Ι.

3581 323 3689 378 680

2111 442 2474 512 ἐγκλημάτων
2511 442 2667 508 ἀξίας
2710 435 2850 494 εἶναι
2896 439 2990 492 καὶ
3022 437 3383 508 κατηγορίας·
3430 436 3483 490 τί
3521 438 3692 495 ταῦτα
3760 492 3763 494 .

2109 525 2240 594 πρὸς
2269 525 2360 576 τὸν
2391 526 2585 587 Δαυῒδ;
2615 526 2688 577 Οὐ
2719 525 2826 594 γὰρ
2853 523 2916 592 δὴ
2949 522 3018 574 τά
3047 522 3266 592 ᾄσματα
3285 521 3444 584 αὐτὸς
3469 523 3691 592 συνέθη-

2108 625 2221 668 κεν,
2247 609 2367 660 οὐδέ
2412 608 2625 670 ἐκείνας
2655 609 2835 674 λέγειν
2874 607 3017 676 διπερ
3051 605 3233 672 ἔλεγον
3278 604 3438 666 αὐτὸς
3469 605 3688 658 ἀνέπει-

2111 705 2222 751 σεν,
2265 691 2384 742 οὐδέ
2434 691 2801 742 κατεσκεύασε
2842 689 3027 741 τοῦτον
3063 689 3152 739 τὸν
3202 688 3398 756 τρόπον
3435 687 3690 754 γενέσθαι

2107 773 2204 842 τῆς
2238 774 2530 842 εὐφημίας.
2561 775 2724 824 ’Ὥστε
2772 775 2819 825 εἰ
2866 775 2959 826 καὶ
3001 772 3330 838 ἀγανακτεῖν
3376 770 3502 826 ἔδει.
3544 772 3689 821 ἐκεί-

2105 871 2224 916 ναις
2277 856 2450 925 ἐχρῆν
2500 857 2850 924 ἀγανακτεῖν,
2898 855 2957 906 οὐ
3009 853 3087 923 τῷ
3137 852 3299 923 κοινῴ
3346 852 3444 921 τῆς
3477 851 3688 914 πόλεως

2106 945 2391 1016 εὐεργέτῃ,
2422 948 2515 998 καὶ
2553 947 2760 1016 μυρίων
2799 947 3078 1014 στεφάνων
3109 946 3261 1014 ἀξίῳ,
3299 946 3357 998 Ὀ
3389 945 3443 997 δὲ
3478 946 3690 1006 ἐκείνας

2105 1028 2285 1095 ἀφεὶς,
2312 1029 2404 1081 ἐπὶ
2444 1028 2632 1080 τοῦτον
2667 1029 2771 1098 ᾔει.
2806 1031 2915 1081 Καὶ
2945 1030 2992 1079 εἰ
3026 1027 3123 1098 μὲν
3159 1028 3264 1080 ἀπὸ
3292 1028 3389 1096 τῆς
3416 1026 3689 1096 εὐφημίας

2105 1111 2320 1180 ἐκείνης
2353 1111 2612 1180 ἐπαρθεὶς
2657 1113 2684 1162 ὁ
2722 1111 2986 1180 μακάριος
3029 1109 3238 1178 ἐφθόνει
3280 1108 3356 1179 τῷ
3401 1109 3686 1179 κρατοῦντι

2105 1195 2199 1246 καὶ
2249 1193 2470 1263 ὕϐριζεν
2524 1197 2602 1256 εἰς
2656 1194 2840 1254 αὐτὸν,
2893 1195 2984 1246 καί
3036 1193 3320 1246 διέπτυσεν
3375 1192 3538 1245 αὐτοῦ
3589 1191 3685 1260 τὴν

2106 1276 2419 1343 βασιλείαν,
2471 1276 2612 1344 τάχα
2654 1271 2768 1344 εἶχέ
2822 1293 2943 1328 τινα
2999 1277 3152 1342 λόγον
3192 1278 3219 1327 ὁ
3265 1276 3487 1344 φθόνος·
3535 1276 3580 1327 εί
3628 1274 3684 1325 δὲ

2103 1358 2506 1427 ἐπιεικέστερος
2559 1360 2765 1425 ἐγίνετο
2795 1359 2888 1412 καὶ
2926 1359 3242 1428 πραότερος,
3294 1359 3386 1411 καὶ
3435 1357 3532 1427 τὴν
3577 1357 3684 1408 τῶν

2102 1441 2416 1510 ἀρχομένων
2443 1441 2600 1510 ἔμενε
2635 1441 2907 1514 διατηρῶν
2934 1443 3106 1506 τάξιν,
3137 1441 3293 1493 ποίαν
3327 1437 3438 1509 εἶχε
3467 1439 3684 1491 δικαίαν

2103 1524 2369 1590 πρόφασιν
2404 1526 2436 1594 ἡ
2472 1524 2648 1594 λύπης
2677 1525 2847 1577 Ὅταν
2886 1525 2984 1594 μὲν
3010 1524 3118 1595 γὰρ
3144 1526 3170 1576 ὁ
3199 1523 3502 1593 τιμώμενος
3537 1521 3683 1574 ἐπαί-

2106 1623 2262 1675 ρηται
2291 1606 2430 1659 κατά
2456 1607 2548 1658 τοῦ
2581 1606 3176 1678 παρευδοκιμουμένου,
3201 1606 3290 1658 καὶ
3321 1605 3532 1674 διατελῇ
3562 1607 3682 1666 ταῖς

2100 1691 2284 1757 τιμαῖς
2318 1691 2394 1750 είς
2429 1689 2584 1758 ὓϐριν
2623 1689 2960 1759 κεχρημένος
2989 1688 3219 1751 ἐκείνου,
3251 1687 3515 1756 λαμϐάνει
3559 1686 3683 1738 τινὰ

2099 1771 2353 1842 ἀφορμὴν
2395 1771 2453 1824 τὸ
2484 1772 2684 1834 πάθος·
2714 1772 2839 1824 ὅταν
2870 1771 2923 1822 δὲ
2981 1771 3115 1842 μένῃ
3164 1770 3356 1840 τιμῶν,
3396 1769 3592 1838 μᾶλλον
3624 1769 3680 1820 δὲ

2100 1852 2418 1922 θεραπεύων
2450 1853 2728 1922 μειζόνως,
2758 1853 2908 1923 [752]
2933 1855 3025 1906 καὶ
3049 1856 3210 1905 εἴκων
3229 1855 3284 1906 ἐν
3307 1853 3500 1914 ἅπασι,
3519 1852 3680 1910 ποίαν

2099 1933 2166 1987 ἂν
2192 1934 2302 2003 ἔχοι
2339 1935 2606 2006 πρόφασιν
2635 1937 2667 2004 ἡ
2700 1935 2960 2004 βασκανία
2992 1935 3213 1999 λοιπόν;

2171 2017 2330 2069 Ὥστε
2368 2019 2416 2070 εἰ
2462 2017 2558 2069 καί¹
2601 2017 2767 2086 μηδὲν
2805 2017 2952 2087 αὐτῷ
3007 2016 3366 2089 κατώρθωται
3397 2017 3426 2056 ι)
3471 2016 3676 2089 ἕτερον,

2096 2099 2164 2152 δι’
2209 2100 2341 2152 αὐτὸ
2384 2098 2541 2152 τοῦτο
2597 2099 2859 2170 μειζόνως
2906 2100 3068 2153 αὐτὸν
3124 2102 3345 2169 ἀγαπᾷν
3405 2099 3545 2158 ἔδει,
3597 2099 3678 2151 ὅτι

2097 2183 2364 2253 τοσαύτην
2399 2183 2652 2252 ἀφορμὴν
2687 2183 2866 2236 λαϐὼν
2910 2183 3045 2253 πρὸς
3074 2182 3382 2253 τυραννίδος
3416 2181 3675 2241 ἐπίθεσιν,

2099 2265 2257 2333 ἔμενε
2306 2266 2404 2336 τὴν
2457 2264 2606 2334 αὐτῷ
2678 2266 2994 2336 πρέπουσαν
3051 2263 3345 2317 ἐπιείκειαν
3389 2262 3674 2332 διατηρῶν.

2098 2347 2231 2400 Οὑδέ
2272 2348 2381 2416 γὰρ
2406 2347 2468 2418 δὴ
2511 2347 2669 2418 μόνον
2705 2348 2772 2400 τά
2817 2348 3090 2417 πρότερα,
3124 2347 3238 2399 ἀλλ’
3277 2346 3396 2398 οὐδὲ
3426 2345 3493 2397 τά
3540 2344 3678 2412 μετὰ

2100 2430 2272 2484 ταῦτα
2323 2430 2499 2500 πολλῷ
2542 2432 2761 2500 μείζονα
2808 2431 2936 2482 ὄντα
2969 2431 3177 2501 ἐπῆρεν
3220 2429 3398 2482 αὐτόν.
3445 2429 3576 2480 Ποῖα
3613 2426 3675 2496 δὴ

2101 2513 2298 2578 ταύτα;
2323 2510 2434 2567 Ἦν
2473 2513 2654 2566 Δαυῒδ
2693 2511 2945 2574 συνιὼν,
2983 2514 3167 2581 φησὶν,
3194 2512 3264 2564 ἐν
3293 2509 3513 2573 πάσαις
3550 2508 3678 2574 ταῖς

2096 2595 2260 2659 ὁδοῖς
2298 2596 2504 2658 αὐτοῦ,
2541 2597 2637 2648 καὶ
2680 2597 2896 2662 Κύριος
2944 2593 3362 2660 παντοκράτωρ
3401 2590 3527 2660 μετ’
3569 2593 3675 2644 ai!-

2095 2677 2222 2736 τοῦ.
2268 2677 2365 2730 καὶ
2407 2675 2526 2741 πᾶς
2578 2677 2816 2744 Ἰσραὴλ
2865 2677 2960 2730 καὶ
3010 2676 3230 2742 Ἰούδας
3276 2673 3525 2743 ἠγάπων
3574 2673 3678 2727 τὸν

2095 2759 2295 2823 Δαυῒὸ,
2330 2759 2417 2813 ὅτι
2465 2760 2648 2824 αὐτὸς
2697 2759 3084 2826 ἐξεπορεύετο
3137 2758 3230 2811 καί
3267 2756 3678 2822 εἰσεπορεύετο
3749 2785 3757 2793 -

2095 2841 2207 2908 πρὸ
2237 2842 2560 2908 προσώπου
2591 2843 2695 2895 τοῦ
2718 2843 2891 2897 λαοῦ.
2919 2843 3025 2896 Καὶ
3063 2840 3318 2909 Malsz
3353 2841 3388 2906 ἠ
3417 2837 3677 2906 θυγάτηρ

2095 2923 2293 2978 Σαοὺλ
2324 2927 2417 2977 καὶ
2448 2927 2555 2988 πᾶς
2594 2926 2811 2996 Ἰσραὴλ
2842 2925 3041 2992 ἠγάπα
3068 2925 3271 2977 αὐτόν.
3304 2922 3409 2976 Καὶ
3443 2922 3678 2988 συνῆκε

2096 3009 2230 3072 παρ’
2255 3007 2520 3074 ἅπαντας
2552 3008 2693 3073 τοὺς
2732 3007 2992 3072 δούλους
3031 3007 3254 3060 Σαούλ·
3301 3006 3395 3057 καὶ
3430 3004 3674 3072 ἐτιμήθη

2095 3090 2162 3142 τὸ
2190 3090 2376 3158 ὄνομα
2399 3091 2583 3144 αὑτοῦ
2607 3090 2861 3159 σφόδρα.
2889 3090 2996 3144 Καὶ
3025 3091 3294 3142 Ἰωνάθαν
3320 3088 3450 3153 υἱὸς
3477 3085 3676 3140 Σαοὺλ

2094 3172 2297 3241 ἠγάπα
2347 3173 2455 3226 τὸν
2497 3173 2676 3226 Δαινῒδ
2712 3173 2965 3242 σφόδρα.
3009 3173 3149 3225 Ἀλλ’
3179 3172 3329 3241 ὅμως
3366 3171 3456 3222 τὸν
3504 3169 3675 3238 δῆμον

2095 3255 2310 3310 ἅπαντα
2344 3259 2438 3310 καὶ
2459 3258 2559 3327 τὴν
2593 3256 2767 3309 οἰκίαν
2795 3257 2888 3308 τού
2933 3255 3199 3325 βασιλέως
3227 3253 3672 3322 οἰκειωσάμενος,

2095 3339 2188 3391 καὶ
2219 3339 2437 3408 κρατῶν
2468 3342 2524 3392 ἐν
2547 3343 2659 3402 τοῖς
2690 3339 2954 3408 πολέμοις
2987 3336 3282 3406 πανταχοῦ,
3319 3336 3414 3388 καὶ
3439 3332 3673 3403 οὐδαμοῦ

2093 3422 2493 3493 διαμαρτάνων,
2547 3423 2638 3476 καὶ
2683 3421 2936 3484 τοιαύτας
2999 3423 3120 3474 ἀντὶ
3178 3419 3288 3472 τῶν
3347 3417 3675 3489 εὐεργεσιῶν

2095 3506 2315 3558 ἐκείνων
2340 3505 2625 3558 ἀπολαϐὼν
2659 3506 2758 3568 τὰς
2794 3504 3049 3570 ἀμοιϐάς,
3076 3504 3174 3556 οὐκ
3203 3502 3672 3571 ἐξετραχηλίζετο,

2093 3587 2213 3640 οὐδὲ
2264 3588 2525 3657 ἐπεθύμει
2575 3590 2673 3659 τῆς
2729 3588 3035 3657 βασιλείας,
3085 3588 3204 3639 οὐδέ
3273 3586 3518 3653 ἠμύνατο
3582 3584 3673 3635 τὸν

2094 3669 2307 3739 ἐχθρὸν,
2339 3671 2454 3722 ἀλλ’
2481 3670 2670 3740 ἔμενεν
2703 3670 3026 3739 εὐεργετῶν.
3063 3670 3156 3720 καὶ
3186 3669 3312 3729 τούς
3337 3666 3474 3734 ὑπὲρ
3509 3663 3672 3716 αὐτοῦ

2095 3752 2362 3820 πολέμους
2404 3752 2703 3820 κατορθῶν.
2733 3751 2863 3802 Τίνα
2905 3751 3004 3802 οὐκ
3043 3750 3109 3801 ἂν
3156 3749 3339 3802 ἔπεισε
3368 3746 3538 3799 ταῦτα
3583 3748 3674 3798 ὲκ-

2093 3833 2493 3903 τεθηριωμένον
2517 3833 2609 3884 καὶ
2639 3834 2827 3902 ἄγριον
2855 3829 3185 3884 καταθέσθαι
3214 3831 3310 3897 τὴν
3329 3828 3548 3898 ἔχθραν,
3580 3828 3673 3880 καὶ

2094 3916 2470 3985 ἀπαλλαγῆναι
2506 3916 2604 3984 τῆς
2640 3914 2966 3983 βασκανίας;
3014 3913 3174 3964 Ἀλλά
3213 3911 3302 3962 τὸν
3331 3911 3481 3980 ὠμὸν
3531 3912 3673 3963 ἐκεῖ-

2094 4015 2182 4052 νον
2231 3999 2326 4050 καὶ
2375 3998 2737 4064 ἀπάνθρωπον
2795 3997 2946 4049 οὐδὲν
2995 3995 3198 4048 τούτων
3250 3996 3490 4048 ἔπεισεν·
3538 3995 3672 4048 ἀλλά

2095 4083 2230 4151 πρὸς
2263 4084 2473 4136 ἅπαντα
2490 4081 2916 4149 ἀποτυφλωθείς,
2946 4081 3036 4134 καὶ
3065 4084 3122 4152 τῇ
3159 4081 3424 4150 βασκανίᾳ
3447 4080 3545 4149 τὴν
3574 4079 3673 4147 ψυ-

2094 4165 2191 4235 χὴν
2216 4167 2452 4228 ἐπιδοὺς,
2495 4165 2700 4218 ἀνελεῖν
2725 4165 2884 4218 αὐτὸν
2910 4167 3198 4234 ἐπιχειρεῖ·
3221 4166 3312 4217 καὶ
3335 4165 3386 4217 τί
3418 4164 3673 4216 ποιοῦντα

2095 4249 2272 4317 (τοῦτο
2317 4251 2425 4320 γάρ
2464 4251 2579 4301 ἐστι
2628 4250 2687 4301 τὸ
2731 4251 2912 4319 μεῖζον
2957 4251 3048 4302 καί⁵
3100 4250 3481 4320 θαυμαστόν);
3531 4249 3668 4318 ψάλ-

2093 4333 2250 4386 λοντα
2285 4335 2378 4386 καὶ
2415 4335 2846 4386 καταστέλλοντα
2888 4333 3053 4388 αὑτοῦ
3091 4335 3189 4404 τὴν
3232 4335 3443 4405 μανίαν.
3493 4334 3672 4387 Δαυῒδ

2091 4416 2324 4484 ἔψαλλε
2361 4416 2435 4486 τῇ
2477 4417 2626 4486 χειρὶ
2665 4417 2872 4482 αὐτοῦ,
2921 4419 3102 4487 φησὶν,
3139 4419 3219 4481 ὡς
3256 4419 3383 4470 καθ’
3406 4417 3671 4484 ἑκάστην

2091 4501 2346 4568 ἡμέραν·
2390 4502 2486 4554 καὶ
2530 4501 2595 4552 τὸ
2642 4501 2784 4566 δόρυ
2836 4502 2904 4554 ἐν
2945 4501 3020 4569 τῇ
3079 4501 3226 4568 χειρί
3280 4503 3512 4558 Σαούλ·
3568 4501 3667 4554 καὶ

2090 4579 2195 4652 ἦρε
2227 4584 2424 4637 Σαοὺλ
2456 4585 2522 4636 τὸ
2553 4585 2718 4652 δόρυ,
2760 4585 2857 4638 καὶ
2882 4583 3011 4639 εἷπε
3031 4603 3042 4615 ·
3075 4586 3322 4649 Πατάξω
3350 4587 3419 4638 ἐν
3448 4586 3628 4640 Δαυΐδ
3651 4604 3665 4619 ·

2091 4671 2190 4724 κ(ιί
2223 4672 2520 4736 ἐπάταξεν
2559 4674 2628 4726 ἐν
2663 4673 2743 4738 τῷ
2779 4675 2956 4741 τοίχῳ
2977 4691 2989 4703 ·
3041 4675 3138 4727 καὶ
3171 4674 3443 4738 ἐξέκλινε
3490 4675 3670 4728 Δαυῒδ

2091 4759 2207 4814 ἀπὸ
2237 4761 2559 4830 προσώπου
2594 4761 2780 4813 αὑτοῦ
2815 4761 2928 4826 δίς.
2960 4757 3102 4830 ’Ᾱρα
3143 4760 3208 4812 ἂν
3241 4761 3351 4830 ἔχοι
3385 4779 3468 4823 τις
3496 4763 3667 4813 εἰπεῖν

2095 4847 2314 4918 μείζονα
2340 4848 2543 4900 τούτων
2580 4848 2842 4918 πονηρίας
2871 4849 3254 4919 ὑπερϐολήνο;
3297 4849 3437 4914 Ἀρα
3474 4847 3530 4899 δὲ
3572 4848 3666 4899 καὶ

2089 4935 2156 4987 τὰ
2207 4934 2342 5005 μετά
2371 4934 2563 4986 ταῦτα.
2609 4936 2765 5005 Ἀρτι
2805 4935 2912 4988 τῶν
2949 4935 3219 5005 πολεμίων
3266 4933 3664 4997 ἀπελαθέντων,

2092 5022 2186 5074 καὶ
2220 5020 2320 5089 τῆς
2354 5020 2559 5082 πόλεως
2593 5021 2788 5092 ἐαυτὴν
2813 5021 3284 5092 ἀνακτησαμένης,
3318 5021 3411 5072 καὶ
3449 5021 3665 5072 πάντων

2091 5107 2330 5159 ἐπινίκια
2361 5106 2618 5170 θυόντων,
2642 5107 2730 5159 τὸν
2757 5109 3051 5178 εὐεργέτην
3081 5107 3175 5158 καὶ
3198 5107 3415 5176 σωτῆρα
3442 5109 3535 5159 καὶ
3557 5107 3665 5159 τῶν

2091 5191 2311 5259 ἀγαθῶν
2335 5193 2556 5245 ἐκείνων
2590 5190 2762 5245 αἴτιον
2789 5193 2995 5246 ἀνελεῖν
3027 5193 3350 5264 ἐπεχείρησε
3371 5195 3662 5263 ψάλλοντα,

2091 5279 2186 5331 καὶ
2217 5278 2336 5330 οὐδὲ
2369 5279 2466 5347 τῆς
2503 5280 2822 5348 εὐεργεσίας
2868 5281 2901 5349 ἡ
2953 5279 3206 5343 ὑπόθεσις
3253 5282 3344 5333 τὸν
3386 5281 3664 5351 μεμηνότα

2092 5365 2184 5419 καὶ
2213 5365 2593 5437 παραπαίοντα
2619 5366 2959 5418 κατέστειλεν
2982 5368 3206 5430 ἐκεῖνον,
3233 5367 3368 5420 ἀλλά
3400 5369 3494 5420 καὶ
3515 5367 3663 5434 ἅπαξ

2091 5455 2181 5507 καὶ
2211 5454 2290 5516 δις
2320 5455 2600 5524 ἠκόντισε,
2645 5453 2964 5526 βουλόμενος
2990 5453 3218 5509 ἀνελεῖν.
3259 5455 3369 5508 Καὶ
3406 5454 3664 5520 τοιαύτας

2150 5617 2179 5657 Ιι
2203 5619 2326 5682 Reg.
2350 5621 2650 5682 κατώρθωτο.

2152 5683 2177 5750 ς
2202 5678 2303 5730 Sicw
2327 5683 2447 5754 Reg.
2476 5678 2654 5754 {peliu‘s
2674 5693 2830 5754 ‘q'uam
2873 5681 3012 5744 editi,
3048 5681 3135 5746 qui
3167 5681 3351 5734 habent
3373 5681 3465 5747 ἆρα
3483 5678 3662 5743 ἀνέχοι

2088 5743 2237 5791 ταῦτα
2255 5743 2476 5807 πονηρίας
2497 5743 2773 5806 ὑπερϐολήν.
