4110 6214
395 297 490 352 681
793 305 801 311 ”
1448 295 1534 351 DE
1573 294 1821 352 DAVIDE
1859 295 1945 352 ΕΤ

2061 298 2193 356 ULE
2231 302 2507 361 nemus
2547 307 2596 384 ι..

395 424 564 476 ceam,
595 408 812 482 cupiens
839 409 1100 466 occidere.
1138 409 1200 465 Et
1221 409 1518 481 huiusmodi
1553 410 1850 466 mercedem
1882 411 1960 465 illi

398 517 494 571 pro
522 503 780 572 susceptis
809 503 1051 572 periculis
1075 503 1327 572 reposuit.
1381 502 1538 572 quue
1577 504 1700 558 fecit
1725 517 1830 556 non
1861 518 1964 556 uno

397 593 505 658 die,
536 592 627 647 sed
654 595 863 663 szepius.
896 595 964 648 At
1003 605 1220 649 sanctus
1264 595 1351 650 ille
1375 603 1491 664 post
1514 594 1626 649 haec
1647 597 1819 649 omnia
1845 611 1963 663 per-

398 681 659 736 severavit
696 698 882 737 curare
929 683 1067 753 regis
1109 685 1338 753 negotia,
1371 699 1567 754 proque
1607 684 1775 740 salute
1822 685 1964 740 illius

397 771 667 842 suscipere
695 772 946 842 pericula,
974 784 1028 828 et
1056 774 1110 830 iu
1140 775 1253 830 acie
1271 783 1414 830 stare
1457 775 1508 829 in
1553 776 1748 845 prmliis
1791 777 1960 830 omni-

398 860 535 928 bus,
582 876 784 932 suoque
812 863 1047 932 periculo
1093 877 1307 920 servare
1355 865 1724 921 trueidatorem
1771 881 1960 921 suum:

395 949 625 1021 denique
667 967 763 1007 nec
785 952 961 1019 dictis,
1003 969 1101 1010 nec
1136 953 1288 1011 factis
1329 957 1659 1012 contristavit
1707 957 1962 1014 immitem

400 1042 543 1098 illam
593 1042 777 1110 feram,
809 1045 904 1100 sed
951 1047 1212 1100 concessit
1244 1047 1296 1102 in
1326 1048 1570 1102 omnibus
1598 1048 1842 1118 dictoque
1863 1065 1962 1104 au-

399 1131 548 1188 diens
594 1134 690 1189 fuit
718 1151 730 1188 :
763 1150 988 1206 cumque
1038 1137 1276 1192 victoriae
1297 1139 1570 1208 prmmium
1599 1153 1701 1194 non
1729 1141 1963 1210 accepis-

400 1230 504 1288 set,
533 1223 626 1278 sed
652 1224 885 1278 omnium
929 1225 1137 1280 illorum
1166 1227 1517 1295 periculorum
1552 1221 1796 1286 mercede
1819 1231 1960 1286 frau-

397 1311 553 1366 datus
577 1323 735 1378 esset,
767 1328 833 1368 ne
875 1314 1036 1369 verbo
1060 1315 1270 1384 quidem
1309 1318 1656 1388 expostulavit
1692 1335 1959 1389 umquam,

398 1416 504 1455 non
529 1417 647 1457 cum
667 1403 935 1467 militibus,
968 1420 1072 1460 non
1095 1421 1212 1460 cum
1244 1423 1386 1478 rege,
1408 1409 1546 1477 quod
1570 1410 1682 1465 haec
1705 1427 1810 1466 non
1838 1427 1962 1481 ges-

395 1491 555 1546 sisset
593 1506 688 1562 spe
732 1495 1028 1562 mercedis,
1072 1511 1353 1566 supernam
1398 1509 1708 1569 exspectans
1736 1501 1963 1557 retribu-

396 1581 611 1636 tionem.
639 1582 747 1638 Nec
776 1583 827 1638 id
874 1586 1044 1638 solum
1072 1594 1153 1641 est
1174 1586 1520 1643 admiratione
1544 1589 1756 1660 dignum
1777 1632 1793 1657 ,
1819 1591 1960 1661 quod

395 1684 500 1722 non
528 1671 764 1740 poposcit
787 1674 1080 1741 przemium,
1109 1673 1204 1729 sed
1231 1675 1370 1745 quod
1395 1677 1552 1732 etiam
1576 1693 1694 1734 cum
1721 1681 1955 1747 daretur,

393 1758 463 1812 ob
508 1760 752 1814 eximiam
805 1762 966 1816 animi
1009 1763 1317 1820 modestiam
1363 1767 1644 1822 recusavit.
1691 1768 1960 1838 Siquidem

395 1857 736 1918 posteaquam
763 1849 908 1919 Salii,
932 1855 1107 1907 omnia
1121 1857 1357 1921 molitus,
1375 1866 1430 1912 et
1446 1857 1690 1912 omnibus
1713 1860 1956 1928 tentatis,

394 1953 498 1992 non
526 1940 690 2008 potuit
737 1940 881 1995 illum
909 1941 1225 2008 interﬁcere,
1266 1947 1476 2001 consuit
1523 1948 1596 2003 illi
1640 1949 1817 2006 dolum
1867 1967 1962 2021 per

396 2030 623 2098 nuptias,
654 2044 716 2084 ac
757 2045 946 2085 novam
989 2034 1266 2102 quamdam
1295 2035 1436 2092 dotis
1479 2051 1542 2093 ac
1568 2039 1820 2095 dotalium
1851 2041 1958 2097 far-

392 2133 530 2172 mam
560 2130 886 2177 commentus
911 2133 1012 2177 est.
1044 2123 1163 2178 Non
1189 2127 1332 2180 enim
1358 2129 1513 2199 cupit,
1546 2129 1731 2200 inquit,
1760 2149 1850 2185 rex
1869 2133 1962 2187 do-

392 2218 508 2275 tem,
532 2210 619 2264 sed
646 2221 701 2265 ut
724 2224 919 2268 centunt
943 2219 1193 2286 prieputia
1231 2220 1448 2273 exsolvat
1491 2220 1551 2275 ab
1581 2222 1800 2277 hostibus
1830 2224 1960 2295 regis

391 2303 470 2370 (Ι.
497 2303 623 2374 Reg.
645 2303 730 2360 18.
753 2304 868 2375 25).
896 2306 948 2360 id
980 2316 1061 2362 est
1090 2326 1102 2364 :
1131 2308 1324 2365 Occide
1349 2311 1498 2376 mihi,
1530 2313 1714 2383 inquit,
1746 2324 1957 2370 centum

391 2394 551 2458 viros,
581 2405 738 2465 atque
758 2396 858 2452 hoc
877 2399 977 2452 erit
997 2399 1122 2453 mihi
1147 2399 1284 2455 dotis
1307 2401 1442 2457 vice.
1474 2402 1595 2458 llrec
1619 2415 1792 2458 autem
1815 2405 1961 2462 dice-

390 2483 499 2549 bat,
528 2487 910 2556 cupieusillum
942 2488 1158 2544 obtentu
1184 2491 1411 2561 conjugii
1441 2491 1678 2548 hostibus
1703 2494 1954 2562 objicere.

458 2576 513 2631 ι.
552 2576 728 2632 Nihilo
756 2578 930 2634 secius
954 2579 1118 2634 David
1149 2595 1243 2650 pro
1265 2595 1357 2635 sua
1389 2583 1643 2638 modestia
1692 2599 1780 2640 res
1808 2587 1954 2640 resti-

389 2682 560 2734 mans,
592 2669 852 2724 recusavit
899 2670 1220 2742 conjugium,
1249 2687 1353 2727 non
1381 2673 1662 2728 deterritus
1689 2675 1952 2744 periculis,

387 2767 477 2813 aut
519 2759 749 2814 hostium
779 2769 943 2827 metu,
982 2761 1076 2817 sed
1121 2762 1260 2833 quod
1291 2763 1618 2820 existimaret
1646 2781 1764 2822 sese
1814 2767 1955 2822 indi-

385 2863 544 2920 gnum
568 2851 818 2906 affinitate
847 2854 1022 2922 regia;
1051 2862 1211 2923 atque
1249 2851 1331 2909 his
1360 2856 1535 2911 verbis
1576 2857 1846 2927 respondit
1887 2857 1955 2914 ad

387 2954 567 2994 servos
593 2941 734 2995 illius
759 2957 774 2994 :
796 2943 873 2996 An
901 2944 1004 2997 leve
1028 2945 1171 2998 estin
1189 2945 1345 2998 oculis
1373 2947 1544 3000 vestris
1568 2962 1646 3001 me
1673 2951 1838 3017 facere
1863 2964 1952 3018 ge-

387 3044 562 3082 nerum
589 3031 738 3101 regis,
767 3047 878 3084 cum
902 3049 992 3101 ego
1018 3035 1113 3086 sint
1141 3034 1215 3087 vir
1238 3035 1440 3088 humilis
1481 3053 1540 3090 ac
1584 3037 1772 3092 nullius
1806 3040 1956 3108 pretii

387 3120 450 3192 (i
490 3120 614 3193 Reg.
648 3124 732 3178 i8.
761 3124 896 3194 25)?
934 3127 1090 3195 Atqui
1127 3126 1415 3182 debebatur
1455 3129 1555 3183 hoc
1603 3129 1836 3196 honoris,
1890 3147 1954 3187 ac

387 3225 593 3267 merces
621 3222 674 3266 et
719 3215 954 3281 pensatio
985 3215 1224 3270 laborum
1254 3235 1266 3270 :
1301 3233 1481 3273 verum
1513 3234 1677 3289 usque
1702 3220 1834 3276 adeo
1861 3236 1954 3277 cor

385 3298 612 3356 habebat
634 3305 939 3371 contritum,
969 3314 1028 3360 ut
1055 3316 1173 3376 post
1201 3316 1277 3361 tot
1307 3324 1393 3363 res
1421 3325 1538 3364 cum
1563 3311 1716 3366 laude
1740 3321 1946 3383 gestas,

385 3400 503 3459 post
531 3391 665 3446 adeo
692 3394 1016 3464 Splendidam
1039 3397 1336 3464 victoriam,
1364 3409 1484 3468 post
1502 3416 1804 3470 expressam
1828 3418 1952 3472 pro-

384 3481 712 3548 missionem,
746 3485 1013 3556 indignum
1043 3501 1102 3543 se
1125 3488 1404 3558 judicaret,
1433 3493 1520 3561 qui
1546 3492 1776 3548 debitam
1811 3495 1949 3550 reei-

383 3582 534 3640 peret
560 3574 878 3641 mercedem,
911 3578 1064 3647 idque
1101 3595 1220 3635 cum
1246 3582 1419 3638 denuo
1449 3593 1590 3639 esset
1614 3601 1673 3640 se
1702 3588 1950 3656 periculis

383 3657 700 3731 objecturus.
734 3663 1085 3737 Posteaquam
1118 3681 1291 3725 autem
1335 3673 1514 3729 hostes
1541 3676 1842 3744 devicerat,
1888 3695 1951 3735 ac

385 3749 543 3805 filiam
574 3754 712 3822 regis
738 3766 1032 3824 acceperat,
1059 3774 1240 3813 rursus
1264 3760 1515 3817 Psallcbat
1537 3765 1721 3832 David,
1739 3779 1784 3822 et
1810 3785 1951 3836 quie-

384 3845 518 3898 rebat
546 3844 677 3899 Sail
704 3863 818 3900 eum
862 3849 1037 3904 lancea
1069 3862 1350 3919 percutere,
1395 3865 1441 3910 et
1476 3860 1716 3925 percussit
1737 3875 1758 3913 :
1786 3859 1952 3914 David

385 3945 550 3988 autem
579 3935 875 4004 declinavit;
902 3949 945 3992 et
975 3941 1120 3995 hasta
1159 3943 1379 4012 impacta
1414 3956 1484 3999 est
1522 3949 1701 4016 parieti
1729 3950 1748 4018 (
1773 3951 1794 4004 1
1823 3951 1949 4019 Reg.

386 4026 469 4081 i9.
504 4027 557 4083 9.
590 4027 698 4098 10).
724 4029 890 4097 Quem
920 4047 1024 4086 non
1056 4034 1152 4088 ista
1186 4034 1270 4089 vel
1299 4038 1536 4106 apprime
1583 4040 1949 4110 philosophum

384 4115 450 4170 ad
483 4116 806 4174 iracundiam
849 4122 1209 4178 excitassent?
1236 4128 1372 4194 quis,
1420 4129 1517 4182 etsi
1544 4129 1683 4184 nulla
1730 4132 1830 4186 alia
1861 4133 1954 4187 ad-

386 4204 572 4261 fuisset
603 4222 782 4274 causa,
809 4213 992 4266 saltem
1025 4223 1079 4266 ut
1103 4217 1438 4269 securitatem
1469 4219 1569 4274 sibi
1598 4231 1825 4288 pararet,
1867 4223 1952 4277 iu-

380 4295 521 4365 jnste
548 4297 881 4356 insidiantem
913 4318 1016 4357 non
1043 4305 1365 4362 occidisset?
1392 4307 1572 4378 Neque
1597 4311 1736 4365 enim
1769 4312 1818 4365 id
1851 4313 1950 4368 lio-

386 4388 653 4444 micidium
705 4391 904 4458 fuisset,
960 4395 1053 4451 sed
1097 4398 1310 4452 modum
1355 4415 1385 4452 a
1426 4400 1541 4470 lege
1584 4405 1948 4473 praescriptum

385 4481 784 4537 mansuetudine
808 4496 1129 4552 superasset.
1159 4485 1291 4542 Nam
1323 4488 1410 4543 illa
1437 4489 1647 4546 oculum
1677 4507 1771 4560 pro
1795 4494 1950 4548 oculo

380 4567 537 4638 jussit
561 4570 791 4627 ell‘odere
818 4573 1007 4644 (Ea-od.
1037 4577 1124 4631 21.
1156 4578 1246 4649 24)
1279 4597 1291 4632 :
1325 4578 1410 4634 hic
1437 4591 1612 4636 autem
1658 4583 1780 4637 licet
1807 4585 1949 4639 occi-

384 4659 570 4727 disset,
595 4677 688 4731 pro
711 4663 877 4718 tribus
903 4667 1196 4723 homicidiis
1226 4687 1387 4724 unum
1416 4681 1698 4727 exacturus
1724 4673 1911 4729 fuisset
1931 4717 1946 4739 ,

386 4763 482 4818 pro
511 4750 698 4816 tribus,
746 4753 977 4821 inquam,
1011 4755 1327 4825 homicidiis,
1375 4761 1516 4815 nulla
1571 4763 1826 4831 probabili
1881 4766 1948 4821 de

383 4855 542 4895 causa
567 4844 797 4897 tentatis.
833 4844 969 4898 Nihil
996 4857 1169 4902 tamen
1196 4848 1382 4904 horum
1403 4855 1622 4908 tentavit
1644 4855 1826 4917 David.
1854 4859 1947 4914 sed

386 4930 561 4998 potius
605 4934 786 4988 habuit
829 4934 1030 5006 fugere,
1067 4947 1119 4990 et
1163 4952 1190 4990 a
1235 4942 1416 5008 patriis
1455 4943 1653 4999 aedibus
1681 4948 1944 5013 exsulare,

384 5025 540 5088 atque
569 5036 811 5077 erronem
845 5025 1227 5097 profugutnque
1253 5045 1438 5099 agere,
1485 5044 1539 5087 et
1567 5035 1620 5088 in
1647 5034 1947 5094 calamitate

383 5110 482 5164 sibi
515 5116 870 5170 necessarium
912 5134 1096 5186 parare
1119 5121 1337 5184 victum,
1367 5139 1521 5191 quam
1551 5127 1656 5195 regi
1677 5129 1832 5184 raedis
1859 5146 1950 5185 oc-

384 5203 647 5256 casionetu
670 5204 813 5259 dare.
840 5206 946 5262 Nec
969 5211 1108 5264 enim
1135 5225 1199 5265 eo
1219 5213 1508 5282 spectabat,
1540 5225 1594 5271 ut
1614 5220 1841 5290 seipsum
1871 5223 1948 5276 ui-

386 5288 690 5356 dsceretur,
716 5293 809 5348 sed
839 5306 892 5349 ut
941 5297 1082 5353 illum
1107 5303 1173 5354 ab
1199 5318 1263 5356 eo
1291 5307 1479 5358 murbo
1504 5288 1766 5364 liberaret.
1801 5311 1946 5368 Hauc

389 5382 454 5435 ob
494 5396 706 5436 causam
739 5383 805 5438 ab
830 5388 994 5441 oculis
1043 5390 1237 5446 inimici
1268 5396 1515 5450 subduxit
1537 5413 1675 5462 sese,
1708 5413 1762 5454 ut
1789 5404 1944 5458 seda-

386 5481 469 5527 ret
491 5483 771 5539 tumorem,
812 5480 1252 5552 contraheretque
1279 5487 1521 5544 ardorem
1554 5491 1745 5546 uiceris
1771 5505 1822 5550 et
1867 5497 1946 5550 in-

386 5564 576 5618 vidiam
599 5567 876 5638 mitigaret.
909 5571 1084 5628 Satius
1109 5583 1210 5641 est,
1241 5575 1424 5647 inquit,
1454 5596 1540 5635 me
1577 5584 1828 5640 miserum
1859 5603 1946 5642 cs-

384 5677 462 5726 se,
495 5658 868 5734 ianumeraquc
893 5666 996 5735 pati
1019 5668 1224 5736 acerba,
1265 5683 1421 5740 quam
1451 5672 1591 5731 hunc
1614 5678 1750 5748 apud
1780 5680 1940 5736 Deum

3526 327 3630 383 682

2069 412 2136 467 de
2161 415 2454 474 innocentis
2477 422 2625 479 caede
2649 425 3012 486 condemnari.
3041 433 3163 490 lia‘c
3205 452 3310 493 non
3352 439 3633 497 audiamus

2070 512 2293 570 tantum,
2325 523 2512 564 verum
2539 515 2697 569 etiam
2722 518 3183 587 imitemur,-nihil
3225 542 3328 581 non
3379 528 3632 584 faciamus

2068 601 2123 646 et
2147 596 2424 664 patiamur,
2449 610 2506 654 ut
2528 603 2722 659 inimici
2745 605 3064 664 simultatem
3087 629 3208 682 erga
3229 631 3323 670 uos
3343 617 3634 687 deponant,

2069 696 2166 736 nec
2221 685 2349 740 illud
2399 689 2743 760 iuquiramus,
2792 706 2968 752 utrutn
3013 703 3204 758 merito
3245 719 3314 760 an
3366 685 3633 764 imtnerito

2068 774 2381 830 malevolum
2408 781 2638 836 animum
2669 799 2791 855 erga
2819 803 2916 843 nos
2944 802 3162 860 gerant,
3193 794 3290 849 sed
3331 795 3432 851 hoc
3460 799 3631 854 solum

2067 875 2366 933 spectemus
2385 908 2398 932 ,
2427 878 2484 922 ut
2503 871 2655 926 nobis
2684 874 2882 931 inimici
2906 894 3024 934 esse
3067 883 3328 939 desinant.
3359 883 3629 955 Siquidem

2067 954 2168 1010 hoc
2191 968 2393 1026 spectat
2419 961 2672 1028 medicus,
2703 975 2760 1020 ut
2787 969 2972 1025 morbo
2994 971 3180 1028 liberet
3215 954 3490 1044 aegrotum,
3526 992 3630 1032 non

2067 1055 2239 1101 utrum
2265 1051 2476 1123 merito,
2509 1068 2574 1108 an
2602 1055 2865 1112 immerito
2889 1059 2990 1113 sibi
3018 1061 3258 1116 morbum
3287 1067 3629 1121 contraxerit.

2066 1138 2144 1193 'l‘u
2169 1155 2376 1212 quoque
2402 1144 2560 1213 igitur
2587 1148 2823 1204 medicus
2849 1165 2906 1204 es
2927 1150 3041 1221 ejus
3077 1155 3164 1224 qui
3188 1163 3238 1209 te
3260 1155 3394 1210 lzesit
3421 1173 3434 1210 :
3467 1173 3627 1212 unum

2065 1227 2168 1283 hoc
2201 1245 2401 1300 quaere,
2433 1249 2538 1303 quo
2560 1245 2712 1304 pacto
2741 1237 2815 1292 illi
2848 1241 3089 1295 morbum
3117 1244 3341 1298 adimas.
3380 1244 3434 1299 ld
3486 1247 3628 1316 quod

2063 1317 2184 1374 fecit
2202 1323 2286 1376 hic
2296 1322 2499 1390 beatus,
2517 1336 2802 1396 egestatem
2819 1347 2926 1400 pra:
2941 1331 3156 1400 divitiis,
3173 1336 3506 1391 solitudinem
3523 1354 3630 1406 ιιι-ω

2064 1410 2255 1478 patria,
2280 1411 2488 1469 labores
2515 1417 2852 1488 periculaque
2876 1436 2982 1490 pra:
3002 1421 3209 1478 deliciis
3227 1439 3289 1480 ac
3320 1428 3625 1491 securitate,

2065 1512 2375 1572 perpetuum
2400 1508 2642 1563 exsilium
2690 1525 2798 1580 pra:
2823 1512 3026 1568 aedibus
3047 1514 3237 1586 elegit,
3285 1527 3342 1572 ut
3367 1517 3514 1573 illum
3560 1521 3629 1576 ab

2063 1591 2184 1646 odio
2233 1593 2285 1646 in
2312 1594 2483 1664 ipsum
2521 1599 2996 1672 malevolentiaque
3022 1605 3288 1662 liberaret.
3334 1609 3526 1664 Attice
3550 1610 3630 1666 sic

2063 1682 2274 1750 quidem
2322 1686 2510 1742 melior
2537 1689 2705 1745 factus
2749 1701 2831 1746 est
2875 1693 3022 1758 Salii.
3055 1695 3148 1751 sed
3175 1699 3586 1768 persequebatur
3611 1741 3628 1768 ,

2063 1771 2154 1826 sed
2185 1773 2381 1845 ubique
2405 1779 2716 1834 circumibat
2739 1797 2979 1850 quaerens
3007 1799 3127 1840 eum
3148 1825 3164 1850 ,
3195 1787 3282 1856 qui
3313 1803 3420 1843 non
3452 1791 3624 1846 solum

2062 1861 2192 1916 nihil
2224 1863 2451 1931 lmserat,
2476 1867 2570 1922 sed
2613 1884 2729 1923 cum
2756 1882 2898 1926 esset
2927 1872 3104 1940 laesus,
3137 1876 3361 1930 maxima
3387 1888 3440 1932 et
3474 1880 3628 1934 innu-

2060 1953 2328 2008 merabilia
2347 1971 2441 2024 pro
2459 1958 2659 2026 injuriis
2672 1959 2806 2014 bona
2824 1963 3156 2032 rependerat.
3188 1967 3254 2020 At
3271 1967 3394 2022 Saul
3424 1968 3623 2038 impru-

2059 2041 2191 2097 dens
2218 2055 2338 2113 post
2363 2046 2544 2103 incidit
2570 2049 2622 2104 in
2653 2053 2782 2106 retia
2807 2053 3036 2107 Davidis.
3073 2053 3196 2109 Erat
3221 2057 3361 2111 enim
3382 2099 3396 2122 ,
3425 2058 3624 2128 inquit,

2059 2133 2128 2186 ibi
2145 2137 2402 2205 spelunca,
2429 2149 2474 2192 et
2499 2141 2746 2211 ingressus
2780 2154 2850 2198 cst
2876 2145 3006 2199 Sar‘tl
3030 2155 3082 2198 ut
3109 2159 3399 2202 exoneraret
3433 2150 3620 2204 alvum.

2060 2221 2228 2278 David
2255 2238 2422 2281 autem
2447 2247 2560 2282 cunt
2601 2226 2864 2287 comitibus
2884 2235 2987 2288 suis
3016 2236 3066 2289 in
3107 2237 3342 2291 interiore
3372 2240 3625 2308 spelunccc

2059 2326 2201 2384 parte
2223 2317 2440 2371 sedebat.
2467 2318 2807 2392 Dixeruntque
2834 2325 2926 2377 viri
2958 2325 3124 2378 David
3150 2327 3217 2379 ad
3257 2328 3402 2381 illum
3436 2345 3456 2383 :
3493 2329 3624 2384 Ecce
3715 2343 3718 2346 ’

2059 2405 2166 2459 dies
2194 2407 2256 2462 de
2279 2425 2376 2478 quo
2392 2410 2520 2464 dixit
2549 2411 2794 2466 Dominus
2819 2429 2838 2468 :
2869 2414 3086 2469 Tradam
3114 2416 3371 2472 inimicum
3396 2429 3534 2471 tuum
3571 2420 3623 2473 in

2058 2512 2237 2550 manus
2271 2508 2402 2562 tuas,
2426 2502 2677 2571 faciesque
2701 2503 2935 2573 illiquod
2961 2505 3202 2576 placitum
3242 2509 3333 2561 erit
3368 2509 3419 2562 in
3466 2510 3623 2564 oculis

2059 2585 2174 2638 tuis.
2209 2585 2272 2638 Et
2298 2590 2513 2642 surrexit
2539 2587 2724 2655 David,
2753 2594 3053 2662 sustulitque
3076 2595 3314 2648 laciniam
3341 2597 3622 2668 chlamydis

2059 2675 2233 2728 Sutilis
2271 2676 2576 2731 clanculum.
2619 2677 2680 2731 Et
2722 2681 2940 2749 post/uec
2979 2687 3217 2750 percussit
3267 2683 3508 2738 Davidem
3538 2703 3625 2740 cor

2056 2764 2236 2834 ipsius,
2282 2769 2415 2836 quod
2455 2769 2736 2823 abstulisset
2767 2769 3002 2824 laciniam
3051 2771 3353 2843 chlamydis,
3401 2775 3625 2844 dixitque

2056 2853 2221 2908 David
2243 2857 2310 2908 ad
2335 2858 2464 2911 viros
2501 2875 2619 2912 suos
2647 2875 2666 2913 :
2693 2860 2893 2912 Avertat
2913 2877 2943 2912 a
2968 2877 3046 2912 me
3070 2861 3334 2927 Dominus,
3361 2880 3421 2916 ne
3441 2863 3624 2933 faciam

2055 2947 2254 3000 verbum
2292 2951 2385 3002 hoc
2415 2950 2614 3003 domino
2655 2967 2784 3016 meo,
2826 2951 3010 3005 christo
3051 2950 3286 3018 Domini,
3333 2955 3624 3026 mittamque

2055 3053 2256 3090 manum
2293 3055 2452 3091 meam
2491 3037 2541 3092 in
2571 3040 2743 3104 illum,
2784 3042 3020 3110 quoniam
3057 3042 3271 3095 cltristus
3302 3041 3507 3096 Domini
3549 3054 3620 3098 est

2059 3124 2129 3194 (i.
2157 3126 2280 3198 Reg.
2304 3128 2392 3182 2i.
2423 3127 2584 3200 4-7).
2613 3128 2792 3184 Vidisti
2829 3141 2974 3184 tensa
3009 3131 3160 3198 retia,
3190 3131 3361 3187 vidisti
3390 3133 3619 3203 pnedam

2054 3229 2282 3288 captam,
2327 3219 2502 3274 vidisti
2547 3232 2851 3276 venatorem
2895 3229 3154 3285 erectum,
3205 3221 3379 3276 vidisti
3435 3240 3620 3279 omnes

2052 3309 2417 3373 adhortantes,
2471 3320 2528 3364 ut
2551 3326 2731 3365 ensem
2757 3310 2806 3364 in
2838 3310 3004 3365 hostis
3040 3322 3220 3380 pectus
3249 3311 3622 3382 immergerei?

2052 3394 2200 3454 Nunc
2218 3399 2344 3452 mihi
2366 3410 2542 3468 specta
2564 3400 2977 3469 philosomiicam
3000 3403 3158 3456 animi
3182 3402 3619 3470 moderationem,

2052 3500 2232 3558 specta
2284 3491 2497 3558 iuctam,
2545 3492 2840 3558 victoriam,
2887 3507 3158 3548 coronam.
3205 3493 3336 3548 Nam
3369 3495 3619 3565 spelunca

2054 3579 2141 3635 illa
2167 3597 2384 3653 campus
2411 3591 2546 3648 erat,
2579 3592 2735 3653 atque
2775 3583 2916 3638 lucta
2959 3583 3198 3653 quzedam
3226 3585 3483 3641 mirabilis
3535 3586 3618 3641 di-

2053 3683 2244 3744 ctuque
2270 3673 2594 3730 incredibilis
2641 3675 2771 3730 facta
2800 3684 2899 3730 est.
2931 3675 3182 3731 Luctatus
3209 3686 3289 3731 est
3311 3676 3492 3743 David,
3521 3693 3618 3746 pu-

2053 3764 2208 3833 gilem
2255 3765 2361 3835 egit
2405 3765 2692 3828 iracundia,
2744 3764 2872 3820 Salii
2914 3765 3115 3834 positus
3162 3773 3276 3820 erat
3313 3765 3617 3821 certaminis

2053 3855 2306 3918 materia,
2339 3853 2686 3922 agonothetes
2733 3863 2848 3908 erat
2877 3854 3016 3908 Deus
3043 3870 3055 3906 :
3086 3855 3211 3922 quin
3257 3855 3464 3925 potius,
3512 3868 3616 3909 non

2054 3943 2154 4012 ipsi
2189 3943 2347 3997 modo
2375 3943 2628 3997 adversus
2655 3944 2916 4011 seipsum,
2947 3946 3317 4014 pr0priamque
3357 3943 3618 4014 cupidita-

2058 4044 2162 4090 tem
2188 4045 2301 4089 erat
2341 4036 2614 4104 prmlium,
2647 4035 2739 4088 sed
2785 4044 2838 4088 et
2871 4035 3124 4090 adversus
3165 4037 3358 4091 milites
3398 4037 3485 4106 qui
3525 4037 3617 4092 adv-

2053 4137 2224 4180 crant.
2244 4124 2448 4180 Etenim
2477 4125 2521 4180 si
2545 4125 2792 4180 voluisset
2815 4127 2992 4180 animo
3019 4125 3304 4190 moderari,
3323 4143 3384 4182 ac
3400 4141 3618 4198 parcere

2055 4217 2102 4272 ei
2127 4218 2215 4287 qui
2242 4218 2468 4283 laeserat,
2482 4224 2897 4272 consentaneum
2919 4227 3032 4272 erat
3059 4227 3116 4272 ut
3133 4227 3184 4272 et
3201 4219 3318 4274 illos
3335 4229 3614 4284 metueret,

2056 4322 2121 4362 ne
2151 4307 2284 4361 forte
2310 4305 2480 4376 ipsum
2513 4307 2832 4362 trucidarent
2855 4308 2906 4362 in
2937 4308 3203 4378 spelunca.
3233 4320 3496 4380 tamquam
3525 4310 3614 4380 qui

2055 4399 2262 4454 illorum
2298 4397 2520 4451 salutem
2553 4397 2905 4466 prodidisset,
2958 4413 3019 4452 ac
3067 4399 3330 4468 publicum
3381 4401 3613 4470 ipsorum

2056 4488 2261 4543 hostem
2282 4496 2566 4543 servasset.
2597 4488 2877 4544 Probabile
2903 4489 3041 4543 enim
3069 4497 3150 4543 est
3180 4490 3390 4545 illorum
3422 4507 3615 4547 unum-

2055 4594 2315 4650 quemque
2343 4579 2526 4634 dolore
2569 4581 2821 4649 percitqu
2853 4580 2965 4634 lucc
2994 4581 3126 4635 intra
3157 4596 3214 4637 se
3238 4581 3473 4640 dicturos
3491 4584 3615 4639 fuis-

2055 4687 2142 4728 se:
2163 4671 2392 4726 Errones
2412 4670 2727 4742 exsulesque
2751 4686 2950 4735 sumus,
2975 4669 3153 4737 domo,
3175 4672 3361 4741 patria,
3379 4676 3621 4729 caeteris-

2053 4775 2156 4834 que
2197 4764 2443 4817 onmibus
2469 4763 2698 4826 excussi,
2743 4761 3084 4830 omniumque
3105 4761 3469 4816 difficultatum
3501 4773 3615 4814 tua-

2054 4869 2170 4907 rum
2208 4861 2483 4907 cousortes
2520 4863 2738 4904 sumus:
2767 4859 2821 4903 et
2850 4859 2902 4902 tu
2930 4865 3070 4922 eum,
3099 4854 3184 4920 qui
3231 4850 3416 4904 horum
3447 4852 3614 4904 malo-

2053 4961 2172 5002 rum
2221 4953 2305 5000 est
2345 4954 2565 5007 auctor,
2620 4942 2672 4994 in
2715 4956 2900 4996 manus
2938 4951 3054 4997 tuas
3096 4943 3340 4996 traditum
3364 4983 3378 5004 ,
3417 4943 3617 5011 cogitas

2053 5037 2339 5100 dimittere,
2372 5050 2439 5089 ne
2476 5035 2628 5088 nobis
2654 5050 2900 5103 umquam
2928 5034 3081 5087 liceat
3106 5033 3171 5086 ab
3196 5033 3278 5086 his
3305 5033 3616 5086 calamitati-

2053 5127 2151 5182 bus
2171 5127 2453 5196 respirare,
2481 5141 2544 5180 ac
2589 5124 2811 5195 proditis
2840 5124 3022 5177 amicis
3049 5125 3252 5178 hostem
3270 5139 3481 5178 servare
3503 5134 3615 5177 stu-

2053 5218 2184 5273 des?
2221 5219 2301 5271 An
2329 5217 2439 5271 haec
2463 5217 2602 5286 justa
2634 5215 2786 5269 sunt?
2820 5213 2947 5268 Nam
2975 5213 3018 5267 si
3041 5223 3178 5267 tuam
3204 5215 3366 5283 ipsius
3393 5214 3614 5267 salutem

2055 5309 2289 5379 negligis,
2321 5316 2516 5361 nostra:
2562 5313 2707 5359 certe
2752 5305 2872 5357 vita:
2919 5319 3120 5371 parcas.
3155 5303 3268 5356 Non
3317 5305 3405 5357 tibi
3436 5305 3616 5358 dolent

2053 5408 2314 5463 anteacta,
2345 5410 2516 5465 neque
2540 5408 2746 5448 memor
2773 5407 2831 5447 es
2859 5392 3114 5446 malorum
3141 5407 3259 5462 quae
3284 5392 3352 5446 ab
3377 5393 3466 5446 illo
3496 5409 3614 5462 per-

2053 5504 2239 5559 pessus
2280 5489 2384 5543 es?
2419 5487 2574 5542 Certe
2616 5485 2683 5539 ab
2711 5498 2771 5538 ea
2801 5498 2920 5553 qua:
2970 5485 3140 5536 futura
3188 5492 3337 5546 sunt,
3363 5483 3487 5536 tolle
3518 5482 3616 5536 ho-

2053 5592 2209 5648 stem,
2239 5597 2306 5637 ne
2325 5581 2522 5650 majora
2553 5588 2608 5634 et
2634 5577 2906 5633 acerbiora
2930 5576 3286 5645 perpetiantur
3307 5574 3468 5628 mala.
3495 5574 3616 5630 lla‘c

2057 5683 2114 5729 ut
2157 5675 2334 5730 verbis
2381 5689 2484 5729 nou
2529 5674 2633 5728 sint
2665 5669 2982 5742 proloquuti,
3011 5677 3185 5723 tamen
3231 5666 3408 5724 animo
3435 5681 3613 5724 secum
