4134 6214
518 268 626 325 683

516 389 805 445 volvebant
845 403 964 444 cum
1005 388 1125 449 ista,
1174 394 1283 440 tum
1315 385 1431 440 istis
1476 385 1636 440 etiam
1669 384 1769 438 alia
1798 384 2019 452 majora.

587 480 641 534 5.
689 480 877 534 Verum
906 478 1040 531 nihil"
1078 477 1267 531 horum
1289 476 1465 545 justus
1491 476 1580 530 ille
1608 473 1745 544 apud
1781 489 1839 529 se
1868 486 2097 543 perpen-

515 571 692 632 debat,
719 585 877 623 unum
927 567 1052 621 illud
1103 576 1369 637 spectans,
1422 566 1704 636 quomodo-
1739 572 1919 635 posset
1965 562 2098 618 redi-

518 661 635 714 miri
683 659 976 713 tolerautize
1017 673 1231 722 corona,
1262 674 1325 713 ac
1364 672 1554 711 novam
1607 655 1890 727 quamdam
1923 654 2096 710 admi-

513 751 841 822 rabilemqne
902 750 1291 821 philosophiam
1367 764 1640 805 exercere.
1703 748 1886 818 Neque
1953 747 2094 801 enim

512 842 732 911 perinde
772 843 963 896 mirum
1004 851 1152 908 erat,
1183 843 1227 896 si
1267 856 1389 896 cum
1434 848 1580 895 esset
1617 839 1760 894 solus
1807 849 1860 894 et
1897 838 2098 908 absque

509 932 792 987 comitibus
816 975 830 996 ,
864 932 1188 1002 pepercisset
1221 932 1293 986 illi
1340 946 1373 986 a
1401 946 1506 1001 quo
1536 931 1705 985 fuerat
1732 931 1911 997 la~sus,
1936 939 2096 1000 alque

509 1039 650 1078 nunc
673 1033 776 1089 est,
799 1024 937 1093 quod
962 1024 1062 1078 hoc
1089 1024 1226 1080 idem
1256 1023 1375 1077 aliis
1398 1023 1748 1093 praesentibus
1779 1023 1899 1076 fecit
1931 1041 1944 1075 :
1973 1036 2093 1075 nam

508 1116 736 1170 militum
768 1115 978 1169 illorum
1010 1115 1289 1184 praesentia
1315 1114 1585 1183 geminum
1613 1124 1723 1168 erat
1746 1111 2094 1182 philosophias

509 1208 861 1263 olistacnlum.
884 1206 1048 1262 Nobis
1071 1207 1198 1276 ipsis
1220 1206 1526 1276 frequenter
1542 1205 1740 1272 evenit,
1761 1217 1813 1259 ut
1839 1220 1959 1261 cum
1986 1214 2097 1259 sta-

509 1300 771 1355 tuerimus
798 1297 1084 1353 vindictam
1132 1296 1436 1360 remittere,
1469 1304 1522 1351 et
1564 1296 1847 1350 commissa
1889 1294 2092 1349 condo-

507 1405 671 1457 nare;
720 1400 840 1461 post
878 1390 966 1461 ubi
1014 1388 1305 1444 viderimus
1347 1387 1553 1457 aliquos
1596 1376 1693 1441 iios
1734 1386 2002 1442 irritantes
2039 1395 2094 1442 et

508 1483 855 1544 concitantes,
875 1490 1141 1534 mutemus
1157 1479 1495 1544 sententiam,
1512 1486 1565 1532 et
1585 1478 1792 1531 illorum
1819 1476 1976 1532 dictis
1994 1476 2095 1532 οδε-

508 1582 885 1642 temperemus.
912 1570 1109 1625 Verum
1142 1571 1242 1624 hoc
1270 1584 1376 1624 non
1407 1568 1597 1623 accidit
1623 1568 1746 1623 huic
1771 1568 1925 1623 beato
1947 1609 1962 1632 ,
1994 1566 2091 1624 sed

507 1666 666 1720 etiam
708 1671 830 1734 post
860 1662 1073 1717 illorum
1102 1660 1379 1716 consilium
1415 1669 1469 1715 et
1505 1659 1929 1715 exhortationem
1972 1673 2092 1728 per-

503 1755 766 1811 severavit
789 1755 843 1810 in
879 1755 1041 1809 animi
1084 1753 1375 1824 proposito.
1409 1754 1479 1807 At
1507 1767 1576 1807 ne
1604 1751 1703 1806 hoc
1727 1752 1941 1822 quidem
1969 1759 2089 1805 tan-

503 1858 616 1903 tum
664 1856 747 1903 est
781 1846 1135 1901 admiratione
1162 1844 1409 1914 dignum,
1436 1843 1584 1913 quod'
1608 1858 1706 1897 nec
1738 1843 1963 1899 aliorum
1989 1843 2089 1897 ad-

502 1938 706 1992 monitu
728 1936 959 1991 dimotus
984 1944 1068 1990 est
1090 1950 1119 1987 a
1143 1935 1434 2004 proposito,
1459 1934 1714 2003 quodque
1736 1949 1840 1988 non
1862 1944 1943 1988 est
1969 1934 2088 1990 ill‘os

501 2030 703 2085 veritus
726 2069 740 2092 ,
769 2025 861 2082 sed
892 2025 1031 2096 quod
1073 2024 1323 2095 perfecit,
1348 2032 1405 2078 ut
1453 2034 1507 2079 et
1539 2024 1612 2078 illi
1658 2024 1898 2079 eamdem
1924 2024 2087 2080 animi

500 2118 922 2175 moderationem
966 2124 1256 2171 sumerent.
1303 2115 1543 2185 Magnum
1587 2114 1836 2184 quidem,
1884 2115 1927 2170 si
1966 2114 2087 2186 quis

499 2210 611 2264 suis
653 2206 1028 2278 cupiditatibus
1063 2206 1290 2275 imperet
1319 2223 1333 2259 :
1374 2205 1469 2260 sed
1505 2206 1671 2259 multo
1708 2204 1879 2275 majus
1917 2214 1999 2260 est
2033 2213 2087 2261 et

497 2301 616 2356 aliis
658 2298 977 2369 persuadere
1024 2311 1214 2366 posse,
1247 2303 1386 2351 utet
1427 2296 1524 2366 ipsi
1570 2304 1801 2351 mentem
1844 2293 2084 2351 eamdem

497 2390 729 2446 habeant
761 2405 776 2442 :
809 2388 946 2452 aliis,
975 2388 1211 2456 inquam,
1240 2385 1330 2456 qui
1356 2400 1457 2441 nec
1486 2386 1711 2441 modesti
1751 2396 1875 2441 sunt
1903 2386 2083 2441 homi-

495 2495 612 2545 nes,
637 2494 808 2550 neque
839 2486 1217 2547 temperantes,
1245 2477 1339 2532 sed
1366 2478 1581 2543 milites,
1614 2479 1700 2548 qui
1734 2480 1916 2533 multis
1943 2478 2085 2533 dii‘li-

494 2571 778 2626 cultatibus
797 2570 904 2639 jam
932 2571 983 2623 in
1011 2568 1438 2637 desperationem
1465 2580 1616 2624 erant
1639 2569 1872 2634 adducti,
1905 2587 1935 2625 a
1959 2570 2086 2641 qui-

494 2662 595 2717 bus
630 2660 902 2731 paululum
948 2659 1215 2727 respirare
1251 2659 1552 2728 cupiebant,
1582 2658 1721 2714 haud
1766 2661 1931 2730 ignari
1976 2676 2082 2717 non

495 2753 657 2809 modo
687 2761 848 2806 totam
878 2749 1138 2804 malorum
1168 2748 1488 2805 solutionem
1512 2750 1564 2805 in
1584 2750 1750 2807 hostis
1769 2767 1899 2808 nece
1924 2753 2080 2809 sitam

493 2861 644 2913 esse;
690 2859 788 2900 nec
820 2843 979 2898 modo
1012 2843 1269 2897 malorum
1300 2842 1616 2898 solutionem
1637 2885 1652 2911 ,
1696 2857 1878 2899 verum
1919 2846 2079 2902 etiam

492 2939 842 3010 plurimorum
885 2934 1148 2989 bonorum
1198 2934 1633 3003 acquisitionem,
1681 2937 1895 3008 quando
1947 2939 2081 2995 nihil

492 3028 770 3093 obstabat,
814 3027 1101 3097 quominus
1149 3026 1241 3081 illo
1270 3026 1532 3082 trucidato
1570 3029 1814 3097 protinus
1859 3046 2080 3102 regnum

492 3120 743 3176 transiret
785 3118 851 3173 ad
893 3117 1163 3172 Davidem.
1197 3118 1442 3172 Attamen
1483 3135 1602 3173 cum
1644 3129 1722 3175 tot
1759 3132 1939 3176 essent
1991 3139 2078 3180 res

490 3226 611 3282 qua:
630 3208 831 3263 milites
855 3208 1159 3273 irritabant,
1169 3216 1369 3263 tantum
1390 3209 1554 3264 valuit
1577 3211 1663 3266 ille
1683 3226 1996 3281 generosus,
2023 3223 2082 3271 ut

492 3301 577 3357 his
604 3301 849 3358 omnibus
869 3300 1027 3357 fuerit
1050 3303 1315 3373 superior,
1338 3304 1690 3375 suaderetque
1712 3315 1768 3360 ut
1788 3305 1926 3370 hosti
1951 3323 2077 3379 par-

489 3408 694 3455 cerent.
1178 3398 1179 3401 “

559 3492 784 3548 Consilia
809 3492 1022 3547 militum
1044 3492 1111 3545 ad
1135 3491 1322 3545 aedem
1347 3491 1712 3560 impcllentium
1742 3494 1945 3565 ncgligit
1972 3493 2079 3548 Da-

489 3583 606 3647 vid;
633 3600 725 3638 cur
761 3582 902 3637 Deus
942 3583 1105 3637 hostes
1149 3581 1290 3635 nobis
1324 3583 1515 3636 tradat.
1540 3612 1611 3622 —-
1631 3582 1819 3652 Opera:
1850 3584 2075 3652 pretium

488 3690 618 3732 vero
646 3684 757 3739 est,
787 3675 947 3730 etiam
989 3674 1225 3745 ipsorum
1264 3674 1491 3728 militum
1529 3674 1714 3730 audire
1752 3676 2030 3732 consilium
2055 3719 2073 3744 ,

485 3768 609 3838 quia
649 3766 856 3822 consilii
892 3765 1151 3821 calliditas
1194 3765 1403 3820 ﬁrmum
1451 3775 1503 3820 et
1533 3766 1760 3821 solidum
1786 3767 1916 3837 justi
1959 3769 2073 3824 ani-

486 3872 632 3912 mum
660 3854 910 3912 ostendit.
941 3855 1055 3910 Non
1087 3856 1225 3911 enim
1262 3857 1332 3909 ita
1377 3856 1578 3925 loqunti
1623 3865 1747 3910 sunt
1776 3875 1788 3909 :
1822 3858 1959 3913 Ecce
1985 3859 2074 3929 qui

488 3948 652 4003 multa
679 3947 731 4002 in
761 3955 811 4001 te
849 3948 1065 4001 molitus
1092 3956 1177 4002 est
1219 3946 1353 4000 mala
1379 3986 1394 4011 ,
1427 3948 1516 4015 qui
1550 3963 1733 4001 necem
1768 3957 1908 4002 tuam
1940 3964 2073 4004 con-

485 4039 710 4109 cupivit,
745 4039 833 4108 qni
879 4054 977 4092 nos
1025 4035 1499 4092 immediCabilibus
1544 4037 1754 4091 Vullm‘ii
1792 4036 2079 4094 difﬁculta-

488 4129 629 4183 tibus
663 4145 677 4181 :
716 4127 811 4182 sed
854 4128 942 4182 ubi
994 4135 1377 4197 perspexerant
1418 4126 1531 4180 haec
1578 4127 1753 4181 omnia
1808 4128 2074 4200 negligere

450 4220 453 4223 λ
491 4220 739 4275 Davidem
761 4260 776 4284 ,
806 4234 906 4274 nec
941 4234 1184 4288 magnam
1228 4217 1425 4273 habere
1454 4216 1712 4274 rationem
1747 4220 1796 4273 in
1831 4236 1891 4276 se
1927 4238 2076 4276 com-

486 4313 793 4379 missorum,
810 4312 1038 4382 allegant
1063 4310 1135 4365 illi
1152 4310 1384 4365 divinum
1411 4321 1706 4379 auctorem,
1724 4312 1879 4375 Deus,
1903 4315 2070 4382 aiunt,

486 4406 631 4461 illum
675 4405 922 4467 tradidit,
958 4418 1065 4473 quo
1101 4403 1347 4458 videlicet
1385 4403 1643 4473 judicium
1681 4420 1709 4459 a
1744 4406 1851 4460 Deo
1893 4408 2072 4475 profe-

486 4482 629 4550 ctum
660 4496 937 4559 reveritus,
962 4495 1256 4563 promptius
1281 4496 1382 4551 iret
1406 4496 1471 4549 ad
1501 4496 1862 4552 homicidium.
1907 4499 2071 4554 Num-

487 4589 648 4658 quid,
683 4588 925 4658 iuquiuut
950 4628 965 4652 ,
1007 4594 1149 4640 tuam
1194 4587 1361 4657 ipsius
1410 4589 1575 4642 vicem
1618 4589 1929 4645 ulcisceris?
1961 4593 2073 4649 Deo

488 4679 659 4733 servis
704 4694 766 4734 ac
813 4678 1122 4744 ministras,
1171 4677 1313 4734 illius
1363 4678 1682 4735 sententiain
1729 4684 2066 4752 cumprobas.

485 4769 590 4826 Sed
620 4785 727 4840 quo
757 4769 923 4840 magis
953 4769 1065 4824 haec
1093 4769 1376 4834 dicebant,
1402 4779 1547 4825 tanto
1573 4774 1740 4843 magis
1767 4773 1851 4829 hic
1880 4791 2069 4847 peper-

482 4866 557 4921 cit
606 4863 768 4919 hosti.
814 4861 1142 4932 lntelligebat
1190 4862 1372 4930 enim,
1407 4864 1572 4919 Deum
1622 4865 1741 4922 ideo
1787 4868 2067 4926 tradidisse

482 4970 605 5010 cum
630 4997 645 5020 ,
683 4964 739 5010 ut
785 4953 884 5009 sibi
926 4953 1156 5024 majores
1192 4955 1500 5011 occasiones
1541 4959 1826 5027 prohaudse
1855 4962 2066 5019 virtutis

482 5047 860 5115 suppeditaret.
895 5044 1125 5100 Proinde
1164 5055 1218 5099 tu
1261 5060 1512 5117 quoque,
1553 5050 1597 5102 si
1639 5052 1850 5120 quando
1897 5054 2065 5112 hostis

481 5146 603 5191 tuus
632 5136 874 5192 inciderit
898 5135 950 5189 in
992 5149 1179 5190 manus
1210 5144 1325 5191 tuas
1347 5177 1363 5203 ,
1390 5153 1520 5194 cave
1542 5150 1695 5208 putes
1731 5158 1852 5198 esse
1884 5144 2062 5200 datam

482 5227 806 5292 ulciscendi,
845 5226 939 5282 sed
977 5228 1222 5283 servandi
1277 5227 1445 5283 hostis
1496 5232 1849 5289 occasionem.
1880 5235 2065 5306 quue

482 5329 593 5375 tum
639 5321 867 5375 maxime
896 5320 1218 5389 parcendum
1249 5330 1331 5376 est
1357 5320 1618 5389 inimicis,
1648 5340 1768 5380 cum
1811 5327 1884 5381 illi
1929 5328 2064 5384 forte

479 5421 739 5466 venerunt
759 5412 812 5465 in
843 5418 1157 5479 potestatem
1188 5422 1444 5468 nostram.
1464 5415 1532 5468 At
1554 5414 1641 5470 hic
1660 5414 1886 5473 fortasse
1913 5417 2064 5475 dixe-

475 5502 545 5555 rit
570 5499 760 5569 aliquis
787 5516 800 5552 :
834 5499 901 5553 Et
918 5500 1043 5569 quid
1065 5516 1335 5570 magnum,
1361 5511 1453 5557 aut
1480 5505 1604 5573 quid
1632 5506 1824 5562 mirum
1844 5523 2061 5577 parcere

478 5592 526 5643 ei
561 5606 718 5660 quem
763 5589 928 5645 habes
959 5590 1012 5644 in
1039 5599 1126 5644 tua
1154 5593 1450 5660 potestate?
1478 5594 1792 5666 Complures
1838 5601 1978 5655 enim
2007 5612 2063 5659 et

479 5678 567 5733 alii
594 5694 747 5748 rcges
783 5679 848 5736 ad
890 5681 1241 5751 principatum
1271 5683 1475 5752 evecti,
1503 5699 1624 5743 sese
1657 5686 1928 5760 indignum
1967 5692 2056 5762 ju-

1312 268 1370 325 S.
1409 252 1686 325 JOANNIS
1720 260 2197 322 CHR‘SOSTOMI
2237 261 2551 320 ARCHI-EP.
2579 259 3109 320 CONSTANTINOP.

3679 265 3797 321 684

2207 378 2448 434 dicarunt
2476 377 2529 432 in
2566 383 2714 434 tanto
2739 385 2886 449 regni
2918 381 3131 449 fastigio
3151 377 3218 433 ab
3244 380 3307 434 iis
3335 393 3520 449 poenas
3544 381 3789 449 exigere,

2200 483 2231 524 a
2258 470 2450 540 quibus
2475 468 2601 524 olim
2629 468 2835 524 fuerant
2855 469 3041 524 offensi
3070 486 3085 524 :
3117 469 3231 538 ipsa
3259 472 3509 538 potentia:
3532 470 3783 525 sublimi-

2202 568 2282 615 tas
2310 574 2526 615 causam
2552 560 2727 615 attulit
2753 562 3214 617 reconciliationis.
3242 562 3439 618 Verum
3467 564 3519 618 in
3553 564 3657 620 hoc
3682 580 3789 619 ne-

2198 652 2341 722 gotio
2383 651 2486 707 tale
2526 650 2657 706 nihil
2693 651 2864 721 possis
2899 652 3097 708 dicere.
3127 652 3309 722 Neque
3346 654 3490 709 enim
3521 655 3688 710 David
3718 656 3787 711 ad

2198 743 2548 813 principatum
2574 753 2810 809 evectus,
2840 759 3011 815 neque
3035 760 3259 818 regnum
3286 746 3530 818 adeptus,
3558 763 3626 803 ac
3648 749 3790 805 Safi-

2197 833 2301 889 lem
2331 835 2382 888 in
2409 835 2651 891 manibus
2680 836 2882 892 habens
2901 879 2916 904 ,
2945 836 3015 892 ita
3045 837 3259 894 demum
3301 839 3374 894 illi
3401 842 3679 910 pepercit,
3715 860 3788 899 ne

2197 927 2315 996 quis
2343 928 2548 985 causari
2570 930 2735 998 possit
2763 930 2908 999 regni
2941 930 3299 1000 magnitudine
3323 932 3585 987 sublatam
3618 934 3788 990 fuisse

2196 1016 2329 1071 iram
2361 1033 2378 1071 :
2408 1018 2502 1073 sed
2526 1033 2646 1073 cum
2677 1020 2836 1075 sciret
2863 1019 2999 1085 fore,
3022 1031 3078 1075 ut
3106 1022 3197 1077 ille
3231 1032 3470 1079 servatus
3498 1041 3684 1080 rursus
3714 1028 3782 1082 ad

2196 1109 2381 1165 eadem
2413 1110 2643 1176 rediret,
2675 1121 2730 1167 et
2758 1113 2873 1182 ipse
2910 1113 2962 1168 in
3006 1115 3247 1184 graviora
3279 1117 3515 1185 pericula
3540 1119 3784 1188 conjice-

2195 1211 2376 1268 retur,
2408 1219 2478 1259 ne
2504 1203 2624 1259 ideo
2647 1204 2860 1274 quidem
2899 1205 3111 1261 occidit.
3154 1205 3232 1262 Ne
3268 1209 3450 1278 utique
3487 1208 3627 1265 hunc
3654 1226 3783 1267 cum

2195 1291 2301 1347 illis
2341 1293 2696 1349 conferamus.
2729 1293 3000 1365 Siquidem
3041 1295 3113 1351 illi
3140 1298 3388 1367 quoniam
3426 1298 3623 1355 habent
3658 1316 3786 1357 cer-

2197 1389 2306 1436 tum
2356 1391 2635 1453 tutumque
2676 1384 2866 1455 pignus
2914 1385 3105 1442 futura:
3153 1385 3404 1458 deinceps
3451 1392 3782 1460 securitatis,

2194 1472 2386 1527 merito
2429 1482 2686 1544 parcunt;
2731 1475 2821 1532 hic
2856 1491 2986 1532 vero
3018 1493 3140 1532 cum
3177 1478 3335 1533 sciret
3371 1494 3429 1535 se
3467 1479 3673 1536 hostem
3726 1484 3785 1539 in

2193 1579 2343 1619 suam
2390 1565 2555 1635 ipsius
2605 1568 2892 1635 perniciem
2941 1569 3239 1636 dimittere,
3270 1586 3334 1626 ac
3371 1573 3594 1630 salutem
3645 1575 3785 1632 dare

2194 1653 2430 1721 inimico,
2463 1654 2602 1711 haud
2632 1665 2809 1713 tamen
2839 1658 2984 1714 illum
3012 1660 3225 1727 occidit,
3264 1661 3422 1733 idque
3447 1678 3566 1718 cum
3606 1665 3783 1721 liabe-

2191 1752 2276 1799 rct
2312 1746 2478 1801 multa
2525 1747 2591 1802 ad
2622 1763 2747 1804 eam
2775 1749 2974 1805 caedem
3010 1750 3356 1821 impellentia.
3398 1754 3605 1809 Etenim
3644 1757 3785 1812 soll-

2192 1834 2321 1890 tudo
2346 1837 2487 1907 regis
2513 1838 2712 1894 auxilio
2751 1839 2953 1908 nudati,
2982 1841 3285 1897 exhortatio
3310 1843 3555 1910 militum,
3579 1859 3786 1916 praete-

2191 1927 2413 1981 ritorum
2444 1927 2721 1998 m‘emoria,
2749 1930 3043 1987 futurorum
3083 1941 3259 1989 metus
3281 1948 3297 2000 ;
3319 1934 3385 1989 ad
3413 1935 3527 1991 haec
3551 1938 3713 2007 quod‘
3736 1940 3785 1994 si

2191 2015 2544 2074 interfecisset
2589 2019 2897 2089 inimicum,
2945 2038 3050 2078 non
3089 2034 3271 2094 posset
3305 2024 3544 2082 damnari
3570 2030 3783 2097 ca'dis,

2191 2108 2436 2179 quodque
2461 2120 2581 2181 post
2600 2113 3098 2184 ctedem‘peraetam
3126 2117 3294 2188 legem
3325 2118 3400 2191 (a)
3426 2119 3592 2188 ipsam
3625 2137 3790 2177 man-

2194 2201 2477 2259 suetudine
2495 2218 2748 2273 superarc
2770 2206 3057 2274 videretur,
3089 2206 3204 2264 llaec
3232 2218 3286 2264 et
3306 2210 3408 2264 alia
3437 2210 3586 2281 plura
3619 2228 3790 2284 urge-

2193 2288 2323 2344 bant
2371 2293 2867 2368 compellebantque
2918 2299 3093 2369 gladio
3145 2301 3295 2355 illum
3345 2303 3654 2359 confodere.
3708 2308 3791 2363 At

2188 2377 2379 2434 horum
2421 2382 2550 2437 nulli
2579 2385 2775 2451 cessit,
2802 2387 2897 2443 sed
2926 2390 3221 2445 adamantis
3263 2390 3462 2448 invioli
3479 2409 3627 2450 more
3657 2412 3793 2466 per-

2186 2471 2338 2535 atitit,
2370 2472 2740 2530 iMemeratam
2772 2477 3121 2549 philosophia:
3166 2480 3347 2552 legem
3385 2498 3623 2540 servans.
3655 2485 3789 2542 Cac-

2190 2567 2360 2616 terum
2387 2578 2456 2618 ne
2479 2563 2627 2620 dicas
2658 2566 2804 2622 illum
2845 2569 2974 2624 nihil
2997 2586 3180 2627 eorum
3209 2574 3442 2631 sensisse
3465 2576 3784 2644 affectuum,

2186 2666 2322 2720 quos
2348 2655 2581 2712 sensisse
2608 2672 2704 2727 par
2725 2667 2860 2725 erat,
2889 2661 2983 2717 sed
3011 2662 3060 2718 id
3087 2664 3228 2737 quod
3256 2667 3444 2723 accidit
3474 2684 3579 2725 non
3610 2671 3785 2728 fuisse

2190 2743 2577 2816 philosophiam
2600 2790 2616 2815 ,
2645 2750 2738 2806 sed
2774 2760 3046 2823 stuporem
3076 2774 3090 2810 :
3120 2759 3398 2815 considera
3427 2777 3581 2830 quam
3610 2765 3785 2820 vehe-

2186 2847 2396 2895 menter
2431 2851 2777 2912 exasperatus
2821 2845 2921 2901 sibi
2960 2850 3286 2917 temperarit.
3335 2851 3609 2923 Siquidem
3662 2858 3780 2911 ira-

2184 2929 2392 2985 cundia:
2420 2929 2614 2988 fluctus
2635 2932 2690 2987 in
2710 2934 2890 2991 animo
2914 2937 3052 2993 illius
3081 2939 3416 3008 intumuisse,
3441 2946 3779 3019 multamque

2183 3022 2560 3093 cngitationum
2593 3028 2879 3095 procellam
2922 3033 3238 3088 concitatam
3270 3035 3434 3093 fuisse
3456 3078 3473 3102 ,
3512 3039 3629 3094 sed‘
3650 3056 3776 3096 eam

2186 3122 2554 3184 tempestatem
2600 3118 2898 3177 refrenasse
2938 3123 3126 3179 timore
3172 3126 3295 3193 Dei,
3333 3129 3647 3202 animosque
3681 3149 3779 3189 re-

2183 3208 2462 3277 pressisse,
2490 3225 2557 3264 ex
2585 3210 2648 3265 iis
2673 3227 2791 3281 qua:
2821 3212 2964 3268 facta
2984 3224 3105 3270 sunt
3131 3218 3432 3287 perspicere
3458 3220 3600 3276 licet.
3634 3222 3780 3279 Sur-

2181 3302 2331 3364 rexit,
2353 3300 2541 3371 inquit,
2569 3312 2616 3357 et
2638 3304 2752 3359 tulit
2775 3320 2914 3361 oram
2938 3307 3223 3380 chlamydis
3245 3308 3429 3365 saetis
3447 3312 3793 3367 clanculunta

2183 3391 2345 3449 Vides
2389 3404 2582 3465 quanta
2627 3398 2718 3452 ira:
2747 3406 3036 3468 tempestas
3080 3410 3265 3458 coorta
3302 3403 3493 3461 fuerit?
3544 3407 3615 3462 At
3657 3425 3771 3463 non

2181 3486 2442 3555 processit
2470 3487 2722 3557 ulterius,
2749 3505 2921 3561 neque
2959 3490 3083 3548 fecit
3122 3494 3452 3566 naulragium
3476 3538 3491 3562 ,
3522 3512 3588 3553 eo
3620 3502 3771 3569 quod

2179 3575 2519 3645 gubernatrix
2543 3578 2683 3634 illico
2706 3581 2943 3636 sentiens
2968 3583 3280 3653 periculum,
3307 3586 3551 3643 videlicet
3579 3589 3660 3658 pia
3685 3607 3774 3645 ra-

2182 3667 2256 3722 tio
2277 3709 2292 3733 ,
2325 3676 2692 3739 tempestatem
2732 3673 2888 3747 vertit
2936 3673 2987 3728 in
3021 3676 3471 3746 tranquillitatem.
3503 3677 3773 3735 Percussit

2179 3757 2353 3822 enim,
2385 3758 2591 3829 inquit,
2619 3759 2866 3816 Davidem
2911 3780 2999 3818 cor
3043 3765 3237 3835 ipsius,
3264 3782 3327 3822 ac
3374 3770 3520 3824 velut
3564 3786 3770 3841 equum

2179 3848 2544 3905 snbsilieutem
2579 3866 2642 3907 ac
2671 3852 3033 3918 ferocientem,
3065 3859 3341 3913 revocavit
3360 3860 3510 3914 iram.

2250 3938 2303 3993 6.
2344 3938 2656 4011 Hujusmodi
2688 3952 2825 3997 sunt
2850 3956 3155 4001 sanctorum
3194 3949 3385 4004 animae
3410 3967 3435 4003 ε’
3453 3951 3769 4022 priusquam

2178 4031 2477 4097 concidant,
2510 4046 2810 4105 resurgunt,
2843 4038 3145 4109 priusquam
3171 4040 3247 4095 ad
3269 4051 3539 4111 peccatum
3567 4059 3771 4114 perve-

2180 4124 2345 4187 niant,
2375 4124 2729 4194 refrenantur,
2762 4144 2828 4184 eo
2851 4131 2991 4201 quod
3034 4133 3227 4188 sobria:
3273 4134 3376 4190 sint
3401 4177 3415 4199 ,
3446 4151 3773 4209 semperque

2178 4212 2413 4282 vigileut.
2467 4214 2530 4269 Et
2571 4223 2748 4272 tamen
2794 4232 3049 4289 quantum
3088 4231 3203 4277 erat
3248 4223 3576 4281 intervallum
3621 4228 3773 4286 inter

2177 4319 2370 4374 corpus
2391 4314 2445 4360 et
2471 4316 2670 4362 vestem
2695 4309 2719 4362 ?
2746 4311 2995 4367 Attamen
3025 4313 3110 4369 ille
3142 4317 3374 4386 seipsum
3403 4320 3661 4384 cohibuit.
3692 4339 3773 4379 ne

2176 4395 2584 4465 pr0grederetnr
2629 4398 2848 4456 ulterius
2901 4420 2914 4456 :
2956 4402 3274 4475 insuperquc
3315 4408 3384 4463 ob
3432 4408 3531 4465 hoc
3583 4411 3766 4481 ipsum

2175 4486 2407 4554 graviter
2447 4486 2680 4556 seipsmn
2725 4492 3115 4550 condemnavit.
3151 4496 3410 4555 Percussit
3451 4504 3622 4564 enim,
3678 4505 3765 4560 ins

2175 4577 2308 4647 quit,
2339 4578 2484 4632 illum
2521 4597 2608 4635 cor
2631 4583 2808 4653 ipsius,
2838 4587 2983 4655 quod
3001 4589 3285 4645 abstulisset
3309 4602 3589 4648 extremum
3616 4597 3772 4652 chla-

2174 4669 2341 4739 mydis
2364 4710 2379 4737 ,
2408 4671 2633 4742 dixitque
2659 4674 2727 4728 ad
2766 4677 2895 4731 viros
2922 4695 2941 4732 :
2977 4679 3305 4752 Nequaquam
3346 4686 3442 4740 hoc
3468 4688 3592 4742 mihi
3632 4691 3700 4744 sit
3732 4709 3769 4746 α

2174 4758 2393 4816 Domino
2420 4762 2492 4836 (li)
2523 4763 2595 4837 (l.
2627 4765 2751 4837 Reg.
2771 4766 2862 4822 24.
2887 4770 2962 4840 6).
2985 4772 3118 4838 Quid
3139 4784 3219 4829 est
3243 4776 3391 4843 illud,
3421 4777 3770 4849 Nequaquam

2173 4853 2267 4909 Itoc
2293 4858 2357 4910 sit
2385 4858 2509 4912 milii
2541 4877 2573 4912 a
2596 4858 2815 4916 Domino
2840 4863 2865 4916 .9
2892 4863 3177 4934 Propitius,
3207 4868 3397 4940 inquit,
3431 4872 3500 4925 sit
3535 4874 3689 4938 mihi,
3715 4875 3769 4929 si

2173 4946 2274 5002 hoc
2298 4949 2582 5006 voluissem
2617 4969 2631 5004 :
2663 4969 2728 5008 ne
2767 4956 3026 5011 concedat
3049 4973 3297 5028 umquam
3340 4970 3395 5015 ut
3435 4962 3535 5017 hoc
3564 4963 3768 5021 faciam

2173 5038 2335 5105 Deus,
2359 5056 2530 5112 neque
2553 5044 2820 5113 permittat
2847 5064 2932 5102 me
2954 5049 3020 5102 ad
3047 5058 3247 5105 tantum
3276 5052 3526 5110 devenire
3555 5059 3766 5114 scelus.

2170 5133 2430 5201 Quoniam
2464 5136 2676 5192 videbat
2724 5138 2861 5195 hanc
2896 5140 3285 5213 philosophiam
3323 5163 3576 5217 superare
3619 5166 3767 5220 pene

2233 5330 2314 5407 ςᾳ)
2338 5338 2681 5407 Legem-ipsam
2703 5339 3076 5407 mansuetudine
3093 5351 3379 5407 superasset
3393 5343 3768 5405 David,etiamsi

2167 5393 2359 5472 saniem
2380 5393 2656 5472 occidisset,
2675 5397 2887 5472 quialex
2913 5393 3225 5466 praecipiebat
3246 5393 3447 5472 dentem
3471 5393 3766 5472 55331;;

2169 5455 2359 5530 oculum
2378 5470 2467 5530 pro
2482 5455 2736 5530 conleci,
2750 5464 2805 5530 ut
2824 5455 3135 5530 consequens
3153 5474 3280 5530 erat,
3292 5455 3439 5517 vitam
3459 5455 3769 5530 luat-i135:

2169 5517 2210 5565 ri
2225 5530 2239 5576 ;
2265 5518 2340 5593 ita.
2352 5517 2418 5593 ut.
2428 5520 2480 5593 εἰΔ
2492 5518 2700 5593 saniem
2712 5517 3072 5593 interfecisset,
3118 5517 3278 5593 minus
3290 5588 3302 5593 _
3319 5517 3471 5579 etlam'
3487 5517 3661 5593 quam?
3676 5517 3766 5586 1LT;

2168 5580 2488 5659 permittebat
2508 5579 2707 5659 fecisset
2730 5584 2871 5659 David
2890 5579 3336 5659 semel'occidendo
3360 5603 3488 5650 eum,
3506 5579 3598 5656 qui
3621 5579 3759 5659 erit};

2171 5641 2314 5690 vitam
2339 5641 2428 5703 ipsi
2449 5644 2645 5702 eripere
2667 5651 2868 5695 conatus
2888 5645 3065 5695 fuerat.

2234 5703 2307 5766 (1))
2341 5705 2412 5753 sic
2437 5711 2550 5767 Iteg.
2576 5706 2659 5757 ilic
2680 5706 2898 5769 qutcdam
2922 5710 3094 5759 omissa
3118 5707 3308 5761 fuerant
3332 5713 3378 5762 iu
3401 5715 3565 5767 Morel.
