4110 6214
409 359 514 415 683

405 475 666 547 μέλλοντα
711 471 888 536 ἄνελε,
931 470 1017 523 ἴνα
1073 469 1148 541 μὴ
1202 470 1420 540 μείζονα
1474 473 1567 524 καὶ
1614 470 1964 542 χαλεπώτερα

404 565 724 636 ὑποστῶμεν
753 564 915 618 κακά.
943 561 1125 617 Ταῦτα
1146 562 1254 634 γάρ
1280 564 1328 615 εί
1358 563 1450 615 καὶ
1483 564 1558 634 μὴ
1584 565 1696 625 τοῖς
1729 564 1967 632 ῥήμασιν

401 661 585 729 ἔλεγον
607 699 621 722 .
679 659 794 714 ἀλλ’
845 659 993 728 ὅμως
1041 659 1182 710 κατά
1239 657 1474 710 διάνοιαν
1524 655 1825 726 ἐλογίζοντο
1874 655 1969 709 καί⁸

401 749 592 810 ταῦτα,
625 745 944 800 καὶτούτων
985 745 1204 798 πλείονα
1236 746 1418 816 ἕτερα.

473 843 535 888 ε’.
553 835 692 887 Ἀλλ’
720 833 869 886 οὐδὲν
887 832 1090 884 τούτων
1110 834 1137 885 6
1161 831 1360 894 δίκαιος
1383 833 1585 894 ἐκεῖνος
1601 828 1964 898 ὑπελογίζετο,

403 935 518 988 ἀλλ’
557 936 635 996 είς
667 933 724 986 ἒν
754 931 948 985 ἐϐλεπ
987 929 1165 1000 μόνον,
1207 931 1354 993 ὅπως
1380 930 1469 983 τὸν
1500 931 1598 1001 τῆς
1623 929 1969 994 ἀνεξικακίας

403 1033 768 1106 ἀναδήσασθαι
801 1031 999 1102 δυνηθῇ
1040 1031 1321 1100 στέφανον,
1354 1032 1448 1084 καὶ
1480 1030 1834 1100 φιλοσοφῆσαι
1876 1045 1968 1097 φι-

405 1135 657 1204 λοσοφίαν
692 1132 814 1187 τινὰ
848 1133 1162 1201 καινοτέραν
1203 1131 1296 1184 καὶ
1335 1128 1650 1201 παράδοξον.
1691 1128 1827 1185 Ούδὲ
1861 1129 1969 1197 γὰρ

403 1229 473 1303 ἦν
510 1233 651 1287 οὕτω
687 1232 1013 1303 θαυμαστὸν,
1055 1233 1103 1283 εί
1151 1231 1308 1300 μόνος
1355 1229 1430 1283 ὣν
1479 1230 1572 1282 καὶ
1610 1229 1730 1282 καθ’
1779 1227 1970 1281 ἐαυτὸν

406 1335 658 1404 ἐφείσατο
686 1333 777 1386 τοῦ
809 1331 1170 1402 λελυπηκότος
1188 1370 1202 1394 ,
1242 1331 1317 1394 ώς
1342 1329 1436 1382 νῦν
1466 1329 1766 1400 παράδοξόν
1799 1329 1966 1391 ἐστιν,

404 1436 484 1488 ὅτι
527 1435 803 1505 παρόντων
847 1433 1047 1504 ἐτέρων
1077 1431 1224 1501 αὐτῷ
1253 1431 1410 1484 τοῦτο
1451 1430 1722 1499 ἐποίησεν.
1758 1428 1822 1480 Ἠ
1865 1428 1971 1493 γὰρ

404 1537 512 1589 τῶν
539 1533 883 1605 στρατιωτῶν
928 1534 1151 1585 ἐκείνων
1190 1531 1460 1602 παρουσία
1502 1527 1719 1582 διπλοῦν
1765 1527 1972 1595 ἐγίνετο

404 1639 470 1706 τῇ
506 1636 790 1706 φιλοσοφία
818 1636 876 1686 1.‘
909 1632 1156 1702 κώλυμα.
1204 1631 1468 1693 Πολλάκις
1496 1631 1624 1698 γοῦν
1661 1629 1814 1681 αὑτοὶ¹
1849 1627 1970 1698 κρί-

406 1753 597 1798 ναντες
628 1733 794 1804 ὀργὴν
822 1733 1066 1801 ἀφεῖναι,
1111 1731 1205 1784 καὶ
1246 1733 1593 1801 συγχωρῆσαι
1626 1729 1693 1782 τὰ
1727 1727 1975 1796 πεπλημ-

411 1837 688 1908 μελημένα
725 1835 852 1897 τινὶ,
889 1833 1107 1886 ἐπειδὰν
1142 1832 1338 1902 ἴδωμέν
1381 1849 1534 1894 τινας
1579 1829 1974 1901 παροξύνοντας

407 1937 503 1989 καὶ
522 1935 889 2005 διεγείροντας
909 1974 924 1999 ,
972 1934 1068 2004 τὴν
1097 1933 1367 2004 ἡμετέραν
1397 1931 1736 1999 καταλύομεν
1772 1929 1971 1998 κρίσιν,

405 2041 518 2100 τοῖς
544 2037 763 2088 ἐκείνων
786 2035 1245 2106 παραπειθόμενοι
1267 2033 1462 2102 λόγοις.
1484 2031 1622 2085 Ἀλλ’
1650 2034 1685 2085 6
1706 2029 1974 2101 μακάριος

407 2135 610 2198 ἐκεῖνος
631 2133 786 2187 τοῦτο
817 2134 913 2187 ούκ
943 2134 1163 2202 ἔπαθεν,
1192 2133 1327 2188 ἀλλά
1357 2136 1451 2187 κα)⁸
1473 2133 1615 2204 μετά
1647 2135 1744 2204 τὴν
1773 2131 1974 2202 παραί-

407 2251 552 2286 νεσιν
583 2233 675 2286 καὶ
693 2233 792 2304 τὴν
818 2233 1124 2304 συμϐουλὴν
1154 2235 1312 2304 ἔμενε
1340 2233 1436 2304 τὴν
1469 2232 1675 2286 οἰκείαν
1704 2230 1976 2300 διατηρῶν

405 2335 604 2404 ψῆφον.
650 2336 756 2388 Καὶ
798 2335 859 2387 οὑ
889 2333 1046 2386 τοῦτο
1083 2335 1241 2404 μόνον
1278 2335 1394 2386 ἐστὶ
1433 2333 1493 2384 16
1528 2330 1857 2401 θαυμαστὸν,
1895 2330 1977 2383 ὃτι

407 2437 530 2490 οὔτε
560 2440 678 2500 ταῖς
707 2438 835 2507 παρ’
863 2437 1072 2506 ἐτέρων
1114 2434 1440 2506 παρετράπη
1484 2432 1831 2503 συμϐουλαῖς,
1869 2431 1976 2483 οὐδ’

407 2540 489 2594 ὃτι
513 2538 708 2600 αὑτοὺς
736 2537 836 2589 οὐκ
865 2535 1086 2599 ἔδεισεν,
1108 2535 1222 2588 ἀλλ’
1251 2537 1330 2588 ὅτι
1358 2535 1454 2588 καὶ
1478 2534 1718 2595 ἐκείνους
1746 2530 1814 2584 τά
1839 2530 1980 2584 αὑτά

409 2641 556 2710 αὐτῷ
587 2639 894 2709 φιλοσοφεῖν
923 2637 1320 2708 παρεσκεύασε.
1356 2636 1514 2702 Μέγα
1545 2635 1643 2705 μὲν
1671 2633 1779 2703 γὰρ
1801 2635 1859 2684 τὸ
1885 2631 1980 2683 καὶ

409 2743 572 2794 αὑτόν
601 2757 718 2794 τινα
757 2741 866 2793 τῶν
905 2740 1120 2792 οἰκείων
1169 2735 1549 2808 περιγενέσθαι
1586 2734 1804 2788 παθῶν·
1843 2732 1976 2786 πολὺ

408 2846 464 2898 δέ
487 2843 669 2914 μεῖζον
689 2844 748 2896 16
775 2844 866 2895 καὶ
892 2843 1110 2912 ἐτέρους
1139 2839 1431 2910 δυνηθῆναι
1457 2840 1662 2902 πεῖσαι,
1690 2837 1787 2906 τὴν
1807 2835 1977 2906 αὐτὴν

412 2946 559 3015 αὑτῷ
591 2941 894 3014 κτήσασθαι
919 2941 1169 3010 γνώμην
1201 2942 1295 2992 καὶ
1323 2939 1558 3010 ἐτέρους,
1591 2937 1690 2989 οὑκ
1719 2937 1978 2997 ἐπιεικεῖς

412 3043 729 3115 ἀνθρώπους
759 3044 851 3096 καὶ
882 3042 1154 3130 μεξρίους,
1181 3040 1316 3094 ἀλλά
1343 3037 1674 3110 στρατιώτας
1702 3038 1797 3090 καὶ
1825 3034 1982 3088 πολε-

415 3152 536 3219 μεῖν
585 3145 1004 3219 μεμαθηκότας,
1051 3144 1144 3197 καὶ
1187 3145 1298 3205 τοῖς
1348 3141 1560 3204 πολλοῖς
1595 3139 1980 3208 ἀπεγνωκότας

413 3251 615 3312 πόνοις,
645 3247 736 3300 καὶ
764 3245 958 3316 μικρὸν
985 3242 1320 3298 ἀναπνεῦσαι
1341 3241 1760 3310 ἐπιθυμοῦντας,
1783 3240 1878 3292 καὶ
1902 3240 1980 3292 είι

411 3353 568 3413 δότας
600 3353 681 3402 ὃτι
706 3350 813 3401 τῶν
843 3345 1028 3401 κακῶν
1060 3349 1092 3416 ἡ
1125 3345 1277 3408 λύσις
1303 3346 1450 3398 πᾶσα
1495 3345 1552 3396 ἐν
1584 3345 1649 3414 τῇ
1697 3342 1788 3404 τοῦ
1821 3342 1981 3396 πολε-

416 3456 540 3526 μίου
583 3455 764 3523 σφαγῇ
804 3454 924 3505 τότε
958 3449 1164 3503 ἔκειτο·
1214 3449 1274 3502 οὑ
1312 3448 1470 3516 μόνον
1505 3447 1564 3500 δὲ
1593 3445 1744 3509 λύσις
1770 3446 1980 3516 κακῶν,

414 3556 548 3610 ἀλλὰ
571 3555 666 3608 καὶ
687 3553 896 3625 μυρίων
925 3553 1116 3622 κτῆσις
1135 3549 1356 3617 ἀγαθῶν
1376 3565 1388 3577 °
1414 3550 1566 3602 οὑδέν
1586 3548 1694 3618 γὰρ
1722 3546 1981 3612 ἐκώλυεν,

415 3656 625 3709 ἐκείνου
660 3654 978 3721 σφαγέντος,
1026 3653 1118 3704 ἐπι
1148 3651 1334 3704 τοῦτον
1367 3650 1568 3712 εὐθέως
1599 3648 1847 3718 διαϐῆναι
1886 3647 1985 3716 τὴν

421 3756 713 3826 βασιλείαν.
754 3752 891 3806 Ἀλλ’
920 3753 1068 3821 ὅμως
1112 3751 1380 3803 τοσούτων
1407 3750 1577 3802 ὅντων
1608 3749 1716 3800 τῶν
1745 3746 1984 3815 παροξυ-

421 3857 619 3911 νόντων
646 3855 769 3918 τοὺς
805 3851 1160 3924 στρατιώτας,
1192 3852 1408 3921 ἴσχυσεν
1454 3852 1483 3902 6
1509 3851 1752 3917 γενναῖος
1781 3849 1988 3910 ἐκεῖνος

421 3960 637 4015 πάντων
667 3953 1046 4025 περιγενέσθαι
1079 3952 1306 4018 τούτων,
1347 3951 1440 4005 καὶ
1470 3953 1653 4003 πεῖσαι
1699 3947 1985 4018 φείσασθαι

420 4047 513 4101 τοῦ
552 4044 830 4116 πολεμίου.

497 4153 680 4218 Ἀξιον
701 4151 757 4206 δὲ
789 4151 882 4204 καὶ
907 4150 1076 4221 αὑτῆς
1112 4148 1340 4203 ἀκοῦσαι
1366 4148 1475 4201 τῶν
1515 4143 1859 4216 στρατιωτῶν
1891 4143 1989 4212 τῆς

424 4241 763 4311 συμϐουλῆςο
807 4240 841 4310 ἠ
894 4239 1002 4310 γάρ
1040 4237 1343 4308 κακουργία
1381 4237 1479 4305 τῆς
1523 4233 1893 4304 παραινέσεως
1930 4231 1990 4282 τὸ

425 4329 652 4401 στερρὸν
683 4329 776 4381 καὶ
813 4327 1208 4398 ἀπερίτρεπτον
1241 4324 1339 4393 τῆς
1372 4322 1465 4376 τοῦ
1510 4321 1718 4374 δικαίου
1754 4319 1990 4372 δείκνυσι

424 4416 668 4486 γνώμης.
714 4414 846 4467 υὺδέ
891 4414 996 4482 γὰρ
1041 4408 1226 4465 εἷπονο
1264 4409 1392 4463 ’1δοὺ
1425 4411 1454 4462 6
1498 4407 1666 4479 μυρία
1699 4423 1757 4459 σε
1788 4405 1990 4468 διαθεὶς

424 4501 570 4555 κακά
590 4543 604 4564 ,
638 4503 667 4552 6
693 4499 790 4568 τῆς
826 4499 1036 4568 σφαγῆς
1068 4497 1412 4567 ἐπιθυμήσας
1441 4495 1536 4565 τῆς
1565 4493 1684 4565 σῆς,
1711 4494 1739 4544 6
1764 4492 1990 4563 περιϐα-

424 4588 530 4642 λὼν
559 4589 702 4657 ἡμᾶς
748 4588 857 4648 τοῖς
887 4585 1200 4654 ἀνηκέστοις
1237 4584 1423 4645 δεινοῖς
1447 4599 1460 4613 ⁶
1504 4581 1616 4634 ἀλλ’
1649 4581 1832 4650 ἐπειδὴ
1864 4596 1990 4632 συν-

424 4676 563 4728 ιῖδον
597 4676 676 4727 ὅτι
708 4675 920 4727 πάντων
944 4673 1144 4723 τούτων
1173 4669 1458 4741 ὑπερεώρα
1480 4708 1494 4730 ,
1537 4669 1630 4721 καὶ
1659 4668 1764 4720 τῶν
1790 4669 1867 4729 είς
1895 4667 1991 4718 αύ-

423 4763 515 4817 τὺν
559 4759 963 4832 ἡμαρτημένων
986 4759 1046 4809 ού
1080 4757 1243 4811 πολὺν
1269 4759 1502 4809 ἐποιεῖτο
1526 4755 1615 4808 τὸν
1646 4755 1820 4822 λόγον,
1850 4755 1991 4807 ἀνω-

425 4851 516 4904 θεν
544 4848 691 4919 αὐτῷ
723 4850 820 4918 τὴν
843 4847 1019 4916 ψῆφον
1053 4846 1324 4916 φέρουσιν,
1368 4845 1420 4894 ’0
1453 4842 1593 4907 Θεὸς
1625 4842 1810 4894 αὑτὸν
1847 4858 1991 4909 παρ-

425 4939 635 5000 έδωκε,
682 4938 928 5004 λέγοντες
953 4975 966 4998 ,
1004 4934 1089 4986 ἵνα
1123 4934 1218 5004 τὴν
1252 4933 1458 4984 ἐκεῖθεν
1505 4931 1767 4993 αἰδεσθεὶς
1810 4933 1990 5000 κρίσιν

428 5028 766 5096 ἑτοιμότερον
799 5027 889 5078 ἐπὶ
925 5025 1022 5094 τὴν
1057 5021 1266 5092 σφαγὴν
1312 5021 1456 5092 ἔλθῃ.
1506 5019 1596 5090 Μὴ
1642 5019 1748 5088 γάρ
1798 5018 1990 5070 σαυτδν

429 5115 686 5179 ἐγδικείςς
716 5115 864 5185 φησί.
902 5115 991 5184 Τῷ
1024 5113 1141 5182 Θεῷ
1167 5112 1382 5180 διακονῇ
1426 5110 1516 5162 καὶ
1545 5111 1830 5180 ὑπηρετεῖς
1850 5149 1864 5172 ,
1900 5109 1992 5161 καὶ

427 5206 525 5272 τὴν
558 5205 766 5257 ἐκείνου
811 5205 985 5275 ψῆφον
1018 5206 1221 5274 κυροῖς.
1265 5201 1401 5254 Ἀλλ’
1435 5203 1544 5270 ὅσῳ
1570 5199 1741 5252 ταῦτα
1786 5200 1987 5266 ἔλεγον,

428 5296 666 5363 τοσούτῳ
706 5292 902 5362 μᾶλλον
952 5291 1209 5358 ἐφείδετο.
1243 5290 1395 5362 ᾘδει
1449 5288 1556 5358 γὰρ
1606 5287 1790 5350 τοῦτο,
1839 5288 1920 5339 ὅτι
1964 5290 1993 5340 6

429 5378 583 5453 [756]
610 5380 739 5443 Θεὸς
770 5379 931 5432 αὑτδν
960 5378 1107 5447 αὑτῷ
1135 5376 1466 5448 παρέδωκεν,
1502 5376 1586 5427 ἴνα
1631 5374 1871 5437 πλείονος
1904 5376 1993 5426 εύ-

428 5467 766 5539 ὼκιμήσεως
790 5465 938 5536 αὑτῷ
966 5467 1218 5536 παράσχῃ
1244 5465 1532 5536 πρόφασιν.
1553 5463 1660 5516 Καὶ
1695 5463 1758 5515 σὺ
1791 5462 1988 5524 τοίνυν,

429 5555 558 5608 ὃταν
591 5554 704 5623 ίδῃς
741 5553 831 5605 τὸν
878 5551 1068 5622 ἐχθρὸν
1106 5554 1183 5614 είς
1214 5556 1308 5615 τας
1342 5554 1527 5622 χεῖρας
1553 5549 1854 5619 ἐμπεσόντα
1895 5548 1992 5612 τὰς

432 5641 551 5706 σὰς,
575 5647 648 5713 μὴ
668 5642 849 5712 νόμιζε
872 5641 1156 5710 τιμωρίας,
1171 5639 1304 5693 άλλά
1333 5639 1603 5709 σωτηρίας
1634 5631 1770 5689 εἷναι
1802 5637 1990 5707 καιρὸν

430 5735 654 5788 ἐκεῖνον.
687 5732 784 5787 Διά
826 5731 978 5786 τοῦτο
1015 5733 1134 5786 τότε
1183 5730 1416 5803 μάλιστα
1448 5729 1721 5801 φείδεσθαι
1754 5727 1832 5781 δεῖ
1881 5726 1988 5780 τῶν

1421 359 1510 413 DE
1559 358 1810 413 DAVIDE
1847 357 1932 412 ΕΤ
1973 357 2199 415 SAULE
2238 360 2521 418 HOMILIA
2552 365 2593 418 1.

3535 369 3635 425 684

2074 473 2304 544 ἐχθρῶν,
2352 474 2480 528 ὅταν
2524 475 2703 530 αὑτῶν
2751 477 3036 548 γενώμεθα
3088 478 3286 550 κύριοι.
3335 479 3474 533 Ἀλλ’
3511 481 3639 547 ἴσως

2068 574 2209 626 είποι
2243 590 2326 635 τις
2354 573 2446 626 ἄν·
2479 576 2590 628 Καὶ
2617 576 2668 628 τί
2705 577 2844 647 μέγα
2886 579 2981 632 καὶ
3011 577 3321 650 θαυμαστὸν
3347 581 3636 652 γενόμενον

2068 671 2253 743 κύριον
2297 674 2616 746 φείσασθαι;
2669 673 2858 727 Πολλοὶ⁵
2905 675 3014 746 γὰρ
3057 677 3148 730 καὶ
3210 676 3352 730 ἄλλοι
3402 676 3639 745 βασιλεῖς

2073 769 2332 833 πολλάκις
2373 771 2462 823 ἐπὶ
2495 770 2592 838 τὴν
2625 770 2799 838 ἀρχὴν
2829 769 3092 836 ἐλθόντες,
3130 773 3254 835 τοὺς
3289 773 3454 824 παλαι
3484 773 3637 826 λελυ-

2071 866 2313 935 πηκότας
2339 866 2614 929 λαϐόντες,
2647 866 2861 928 ἀνάξιον
2891 866 3066 918 αὑτῶν
3111 863 3247 919 εἶναι
3290 867 3543 937 ἐνόμισαν
3582 873 3638 922 ἐν

2069 961 2243 1032 ἀρχῆς
2280 962 2426 1032 ὄγκῳ
2455 961 2690 1030 τοσούτῳ
2733 961 2884 1030 δίκην
2916 961 3216 1030 ἀπαιτῆσαι
3249 961 3354 1013 τῶν
3389 962 3640 1033 πεπλημ-

2071 1058 2412 1129 μελημένων,
2446 1059 2538 1110 καὶ
2569 1060 2602 1126 ἡ
2634 1059 2731 1127 τῆς
2771 1056 3016 1120 ἐξουσίας
3053 1059 3340 1128 περιουσία
3369 1058 3636 1112 καταλλαο

2067 1152 2172 1222 γῆς
2203 1153 2456 1214 ὑπόθεσις
2497 1152 2738 1220 γέγονεν.
2777 1151 2915 1204 Ἀλλ’
2957 1152 3190 1206 ἐνταῦθα
3221 1153 3372 1206 οὐδὲν
3403 1155 3640 1206 τοιοῦτον

2069 1248 2216 1300 ἐστιν
2238 1249 2430 1302 είπεῖν.
2457 1249 2529 1301 Οὑ
2560 1248 2666 1318 γάρ
2692 1248 2783 1299 ἐπ)⁸
2809 1247 2905 1316 τὴν
2930 1248 3102 1318 ἀρχὴν
3135 1249 3370 1302 ἀνελθὼν
3399 1251 3426 1303 6
3451 1248 3634 1314 Aau‘l6,

2069 1346 2188 1398 οὑδέ
2233 1347 2332 1415 τὴν
2379 1343 2652 1414 βασιλείαν
2694 1345 3003 1406 ἀπολαϐὼν,
3051 1337 3144 1398 καὶ
3193 1347 3280 1399 τὸν
3323 1347 3492 1400 Σαοὺλ
3535 1347 3642 1399 ὑπὸ

2069 1445 2257 1513 χεῖρας
2287 1441 2442 1509 ἔχων,
2468 1440 2638 1502 οὕτως
2670 1442 2942 1509 ἐφείσατο,
2971 1443 3056 1494 ἵνα
3084 1444 3156 1512 μή
3184 1460 3265 1505 τις
3295 1445 3444 1512 εἴπῃ,
3472 1444 3553 1495 ὅτι
3576 1442 3640 1494 τὺ

2068 1539 2170 1607 τῆς
2215 1539 2388 1606 ἀρχῆς
2421 1536 2647 1606 μέγεθος
2674 1537 2764 1590 τὸν
2795 1537 2962 1608 θυμὸν
3005 1538 3283 1602 ἐξέλυσεν·
3325 1539 3438 1592 ἀλλ’
3485 1538 3640 1602 είδῶς

2070 1635 2151 1687 ὃτι
2182 1634 2466 1696 διασωθεὶς
2498 1637 2607 1697 τοῖς
2635 1634 2817 1698 αὑτοῖς
2865 1635 3183 1704 ἐπιθήσεται
3227 1636 3407 1698 πάλιν,
3443 1637 3534 1690 καὶ
3563 1637 3643 1698 είς

2076 1730 2324 1802 μείζονας
2370 1729 2595 1800 ἐμϐαλεῖ
2627 1732 2752 1793 τοὺς
2815 1731 3111 1795 κινδύνους,
3159 1733 3278 1785 ούδέ
3310 1733 3480 1796 οὕτως
3537 1734 3644 1784 ἁπ-

2074 1827 2298 1879 έκτεινε.
2332 1825 2422 1895 Μὴ
2437 1825 2500 1896 δὴ
2526 1825 2710 1878 τοῦτον
2729 1827 2953 1888 ἐκείνοις
2968 1828 3388 1899 παραϐάλωμεν.
3420 1829 3644 1880 Ἐκεῖνοι

2076 1922 2174 1992 μὲν
2235 1923 2340 1989 γάρ
2395 1921 2633 1989 ἀσφαλὲς
2679 1921 2738 1974 16
2791 1923 3044 1992 ἐνέχυρον
3091 1924 3304 1992 ἔχοντες
3353 1924 3449 1992 τῆς
3507 1921 3644 1991 μετὰ

2073 2016 2242 2069 ταῦτα
2275 2015 2486 2077 ἀδείας,
2531 2015 2755 2078 εἰκότως
2791 2016 3089 2084 φείδονταιο
3141 2011 3293 2080 οὗτος
3337 2017 3391 2070 δὲ
3438 2016 3646 2086 μέλλων

2073 2111 2163 2162 τὸν
2194 2109 2385 2180 ἐχθρὸν
2419 2109 2538 2163 καθ’
2570 2109 2759 2163 ἐαυτοῦ
2785 2111 3024 2180 ἀφιέναι,
3061 2112 3153 2164 καὶ⁵
3183 2112 3438 2182 πολέμιον
3469 2110 3648 2180 ἐαυτῷ

2075 2205 2290 2271 σώζειν,
2317 2205 2436 2258 οὑδέ
2459 2205 2632 2269 οὕτως
2669 2207 2831 2259 αὑτὸν
2864 2208 3117 2276 ἠφάνισε,
3149 2209 3243 2262 καὶ
3275 2207 3447 2261 ταῦτα
3477 2207 3648 2261 πολλά

2076 2304 2213 2374 ἔχων
2266 2303 2333 2355 τά
2379 2303 2514 2372 πρὸς
2546 2302 2642 2373 τὴν
2674 2302 2884 2373 σφαγὴν
2924 2303 3086 2356 αὑτὸν
3133 2302 3334 2374 ταύτην
3381 2301 3645 2357 ὠθοῦντα.

2077 2401 2188 2454 Καὶ
2227 2398 2334 2469 γὰρ
2365 2400 2398 2469 ἡ
2425 2400 2629 2469 ἐρημία
2661 2397 2767 2450 τῶν
2796 2397 3131 2468 βοηθούντων
3163 2399 3239 2468 τῷ
3266 2399 3456 2462 Σαοὺλ,
3491 2400 3584 2451 καὶ
3613 2400 3646 2468 ἡ

2078 2495 2400 2565 παραίνεσις
2431 2494 2540 2546 τῶν
2573 2494 2941 2565 στρατιωτῶν,
2977 2495 3070 2548 καὶ
3101 2497 3132 2565 ἠ
3162 2497 3347 2565 μνήμη
3373 2494 3480 2547 τῶν
3505 2511 3648 2566 παρ-

2075 2589 2357 2657 ελθόντων,
2407 2590 2500 2643 καὶ⁵
2534 2593 2561 2643 6
2589 2591 2752 2659 φόϐος
2784 2591 2891 2643 τῶν
2937 2592 3258 2662 μελλόντων,
3301 2593 3394 2644 καὶ
3420 2590 3481 2644 16
3516 2591 3649 2660 μηδέ

2077 2688 2290 2758 σφαγῆς
2334 2688 2616 2758 κρίνεσθαι
2649 2689 2834 2742 λοιπὸν
2865 2689 3260 2742 ἀποκτείναντα
3303 2690 3393 2743 τδν
3436 2689 3649 2759 ἐχθρὸν,

2077 2788 2262 2843 καὶτὸ
2306 2786 2445 2857 μετὰ
2488 2789 2578 2840 τὸν
2630 2789 2789 2857 φόνον
2832 2788 3019 2842 τοῦτον
3059 2788 3314 2842 δύνασθαι
3363 2788 3455 2841 τὸν
3489 2787 3652 2857 νόμον

2078 2883 2446 2954 ὑπερϐαίνειν,
2483 2886 2578 2936 καὶ
2617 2885 2785 2936 πολλά
2819 2885 2980 2954 ἐτερα
3013 2885 3235 2938 πλείονα
3266 2885 3471 2938 τούτων
3502 2884 3652 2938 ἐϐιά·

2081 2977 2204 3042 ζετο
2226 2978 2319 3031 καὶ
2342 2979 2652 3048 ἠνάγκαζεν
2677 2977 2889 3046 ώθῆσαι
2915 2978 2974 3031 16
2999 2978 3148 3048 ξίφος
3170 2979 3249 3042 είς
3270 2981 3494 3032 ἐκεῖνον.
3511 2980 3566 3032 Ἀ
3577 2979 3651 3030 λλ⁹

2077 3074 2252 3129 οὑδενῖ⁵
2279 3074 2482 3128 τούτων
2514 3071 2674 3139 εἶξεν,
2727 3076 2840 3129 ἀλλ’
2870 3075 3058 3145 ἔμενεν
3087 3074 3277 3146 ὥσπερ
3305 3093 3387 3138 τις
3417 3075 3649 3146 ἀδάμας,

2078 3171 2333 3236 ἀκίνητον
2360 3172 2451 3224 τὸν
2480 3171 2580 3241 τῆς
2619 3172 2935 3240 φιλοσοφίας
2983 3172 3256 3242 διατηρῶν
3302 3172 3483 3242 νόμον.
3523 3166 3653 3224 Εἶτα

2078 3269 2164 3322 ἵνα
2195 3273 2269 3340 μὴ
2293 3270 2458 3342 λέγῃς
2486 3273 2566 3324 ὅτι
2597 3271 2716 3322 οὑδὲ
2761 3269 2930 3323 ἔπαθέ
2972 3287 3025 3323 τι
3071 3267 3332 3330 τοιοῦτον,
3365 3264 3475 3322 οἷον
3508 3267 3654 3330 είκδς

2076 3362 2167 3438 ἦν,
2193 3365 2306 3418 ἀλλ’
2333 3368 2656 3435 ἀναισθησία
2685 3365 2746 3419 16
2772 3367 3056 3436 γινόμενον
3077 3361 3165 3436 ἦν,
3194 3364 3314 3436 οὐχὶ
3346 3363 3652 3433 φιλοσοφία,

2077 3465 2180 3533 δρα
2203 3463 2320 3526 πῶς
2353 3463 2645 3533 ἀγριωθε“ις
2686 3463 3072 3534 ἐκαρτέρησεν.
3111 3463 3230 3515 '01:
3271 3461 3376 3532 γὰρ
3406 3459 3554 3530 αὐτῷ
3579 3459 3654 3512 διο

2081 3557 2276 3627 ανέστη
2301 3557 2369 3610 τὰ
2394 3559 2612 3628 κύματα
2627 3557 2724 3627 τῆς
2744 3559 2932 3628 ὀργῆς,
2963 3560 3054 3610 καὶ
3076 3556 3240 3627 πολλὴ
3255 3557 3361 3610 τῶν
3382 3554 3655 3624 λογισμῶν

2082 3652 2305 3722 ἐκινήθη
2339 3655 2372 3722 ή
2413 3653 2570 3722 ζάλη,
2606 3653 2700 3706 καὶ
2737 3653 2825 3707 τὸν
2853 3653 3095 3724 χειμῶνα
3121 3651 3362 3723 ἐχαλίνου
3400 3650 3478 3722 τῷ
3506 3649 3656 3720 φόϐῳ

2081 3749 2176 3801 τοῦ
2214 3748 2370 3811 Θεοῦ,
2397 3749 2491 3801 καὶ
2519 3749 2616 3816 τὴν
2651 3747 2885 3802 διάνοιαν
2915 3747 3181 3813 ἐπιέζετο,
3207 3749 3270 3802 ἐκ
3295 3749 3402 3802 τῶν
3430 3746 3656 3818 γενομέιι

2084 3861 2190 3896 νων
2222 3844 2368 3895 ἔστιν
2399 3843 2544 3896 ἰδεῖν.
2581 3843 2829 3912 Ἀνέστη
2870 3846 2997 3916 γὰρ,
3033 3846 3185 3916 φησὶ,
3236 3845 3332 3899 καὶ
3354 3844 3560 3914 ἀφεῖλε
3590 3843 3656 3896 τὸ

2085 3941 2400 4008 πτερύγιον
2415 3939 2519 4007 τῆς
2531 3940 2837 4007 διπλοΐδος
2860 3943 3054 3994 Σαοὺλ
3069 3943 3381 4010 λαθραίως.
3400 3938 3551 4004 Εἶδες
3568 3938 3658 3992 πό-

2087 4053 2178 4100 σος
2194 4036 2291 4106 ὴγέ
2301 4036 2400 4107 ρθη
2418 4037 2513 4107 τῆς
2529 4037 2695 4108 ὀργῆς
2715 4039 2742 4090 6
2763 4037 2969 4109 χειμών
2988 4057 3002 4104 ;
3028 4038 3165 4091 Ἀλλ’
3195 4039 3254 4092 οὑ
3281 4037 3518 4110 προῆλθε
3557 4053 3656 4089 πε-

2089 4133 2354 4204 ραιτέρω,
2383 4133 2501 4185 οὐδὲ
2530 4134 2822 4202 εἰργάσατο
2852 4135 2913 4188 16
2941 4135 3196 4202 ναυάγιον
3218 4151 3230 4164 ο
3262 4136 3290 4187 6
3332 4135 3436 4204 γὰρ
3463 4132 3659 4202 κυϐερ-

2087 4219 2254 4287 νήτης
2291 4219 2503 4288 ταχέως
2533 4220 2867 4290 αἰσθόμενος,
2921 4223 2950 4273 6
2995 4223 3220 4291 εὐσεϐὴς
3247 4222 3525 4291 λογισμὸς,
3559 4237 3658 4288 γα-

2088 4305 2253 4376 λήνην
2299 4306 2416 4358 ἀντὶ
2460 4307 2722 4375 χειμῶνος
2764 4310 3036 4378 ἐποίησεν.
3084 4309 3374 4373 Ἐπάταξε
3410 4309 3518 4378 γὰρ
3549 4309 3656 4358 αὺ-

2090 4396 2214 4455 τάν,
2243 4410 2312 4462 φη
2324 4394 2426 4455 σίν.
2449 4396 2484 4459 ἡ
2509 4393 2718 4461 καρδία
2741 4396 3056 4458 αὑτοῦ,καὶ
3075 4396 3321 4465 καθάπερ
3354 4393 3655 4465 σκιρτῶντα

2092 4479 2186 4532 καὶ
2222 4482 2541 4550 μαινόμενον
2575 4481 2756 4542 ἵππον,
2797 4483 2888 4535 τὸν
2921 4483 3089 4553 θυμὸν
3119 4483 3444 4552 ἀνεχαίτισε.

2155 4595 2219 4649 ς’.
2245 4589 2500 4643 Τοιαῦται
2528 4591 2636 4643 τῶν
2686 4592 2852 4661 ἀγίων
2896 4595 2950 4646 al
2986 4593 3182 4662 ψυχαί·
3232 4593 3359 4663 πρὶν
3388 4592 3419 4664 ἢ
3454 4593 3655 4655 πεσεῖν,

2091 4675 2424 4741 ἀνίστανται,
2449 4679 2578 4748 πρὶν
2600 4679 2630 4748 ἦ
2657 4681 2790 4748 πρὸς
2817 4680 2912 4748 τὴν
2938 4682 3210 4749 ἁμαρτίαν
3234 4679 3426 4740 ἐλθεῖν,
3442 4681 3660 4750 ἀναχαι-

2089 4763 2328 4826 τίζονται
2357 4805 2369 4823 .
2407 4766 2591 4834 ἐπε.δὴ
2620 4767 2847 4834 νήφουσι
2877 4767 2970 4819 καὶ
2998 4767 3286 4830 διαπαντός
3334 4771 3468 4820 εἰσιν
3497 4770 3658 4835 ἐγρη-

2091 4853 2324 4920 γορυῖαι.
2373 4854 2561 4904 Καίτοι
2597 4854 2759 4904 πόσον
2785 4852 2878 4904 τοῦ
2913 4853 3161 4924 σώματος
3196 4851 3263 4924 ἦν
3298 4853 3506 4907 καὶτοῦ
3536 4855 3660 4921 ίμα-

2091 4937 2207 4989 τίου
2239 4936 2388 5008 [737]
2422 4939 2480 4989 16
2513 4938 2674 5007 μέσον
2695 4957 2707 5002 ;
2728 4937 2863 4990 Ἀλλ’
2889 4941 3035 5008 ὅμως
3066 4944 3251 5009 ἴσχυσε
3278 4941 3350 5010 μὴ
3379 4938 3661 5010 προελθεῖν

2093 5025 2417 5094 περαιτέρω,
2465 5026 2555 5076 καὶ¹
2589 5026 2673 5076 ἐπ’
2714 5026 2860 5096 αὑτῷ
2902 5027 2957 5080 δὲ
2995 5027 3169 5097 τούτῳ
3215 5027 3417 5096 σφόδρα
3467 5026 3658 5078 ἑαυτὸν

2093 5111 2462 5164 κατεδίκασεν.
2497 5111 2782 5175 Ἐπάταξε
2805 5113 2913 5183 γὰρ
2940 5114 3126 5166 αὐτὸν
3150 5114 3187 5179 ἡ
3219 5114 3427 5182 καρδία
3450 5113 3657 5176 αὑτοῦ,

2094 5197 2292 5265 φησὶν,
2333 5196 2420 5249 ὅτι
2451 5198 2666 5264 ἀφεῖλε
2697 5199 2761 5250 τὸ
2809 5201 3124 5268 πτερύγιον
3167 5199 3276 5267 τῆς
3318 5199 3658 5264 διπλοΐδος.

2093 5283 2190 5336 καί
2214 5279 2341 5336 εἷπε
2369 5285 2518 5350 πρὸς
2551 5285 2688 5351 τοὺς
2717 5285 2968 5352 ἄνδρας·
3001 5287 3294 5355 Μηδαμῶς
3330 5288 3458 5356 ἐμοὶ
3502 5288 3661 5354 παρὰ

2092 5370 2333 5437 Κυρίου.
2392 5371 2454 5423 Τί
2503 5373 2638 5434 ἐστι,
2683 5371 2976 5440 Μηδαμῶς
3026 5374 3155 5443 ἐμοὶ
3198 5375 3355 5442 παρὰ
3407 5375 3658 5442 Κυρίου;

2105 5459 2248 5511 ’Λντὶ
2291 5458 2419 5524 τοῦ,
2446 5459 2629 5524 Ἵλεώς
2679 5479 2767 5531 μοι
2812 5462 3045 5533 Κύριος,
3092 5466 3257 5534 φησὶ,
3292 5465 3385 5518 καὶ
3424 5465 3583 5528 αὑτὸς
3609 5465 3658 5517 εί

2097 5545 2432 5616 βουληθείην,
2481 5548 2557 5617 μὴ
2593 5551 2942 5620 συγχωρήσαι
2989 5551 3078 5621 μοί
3125 5570 3252 5605 ποτε
3299 5551 3458 5606 τοῦτο
3495 5552 3685 5623 ἐργά-.

2096 5631 2289 5686 σασθαι
2329 5635 2357 5686 6
2389 5633 2553 5698 Θεὸς,
2593 5635 2726 5705 μηδέ
2765 5637 3105 5708 ἐπιτρέψειεν
3134 5641 3212 5702 είς
3249 5640 3449 5710 ταύτην
3488 5638 3662 5692 ἐλθεῖν

2094 5718 2191 5790 τὴν
2220 5719 2512 5794 ἁμαρτίαν.
2558 5720 2773 5794 Ἐπειδὴ
2812 5722 2919 5796 γάρ
2953 5721 3058 5780 οἶδε
3097 5725 3195 5797 τὴν
3223 5726 3476 5799 τοιαύτην
3508 5726 3658 5798 φιλοο
