4110 6214
344 334 448 392 685

345 455 582 502 naturam
616 439 922 502 humanam,
960 431 1261 503 cmlestique
1307 444 1441 500 opus
1471 429 1668 484 habere
1699 427 1914 489 auxilio,

345 551 508 605 seque
537 547 672 603 pene
713 531 779 585 ad
823 528 1022 584 czcdem
1055 527 1392 597 processisse,
1426 535 1692 592 precatur,
1725 531 1783 575 ut
1813 521 1919 575 Do-

347 628 522 682 minus
561 623 660 678 sibi
690 627 969 677 conservet
999 631 1214 671 manum
1260 614 1608 684 impollutam.
1637 611 1773 680 Quid
1821 610 1922 664 hoc

347 718 526 772 animo
563 713 728 784 possit
764 724 881 766 esse
920 707 1141 763 mitius?
1183 709 1265 761 An
1314 705 1453 760 hunc
1477 704 1716 759 dicemus
1747 700 1921 756 homi-

347 824 489 873 nem,
524 805 612 874 qui
639 805 691 858 itt
722 809 904 856 natura
936 799 1166 854 humana
1199 797 1359 852 vitam
1389 795 1695 866 praestiterit
1721 791 1922 862 angeli-

349 913 465 953 cam
490 897 514 950 ?
541 896 734 949 Verum
763 891 816 947 id
843 906 947 945 non
976 903 1207 960 passurae
1232 896 1353 942 sunt
1380 887 1572 940 divina:
1600 885 1764 955 leges.
1795 883 1923 949 Quis

349 986 766 1057 enim,obsecro,
790 982 941 1037 facile
969 995 997 1034 a
1029 981 1138 1034 Deo
1158 977 1414 1048 ejusmodi
1441 992 1550 1031 rem
1578 975 1760 1046 petat?
1787 973 1923 1042 Quid

349 1077 496 1143 dixi,
525 1071 865 1144 bujusmodi?
904 1070 1032 1138 Quis
1075 1070 1398 1133 sustineret,
1429 1081 1532 1120 nou
1578 1064 1785 1135 precari
1830 1062 1926 1117 ad-

355 1184 541 1224 versus
569 1181 688 1221 eum
709 1163 796 1234 qui
823 1163 1079 1217 molestus
1102 1159 1327 1214 fuisset?
1356 1157 1484 1212 Nam
1515 1157 1755 1226 plerique
1779 1168 1924 1207 mor-

352 1261 484 1314 tales
508 1273 572 1312 eo
596 1254 816 1310 feritatis
841 1252 1043 1321 abrepti
1065 1259 1208 1313 sunt,
1239 1258 1296 1302 ut
1321 1263 1438 1302 cum
1471 1249 1577 1300 sint
1602 1245 1732 1299 adeo
1763 1242 1928 1296 imbe-

351 1349 497 1403 cilles
521 1389 536 1412 ,
568 1356 626 1400 ut
663 1359 767 1398 non
807 1351 1001 1414 queant
1027 1355 1147 1395 eum
1177 1354 1207 1393 a
1235 1353 1341 1408 quo
1381 1335 1610 1390 lacessiti
1652 1341 1776 1387 sunt
1819 1331 1927 1385 ullo

352 1441 492 1495 malo
516 1437 748 1500 afﬁcere,
781 1436 941 1490 Deum
966 1432 1032 1487 ad
1059 1432 1308 1486 ultionem
1337 1430 1601 1490 invocent,
1632 1435 1691 1480 ut
1715 1424 1814 1479 sibi
1839 1424 1929 1478 det

353 1533 651 1587 facultatem
679 1527 902 1584 nocendi
926 1528 1011 1590 iis,
1031 1527 1116 1596 qui
1139 1525 1238 1578 sibi
1265 1525 1398 1578 mala
1416 1522 1662 1577 intulere.
1685 1518 1782 1573 llic
1801 1531 1929 1572 vero

354 1624 455 1678 illis
482 1623 728 1676 omnibus
756 1620 900 1674 velut
925 1633 990 1672 ex
1025 1617 1284 1671 diametro
1325 1614 1588 1670 contraria
1625 1611 1887 1682 precando
1910 1654 1925 1677 ,

353 1722 504 1784 rogat
529 1729 594 1765 ne
621 1709 890 1780 permittat
911 1716 969 1761 ut
998 1721 1186 1760 manus
1214 1705 1430 1773 injiciat,
1460 1703 1682 1773 loquens
1711 1701 1851 1756 inme
1876 1701 1928 1754 in

356 1804 570 1858 modum
604 1817 618 1854 :
652 1799 732 1853 Ne
767 1799 891 1852 mihi
929 1797 1022 1850 hoc
1050 1795 1244 1848 accidat
1277 1812 1309 1847 a
1333 1793 1552 1849 Domino
1576 1836 1590 1858 ,
1627 1802 1680 1846 ut
1705 1792 1931 1862 injiciam

355 1909 560 1946 manum
587 1906 744 1944 meam
770 1890 820 1942 in
857 1888 999 1942 illum
1033 1886 1106 1958 (1.
1139 1884 1263 1955 Reg.
1290 1885 1379 1939 24.
1417 1885 1472 1954 6)
1497 1902 1511 1938 :
1535 1883 1754 1954 perinde
1782 1882 1928 1953 quasi

355 1984 425 2038 de
457 1984 562 2036 lilio
589 1988 643 2034 ct
666 1980 731 2034 de
760 1978 928 2048 prole,
961 1977 1030 2030 ita
1054 1976 1118 2030 de
1146 1975 1295 2029 hoste
1325 1975 1572 2044 loquitur.

430 2074 587 2142 Reges
614 2069 826 2124 revereri
853 2076 1064 2137 oportet.
1101 2064 1307 2118 Hostem
1341 2063 1507 2117 David
1539 2061 1814 2130 honoriﬁce
1836 2076 1932 2130 ap-

357 2164 529 2232 pellat.
576 2191 646 2200 —
673 2158 854 2228 Neque
885 2156 1119 2227 pepercit
1149 2163 1348 2209 tantum
1375 2193 1390 2219 ,
1424 2169 1604 2208 verum
1634 2164 1688 2208 et
1715 2165 1936 2207 excusa-

359 2257 553 2306 tionem
611 2265 705 2320 pro
754 2263 820 2303 eo
865 2258 1034 2319 parat.
1080 2246 1216 2302 Vide
1265 2260 1392 2300 vero
1437 2260 1594 2315 quam
1649 2243 1935 2313 prudenter

357 2358 620 2413 quamque
646 2341 932 2410 sapienter.
963 2338 1235 2409 Siquidem
1265 2352 1384 2392 cum
1414 2337 1574 2390 vitam
1612 2335 1786 2390 Saulis
1811 2349 1934 2404 per-

359 2443 620 2496 scrutans,
651 2431 780 2486 nihil
811 2431 1098 2485 invenisset
1129 2429 1275 2495 boni,
1311 2438 1368 2482 ut
1391 2427 1569 2482 dicere
1595 2434 1791 2496 posset,
1818 2423 1935 2478 Non

360 2541 474 2579 sum
503 2523 569 2578 ab
591 2523 682 2577 illo
707 2523 885 2586 lazsus,
919 2535 1016 2576 nec
1045 2521 1152 2574 ullo
1180 2519 1397 2574 affectus
1424 2517 1759 2572 incommodo
1785 2517 1936 2587 (pro-

363 2619 504 2668 tinus
554 2615 696 2669 enim
757 2612 840 2666 his
884 2610 1218 2666 reclamaturi
1265 2617 1417 2664 erant
1463 2608 1654 2662 milites
1697 2607 1786 2677 qui
1839 2605 1936 2660 ad-

362 2705 787 2774 erant,regisque
830 2701 1083 2756 malitiam
1123 2700 1486 2770 experimento
1530 2697 1932 2769 cognoverant):

361 2797 459 2848 alia
486 2811 550 2850 ex
579 2803 726 2864 parte
750 2791 1084 2852 circumibat,
1109 2789 1328 2844 studens
1350 2789 1674 2859 probabilem
1701 2788 1938 2842 invenire

364 2886 777 2938 esettsationem.
808 2882 860 2935 Id
888 2897 1007 2937 cum
1044 2895 1149 2934 non
1181 2866 1378 2950 posset,
1413 2894 1509 2933 nec
1534 2879 1600 2933 ab
1637 2879 1782 2932 illius
1811 2879 1936 2944 vita,

365 2993 463 3030 nec
504 2992 532 3028 τι
571 2975 743 3038 factis,
788 2973 852 3026 ad
899 2972 1206 3041 dignitatem
1253 2970 1394 3024 illius
1439 2969 1674 3040 ceufugit
1715 2969 1936 3025 dicens:

367 3067 612 3132 Quoniam
664 3065 878 3118 Christus
910 3061 1113 3116 Domini
1159 3070 1250 3114 est.
1309 3059 1446 3127 Quid
1490 3061 1604 3127 ais,
1660 3059 1939 3130 inquiunt?

365 3158 504 3230 quod
555 3157 846 3222 scelestus,
894 3155 1035 3226 quod
1083 3153 1372 3208 sceleribus
1421 3163 1658 3223 opertus,
1687 3167 1750 3208 ac
1800 3152 1940 3206 vitiis

365 3251 834 3307 innumerabilibus
877 3247 1141 3310 refertus,
1182 3255 1237 3301 et
1288 3247 1338 3299 in
1371 3260 1469 3299 nos
1509 3256 1745 3300 extrema
1793 3244 1938 3314 cogi-

367 3349 520 3400 tans?
555 3344 659 3400 Sed
704 3359 795 3397 rex
816 3351 919 3406 est,
949 3340 1041 3396 sed
1071 3340 1334 3410 princeps,
1362 3337 1454 3392 sed
1489 3338 1840 3407 principatum
1885 3335 1939 3390 in

367 3452 462 3491 nos
495 3435 748 3504 susrepit.
779 3433 954 3503 Neque
977 3441 1151 3486 tamen
1179 3430 1332 3494 dixit,
1371 3429 1481 3484 Rex
1507 3437 1607 3493 est,
1635 3426 1750 3492 sed,
1790 3425 1940 3482 Chri-

366 3539 470 3581 stus
514 3526 713 3580 Domini
739 3534 829 3589 est,
877 3539 981 3579 non
1009 3522 1077 3577 ab
1118 3522 1349 3577 humano
1389 3521 1609 3583 lmnore,
1641 3518 1738 3586 sed
1775 3534 1803 3572 a
1833 3533 1940 3574 ca:-

366 3619 483 3674 lesti
523 3617 721 3688 judit-io
765 3624 976 3684 sumpto
1024 3613 1313 3668 honorifico
1357 3611 1677 3668 testimonio.
1732 3610 1942 3666 Conte—

368 3711 506 3763 muis
524 3751 538 3772 ,
577 3710 772 3777 inquit,
798 3721 1112 3761 conservum
1151 3705 1336 3758 tuum?
1360 3704 1623 3758 Reverere
1643 3703 1937 3758 dominum.

370 3799 683 3868 Asperuaris
707 3795 976 3851 electum?
1004 3795 1176 3849 Metue
1215 3809 1337 3848 eum
1385 3794 1472 3863 qui
1516 3793 1690 3862 elegit.
1731 3793 1940 3848 Etenim

369 3891 412 3944 si
442 3889 682 3959 vulgares
706 3889 836 3942 istos
874 3885 1150 3956 przefectos
1187 3885 1255 3940 ab
1281 3884 1603 3954 imperatore
1640 3882 1942 3954 designatos

371 3983 572 4039 etiamsi
601 3982 706 4037 sint
735 3979 979 4050 improbi,
1010 3979 1055 4034 si
1082 3977 1244 4041 iures,
1264 3977 1308 4031 si
1338 3977 1636 4048 prmdoues,
1663 3977 1707 4030 si
1739 3976 1940 4046 injusti,

371 4075 414 4128 si
444 4071 810 4144 quodcumque
842 4068 984 4123 aliud
1026 4067 1253 4134 fuerint,
1278 4067 1525 4122 timemus
1552 4077 1607 4122 et
1628 4066 1942 4133 horremus,

373 4180 477 4220 nou
518 4172 732 4233 prapter
759 4161 1014 4217 malitiam
1054 4159 1405 4230 deSpicientes
1441 4174 1568 4224 eos,
1607 4158 1700 4214 sed
1728 4167 1945 4229 propter

372 4255 677 4326 dignitatem
707 4253 844 4307 illius
873 4268 903 4307 a
936 4267 1042 4323 quo
1067 4251 1222 4309 electi
1249 4259 1373 4305 sunt
1402 4259 1706 4306 reverentes
1733 4267 1746 4302 :
1777 4249 1945 4303 multo

375 4347 600 4415 amplius
627 4344 678 4399 id
704 4343 876 4400 facere
897 4344 1142 4399 convenit
1169 4359 1291 4413 erga
1319 4357 1412 4398 eos
1436 4356 1568 4412 quos
1596 4342 1754 4412 elegit
1785 4343 1942 4397 Deus.

374 4435 656 4500 Nondum,
684 4435 884 4506 inquit,
934 4436 1072 4492 Deus
1111 4435 1376 4490 abdicavit
1417 4435 1566 4488 illum
1612 4433 1944 4504 principatu,

370 4528 606 4583 nondum
630 4527 749 4582 fecit
772 4543 892 4583 eum
927 4542 988 4582 ex
1021 4542 1144 4596 rege
1165 4529 1445 4596 privatum.
1471 4526 1650 4595 Itaque
1670 4541 1736 4580 ne
1765 4524 1945 4580 inver-

378 4628 552 4672 tamus
575 4617 832 4681 ordinem,
866 4631 1036 4687 neque
1063 4632 1354 4687 pugnemus
1382 4632 1502 4672 cum
1531 4617 1660 4679 Deo,
1691 4616 1945 4686 apostoli-

369 4726 499 4766 cum
519 4708 644 4763 illud
672 4709 867 4763 dictum
893 4707 1042 4762 factis
1069 4718 1378 4778 praestantes
1405 4727 1418 4762 :
1447 4709 1696 4774 Quoniam
1729 4709 1948 4778 quisquis

379 4803 558 4855 resistit
581 4801 831 4871 potestati,
859 4798 953 4852 Dei
973 4799 1274 4852 ordinationi
1294 4800 1512 4862 resistit;
1535 4801 1832 4870 quicumque
1855 4816 1950 4853 att-

380 4905 475 4947 tem
503 4895 732 4946 resistunt
756 4934 770 4958 ,
799 4890 1018 4959 sibiipsis
1056 4891 1297 4960 accipient
1335 4891 1703 4944 damnationem
1755 4890 1945 4961 (Rom.

381 4987 468 5038 15.
495 4984 574 5052 2).
596 4984 708 5038 Non
738 4983 906 5037 solum
929 4981 1210 5052 appellavit
1239 4980 1383 5034 illum
1412 4980 1690 5045 christum,
1721 4981 1822 5036 hoc
1846 4991 1947 5048 est,

382 5085 594 5130 unctum
620 5085 672 5129 et
699 5090 912 5145 regem;
955 5089 1137 5129 verum
1168 5074 1324 5127 etiam
1360 5088 1512 5127 suum
1553 5074 1824 5128 dominum
1851 5089 1948 5129 vo-

382 5169 540 5220 cavit.
558 5165 672 5220 Non
703 5175 785 5220 est
814 5165 1094 5220 mediocris
1121 5163 1486 5234 philosnphize,
1505 5164 1708 5219 hostem
1732 5164 1949 5221 honoris

383 5267 438 5310 ct
462 5255 699 5325 obsequii
727 5254 993 5309 vocabulis
1019 5255 1305 5326 appellare.
1328 5257 1496 5324 Atque
1518 5255 1566 5309 id
1591 5270 1773 5310 rursus
1795 5271 1950 5326 quam

384 5349 453 5402 sit
477 5362 742 5417 magnum.
768 5362 830 5400 ex
858 5347 940 5401 bis
964 5361 1080 5416 qua:
1109 5347 1315 5402 ueteris
1329 5347 1744 5418 acciduntqueat
1763 5348 1952 5418 aliquis

384 5439 704 5508 perspicere.
728 5437 971 5506 Plerique
1000 5438 1255 5506 siquidem
1296 5439 1538 5494 inimicos
1562 5453 1688 5493 suos
1714 5454 1780 5493 ne
1803 5440 1954 5494 nudis

385 5530 595 5600 quidem
625 5543 687 5583 ac
707 5527 1028 5596 simplicibus
1055 5528 1355 5582 nominibus
1373 5529 1641 5600 appellare
1668 5530 1952 5598 sustinent,

387 5623 480 5679 sed
517 5623 633 5677 aliis
670 5620 937 5677 vocabulis
971 5621 1169 5675 odiosis
1209 5634 1306 5676 eos
1347 5622 1621 5676 nominant
1651 5639 1663 5677 :
1698 5623 1953 5694 impium,

389 5716 652 5779 insanum,
685 5722 856 5769 mente
887 5722 1126 5784 captum,
1156 5711 1404 5781 delirum,
1428 5714 1761 5784 pestilentem
1789 5732 1802 5770 :
1829 5715 1955 5771 alia-

1398 319 1485 376 DE
1523 315 1777 374 DAVIDE
1814 313 1904 370 ΕΤ
1941 312 2166 371 SAULE
2205 313 2479 373 HOMILIA
2519 315 2559 370 1.

3499 317 3608 374 686

2025 441 2128 496 que
2153 427 2315 481 multa
2336 433 2624 482 contexunt
2644 467 2658 492 ,
2682 426 2868 498 bisque
2903 427 3042 482 notis
3065 427 3342 499 designant
3372 428 3594 484 hostem.

2026 516 2081 571 ld
2119 531 2238 571 esse
2282 532 2502 584 verum,
2535 519 2786 588 exemplo
2833 535 2938 572 non
2977 520 3183 575 eminus
3215 523 3412 591 petito,
3454 521 3546 575 sed
3576 539 3606 577 e

2027 607 2269 677 proximo
2297 617 2506 678 sumpto
2529 608 2752 676 docebo,
2780 609 3028 664 nimirum
3058 611 3124 665 ab
3147 610 3248 666 hoc
3277 612 3390 681 ipso
3417 611 3600 674 Saule,

2028 701 2113 770 qui
2138 699 2339 769 justum
2367 701 2507 756 hunc
2544 701 2615 756 ob
2652 701 2940 758 vehemens
2988 703 3165 758 odium
3211 719 3315 758 non
3359 706 3606 760 sustinuit

2029 792 2243 860 proprio
2280 806 2472 846 vocare
2517 794 2759 860 nomine,
2789 793 2880 848 sed
2930 809 3050 848 cum
3090 795 3372 865 aliquando
3416 796 3606 851 festum

2027 883 2292 953 quoddam
2319 885 2701 949 celebraretur,
2732 886 3013 955 requirens
3043 902 3194 951 eum,
3237 887 3475 954 dicebat,
3511 887 3608 943 Ubi

2028 983 2100 1028 est
2126 975 2263 1042 [ilius
2287 975 2430 1029 Iesse
2453 975 2472 1046 (
2496 977 2546 1030 1.
2575 975 2700 1046 Reg.
2731 977 2821 1031 20.
2843 978 2975 1048 27)?
2999 977 3087 1033 Sic
3124 988 3297 1032 autem
3327 981 3609 1049 appellavit

2030 1081 2150 1122 eum
2181 1067 2372 1135 partim
2411 1067 2534 1122 odio
2574 1069 2769 1138 proprii
2813 1071 3073 1136 nominis,
3119 1073 3307 1140 partim
3350 1073 3606 1142 genitoris

2028 1158 2283 1212 vilitatem
2313 1169 2522 1224 uolans,
2554 1173 2774 1228 sperans
2797 1159 2906 1215 fore
2935 1170 2992 1215 ut
3016 1161 3117 1217 hoc
3143 1172 3294 1233 pacto
3318 1162 3444 1232 justi
3474 1163 3608 1218 fama

2030 1248 2519 1302 contaminaretur:
2552 1247 2690 1303 haud
2730 1250 3032 1319 intelligens
3069 1251 3336 1306 hominem
3381 1253 3610 1308 nobilem

2033 1339 2402 1408 illustremque
2441 1339 2590 1394 reddi
2636 1342 2841 1408 solere,
2874 1357 2978 1396 non
3023 1343 3418 1413 progenitorum
3455 1344 3614 1398 clari-

2035 1439 2175 1492 tate,
2207 1429 2298 1484 scd
2346 1431 2507 1485 animi
2538 1433 2750 1486 virtute.
2789 1435 2857 1488 At
2896 1449 3001 1488 non
3048 1435 3229 1490 itidem
3271 1437 3392 1492 fecit
3429 1437 3616 1492 beatus

2037 1520 2222 1575 David.
2252 1519 2435 1591 Neque
2461 1522 2603 1576 enim
2635 1522 2801 1592 patris
2829 1533 3182 1594 cognomento
3207 1527 3412 1582 vocavit
3443 1527 3610 1591 illum,

2032 1626 2350 1682 quamquam
2382 1613 2426 1665 is
2452 1627 2661 1682 quoque
2705 1613 2800 1667 fuit
2825 1613 3108 1670 admodum
3153 1615 3368 1672 humilis
3405 1625 3459 1672 et
3484 1632 3614 1672 con-

2034 1711 2266 1772 temptas
2293 1719 2307 1756 :
2335 1718 2508 1773 neque
2539 1704 2680 1757 nudo
2701 1704 3032 1777 simplicique
3057 1707 3271 1763 nomine
3299 1707 3617 1778 designavit,

2034 1795 2127 1850 sed
2149 1795 2417 1866 dignitatis
2445 1803 2498 1849 et
2527 1796 2850 1865 principatus
2873 1798 3041 1852 titulo.
3065 1797 3246 1868 Usque
3266 1799 3400 1854 adeo
3426 1817 3614 1870 purum

2034 1885 2103 1940 ab
2145 1886 2290 1940 omni
2339 1885 2708 1940 malevolentia
2746 1886 2963 1955 gerebat
3004 1888 3258 1942 animum.
3293 1889 3519 1944 Proinde
3561 1900 3614 1942 tu

2035 1990 2268 2046 quoque,
2295 1975 2604 2042 carissime,
2636 1975 2776 2030 hunc
2804 1977 3016 2032 imitans
3041 2019 3055 2044 ,
3085 1979 3212 2034 illud
3243 1979 3294 2034 in
3332 1980 3518 2050 primis
3539 1979 3619 2035 di-

2036 2067 2190 2132 scito,
2225 2081 2292 2122 ne
2331 2081 2581 2135 umquam
2626 2067 2895 2122 inimicum
2935 2068 3134 2124 odiosis
3173 2071 3496 2138 nominibus,
3525 2071 3618 2125 sed

2041 2157 2353 2212 honorificis
2382 2158 2560 2226 potius
2603 2159 2858 2227 appelles.
2895 2159 3102 2213 Etenim
3146 2161 3190 2212 si
3231 2175 3293 2214 os
3331 2162 3624 2216 assueverit

2037 2263 2159 2303 eum
2189 2248 2278 2318 qui
2310 2248 2447 2302 lmsit
2477 2248 2695 2303 honoris
2721 2250 3064 2320 obscquiique
3106 2250 3410 2305 nominibus
3435 2254 3618 2320 appel-

2039 2339 2172 2406 lare,
2194 2338 2403 2392 animus
2429 2336 2544 2392 hinc
2569 2338 2787 2392 audiens
2807 2353 2836 2392 a
2863 2339 3038 2410 lingua
3063 2339 3248 2394 doctus
3275 2354 3379 2394 non
3401 2340 3621 2409 rcfugiet

2039 2446 2158 2486 cum
2189 2431 2282 2485 illo
2309 2429 2483 2486 redire
2505 2430 2556 2484 in
2584 2433 2827 2500 gratiam.
2854 2430 2987 2485 Nam
3009 2431 3120 2502 ipsa
3141 2431 3299 2487 verba
3329 2431 3618 2486 remedium

2039 2532 2198 2578 erunt
2225 2523 2480 2592 optimum
2503 2522 2696 2578 ulceris
2725 2524 2776 2577 in
2803 2524 2966 2579 corde
2997 2525 3360 2579 tumescentis.

2113 2613 2166 2666 7.
2207 2612 2375 2667 David
2402 2629 2433 2664 a
2461 2612 2602 2666 nobis
2631 2613 2924 2667 imitandus.
2963 2644 3034 2654 —
3058 2614 3180 2669 "me
3205 2629 3345 2668 nunc
3373 2615 3622 2684 loquutus

2042 2720 2178 2774 sum,
2212 2722 2320 2762 non
2348 2715 2549 2760 tantum
2581 2712 2639 2758 ut
2661 2705 2940 2760 laudemus
2967 2706 3241 2769 Davidem,
3265 2705 3359 2760 sed
3385 2715 3440 2760 ut
3458 2720 3622 2760 temu-

2043 2797 2215 2852 lemur
2241 2810 2470 2866 quoque.
2507 2795 2653 2850 Hanc
2691 2796 2848 2865 igitur
2884 2795 3158 2850 historiam
3186 2796 3238 2850 in
3277 2812 3374 2850 suo
3402 2796 3627 2866 quisque

2043 2887 2206 2943 corde
2229 2886 2329 2942 sibi
2359 2885 2642 2956 dcpingat,
2679 2886 3127 2956 contemplatione
3153 2887 3313 2941 veluti
3343 2902 3502 2941 manu
3540 2901 3626 2939 as-

2044 2978 2195 3033 sidue
2231 2977 2286 3031 in
2316 2984 2492 3032 mente
2517 2975 2792 3031 delineans
2820 2977 3126 3045 speluncam
3156 2977 3295 3030 illam
3333 2977 3618 3046 duplicem,

2045 3071 2218 3141 ipsum
2258 3069 2470 3125 Saitlem
2501 3067 2640 3122 intus
2665 3067 3017 3122 dormientem
3038 3109 3052 3130 ,
3078 3082 3371 3138 somnoque
3405 3068 3626 3137 perinde

2047 3171 2102 3217 ut
2141 3169 2327 3217 catena
2374 3159 2645 3225 vinctum,
2689 3159 2805 3226 ejus
2849 3173 3006 3227 quem
3057 3158 3369 3226 gravissime
3417 3158 3625 3212 lzrserat

2046 3255 2247 3310 dextrae
2291 3251 2628 3320 subjectum;
2677 3249 2842 3305 David
2888 3250 3250 3304 imminentem
3301 3249 3582 3304 dormienti
3609 3290 3622 3312 ,

2046 3351 2336 3413 prmsentcs
2364 3341 2580 3406 milites,
2609 3348 2664 3395 et
2689 3339 2754 3393 ad
2783 3338 2980 3394 cmdem
3007 3339 3386 3402 adhortantes;
3414 3341 3624 3392 beatum

2047 3438 2192 3491 illum
2234 3433 2694 3505 philosophantem
2721 3474 2734 3496 ,
2765 3431 2869 3486 hoc
2909 3440 3018 3495 est,
3052 3440 3105 3485 et
3143 3445 3292 3484 suam
3332 3440 3386 3486 et
3414 3431 3623 3484 illorum

2047 3528 2179 3582 iram
2200 3525 2560 3586 cohibentem,
2593 3537 2820 3591 eumque
2845 3522 2933 3592 qui
2964 3531 3069 3575 tam
3099 3521 3259 3576 multa
3289 3530 3622 3590 peccaverat,

2047 3624 2408 3674 excusantem.
2439 3613 2562 3668 llaec
2587 3654 2601 3675 ,
2634 3613 2868 3682 inquam,
2897 3627 3002 3665 non
3031 3611 3202 3665 solum
3243 3611 3297 3666 in
3325 3613 3500 3666 animo
3523 3612 3622 3665 de-

2050 3711 2348 3780 pingamus,
2375 3719 2560 3758 verum
2587 3703 2745 3758 etiam
2781 3701 2832 3756 in
2862 3701 3201 3756 consessibus
3228 3701 3366 3756 inter
3395 3715 3494 3754 nos
3536 3707 3625 3753 av-

2047 3799 2198 3855 sidue
2225 3797 2543 3866 loquamur:
2575 3792 2672 3847 has
2705 3791 2842 3863 apud
2870 3807 3108 3858 uxorem,
3142 3791 3238 3846 has
3263 3791 3399 3862 apud
3432 3791 3628 3846 liberos

2048 3889 2354 3961 frequenter
2405 3899 2722 3942 renovemus
2771 3884 3119 3939 narrationes.
3148 3883 3360 3939 Etenim
3403 3885 3516 3939 sive
3561 3884 3628 3939 de

2048 3995 2173 4050 rege
2199 3979 2340 4049 loqui
2370 3977 2541 4043 voles,
2560 3990 2685 4031 ecce
2713 3989 2803 4030 rex
2832 3989 2849 4029 :
2875 3975 2987 4030 sive
3011 3975 3078 4030 de
3107 3975 3380 4041 militibus,
3409 3977 3520 4031 sive
3560 3976 3628 4030 de

2050 4087 2109 4127 re
2154 4069 2436 4134 familiari,
2459 4066 2572 4123 sive
2609 4065 2678 4122 de
2722 4065 2946 4136 publicis
2976 4065 3322 4138 civilibusque
3365 4067 3624 4138 negotiis,

2051 4161 2257 4218 videbis
2277 4161 2328 4215 in
2353 4159 2640 4229 Scripturis
2659 4157 2850 4213 horum
2871 4158 3107 4212 omnium
3133 4173 3376 4229 magnam
3396 4161 3627 4230 c0piam.

2051 4251 2362 4323 Hujusmodi
2389 4250 2924 4306 commemorationes
2953 4249 3235 4304 maximam
3263 4249 3493 4304 afferunt
3526 4251 3630 4304 uti—

2051 4346 2274 4401 litatem.
2311 4342 2641 4412 impossibile
2665 4351 2745 4397 est
2779 4341 2919 4397 enim
2945 4383 2960 4409 ,
2991 4341 3344 4412 impossibile,
3377 4341 3588 4412 inquam
3611 4381 3626 4408 ,

2018 4455 2020 4457 ’
2051 4451 2152 4504 est,
2180 4439 2412 4493 animum
2452 4437 2504 4490 in
2536 4435 2836 4503 bujusmodi
2862 4434 3098 4489 historiis
3122 4443 3443 4500 versantem,
3471 4449 3502 4489 a
3529 4449 3628 4489 cu-

2051 4531 2360 4604 piditatibus
2387 4513 2649 4600 superari.
2676 4527 2817 4599 Ergo
2837 4543 2905 4583 ne
2931 4536 3138 4598 tempus
3161 4527 3414 4582 inutiliter
3439 4542 3632 4582 consu-

2053 4637 2280 4686 mamus,
2305 4635 2438 4675 neve
2463 4619 2624 4673 vitam
2657 4629 2892 4674 nostram
2923 4615 3114 4671 frustra
3142 4625 3376 4672 teramus
3396 4616 3449 4672 in
3475 4620 3635 4690 nugis

2055 4712 2247 4782 ineptis
2277 4726 2339 4766 ac
2371 4709 2809 4780 supervacaneis,
2837 4707 3049 4762 fortium
3089 4707 3326 4762 virorum
3365 4707 3631 4763 discamus

2055 4819 2142 4861 res
2182 4815 2379 4876 gestas,
2412 4817 2475 4857 ac
2515 4802 2581 4856 de
2619 4800 2701 4856 bis
2747 4798 2958 4854 assidue
2996 4799 3341 4855 disseramus.
3391 4798 3541 4866 Quod
3588 4798 3632 4851 si

2054 4897 2172 4966 quis
2203 4896 2254 4949 in
2282 4907 2536 4948 consessu
2575 4890 2803 4945 voluerit
2831 4900 2921 4945 aut
2955 4889 3023 4945 de
3067 4890 3415 4959 spectaculis,
3444 4900 3533 4942 aut
3566 4887 3634 4942 de

2055 5002 2210 5041 cursu
2240 4997 2520 5054 equorum,
2543 4990 2633 5035 aut
2652 4980 2719 5036 de
2743 4981 2903 5036 rebus
2929 4980 3059 5035 nihil
3080 4980 3145 5033 ad
3173 4989 3224 5034 te
3249 4977 3636 5049 pertinentibus

2055 5075 2214 5130 verba
2243 5073 2439 5137 facere,
2471 5071 2539 5124 ab
2581 5070 2670 5125 illa
2710 5071 2931 5126 materia
2974 5069 3055 5124 fac
3080 5084 3203 5125 eum
3231 5083 3469 5134 revoces,
3499 5078 3553 5123 et
3583 5069 3633 5122 in

2055 5166 2314 5238 ejusmodi
2341 5164 2698 5220 narrationem
2739 5165 2975 5227 inducas,
3002 5154 3108 5233 q'uo
3131 5162 3290 5217 simul
3322 5172 3375 5218 et
3401 5165 3636 5233 purgatis

2057 5258 2276 5322 animis,
2306 5265 2361 5311 et
2391 5255 2684 5324 voluptate,
2719 5272 2837 5325 qua:
2869 5254 3102 5324 periculo
3128 5264 3338 5320 careat,
3364 5254 3634 5320 delectati,

2057 5350 2288 5418 denique
2327 5346 2428 5418 ipsi
2463 5346 2620 5400 mites
2649 5361 2711 5401 ac
2739 5345 3026 5415 placabiles
3063 5361 3188 5416 erga
3231 5356 3453 5401 cunctos
3499 5347 3638 5400 male

2058 5443 2126 5496 de
2157 5440 2307 5495 nobis
2336 5437 2554 5493 meritos
2583 5436 2727 5504 facti,
2751 5453 2815 5491 cx
2859 5435 2958 5490 hac
2993 5438 3095 5491 vita
3137 5438 3444 5506 migrcmus,
3470 5437 3520 5490 in
3553 5436 3633 5502 fu-

2060 5544 2180 5588 turo
2206 5531 2400 5588 sacculo
2433 5530 2635 5585 nullum
2678 5529 2932 5585 habentes
2972 5530 3272 5594 inimicum,
3310 5530 3445 5584 bona
3475 5531 3633 5585 etiam

2061 5635 2258 5679 mterua
2299 5636 2709 5692 consequamur,
2747 5621 2914 5690 gratia
2942 5629 2997 5676 et
3035 5620 3269 5674 bonitate
3307 5619 3510 5676 Domini
3542 5636 3632 5675 no-

2063 5715 2158 5770 stri
2185 5712 2311 5770 Jcsu
2341 5711 2558 5781 Christi,
2585 5711 2668 5768 cui
2695 5711 2861 5784 gloria
2891 5710 2943 5766 iu
2972 5711 3182 5768 ssccitla.
3207 5713 3399 5768 Amen.
