4110 6214
527 326 633 384 687

1122 423 1400 481 IIOMILIA
1439 423 1505 477 Il.

528 546 678 615 Quod
695 559 930 616 magnum
952 543 1015 596 sit
1041 541 1246 602 bonum,
1273 554 1372 590 non
1399 547 1592 590 tantum
1613 550 1839 589 exercere
1860 536 2108 598 virtutem,

597 637 916 692 verumetiam
955 632 1164 687 laudare
1192 631 1461 700 :quodque
1507 628 1671 682 David
1705 627 2109 698 magnificentius

599 731 844 790 tropaeum
885 719 1096 772 erc'afcrit
1137 715 1387 787 parcendo
1435 713 1584 768 Saiili
1607 754 1620 776 ,
1669 729 1818 782 quam
1862 719 2112 781 prostrato

594 810 800 865 Colith
821 809 1077 880 :quodquc
1091 808 1196 860 Itazc
1213 807 1400 878 faciens
1420 803 1578 874 magis
1596 802 1837 872 profuerit
1853 802 1944 854 sibi
1964 818 2110 871 quam

597 903 748 959 Sauli
773 920 792 957 :
818 903 976 972 deque
995 901 1314 956 excusatione
1338 899 1496 969 ipsius
1521 897 1659 967 apud
1684 895 1910 950 Sait'lem.

601 1024 651 1075 1.
681 1019 916 1074 Laudare
941 1017 1118 1071 virtute
1156 1015 1394 1084 praeditas
1424 1011 1644 1081 prodest.
1667 1040 1741 1051 --
1760 1010 1868 1064 Vos
1898 1009 2112 1079 quidem

531 1128 705 1182 nuper
742 1109 996 1164 Iaudastis
1028 1106 1282 1160 Davidetn
1314 1104 1384 1158 ob
1426 1103 1684 1156 malorum
1737 1101 2110 1164 tolerantiam;

526 1220 627 1275 ego
650 1203 882 1257 vicissim
909 1199 1208 1254 admirabar
1249 1207 1481 1251 vestram
1516 1209 1639 1263 erga
1672 1194 1921 1247 Davidem
1953 1193 2111 1246 bene-

528 1296 813 1350 volentiam
853 1307 916 1347 ac
957 1290 1195 1346 caritatis
1237 1287 1505 1342 all'ectum.
1555 1285 1670 1340 Non
1721 1285 1862 1338 enim
1905 1292 2116 1352 Oportet

528 1386 677 1440 adire
726 1384 885 1438 modo
914 1391 968 1438 et
1007 1379 1245 1436 mmulari
1287 1379 1573 1440 virtutem,
1623 1375 1974 1431 verumetiam
2021 1389 2114 1428 eos

525 1479 614 1548 qui
645 1478 892 1531 virtutem
923 1475 1320 1544 amplectuntur
1339 1514 1351 1534 ,
1379 1469 1622 1524 laudibus
1652 1470 1917 1534 evehere,
1945 1475 2000 1522 et
2022 1468 2115 1522 ad-

527 1567 802 1622 mirandos
830 1565 1120 1635 praedicare
1141 1604 1154 1626 ,
1190 1563 1343 1616 nobis
1374 1561 1602 1614 fructum
1631 1559 1856 1626 aliquem
1885 1571 2116 1626 eumque

529 1659 670 1714 haud
718 1659 990 1728 vulgarem
1046 1654 1238 1709 aII'ert:
1281 1649 1730 1723 quemadmodum
1775 1663 1841 1702 ex
1884 1647 2116 1702 adverso

529 1753 847 1822 pravitatem
879 1766 982 1804 non
1017 1747 1250 1802 aemulari
1294 1754 1517 1807 tantum,
1560 1741 1909 1797 verumetiam
1952 1741 2004 1794 in
2051 1755 2114 1795 ea

529 1845 766 1898 viventes
811 1841 1062 1903 laudare,
1109 1837 1424 1907 supplicium
1468 1834 1609 1888 haud
1653 1832 1922 1888 mediocre
1964 1831 2116 1885 nobis

531 1944 710 2005 parat:
730 1944 783 1988 et
810 1935 851 1986 si
873 1933 948 1986 l‘as
975 1941 1058 1986 est
1081 1929 1327 1996 quiddam
1356 1942 1548 1980 novum
1571 1932 1625 1978 et
1650 1921 2016 1978 admirandum
2037 1922 2118 1976 di-

528 2041 651 2080 cere
670 2067 683 2090 ,
714 2025 923 2095 gravius
951 2021 1271 2092 supplicium
1300 2027 1479 2072 manet
1505 2017 1644 2082 illos,
1677 2030 1835 2086 quam
1861 2015 2004 2084 ipsos
2025 2013 2115 2084 qui

531 2116 668 2169 male
693 2117 892 2168 vivunt.
917 2111 974 2166 Itl
998 2111 1277 2166 declarans
1299 2108 1516 2174 Paulus,
1540 2115 1879 2177 posteaquam
1901 2119 2114 2160 omnem

536 2205 750 2260 ntalitite
791 2206 1025 2274 Speciem
1055 2209 1461 2264 enumerasset,
1495 2206 1902 2266 aceusassetque
1929 2210 2117 2250 omnes

533 2299 620 2368 qni
653 2300 795 2367 leges
823 2297 912 2350 Dei
942 2295 1276 2360 conculcant,
1308 2292 1377 2348 de
1407 2293 1515 2346 illis
1543 2291 1670 2360 ipsis
1727 2289 1940 2358 subjicit
1965 2307 1978 2343 :
2013 2287 2115 2352 Qui

535 2405 650 2440 cum
678 2386 774 2440 Dei
786 2386 1051 2455 justitiam
1063 2394 1290 2451 nossent,
1313 2382 1449 2454 quod
1475 2383 1560 2452 qui
1586 2381 1709 2434 talia
1731 2382 1943 2451 faciunt,
1977 2379 2118 2449 digni

532 2491 649 2536 sunt
679 2490 865 2539 morte.
916 2495 1015 2532 non
1060 2477 1223 2531 solum
1253 2492 1312 2529 ea
1350 2476 1564 2544 faciunt,
1595 2473 1683 2527 sed
1709 2482 1754 2526 et
1794 2471 2118 2542 comprobant

536 2573 627 2652 illa
651 2571 892 2644 facientes
928 2585 945 2622 :
987 2569 1098 2622 ideo
1127 2565 1481 2621 inexcusabilis
1511 2581 1582 2628 es,
1610 2580 1640 2617 ο
1670 2564 1816 2616 homo
1839 2562 1857 2632 (
1882 2562 2029 2615 Rom.
2063 2562 2114 2616 1.

539 2665 629 2718 52.
659 2674 770 2717 etc.
796 2662 850 2715 2.
885 2678 930 2715 v.
964 2662 1039 2729 I).
1072 2659 1228 2713 Vides
1257 2673 1377 2712 eum
1404 2657 1472 2710 ita
1502 2656 1640 2724 loqui
1664 2663 1720 2708 ut
1743 2653 1991 2708 ostendat
2016 2652 2117 2706 hoc

537 2770 657 2810 esse
684 2753 894 2824 gravius
923 2751 1032 2806 illo.
1065 2749 1194 2804 Nam
1226 2747 1440 2802 laudare
1467 2744 1856 2815 delinquentes,
1885 2743 2028 2814 quod
2051 2742 2118 2798 ad

537 2846 849 2916 supplicium
880 2842 1127 2913 pertinet,
1150 2841 1306 2910 longe
1333 2839 1450 2908 plus
1477 2847 1559 2891 est
1586 2851 1746 2907 quam
1767 2835 2116 2904 delinquere:

539 2939 698 3009 idque
723 2938 846 3008 jure
875 2936 1094 3000 merito,
1124 2935 1243 3004 quia
1283 2931 1384 2987 hoc
1423 2929 1728 3000 sull‘ragium
1773 2929 2122 2998 proﬁciscitur

538 3032 606 3086 ab
634 3031 812 3086 animo
844 3030 996 3100 plane
1022 3035 1306 3094 corrupto,
1339 3035 1393 3078 et
1433 3021 1712 3077 insanabili
1752 3021 1940 3075 morbo
1969 3020 2135 3076 Iabo-'

537 3133 711 3178 rante.
737 3120 1006 3190 Siquidem
1033 3119 1076 3172 is
1101 3118 1188 3186 qui
1209 3117 1332 3170 dum
1356 3121 1559 3184 peccat,
1589 3111 1907 3168 condemnat
1929 3126 2117 3181 pecca-

543 3226 653 3269 tum
684 3229 838 3267 suum
861 3255 878 3279 ,
908 3210 1105 3280 poterit
1134 3207 1420 3278 aliquando
1459 3205 1716 3275 temporis
1746 3218 2028 3274 progressu
2053 3202 2121 3257 ad

539 3321 598 3360 se
623 3304 826 3368 redire;
855 3303 943 3373 qui
981 3317 1108 3356 vero
1137 3299 1320 3354 laudat
1348 3297 1602 3353 malitiam
1623 3337 1638 3362 ,
1670 3296 1715 3350 is
1741 3295 1973 3363 seipsum
2011 3295 2119 3363 pri-

539 3398 680 3451 vavit
702 3395 994 3458 curatione,
1022 3409 1180 3463 quam
1205 3392 1359 3446 alfert
1387 3388 1718 3460 pmnitentia.
1744 3386 1972 3440 Proinde
2003 3401 2120 3440 me-

538 3491 644 3546 rito
668 3486 862 3543 Paulus
897 3484 1256 3556 pronuntiavit
1282 3482 1383 3537 hoc
1412 3482 1504 3536 illo
1529 3494 1648 3535 esse
1677 3477 1907 3549 gravius.
1941 3479 2122 3548 Itaque

539 3582 680 3637 sicut
705 3597 810 3636 non
863 3588 1070 3634 tantum
1117 3577 1150 3631 ii
1173 3576 1261 3646 qui
1301 3588 1465 3644 prava
1493 3573 1724 3638 faciunt,
1773 3572 2118 3625 verumetiam

540 3676 628 3746 qui
673 3675 804 3729 tales
841 3673 1059 3728 laudant
1083 3685 1146 3725 ac
1173 3667 1502 3740 praedicant,
1528 3664 1770 3719 eamdem
1792 3705 1806 3729 ,
1839 3672 1930 3717 aut
1960 3662 2119 3716 etiam

539 3766 834 3836 graviorem
862 3777 1071 3834 pinnam
1100 3760 1394 3816 sortiuntur
1425 3773 1440 3811 :
1471 3757 1541 3810 ita
1567 3754 1654 3825 qui
1681 3753 1851 3808 bonos
1877 3752 2122 3807 laudibus

539 3857 739 3911 vehunt
780 3871 842 3909 ac
883 3853 1174 3924 praedicant
1211 3892 1226 3917 ,
1268 3861 1585 3904 coronarum
1627 3844 1731 3898 illis
1768 3843 2120 3912 repositarum

539 3949 676 4002 ﬁunt
698 3945 1003 4017 participes.
1031 3941 1180 4012 Quod
1208 3941 1380 4009 ipsum
1405 3939 1478 3992 ita
1505 3950 1624 3992 csse
1649 3951 1680 3991 e
1700 3934 1972 4005 Scriptura
1997 3933 2124 3986 licet

537 4039 859 4109 perspicere.
899 4037 1036 4090 Deus
1061 4034 1203 4088 enim
1233 4035 1302 4086 ita
1341 4029 1574 4099 loquitur
1601 4025 1828 4080 Ahralue
1861 4043 1874 4076 :
1909 4023 2124 4078 Benedi-

539 4130 761 4184 centibus
783 4127 867 4182 tibi
893 4127 1199 4190 benedicam,
1223 4133 1268 4176 et
1289 4118 1698 4175 maledicentibus
1719 4116 1806 4170 tibi
1825 4112 2124 4168 maledicam

538 4224 556 4292 (
582 4220 709 4275 Gen.
741 4218 828 4273 l2.
860 4218 952 4287 5).
983 4217 1127 4270 Idem
1168 4215 1218 4268 in
1249 4210 1538 4283 Olympicis
1577 4206 1956 4263 certaminibus
1985 4204 2125 4259 acci-

536 4313 663 4370 dere
692 4312 887 4366 videbit
921 4308 1110 4381 quivis.
1145 4305 1325 4376 Neque
1345 4303 1484 4358 enim
1513 4300 1710 4356 athleta
1736 4307 1937 4354 tantum
1960 4311 2118 4353 coro-

539 4421 658 4460 nam
684 4412 918 4474 gestans,
943 4415 1114 4469 neque
1135 4399 1223 4467 qui
1255 4396 1494 4450 laborem
1517 4407 1580 4446 ac
1609 4389 1858 4446 sudorem
1902 4387 2125 4457 pertulit

538 4495 717 4557 modo,
751 4508 932 4546 verum
956 4501 1010 4545 et
1036 4491 1078 4542 is
1103 4488 1189 4556 qui
1217 4485 1394 4540 laudat
1417 4483 1692 4545 victorem;
1726 4495 1832 4535 non
1853 4479 2122 4534 minimam

537 4587 707 4640 laudis
747 4585 888 4638 illius
917 4583 1240 4650 voluptatem
1283 4577 1539 4645 decerpit.
1572 4574 1909 4643 Quapropter
1937 4581 1991 4626 et
2024 4585 2124 4641 ego

537 4692 642 4732 non
669 4676 840 4730 soluat
869 4686 1184 4743 generosum
1208 4669 1354 4723 illum
1376 4681 1438 4722 ac
1453 4663 1848 4734 magnanimum
1870 4663 1939 4717 ob
1959 4662 2123 4716 animi

536 4766 924 4840 philosophiam
966 4763 1176 4817 beatum
1205 4759 1437 4831 prtedico
1461 4800 1476 4822 ,
1508 4771 1692 4811 verum
1725 4763 1780 4810 et
1809 4767 1903 4808 vos
1929 4753 1998 4808 ob
2024 4753 2122 4809 be-

535 4859 783 4915 nevolum
817 4872 938 4926 erga
969 4854 1117 4910 illum
1143 4853 1399 4907 animum.
1432 4848 1526 4905 Ille
1552 4861 1780 4917 namque
1807 4845 2032 4901 certavit
2059 4858 2124 4899 ac

535 4951 704 5015 vicit,
736 4961 1094 5016 coronamque
1144 4944 1303 4998 tulit:
1345 4956 1439 4996 vos
1468 4949 1643 4994 autem
1685 4937 1805 5008 quia
1850 4937 2124 4990 victoriam

533 5042 806 5106 Iaudastis,
825 5056 929 5094 non
954 5037 1273 5093 mediocrem
1293 5049 1504 5089 coronae
1526 5038 1730 5102 partem
1747 5029 1896 5085 vobis
1914 5029 2123 5083 tulistis.

537 5134 605 5190 Ut
643 5134 801 5204 igitur
843 5131 1064 5186 uberior
1090 5129 1160 5183 sit
1202 5126 1355 5180 vobis
1400 5125 1498 5180 ista
1528 5122 1770 5191 voluptas
1795 5162 1810 5184 ,
1838 5135 1899 5175 ac
1924 5119 2127 5174 fruetus

533 5224 886 5279 abundantior
911 5265 927 5287 ,
957 5221 1180 5292 agedum
1213 5218 1446 5286 reliquas
1471 5229 1680 5285 quoque
1711 5213 1866 5282 hujus
1891 5211 2127 5267 historia:

535 5326 714 5386 partes
737 5314 883 5368 vobis
905 5311 1290 5381 persolvamus.
1315 5310 1446 5364 Cum
1474 5305 1709 5360 historia:
1737 5303 1962 5371 scriptor
1984 5318 2128 5356 com-

540 5417 896 5464 memorasset
921 5404 1082 5458 verba
1104 5443 1120 5468 ,
1148 5401 1341 5472 quibus
1371 5397 1532 5454 David
1563 5395 1761 5451 caedem
1791 5392 2093 5464 reprobavit
2113 5434 2126 5454 ,

539 5499 763 5568 subjecit
789 5516 801 5553 :
833 5496 884 5550 Ν
891 5513 954 5551 ou
982 5495 1207 5565 permisit
1230 5493 1356 5557 illis,
1399 5501 1454 5546 ut
1479 5497 1742 5559 surgerent
1767 5496 1814 5540 et
1841 5486 2127 5540 occiderent

540 5590 672 5646 Sed!
703 5590 789 5657 (l.
821 5587 947 5659 Reg.
981 5586 1072 5640 24.
1105 5585 1182 5655 8)
1210 5602 1223 5637 :
1256 5584 1411 5638 simul
1453 5591 1510 5638 et
1556 5581 1766 5634 illorum
1810 5575 2015 5630 animos
2061 5574 2128 5628 ad

539 5681 739 5736 Cardem
771 5690 1064 5752 promptos,
1092 5687 1145 5734 et
1172 5677 1328 5748 hujus
1371 5673 1732 5732 fortitudinem
1758 5669 2129 5725 demonstrare

542 5771 742 5827 volens.
793 5775 861 5828 At
905 5771 1053 5828 multi
1114 5785 1244 5829 sane
1291 5769 1382 5837 qui
1427 5766 1674 5825 videntur
1716 5758 2075 5836 phiIOSOphari
2105 5803 2122 5834 ,

1308 314 1366 370 S.
1405 309 1683 369 JOANNIS
1718 307 2193 367 CIIRYSOSTOMI
2233 306 2550 364 ARCHIEP.
2591 305 3127 363 CONS'I‘ANTINOP.

3693 309 3804 368 688

2216 419 2422 474 etiamsi
2456 419 2553 488 ipsi
2586 421 2638 472 in
2665 435 2723 473 se
2756 434 2857 472 non
2887 404 3146 488 recipiunt
3191 417 3534 474 homicidium
3557 462 3572 487 ,
3615 423 3805 478 nolunt

2219 523 2392 565 tamen
2424 513 2556 566 alios
2595 511 2683 580 qui
2713 511 2912 564 caedem
2959 520 3144 581 parant
3185 511 3457 566 cohibere.
3487 514 3551 566 At
3583 528 3688 568 non
3731 516 3802 569 ita

2218 603 2401 668 David,
2431 603 2522 658 sed
2548 601 2766 672 perinde
2787 616 2848 655 ac
2869 601 2915 655 si
2935 602 3231 671 depositum
3253 601 3465 672 aliquod
3485 605 3806 674 accepisset,

2217 713 2312 766 pro
2353 713 2458 766 quo
2487 697 2746 751 rationem
2790 696 3091 752 redditurus
3120 705 3303 758 esset,
3351 697 3420 750 ita
3451 711 3557 751 non
3598 683 3802 752 tantum

2216 792 2330 859 ipse
2358 805 2462 844 non
2490 790 2663 859 attigit
2689 789 2980 852 inimicum,
3009 805 3190 843 verum
3213 790 3372 844 etiam
3400 789 3533 844 alios
3561 792 3804 848 occidere

2216 883 2454 937 volentes
2481 883 2736 948 coercuit,
2765 883 2978 937 satelles
3012 883 3244 952 optimus
3270 893 3325 936 et
3358 887 3598 952 corporis
3621 899 3804 942 custos

2218 991 2311 1045 pro
2331 975 2480 1030 hoste
2502 975 2686 1030 factus.
2712 976 2892 1044 Itaque
2914 992 3016 1028 non
3038 976 3220 1029 abet-ra
3231 976 3296 1029 rit
3312 990 3340 1027 a
3361 991 3508 1042 vero,
3531 979 3618 1048 qui
3641 980 3805 1045 dictu,

2219 1067 2468 1121 Davidem
2501 1067 2551 1120 id
2595 1067 2850 1137 temporis
2879 1067 2929 1118 in
2959 1067 3173 1135 gravius
3205 1067 3452 1122 incidisse
3481 1069 3764 1126 discrimen
3787 1115 3804 1140 ,

2216 1177 2374 1229 quam
2406 1161 2575 1229 ipsum
2615 1160 2857 1214 Saulem.
2886 1159 3070 1226 Neque
3098 1160 3241 1213 enim
3275 1159 3388 1213 leve
3418 1171 3684 1217 certamen
3715 1181 3810 1233 pe-

2217 1252 2546 1321 riculumque
2566 1251 2878 1313 sustinebat,
2903 1250 3029 1304 dum
3055 1251 3298 1304 erunibus
3324 1251 3492 1306 modis
3516 1255 3808 1309 conabatur

2216 1343 2360 1397 illum
2401 1345 2468 1398 ab
2512 1343 2714 1397 insidiis
2740 1343 2985 1413 eripere,
3019 1357 3150 1412 quas
3179 1343 3226 1397 ei
3269 1343 3523 1412 parabant
3561 1346 3756 1401 milites
3787 1366 3802 1402 :

2217 1449 2387 1504 neque
2412 1434 2633 1504 perinde
2661 1436 2928 1490 metuebat
2945 1449 3010 1489 ne
3033 1437 3143 1504 ipse
3161 1435 3503 1499 occideretur,
3527 1452 3587 1492 ac
3620 1439 3807 1491 fortui-

2217 1525 2375 1581 dabat
2403 1541 2470 1580 ne
2500 1526 2618 1596 quis
2649 1527 2870 1580 militum
2903 1526 2995 1579 irae
3021 1525 3319 1593 obsequens
3352 1526 3671 1583 interﬁceret
3703 1529 3804 1584 ho-

2218 1617 2414 1670 minem
2445 1635 2458 1670 :
2491 1632 2714 1687 eamque
2745 1617 2813 1671 ob
2842 1632 3055 1670 causam
3078 1617 3342 1683 ejusmodi
3362 1631 3691 1673 commentus
3710 1632 3798 1676 est

2217 1708 2635 1763 excusationem.
2673 1710 2843 1777 Atque
2870 1708 2945 1762 illi
2972 1708 3184 1777 quidem
3221 1709 3556 1772 accusabant,
3585 1725 3802 1766 accusa-

2217 1801 2372 1856 batur
2399 1811 2574 1856 autem
2614 1801 2738 1857 Saul
2772 1801 3044 1855 dormiens
3074 1839 3088 1862 .
3121 1800 3214 1854 sed
3245 1782 3479 1856 defendit
3521 1803 3760 1858 inimicus
3785 1847 3801 1870 ,

2222 1893 2362 1948 Deus
2397 1908 2525 1948 vero
2545 1892 2704 1961 judex
2738 1901 2847 1946 erat
2873 1933 2887 1957 ,
2917 1906 2978 1945 ac
3007 1890 3220 1945 Davidis
3247 1893 3567 1946 sententiam
3606 1895 3805 1948 conﬁr-

2219 1986 2399 2040 mavit.
2423 1984 2603 2055 Neque
2625 1983 2762 2039 enim
2791 1984 2990 2053 absque
3016 1983 3108 2038 Dei
3135 1983 3383 2052 prtesidio
3405 1985 3658 2041 valuisset
3686 1987 3807 2042 illos

2219 2079 2454 2134 furentes
2475 2079 2687 2134 vincere
2712 2095 2724 2131 :
2753 2077 2847 2133 sed
2873 2078 2986 2131 lure
3009 2084 3121 2130 erat
3145 2076 3235 2131 Dei
3258 2078 3421 2147 gratia
3454 2079 3504 2132 in
3532 2078 3804 2148 propheta:

2219 2171 2371 2225 labiis
2399 2169 2638 2224 residens
2657 2209 2672 2231 ,
2699 2184 2818 2238 quae
2843 2168 3000 2222 veluti
3029 2167 3297 2222 suadelam
3334 2169 3613 2239 quamdam
3643 2169 3805 2225 adde-

2219 2261 2308 2316 bat
2356 2261 2497 2316 illius
2539 2261 2734 2315 verbis.
2779 2259 3008 2314 Tametsi
3047 2275 3151 2314 non
3212 2261 3327 2315 leve
3379 2271 3702 2316 momentum
3749 2273 3805 2317 et

2222 2355 2383 2410 David
2404 2355 2508 2410 huc
2531 2354 2727 2419 attulit,
2752 2354 2847 2424 qui
2863 2353 3110 2424 quoniam
3135 2353 3253 2407 illos
3274 2353 3548 2423 superiore
3570 2363 3809 2424 tempore

2219 2447 2297 2502 sic
2322 2446 2654 2510 instituerat,
2682 2445 2878 2498 idcirco
2904 2448 2955 2498 in
2996 2445 3218 2498 articulo
3248 2445 3555 2498 certaminis
3595 2458 3806 2514 paratos

2221 2537 2338 2591 illos
2364 2550 2426 2590 ac
2469 2536 2761 2605 morigeros
2790 2535 3011 2603 reperit.
3054 2533 3340 2587 Prael'uerat
3381 2534 3522 2588 enim
3563 2535 3665 2589 illis
3697 2552 3803 2588 non

2221 2635 2278 2682 ut
2303 2626 2424 2682 belli
2451 2625 2554 2680 dux
2587 2626 2840 2679 militibus
2861 2667 2874 2690 ,
2905 2625 2997 2680 sed
3035 2634 3091 2680 ut
3132 2623 3375 2679 sacerdos
3399 2664 3413 2688 ,
3439 2624 3658 2694 jamque
3683 2640 3805 2696 spc-

2221 2719 2376 2774 luuca
2408 2719 2492 2774 illa
2521 2727 2637 2772 erat
2664 2717 2913 2772 ecclesia.

2294 2812 2615 2881 Sacriﬁcium
2660 2809 2808 2878 σθω-ι
2845 2808 2953 2863 Deo
3005 2807 3168 2862 David
3192 2843 3228 2875 ,~
3252 2809 3514 2862 immotans
3554 2810 3701 2861 iram.
3733 2839 3807 2851 -—

2222 2905 2312 2960 Sic
2335 2901 2782 2974 quemadmodum
2816 2900 3005 2971 aliquis
3039 2899 3274 2971 episcOpi
3315 2899 3529 2953 sortitus
3567 2914 3756 2953 manus
3785 2942 3800 2965 ,

2222 2997 2288 3052 ad
2321 2998 2439 3051 illos
2463 2996 2771 3051 concionem
2808 2993 3030 3048 habebat
3057 3033 3072 3058 ,
3104 3007 3166 3046 ac
3199 3002 3408 3062 peracta
3439 2993 3696 3046 concione
3723 3009 3808 3046 sa—

2222 3089 2477 3144 crilicium
2505 3087 2714 3152 obtulit,
2747 3085 2904 3155 idque
2924 3083 3235 3138 admirabile
3266 3082 3531 3152 quoddam
3560 3083 3808 3152 dictuque

2224 3181 2551 3247 incredibile,
2585 3196 2691 3234 non
2720 3188 2949 3233 mactato
2975 3179 3137 3232 vitulo
3157 3217 3171 3242 ,
3203 3185 3293 3230 aut
3321 3176 3498 3231 occiso
3525 3189 3682 3245 agno,
3711 3175 3804 3229 sed

2222 3275 2365 3346 quod
2397 3273 2479 3328 his
2510 3279 2625 3326 erat
2666 3271 2832 3326 multo
2856 3268 3318 3334 honoriﬁcentius,
3347 3265 3805 3321 mansuetudinem

2223 3375 2279 3424 et
2327 3365 2706 3422 humanitatem
2766 3361 2998 3420 oﬁerens
3051 3361 3162 3416 Ι)ρο
3195 3399 3210 3422 ,
3261 3368 3419 3429 atque
3457 3356 3805 3411 irrationahiti

2224 3459 2387 3514 animi
2421 3465 2565 3512 motu
2595 3465 2845 3521 mactato,
2868 3455 3149 3522 occisaque
3194 3450 3484 3517 iracundia,
3515 3459 3568 3504 et
3589 3450 3812 3503 mortiﬁ-

2225 3551 2356 3605 catis
2386 3547 2661 3612 membris,
2687 3561 2804 3616 quae
2843 3554 2965 3598 sunt
2989 3559 3146 3612 super
3176 3551 3394 3597 terram.
3434 3540 3502 3594 Et
3528 3538 3690 3594 Iactus
3727 3552 3813 3593 est

2224 3645 2364 3700 idem
2392 3653 2503 3698 tum
2528 3641 2738 3697 victima
2759 3682 2775 3706 ,
2808 3648 2916 3692 tum
2945 3637 3266 3692 sacrilicatus
3289 3675 3305 3700 ,
3332 3643 3441 3688 tum
3465 3633 3629 3687 altare
3657 3631 3810 3702 (Col.

2226 3739 2278 3793 '5.
2310 3736 2344 3793 5
2365 3739 2403 3807 ).
2424 3733 2694 3806 Siquidem
2721 3741 2775 3786 et
2798 3731 2932 3785 ratio
2947 3744 3063 3799 qua:
3079 3725 3336 3782 oﬁ'erebat
3354 3723 3810 3780 mansuetudinem

2225 3839 2386 3898 atque
2411 3825 2814 3885 humanitatem,
2833 3833 2888 3876 et
2903 3823 3012 3890 ipsa
3031 3818 3328 3872 humanitas
3348 3832 3410 3872 ac
3427 3815 3800 3880 mansuetudo,

2226 3921 2455 3991 denique
2492 3933 2586 3973 cor
2623 3917 2676 3970 in
2714 3930 2820 3986 quo
2849 3913 2963 3968 haec
3003 3910 3395 3976 oll‘erebantur,
3440 3910 3618 3963 omnia
3659 3918 3815 3961 erant

2227 4011 2465 4082 ejusdem
2497 4007 2746 4064 hominis.

2297 4103 2354 4156 2.
2397 4101 2749 4168 Posteaquam
2793 4095 2950 4166 igitur
2987 4093 3124 4147 hanc
3153 4091 3476 4146 immolasset
3503 4089 3810 4159 pra‘claram

2228 4194 2495 4248 victimam
2521 4233 2536 4258 ,
2572 4202 2696 4245 tunc
2743 4187 3016 4242 victoriam
3060 4185 3272 4249 retulit,
3320 4197 3489 4252 neque
3524 4181 3811 4249 quidquam

2230 4283 2569 4356 pr:etermisit
2591 4280 2733 4352 quod
2753 4280 2817 4334 ad
2848 4289 3102 4348 trepaaum
3133 4283 3412 4345 spectaret.
3441 4273 3668 4327 surrexit
3688 4281 3812 4324 tan-

2228 4378 2351 4434 dem
2379 4377 2567 4431 horum
2590 4371 2940 4427 certaminum
2970 4367 3186 4422 materia
3213 4365 3360 4428 Saﬁl,
3383 4372 3435 4418 et
3458 4377 3702 4431 egressus
3728 4369 3815 4414 est

2227 4486 2259 4526 e
2281 4469 2550 4540 spelunca,
2574 4467 2786 4534 ignarus
2809 4463 3045 4517 omnium
3067 4475 3184 4529 quae
3204 4468 3350 4528 gesta
3374 4455 3594 4509 fuerant.
3627 4452 3815 4522 Egres-

2230 4580 2315 4618 sus
2355 4570 2426 4614 est
2467 4569 2634 4610 autem
2675 4554 2960 4624 pastillum
3001 4560 3046 4605 et
3085 4547 3252 4602 David
3278 4547 3295 4617 (
3320 4548 3370 4600 I.
3414 4544 3540 4616 Reg.
3577 4545 3664 4598 2i.
3695 4543 3808 4613 9),

2231 4653 2411 4710 liberis
2448 4650 2700 4718 deinceps
2729 4645 2899 4701 oculis
2940 4643 3127 4698 ctelum
3157 4641 3366 4694 intuens
3390 4678 3405 4700 ,
3435 4651 3498 4690 ac
3538 4644 3647 4689 tum
3675 4645 3811 4688 tem-

2232 4746 2373 4818 poris
2400 4744 2564 4813 magis
2592 4739 2846 4811 gaudens,
2865 4752 3020 4808 quam
3047 4749 3166 4789 cum
3185 4729 3395 4787 Goliath
3417 4728 3812 4799 pmstravisset,

2230 4855 2292 4896 ac
2331 4836 2541 4894 barbari
2569 4843 2726 4904 caput
2755 4837 3099 4901 amputasset.
3131 4822 3400 4893 Siquidem
3432 4821 3542 4874 lucc
3581 4819 3663 4872 illa
3694 4833 3813 4870 ma-

2230 4929 2563 5003 gniﬁcentior
2590 4935 2706 4981 erat
2734 4922 2972 4980 victoria.
3006 4919 3119 4972 haec
3145 4912 3592 4984 magniﬁcentiora
3621 4909 3809 4979 spolia,

2233 5001 2348 5080 hac
2372 5021 2550 5093 przeda
2593 5017 2876 5080 illustrior,
2909 5014 3011 5067 hoc
3040 5009 3318 5080 gloriosius
3357 5016 3638 5075 tropmum.
3681 5001 3814 5056 Nam

2231 5119 2337 5176 illic
2363 5125 2418 5170 et
2447 5111 2606 5168 funda
2649 5119 2703 5164 et
2726 5105 2989 5177 lapidibus
3025 5111 3081 5157 et
3119 5099 3232 5154 acie
3261 5097 3489 5153 habebat
3525 5109 3658 5166 opus
3686 5111 3700 5148 :
3729 5093 3818 5148 hic

2231 5226 2359 5266 vero
2378 5215 2567 5263 cuncta
2596 5198 2869 5272 prudentia
2892 5195 3201 5262 rationeque
3225 5197 3434 5261 peracta
3455 5195 3594 5252 sunt,
3619 5201 3681 5240 ac
3699 5186 3818 5241 sine

2231 5300 2392 5357 armis
2432 5295 2652 5364 contigit
2696 5290 2915 5345 victoria
2939 5329 2953 5351 ,
2985 5293 3142 5355 atque
3191 5283 3523 5338 incruentum
3557 5287 3814 5348 tropaeum

2231 5400 2467 5448 erectum
2511 5397 2614 5442 est.
2647 5385 2833 5453 Itaque
2876 5379 3034 5434 rediit
3076 5391 3182 5431 non
3228 5372 3442 5428 barbari
3482 5371 3621 5426 illius
3658 5379 3816 5438 caput

2231 5492 2445 5552 gestans
2470 5520 2485 5544 ,
2513 5476 2605 5533 sed
2627 5473 2787 5530 animi
2812 5467 3219 5526 commetionem
3259 5462 3494 5518 sedatam
3518 5498 3536 5527 ,
3562 5458 3654 5515 sed
3683 5459 3815 5513 iram

2233 5580 2537 5628 enervatam
2568 5585 2584 5623 :
2611 5581 2781 5637 neque
2810 5564 2925 5618 haec
2961 5561 3128 5630 spolia
3170 5555 3406 5626 reposuit
3425 5551 3775 5622 Jerosolymte
3795 5591 3812 5614 ,

2233 5665 2326 5722 sed
2355 5667 2405 5719 in
2445 5663 2614 5725 caelo,
2643 5660 2802 5729 inque
2842 5667 3072 5725 superna
3113 5649 3200 5706 iiia
3244 5648 3474 5704 civitate.
3518 5644 3668 5700 Nunc
3707 5656 3812 5695 non

2233 5758 2456 5816 choreas
2483 5762 2700 5824 agentes
2720 5749 2934 5808 obviam
2956 5743 3239 5803 veniebant
3258 5739 3468 5798 femina:
3493 5735 3813 5807 excipientes
