4110 6214
450 321 559 378 689

452 438 603 493 illum
632 451 753 493 eum
780 436 1045 505 laudibus,
1071 436 1165 493 sed
1194 436 1501 508 angelorum
1533 437 1755 507 p0pulus
1775 452 1806 491 c
1830 435 2040 490 sublimi

451 530 827 601 applaudebat,
853 528 1121 585 admirans
1144 529 1265 599 ejus
1295 529 1684 600 philosophiam
1716 539 1769 583 ct
1796 528 2041 581 humaui-

453 629 639 676 tatem.
667 619 921 675 Ascendit
939 620 1081 674 enim
1104 619 1258 675 hoste
1280 619 1589 675 vulneribus
1612 619 1904 674 innumeris
1923 632 2047 672 sau-

449 711 593 766 cian
614 751 631 775 ,
654 721 719 765 ut
746 711 835 781 qui
876 711 1083 766 tametsi
1111 720 1381 766 servasset
1404 711 1622 766 Saﬁlem
1646 752 1660 776 ,
1688 720 1863 765 tamen
1894 710 2041 764 illum

452 816 640 857 revera
668 801 873 856 hostem
901 801 1170 857 diabolum
1203 801 1382 856 multis
1410 802 1578 871 plagis
1618 800 1860 855 conﬁxit.
1892 799 2045 855 Sicut

451 894 594 949 enim
637 892 789 947 nobis
837 908 932 962 per
977 893 1303 948 iracundiam
1349 894 1488 950 inter
1516 908 1612 948 nos
1650 892 2039 962 pugnantibus,

449 996 505 1042 et
528 998 711 1042 mutuo
736 987 984 1043 conﬂictu
1012 988 1241 1056 collisis,
1282 989 1370 1045 ille
1401 1000 1509 1044 tum
1550 989 1743 1059 gaudet
1766 1032 1781 1054 ,
1814 1001 1923 1044 tum
1953 991 2044 1045 lm-

449 1084 636 1131 tatur:
666 1078 737 1132 ita
782 1078 935 1133 nobis
976 1093 1160 1148 pacem
1203 1088 1258 1134 et
1296 1080 1639 1135 concordiam
1684 1079 2038 1150 habentibus,

448 1168 689 1239 iramque
716 1170 1116 1225 moderantibus
1137 1211 1153 1236 ,
1186 1184 1371 1225 rursus
1391 1170 1731 1225 contrahitur
1754 1185 1817 1225 ac
1852 1171 2038 1241 dejici-

446 1269 551 1326 tur,
580 1262 828 1317 nimirum
861 1262 1034 1318 hostis
1062 1262 1209 1333 pacis
1236 1272 1289 1319 et
1316 1263 1564 1318 inimicus
1599 1263 1901 1318 concordia:
1929 1303 1945 1329 ,
1986 1277 2041 1324 et

447 1352 658 1409 invidia:
698 1363 868 1425 pater.
916 1354 1176 1426 Egressus
1212 1364 1306 1411 est
1349 1356 1509 1426 igitur
1551 1354 1755 1422 David,
1798 1355 2036 1411 dextram

438 1445 587 1500 illam
616 1447 775 1501 totius
801 1446 945 1503 orbis
968 1448 1138 1517 pretio
1160 1462 1341 1517 parem
1363 1448 1518 1502 simul
1542 1462 1663 1502 cum
1684 1448 1861 1517 capite
1880 1463 2036 1504 coro-

440 1548 622 1593 natam
648 1549 881 1609 gestans.
914 1538 1063 1594 Sieut
1089 1539 1250 1594 enim'
1272 1553 1415 1610 saepe
1444 1540 1794 1610 Imperatores
1817 1554 2033 1608 eorum,

442 1631 538 1700 qui
569 1631 782 1701 egregie
816 1645 876 1685 se
907 1631 958 1685 iu
987 1630 1221 1701 pugilum
1252 1632 1545 1688 certamine
1574 1642 1883 1703 gesserunt,
1910 1644 2036 1690 ante

440 1732 601 1791 caput
640 1732 899 1778 coronant
942 1722 1184 1779 dextram
1229 1732 1322 1780 aut
1366 1725 1557 1796 pugilis
1605 1734 1697 1780 aut
1740 1727 2037 1797 pancratia-

440 1822 539 1868 stae
567 1811 645 1884 (a)
680 1814 793 1869 :ita
836 1825 888 1870 et
929 1815 1070 1871 Deus
1111 1831 1327 1871 manum
1372 1817 1516 1872 illam
1560 1819 1878 1885 coronavit,
1913 1834 2031 1888 quae

438 1905 671 1975 gladium
702 1922 890 1977 purum
918 1908 1151 1978 potuerit
1172 1908 1421 1977 educere,
1444 1924 1733 1980 ensemque
1757 1911 1865 1967 Deo
1890 1912 2034 1967 nullo

440 1996 697 2065 sanguine
736 1996 1154 2051 contaminatum
1176 1998 1460 2053 ostendere
1483 2040 1498 2064 ,
1525 1998 1755 2070 denique
1779 1999 2033 2057 adversus

440 2094 640 2139 tantam
672 2085 958 2142 iracundia:
1005 2088 1292 2158 procellam
1331 2089 1602 2146 resistere.
1630 2091 1745 2147 Non
1785 2108 2033 2163 egressus

435 2186 519 2230 est
545 2185 758 2246 gestans
783 2177 958 2233 Saulis
986 2178 1228 2234 diadema
1253 2221 1268 2247 ,
1299 2180 1393 2234 sed
1419 2196 1667 2251 egressus
1696 2190 1779 2237 est
1818 2195 2031 2252 gestans

434 2287 688 2328 coronam
707 2273 927 2343 justitize
940 2290 959 2338 ;
987 2290 1093 2329 non
1123 2290 1370 2345 egressus
1393 2285 1475 2330 est
1502 2285 1717 2346 gestans
1741 2277 1884 2346 regis
1907 2293 2031 2347 pur-

430 2380 654 2436 puream
691 2378 913 2433 vestem,
946 2367 1039 2423 sed
1072 2382 1320 2438 egressus
1353 2377 1435 2422 est
1457 2368 1681 2423 amictus
1705 2367 2031 2425 humanitate

437 2466 678 2512 naturam
698 2457 988 2512 humanam
1009 2466 1318 2529 superante,
1341 2456 1481 2528 quod
1506 2458 1720 2528 pallium
1744 2466 1825 2513 est
1846 2458 2031 2529 quavis

431 2548 571 2602 stola
602 2548 1044 2619 magnificentius.

507 2643 711 2711 Confert
736 2641 977 2695 Davidem
1007 2658 1118 2694 cum
1142 2641 1299 2695 tribus
1320 2643 1503 2711 pueris.
1527 2640 1679 2696 Nihil
1702 2642 1854 2695 tutius
1878 2658 2029 2710 quam

432 2752 641 2805 parcere
660 2735 884 2789 inimico.
902 2734 1253 2805 —Egressus
1277 2743 1359 2788 est
1383 2750 1413 2789 e
1436 2734 1709 2804 spelunca,
1741 2744 1881 2787 tanta
1907 2749 2027 2788 cum

433 2828 635 2895 gloria,
674 2841 794 2880 eum
833 2833 1029 2894 quanta
1058 2835 1165 2878 tres
1193 2824 1339 2894 pueri
1366 2824 1565 2893 egressi
1597 2832 1720 2877 sunt
1761 2839 1792 2878 e
1820 2824 2029 2879 camino

432 2918 676 2971 ardente.
724 2916 854 2970 Nam
886 2926 945 2969 ut
975 2916 1093 2970 illos
1128 2930 1233 2969 non
1278 2915 1479 2970 exussit
1510 2915 1645 2985 ignis
1667 2954 1683 2979 ,
1712 2915 1784 2968 ita
1818 2914 1902 2969 hie
1923 2930 2027 2969 non

433 3007 789 3076 Conflagravit
818 3007 909 3060 ira:
944 3006 1209 3060 incendio.
1253 3004 1322 3059 Et
1362 3006 1464 3060 illis
1489 3006 1704 3074 quidem
1732 3005 1862 3059 foris
1897 3004 2027 3061 nihil

434 3099 604 3168 ignis,
632 3098 682 3151 in
710 3112 815 3167 quo
840 3097 1220 3163 versabantur,
1253 3100 1432 3152 nocuit
1452 3096 1627 3168 (Dan.
1650 3097 1722 3170 5)
1753 3117 1766 3153 :
1790 3098 1875 3154 hic
1898 3114 2026 3155 vero

436 3205 557 3244 cum
590 3191 729 3245 intus
758 3189 979 3245 haberet
1018 3190 1277 3245 carbones
1302 3203 1563 3245 accensos
1586 3231 1601 3257 ,
1634 3204 1753 3245 cum
1785 3189 1913 3245 foris
1942 3190 2023 3245 vi-

433 3282 583 3336 deret
603 3283 870 3336 diabolum
891 3282 1156 3337 caminum
1180 3280 1571 3346 incendentem,
1595 3280 1662 3335 ab
1683 3280 1880 3335 inimici
1901 3296 2029 3336 con-

431 3386 639 3447 spectu,
661 3376 729 3430 ab
747 3376 1116 3430 exhortatione
1138 3375 1384 3441 milLtum,
1407 3391 1436 3429 a
1455 3373 1703 3432 facilitate
1720 3373 2025 3444 perficiendi

441 3470 665 3533 aedem.
686 3484 716 3523 a
743 3468 1027 3523 solitudine
1046 3483 1230 3522 eorum
1251 3468 1340 3537 qui
1357 3468 1499 3521 Sauli
1521 3477 1741 3537 possent
1760 3465 2022 3531 auxiliari,

434 3573 462 3611 a
494 3558 885 3628 przeteritorum
918 3558 1171 3611 memoria
1199 3599 1213 3621 ,
1258 3572 1288 3610 a
1331 3556 1628 3611 futurorum
1671 3557 2025 3626 periculorum

434 3652 576 3697 metu
610 3642 902 3711 (siquidem
937 3644 1051 3695 haec
1093 3651 1147 3694 et
1171 3641 1482 3704 sarmentis,
1512 3641 1659 3710 pice,
1696 3641 1935 3709 stipulis,
1964 3656 2027 3697 ac

428 3734 642 3789 ctetcris
671 3732 946 3794 omnibus,
978 3732 1171 3800 quibus
1201 3732 1439 3785 caminus
1469 3730 1559 3785 ille
1589 3730 1909 3802 Babylonius
1945 3732 2026 3785 in.

430 3823 784 3888 ceudebatur,
814 3822 1125 3875 lucidiorem
1150 3821 1452 3876 excitabant
1477 3821 1743 3876 flammam
1762 3822 1782 3892 )
1802 3863 1817 3888 ,
1847 3831 2022 3878 tamen

434 3933 542 3971 non
580 3916 777 3971 exarsit
810 3914 993 3981 David,
1024 3930 1196 3985 neque
1222 3915 1329 3967 ullo
1367 3923 1521 3984 pacto
1548 3914 1625 3970 sic
1655 3914 1753 3968 fuit
1779 3913 2019 3982 allectus,

435 4019 491 4063 nt
516 4018 930 4064 consentaneum
960 4015 1073 4060 erat
1100 4022 1219 4061 eum
1244 4005 1381 4061 effici
1408 4026 1420 4061 :
1446 4006 1538 4061 sed
1564 4007 1725 4061 exivit
1753 4022 1939 4077 purus,
1970 4015 2025 4063 et

430 4104 655 4157 intuitus
682 4102 880 4156 inimici
906 4100 1115 4166 facient,
1141 4100 1265 4156 hinc
1285 4100 1514 4156 maxime
1537 4102 1762 4170 sumpsit
1786 4102 2021 4157 animum

437 4196 626 4251 fortem
672 4211 735 4250 ac
778 4194 1225 4264 pltilnSOphieum.
1272 4192 1407 4247 Cum
1453 4194 1595 4248 enim
1632 4193 1836 4248 videret
1872 4194 2023 4249 illum

434 4286 671 4340 dormire
696 4328 710 4349 ,
754 4302 815 4340 ac
845 4302 1061 4339 manere
1109 4286 1437 4341 immobilem
1464 4326 1479 4349 ,
1523 4300 1695 4355 neque
1736 4284 2021 4355 quidquam

434 4391 593 4444 posse
621 4374 817 4441 facere,
848 4390 946 4430 suo
975 4390 1095 4431 cum
1126 4376 1304 4429 animo
1332 4375 1583 4442 loquutus
1603 4384 1685 4430 est
1715 4390 1729 4427 :
1762 4375 1849 4430 ubi
1880 4390 2022 4430 nunc

432 4468 523 4521 ille
549 4467 730 4520 furor?
753 4466 838 4520 ubi
863 4467 947 4521 illa
979 4467 1211 4521 malitia?
1233 4466 1317 4521 ubi
1343 4476 1418 4521 tot
1435 4467 1665 4533 technre,
1691 4476 1767 4520 tot
1792 4467 2022 4523 insidiae?

434 4559 693 4613 Abieruut
713 4560 885 4612 omnia
913 4560 1024 4621 illa,
1053 4560 1426 4629 perieruntque
1446 4558 1618 4627 exigui
1642 4558 1813 4613 somni
1845 4558 2021 4613 incur-

432 4667 495 4706 su
521 4670 534 4705 :
560 4652 700 4721 jacet
724 4652 970 4719 alligatus
1000 4666 1123 4715 rex,
1156 4667 1275 4704 cum
1319 4650 1448 4703 nihil
1483 4650 1671 4704 horum
1705 4665 1803 4705 nos
1846 4666 2018 4720 neque

428 4744 859 4815 cogitaverimus,
885 4756 1054 4809 neque
1074 4740 1471 4809 perfecerimus.
1485 4738 1857 4809 Conspiciebat
1874 4742 2017 4795 illum

430 4837 872 4899 dormientem,ac
887 4834 952 4887 de
969 4842 1137 4886 morte
1152 4832 1394 4885 omnibus
1410 4832 1674 4885 communi
1688 4832 2025 4902 philosopha-

434 4926 606 4980 batur.
646 4925 875 4981 Somnus
911 4926 1052 4978 enim
1075 4922 1202 4975 nihil
1230 4922 1371 4976 aliud
1394 4932 1495 4985 est,
1520 4938 1677 4992 quam
1706 4939 1849 4979 mors
1886 4935 2023 4979 tem-

442 5018 650 5086 poraria
675 5058 689 5081 ,
720 5028 774 5073 et
798 5014 1136 5087 quotidianus
1178 5015 1442 5068 interitus.
1473 5014 1623 5069 Haud
1647 5016 2020 5085 intempestive

430 5108 553 5178 quis
593 5108 675 5161 hic
718 5109 1017 5161 meminerit
1058 5108 1218 5160 etiam
1262 5105 1513 5160 Danielis.
1561 5106 2016 5171 Quemadmodum

430 5202 575 5255 enim
600 5199 686 5254 ille
706 5200 944 5253 ascendit
962 5214 991 5253 a
1016 5200 1129 5253 lacu
1157 5198 1419 5268 superatis
1442 5198 1567 5253 feris
1593 5197 1833 5253 leonibus
1854 5198 2015 5267 (Dan.

437 5296 547 5362 Η)
579 5337 594 5360 ,
630 5295 699 5348 ita
730 5302 786 5348 et
826 5294 911 5347 hic
950 5311 979 5348 e
1014 5309 1179 5363 specu
1226 5294 1458 5363 prodiit,
1485 5292 1601 5347 aliis
1639 5292 1821 5347 bestiis
1867 5293 2020 5364 longe

432 5385 749 5439 smvioribus
787 5384 1033 5439 devictis.
1063 5384 1191 5438 Nam
1233 5384 1371 5439 sicut
1407 5384 1551 5453 justo
1578 5383 1650 5437 illi
1689 5384 1871 5438 leones
1895 5383 2018 5438 hinc

437 5488 596 5550 atque
626 5478 747 5533 hinc
772 5476 1096 5543 assidebam,
1129 5477 1197 5530 ita
1228 5476 1369 5531 hunc
1396 5475 1639 5531 omnibus
1666 5474 1909 5530 leonibus
1936 5475 2016 5529 ci-

439 5721 452 5766 .
496 5658 571 5767 ti?
608 5657 936 5765 “iure
1122 5650 2020 5823 αυί-ιξεενιῖῖιίξωιῖυεβυξιέηρθῖξεξεεξ

439 5728 1327 5823 re;assistant;seu...
1345 5784 1396 5823 ει
1419 5727 1746 5823 sum...

438 5778 563 5829 libro
581 5780 643 5827 de
663 5780 963 5842 Antiquitate
987 5774 1327 5840 explanatione
1345 5784 1396 5826 et
1419 5774 1746 5826 schematibus
1766 5774 2016 5825 “lustrata.

1486 320 1578 376 DE
1621 318 1872 375 DAYIDE
1915 317 2003 373 ΕΤ
2039 318 2266 376 SAULE
2308 320 2597 383 HOMIIJX
2629 330 2689 385 ΙΙ.

2152 436 2431 497 feratiores
2456 436 2521 497 ac
2541 445 2823 501 validiores
2850 450 3010 505 animi
3038 460 3212 507 motus
3238 453 3547 512 invaserunt
3577 475 3587 511 :
3613 458 3739 515 hinc

2152 529 2444 601 indignatio
2475 535 2541 590 de
2571 540 2876 606 pra-teritis,
2910 542 3055 597 illinc
3074 543 3369 601 futurorum
3397 560 3570 604 metus
3595 566 3611 605 :
3643 567 3737 606 ve-

2151 640 2267 678 rum
2302 628 2489 682 horum
2518 640 2797 702 utrumque
2827 633 2913 690 hic
2935 637 3191 705 coercuit,
3224 655 3314 693 ora
3346 641 3528 696 bestiis
3554 642 3736 701 occlu-

2150 713 2302 781 dcus,
2330 717 2463 785 ipsis
2495 720 2640 776 iactis
2665 723 2863 779 ducens
2883 767 2898 791 ,
2920 726 3052 781 nihil
3081 743 3201 785 esse
3229 731 3391 785 tutius
3420 749 3580 803 quam
3608 751 3733 804 par-

2150 823 2275 863 cere
2298 812 2534 876 inimico,
2565 825 2749 869 contra
2781 817 2910 872 nihil
2940 819 3308 888 periculosius,
3331 839 3488 892 quam
3518 826 3735 881 sevelle

2149 893 2328 948 ulcisci
2350 910 2412 950 ac
2440 896 2721 953 vindictam
2740 914 2975 957 sumere.
3004 904 3154 959 Alter
3179 905 3338 974 igitur
3359 908 3448 977 qui
3477 918 3736 966 statuerat

2148 983 2399 1041 invadere
2422 1029 2438 1054 ,
2470 989 2643 1044 nudus
2684 1000 2738 1045 et
2779 991 2997 1049 inermis
3020 1035 3035 1059 ,
3064 996 3416 1067 omnibusque
3443 998 3733 1057 destitutus

2146 1075 2357 1132 auxiliis
2378 1092 2480 1132 non
2503 1080 2659 1135 aliter
2674 1097 2834 1151 quam
2856 1085 3096 1153 captivus
3117 1086 3169 1141 in
3191 1102 3380 1143 manus
3401 1088 3599 1144 inimici
3621 1101 3732 1146 Ira-

2145 1165 2287 1221 ditus
2322 1168 2533 1237 jacebat
2564 1188 2577 1223 :
2608 1171 2695 1225 hic
2735 1188 2862 1228 vero
2903 1174 3027 1229 dum
3078 1177 3261 1244 cedit,
3309 1187 3364 1233 et
3403 1179 3599 1250 ubique
3641 1181 3733 1237 dat

2144 1256 2340 1325 locum,
2367 1259 2597 1331 dumque
2623 1278 2689 1317 ne
2711 1263 2854 1333 juste
2878 1266 3091 1335 quidem
3127 1268 3239 1323 vult
3260 1284 3447 1324 manus
3474 1271 3729 1341 injicere,

2143 1351 2260 1407 sine
2285 1353 2564 1419 machinis,
2598 1356 2712 1410 sine
2737 1359 2901 1412 armis
2920 1400 2935 1425 ,
2968 1360 3083 1415 sine
3109 1361 3345 1431 equitatu
3362 1405 3377 1427 ,
3406 1362 3525 1418 sine
3551 1364 3733 1418 militi-

2142 1442 2259 1509 bus,
2293 1446 2497 1499 hostem
2527 1446 2577 1499 in
2610 1456 2928 1516 potestatem
2958 1464 3109 1505 suam
3131 1452 3374 1521 accepit;
3404 1462 3457 1508 et
3481 1454 3621 1524 quod
3646 1463 3731 1509 est

2141 1535 2377 1589 omnium
2409 1536 2731 1605 maximum,
2764 1538 2931 1594 Deum
2970 1555 3093 1612 erga
3134 1556 3193 1597 se
3233 1541 3729 1601 benevolentiorem

2141 1625 2393 1681 reddidit.

2209 1719 2263 1773 3.
2299 1722 2501 1787 Quanta
2536 1723 2836 1795 tucrifecerit
2874 1725 3068 1793 David,
3110 1736 3304 1783 serrato
3335 1727 3510 1784 Scite.
3561 1730 3728 1787 Multo

2139 1813 2304 1881 majus
2334 1831 2538 1883 parcere
2561 1833 2713 1885 quam
2748 1818 2971 1885 perdere.
3002 1850 3075 1859 —
3100 1818 3212 1873 Non
3241 1820 3382 1875 enim
3410 1835 3477 1876 eo
3502 1820 3720 1877 beatum

2138 1904 2369 1974 przedico
2394 1918 2633 1961 sanctum
2665 1908 2811 1963 illum
2830 1951 2844 1975 ,
2871 1911 3010 1980 quod
3046 1911 3251 1966 hostem
3288 1913 3479 1968 viderit
3504 1914 3603 1968 sub
3629 1931 3727 1985 pe-

2138 1994 2294 2050 dibus
2324 1998 2434 2053 suis
2454 1998 2743 2068 jacentem,
2776 2002 2870 2057 sed
2900 2002 3042 2073 quod
3071 2003 3143 2059 illi
3173 2003 3225 2059 in
3255 2020 3443 2059 manus
3472 2006 3597 2060 dato
3628 2022 3725 2077 pe-

2137 2088 2384 2156 percerit.
2409 2091 2644 2156 Quorum
2672 2093 2896 2147 alterum
2926 2092 3025 2146 fuit
3052 2109 3185 2163 opus
3210 2094 3403 2148 divina:
3436 2096 3683 2164 potentia:
3705 2138 3720 2161 ,

2135 2181 2357 2235 alterum
2398 2184 2511 2250 ejus
2549 2182 2913 2254 philosophiae.
2950 2184 3229 2250 Quomodo
3252 2186 3448 2240 milites
3469 2186 3722 2256 deinceps

2137 2270 2286 2325 illum
2313 2270 2627 2325 observasse
2655 2283 3070 2328 consentaneum
3100 2272 3201 2327 fuit
3220 2316 3234 2339 ,
3267 2284 3461 2343 quanta
3487 2290 3609 2345 erga
3651 2276 3719 2329 il-

2135 2361 2242 2416 lum
2274 2361 2639 2417 benevolentia
2680 2363 2842 2418 fuisse
2883 2364 3142 2419 allectos?
3188 2364 3317 2419 Nam
3360 2366 3403 2419 si
3439 2366 3582 2420 mille
3622 2364 3719 2420 ha-

2133 2450 2375 2507 buissent
2404 2454 2568 2521 vitas,
2595 2468 2775 2507 annon
2796 2464 3043 2524 prompte
3085 2455 3466 2524 impendisseut
3497 2471 3593 2525 pro
3619 2472 3718 2509 suo

2132 2542 2298 2607 duce,
2326 2544 2435 2614 jam
2467 2560 2529 2599 ex
2562 2546 2853 2600 reverentia
2885 2561 3042 2615 quam
3069 2546 3206 2600 hosti
3234 2549 3511 2616 pra-stitit,
3543 2549 3717 2619 reipsa

2134 2648 2469 2707 perspectum
2500 2638 2784 2705 habentes,
2828 2654 2986 2707 quam
3008 2638 3323 2693 benevolum
3355 2642 3588 2696 animum
3619 2657 3717 2711 ge-

2134 2741 2276 2785 reret
2305 2745 2427 2801 erga
2453 2745 2579 2785 suos
2600 2730 2623 2783 ?
2648 2730 2780 2785 Nam
2811 2731 2855 2785 is
2881 2732 2968 2801 qui
3007 2732 3150 2786 mitis
3177 2747 3240 2786 ac
3270 2743 3580 2787 mansuetus
3604 2745 3719 2789 erat

2132 2822 2185 2875 in
2214 2836 2306 2877 eos
2327 2862 2341 2887 ,
2387 2836 2416 2874 a
2447 2821 2639 2890 quibus
2668 2821 2909 2876 molestia
2941 2821 3161 2875 affectus
3182 2830 3263 2876 est
3282 2863 3296 2887 ,
3342 2823 3507 2875 multo
3549 2823 3719 2893 magis

2132 2913 2233 2967 erit
2261 2927 2383 2981 erga
2412 2912 2699 2966 benevolos
2729 2928 2851 2967 eum
2882 2913 3129 2967 allectum
3151 2922 3435 2982 gesturus:
3464 2928 3581 2983 qua:
3602 2930 3719 2985 pro-

2134 3006 2270 3061 fecto
2300 3022 2386 3062 res
2412 3006 2512 3061 fuit
2534 3006 2609 3061 illi
2632 3006 2921 3061 maximum
2947 3006 3249 3061 securitatis
3277 3006 3488 3076 pignus.
3517 3008 3583 3059 At
3605 3022 3710 3061 non

2132 3099 2184 3153 in
2227 3098 2397 3168 ipsum
2423 3098 2582 3153 modo
2626 3096 3089 3152 bcnevolcntiores
3135 3105 3287 3150 erant
3313 3138 3327 3161 ,
3362 3097 3712 3151 verumetiam

2131 3191 2388 3246 adversus
2420 3190 2602 3245 hostes
2627 3190 2983 3261 promptiores
3015 3207 3028 3242 :
3057 3188 3196 3260 quod
3223 3188 3421 3242 scirent
3458 3203 3516 3243 se
3546 3188 3713 3243 Deum

2130 3283 2330 3339 habere
2359 3293 2821 3354 propugnatorem,
2846 3284 2935 3353 qui
2965 3297 3177 3352 semper
3198 3280 3407 3337 adesset
3428 3281 3570 3347 duci,
3600 3296 3717 3335 om-

2131 3377 2286 3432 nibus
2316 3377 2459 3431 illius
2486 3376 2651 3445 gestis
2677 3374 3025 3445 prospiciens.
3059 3373 3262 3427 Idcirco
3292 3382 3473 3442 postea
3506 3370 3712 3438 Davidi,

2132 3483 2235 3521 non
2268 3467 2377 3537 jam
2418 3476 2475 3520 ut
2519 3466 2717 3520 homini
2744 3506 2759 3530 ,
2810 3464 2903 3519 sed
2932 3473 2988 3518 ut
3013 3463 3200 3534 angelo
3229 3462 3501 3532 parebant.
3534 3462 3715 3532 itaque

2131 3558 2295 3613 David
2320 3566 2372 3611 et
2402 3558 2707 3627 priusquam
2740 3557 2881 3611 Deus
2909 3555 3008 3625 ipsi
3040 3554 3339 3608 mercedem
3372 3551 3711 3622 rependeret,

2130 3648 2289 3704 etiam
2319 3648 2369 3702 in
2398 3648 2495 3701 hac
2510 3648 2615 3701 vita
2643 3647 2812 3717 majus
2838 3648 3040 3716 accepit
3063 3644 3360 3716 prmmium,
3379 3659 3441 3699 ac
3463 3644 3712 3700 illustrio-

2131 3756 2243 3794 rem
2276 3739 2395 3794 tulit
2443 3739 2715 3792 victoriam
2746 3748 2957 3793 servato
2983 3737 3162 3801 Saﬁle,
3186 3752 3342 3807 quam
3371 3737 3414 3790 si
3445 3752 3566 3790 eum
3593 3751 3708 3791 ma-

2127 3839 2344 3887 stasset.
2371 3828 2522 3897 Quod
2549 3829 2689 3884 enim
2720 3836 2920 3882 tantum
2940 3826 3293 3884 lucrifecisset
3319 3828 3500 3883 occiso
3526 3826 3706 3891 hoste,

2129 3931 2381 3995 quantum
2422 3935 2563 3975 nunc
2592 3920 2711 3975 tulit
2757 3919 2832 3973 illi
2870 3917 3180 3988 parcendo?
3212 3918 3335 3971 llmc
3382 3916 3539 3987 igitur
3574 3926 3627 3971 et
3659 3927 3708 3973 ll

2130 4026 2305 4071 tecum
2332 4012 2595 4084 expende,
2628 4012 2714 4066 ubi
2746 4012 2951 4081 ceperis
2977 4026 3097 4065 eum
3129 4010 3214 4080 qui
3240 4018 3291 4065 te
3329 4009 3463 4065 lcesit
3486 4050 3505 4077 ,
3545 4008 3713 4063 multo

2128 4124 2247 4163 esse
2274 4108 2443 4177 majus
2471 4122 2533 4161 ac
2561 4105 2821 4159 lucrosius
2848 4118 3068 4174 parcere
3091 4144 3107 4169 ,
3145 4117 3300 4172 quam
3330 4100 3576 4172 perdere.
3622 4099 3712 4155 Si-

2128 4200 2342 4271 quidem
2387 4200 2431 4254 is
2453 4199 2542 4270 qui
2574 4197 2769 4253 occidit
2807 4196 3079 4252 inimicum
3103 4235 3119 4260 ,
3163 4193 3468 4265 frequenter
3503 4202 3557 4249 et
3596 4192 3712 4263 ipse

2127 4308 2247 4348 sese
2271 4290 2667 4355 condemnabit,
2693 4303 2909 4359 pravam
2933 4301 3126 4357 gerens
3146 4284 3545 4349 conscientiam,
3578 4281 3707 4337 dum

2128 4388 2179 4440 in
2206 4385 2442 4454 singulos
2466 4380 2579 4437 dies
2603 4390 2657 4436 et
2684 4378 2920 4450 singulas
2944 4378 3104 4433 horas
3148 4392 3178 4430 a
3221 4383 3440 4445 peccato
3479 4373 3572 4428 illo
3615 4389 3731 4428 ιιι-η

2126 4485 2283 4549 gente
2313 4474 2576 4545 amigetur
2606 4490 2619 4527 :
2650 4480 2707 4527 at
2730 4471 2821 4542 qui
2848 4470 3121 4540 pepercit,
3166 4466 3422 4537 brevique
3468 4475 3713 4535 tempore

2127 4569 2253 4623 vicit
2277 4566 2497 4621 affectus
2526 4578 2674 4628 suos,
2702 4570 2824 4633 post
2848 4560 3077 4617 exsultat
3104 4574 3165 4614 ac
3190 4558 3484 4615 delectatur
3509 4556 3708 4627 optima

2128 4674 2224 4729 spe
2248 4656 2411 4712 fultus
2432 4698 2446 4722 ,
2494 4670 2557 4710 ac
2597 4653 2891 4710 tolerantia:
2919 4650 3137 4722 praemia
3158 4660 3473 4720 exspectans
3502 4663 3534 4703 a
3577 4647 3709 4701 Deo.

2126 4749 2278 4817 Quod
2308 4750 2351 4804 si
2379 4746 2591 4819 quando
2631 4746 2682 4799 in
2713 4744 2926 4813 aliquod
2968 4743 3165 4797 malum
3207 4741 3489 4805 inciderit,
3547 4739 3709 4794 multa

2126 4855 2246 4895 cum
2277 4838 2466 4893 fiducia
2498 4834 2798 4892 mercedem
2843 4849 2873 4888 a
2910 4834 3019 4890 Deo
3046 4842 3291 4904 reposcet
3318 4851 3332 4886 :
3360 4828 3711 4901 quemadmo-

2126 4931 2253 4985 dum
2280 4940 2335 4985 et
2358 4929 2444 4983 hic
2470 4943 2660 4998 magna
2691 4929 2929 4998 miraque
2961 4928 3013 4981 in
3038 4926 3246 4979 hostem
3276 4922 3525 4976 exhibita!
3551 4935 3679 4976 reve
3698 4951 3710 4962 ο

2126 5022 2313 5077 rentia:
2337 5020 2550 5088 przemiu
2596 5018 2847 5089 deinceps
2888 5016 3138 5071 divinitus
3181 5012 3400 5082 recepit.
3446 5011 3551 5067 Sed
3592 5028 3711 5083 quas

2127 5119 2421 5180 sequuntur
2462 5107 2758 5162 videamus.
2822 5106 2992 5160 Exiuit
3038 5103 3205 5156 Dauid
3251 5119 3278 5156 e
3319 5102 3561 5172 spelunca
3602 5110 3712 5171 post

2129 5205 2336 5260 Saﬁlem
2355 5246 2368 5265 ,
2418 5203 2750 5273 clamavitque
2785 5208 2895 5269 post
2931 5199 3075 5252 illum
3101 5238 3116 5261 ,
3159 5197 3231 5250 ita
3263 5195 3431 5249 dicens
3451 5210 3471 5249 :
3497 5192 3712 5248 Domine

2128 5298 2195 5349 mi
2222 5312 2329 5350 rex.
2363 5294 2425 5347 Et
2452 5292 2666 5364 respexit
2696 5291 2825 5345 Sail!
2848 5298 2959 5358 post
2983 5299 3174 5359 tergum
3195 5302 3363 5352 suum,
3385 5295 3433 5339 et
3459 5285 3715 5339 inclinans

2127 5407 2180 5443 se
2210 5387 2375 5455 David
2417 5386 2468 5439 in
2521 5386 2649 5455 facie
2693 5392 2973 5453 prostratus
2999 5381 3051 5434 in
3095 5391 3278 5433 terram
3319 5378 3547 5432 adorauit
3599 5392 3712 5430 eum

2128 5482 2145 5549 (
2171 5483 2219 5535 l.
2248 5469 2371 5547 Βρξι.
2400 5476 2487 5532 24.
2516 5476 2605 5545 9).
2632 5474 2755 5529 llzec
2785 5490 2888 5527 non
2922 5474 3096 5527 minus
3136 5469 3382 5525 adferunt
3410 5474 3709 5524 ornamenti

2131 5572 2343 5637 Dnvidi,
2376 5586 2534 5641 quam
2578 5579 2818 5625 servatus
2864 5567 3049 5621 hostis.
3094 5564 3276 5634 Neque
3308 5562 3450 5617 enim
3479 5561 3711 5631 vulgaris

2130 5676 2245 5722 erat
2286 5666 2488 5730 animi,
2538 5678 2643 5717 non
2672 5660 2844 5715 inflari
2891 5659 3164 5715 beneficiis
3194 5659 3245 5711 in
3276 5657 3575 5727 proximum
3602 5657 3711 5710 cul-

2131 5761 2279 5826 latis,
2329 5773 2499 5829 neque
2548 5758 2623 5810 sic
2668 5754 2804 5807 allici
2857 5762 2915 5807 ut
2956 5752 3129 5807 solent
3178 5748 3415 5823 plerique
3449 5762 3482 5803 e
3515 5747 3712 5817 vulgo,
