4110 6214
479 379 576 434 69!

477 491 567 560 qui
607 485 826 558 perinde
855 492 912 538 ut
937 477 1202 550 mancipia
1245 472 1543 544 superciliis
1585 467 1824 560 adductis
1864 463 2046 560 despi-

478 555 629 636 ciunt
651 593 782 648 quos
813 571 1071 630 beneﬁcio
1104 567 1334 638 juvcrint
1361 566 1428 633 (a
1447 563 1488 634 ).
1535 563 1604 615 At
1632 575 1735 612 non
1767 558 1836 609 ita
1864 555 2051 648 beatus

483 644 680 734 David,
712 666 837 736 quin
865 663 1042 734 potius
1067 668 1184 728 post
1211 658 1446 725 impensa
1487 649 1738 706 beneficia
1766 644 2052 701 modestior

481 759 740 832 apparuit.
771 757 830 810 in
873 767 1031 808 causa
1061 750 1196 815 fuit,
1235 746 1376 818 quod
1403 743 1532 798 nihil
1561 756 1757 832 eorum
1773 753 1892 832 quae
1918 749 2050 804 pra:-

482 829 626 908 clare
653 857 799 921 gesta
830 846 1071 909 fuerant,
1117 857 1227 898 sua:
1254 841 1417 910 ipsius
1442 835 1710 890 industriae
1736 829 2052 921 ferebatac-

485 919 691 1011 ceptum
715 981 729 1004 ,
764 938 858 994 sed
886 947 1052 992 totum
1081 934 1260 989 divina
1291 929 1494 985 muneri
1521 923 1872 980 adscribebat.
1899 919 2052 974 ideo-

484 1048 589 1104 que
612 1031 700 1102 qui
725 1036 986 1094 servarat,
1009 1025 1148 1080 idem
1162 1020 1415 1077 adorabat
1434 1025 1720 1078 servatum,
1740 1021 2055 1104 rursumque

487 1100 665 1191 regem
690 1116 1014 1181 nominabat,
1045 1123 1100 1169 et
1123 1127 1182 1168 se
1207 1125 1443 1171 servum,
1478 1107 1547 1162 ob
1573 1105 1712 1158 illius
1745 1100 2053 1191 dignitatem

487 1188 650 1266 animi
680 1221 938 1264 tumorem
969 1205 1263 1274 reprimens
1288 1239 1302 1264 ,
1337 1200 1572 1265 iramque
1598 1195 1862 1261 mitigans,
1894 1199 1947 1244 et
1977 1188 2056 1240 iu-

447 1277 450 1279 Δ
492 1301 684 1356 vidiam
710 1299 1050 1354 submovens.
1086 1292 1374 1347 Audiamus
1398 1299 1563 1357 porro
1586 1293 1639 1338 et
1665 1279 2054 1336 excusationem

491 1393 681 1460 ipsam.
713 1387 813 1444 Cur
836 1387 983 1440 audis
1006 1385 1151 1438 verba
1178 1381 1371 1452 papuli,
1400 1377 1669 1430 dicentium
1689 1415 1704 1438 ,
1747 1371 1875 1424 Ecce
1899 1367 2058 1422 David

487 1481 665 1552 quierit
689 1481 909 1535 animam
935 1488 1070 1532 tuam
1097 1477 1168 1548 (i.
1193 1472 1320 1542 Reg.
1343 1470 1435 1526 9.4.
1470 1468 1534 1523 10
1555 1467 1618 1535 )‘l
1660 1465 1727 1519 Et
1766 1474 1939 1517 tamen
1971 1460 2058 1529 qui

493 1574 632 1642 hanc
659 1569 974 1639 conscripsit
999 1565 1272 1620 historiam
1293 1603 1308 1628 ,
1355 1562 1502 1631 prius
1527 1558 1660 1612 dixit
1689 1563 1855 1608 totum
1889 1566 2058 1621 popu-

491 1664 600 1717 lum
639 1663 802 1716 fuisse
834 1675 954 1714 cum
1001 1656 1160 1712 David
1188 1696 1202 1720 ,
1242 1668 1467 1722 eumque
1503 1649 1790 1721 gratiosum
1820 1644 1983 1698 fuisse
2007 1643 2058 1696 in

492 1753 666 1806 oculis
694 1765 965 1818 servorum
996 1748 1155 1816 regis,
1187 1753 1240 1800 ct
1260 1742 1514 1814 principis
1543 1740 1702 1794 lilium
1729 1737 2060 1792 universum-

494 1858 595 1912 que
625 1841 913 1896 exercitum
955 1839 1131 1892 animo
1168 1835 1380 1890 stetisse
1404 1850 1431 1886 a
1462 1829 1658 1886 Davide
1688 1827 1782 1900 (2.
1816 1827 1944 1897 Reg.
1974 1825 2059 1878 18.

495 1933 581 1985 l6.
608 1931 696 1984 Ἡ.
729 1931 820 1985 28.
844 1940 888 1982 et
916 1945 962 1981 c.
995 1928 1078 1982 i9.
1108 1928 1186 1994 i).
1213 1925 1326 1992 Quo
1352 1930 1506 1992 pacto
1527 1919 1785 1990 igiturhic
1811 1918 1884 1970 ait
1906 1917 2064 1970 fuisse

493 2022 586 2090 qui
617 2021 746 2074 falso
773 2018 1040 2073 deferrent
1077 2017 1248 2085 ipsum
1267 2056 1279 2078 ,
1316 2028 1380 2067 ae
1406 2012 1619 2067 Saislem
1647 2011 1700 2064 in
1727 2024 1847 2063 eum
1873 2021 2065 2078 provo-

488 2111 716 2164 carent?
742 2107 890 2176 Quod
912 2108 1052 2163 enim
1076 2121 1188 2160 non
1201 2105 1424 2158 aliorum
1453 2101 1721 2164 instinctu,
1747 2098 1840 2152 sed
1869 2098 1980 2166 ipse
1999 2111 2064 2150 ex

495 2200 712 2270 proprio
737 2199 912 2252 animo
941 2196 1192 2250 malitiam
1237 2194 1372 2248 hanc
1416 2191 1742 2261 peperisset,
1774 2199 1831 2242 ut
1873 2188 2065 2242 bellum

493 2297 708 2361 gereret
723 2304 843 2343 cum
865 2287 1030 2356 justo,
1053 2283 1338 2339 declaravit
1357 2281 1443 2351 qui
1471 2280 1710 2334 volumen
1731 2277 2064 2344 conscripsit,

498 2399 617 2438 cum
648 2383 720 2437 ait
747 2398 776 2435 e
804 2379 1050 2434 laudibus
1078 2376 1291 2432 Davidis
1323 2383 1497 2429 natam
1524 2387 1641 2427 esse
1678 2371 1922 2425 invidiam
1948 2410 1963 2434 ,
2007 2382 2070 2422 ae

499 2474 688 2530 deinde
717 2473 948 2527 crevisse
985 2471 1039 2525 in
1073 2467 1186 2524 dies
1211 2468 1284 2539 (ι.
1305 2467 1427 2537 Reg.
1452 2467 1533 2521 l8.
1562 2465 1613 2521 9.
1638 2463 1753 2536 29).
1780 2465 1948 2529 Quam
1975 2462 2072 2530 igi-

494 2573 586 2618 tur
610 2563 678 2617 ob
706 2576 916 2616 causam
945 2559 1143 2614 crimen
1174 2558 1436 2612 transtulit
1457 2556 1507 2610 in
1533 2555 1695 2619 alios,
1724 2553 1905 2608 dicens
1932 2572 1946 2607 :
1970 2553 2072 2607 Cur

503 2654 651 2706 audis
672 2654 815 2706 verba
838 2651 1008 2721 papuli
1032 2649 1122 2713 tui,
1142 2648 1432 2713 dicentium,
1455 2646 1579 2699 Ecce
1591 2645 1756 2698 David
1771 2644 1944 2713 qua'rit
1963 2643 2074 2696 ani-

501 2765 635 2802 mam
656 2759 791 2802 tuam
810 2745 1106 2801 ?Nimirum
1134 2752 1190 2798 ut
1215 2741 1286 2796 illi
1316 2741 1576 2811 praeberet
1603 2740 1934 2794 occasionem
1967 2751 2067 2792 ex-

501 2837 732 2894 cutiendi
763 2837 1036 2892 malitiam.
1067 2835 1178 2889 Hoc
1203 2834 1448 2888 nimirum
1475 2842 1528 2887 et
1550 2839 1792 2901 parentes
1816 2845 1958 2900 s'cpe
1985 2831 2066 2884 fa-

474 2916 648 2990 ciunt
694 2942 817 2997 erga
866 2926 1042 2992 filios,
1087 2925 1210 2979 dum
1257 2923 1516 2994 quispiam
1568 2921 1859 2992 corripiens
1908 2919 2070 2974 ﬁlium

503 3033 655 3073 suum
678 3025 1004 3086 corruptum,
1033 3014 1300 3084 multaque
1328 3020 1606 3083 operatum
1637 3012 1800 3076 mala,
1833 3009 2072 3080 quamvis

503 3109 603 3164 sibi
636 3122 945 3178 persuasum
975 3105 1167 3160 habeat
1191 3147 1206 3172 ,
1251 3103 1398 3158 illum
1429 3119 1495 3158 ex
1526 3104 1736 3174 propria
1781 3103 1977 3157 malitia
2005 3101 2071 3156 ad

504 3200 740 3270 perditos
763 3213 941 3253 mores
972 3196 1236 3267 appulisse
1262 3237 1277 3262 ,
1321 3195 1627 3265 frequenter
1657 3204 1829 3248 tamen
1861 3194 1912 3248 in
1940 3193 2072 3248 alios

504 3289 710 3358 culpam
740 3286 946 3357 rejicit,
994 3286 1066 3340 ita
1111 3285 1333 3356 loquens
1362 3302 1374 3339 :
1401 3285 1531 3339 Novi
1575 3299 1680 3338 non
1720 3284 1883 3339 fuisse
1921 3293 2069 3339 tuum

505 3377 754 3432 delictum
776 3419 791 3442 ,
819 3375 912 3430 sed
941 3375 1029 3430 alii
1059 3385 1109 3430 te
1136 3383 1488 3444 corruperunt
1524 3389 1585 3428 ac
1611 3371 1936 3428 seduxerunt
1966 3391 1979 3425 :
2013 3373 2074 3425 il-

505 3469 674 3522 lorum
701 3475 782 3521 est
807 3472 973 3520 totum
1020 3464 1120 3520 hoc
1158 3475 1451 3534 peccatum.
1475 3463 1604 3517 Nam
1634 3463 1745 3516 lucc
1769 3461 1986 3516 audiens
2015 3457 2074 3513 li-

506 3558 640 3624 lius,
669 3554 861 3626 poterit
887 3555 1134 3626 paulatim
1161 3571 1191 3608 a
1215 3555 1413 3609 malitia
1444 3554 1760 3623 resipiscens
1779 3551 1983 3607 facilius
2007 3552 2076 3608 ad

506 3649 696 3705 bonam
722 3647 924 3718 frugem
948 3647 1162 3715 reverti,
1188 3645 1310 3701 dum
1333 3644 1555 3716 pudefit.
1582 3645 1948 3714 crubescitque
1978 3643 2075 3698 hae

505 3741 659 3796 laude
683 3741 850 3796 videri
881 3738 1144 3810 indignus.
1171 3737 1310 3794 Idem
1341 3737 1464 3792 fecit
1490 3736 1685 3792 Paulus
1711 3736 1948 3792 scribens
1971 3734 2076 3791 Ga-

505 3832 645 3888 iatis.
679 3832 804 3887 Post
834 3831 1027 3886 multos
1058 3831 1176 3886 illos
1203 3844 1267 3885 ac
1292 3830 1479 3900 longos
1516 3843 1788 3884 sermones
1807 3869 1821 3890 .
1849 3835 2075 3898 postque

505 3937 612 3976 non
635 3915 1126 3976 commemorandas
1155 3920 1536 3979 accusationes.
1565 3915 1756 3986 quibus
1779 3917 1896 3972 illos
1920 3933 2075 3973 aecu-

497 4005 670 4077 'sarat,
692 4011 792 4067 sub
811 4010 1049 4080 epistolae
1079 4009 1236 4068 linem
1268 4009 1449 4064 volens
1478 4008 1544 4063 ab
1570 4007 1671 4062 illis
1698 4022 1944 4062 amovere
1964 4007 2075 4062 cui-

507 4117 650 4172 pam,
678 4112 733 4156 ut
758 4101 1138 4172 aliquantulum
1171 4114 1199 4152 a
1226 4097 1534 4154 criminibus
1563 4097 1785 4151 recreati
1813 4097 1880 4150 ad
1910 4109 2073 4151 excu-

505 4193 764 4248 sationem
793 4192 971 4248 venire
1001 4198 1233 4262 queant,
1280 4189 1420 4244 hunc
1448 4189 1501 4243 in
1541 4187 1753 4242 modum
1794 4187 2026 4257 loquitur
2057 4204 2071 4241 :

506 4279 617 4356 Ego
644 4283 844 4354 confido
872 4283 934 4337 de
958 4282 1114 4348 vobis,
1145 4280 1279 4352 quod
1302 4280 1428 4333 nihil
1465 4278 1608 4332 aliud
1645 4279 1860 4333 sentietis
1882 4293 1900 4330 :
1927 4287 2075 4332 ciete-

504 4395 616 4431 rum
634 4378 718 4446 qui
738 4393 822 4430 vos
847 4375 1123 4446 perturbat,
1148 4377 1268 4444 feret
1287 4371 1538 4440 judicium
1562 4371 1792 4442 quisquis
1810 4371 1895 4424 ille
1924 4371 2076 4441 fuerit

505 4465 657 4538 (Cat.
686 4466 739 4521 5.
774 4463 898 4535 i0).
930 4462 1115 4518 itidem
1147 4461 1276 4516 fecit
1314 4469 1367 4517 et
1406 4459 1567 4516 David
1599 4459 1684 4515 hic
1714 4478 1727 4514 :
1765 4474 1884 4514 cum
1931 4461 2073 4515 enim

509 4559 601 4618 ait,
624 4553 727 4610 Cur
746 4554 892 4610 audis
911 4554 1059 4608 verba
1082 4553 1256 4624 populi
1282 4552 1490 4606 dicentis
1514 4567 1531 4606 :
1555 4553 1693 4606 Ecce
1712 4551 1876 4606 David
1896 4552 2078 4622 quwrit

503 4647 725 4699 animam
771 4644 949 4698 tuam?
989 4642 1186 4699 indicat
1223 4643 1353 4698 alios
1395 4655 1514 4699 esse
1561 4644 1650 4714 qui
1685 4651 2075 4712 provocarent,

507 4732 639 4790 alios
659 4735 1000 4804 quianimum
1027 4733 1167 4790 illius
1191 4734 1486 4800 inllcerent,
1515 4734 1683 4790 mcdis
1699 4735 1942 4789 omnii-ms
1965 4741 2074 4788 stu-

501 4825 633 4881 deus
654 4825 728 4880 illi
748 4825 1017 4896 porrigere
1037 4825 1390 4881 excusationis
1410 4826 1762 4881 occasionem.
1781 4822 1898 4879 Mox
1922 4835 2072 4878 sitam

503 4915 665 4983 ipsius
695 4925 906 4971 causam
932 4928 1092 4987 agens
1117 4915 1191 4970 ait
1217 4931 1230 4968 :
1260 4913 1326 4969 Et
1346 4929 1455 4970 ecce
1478 4917 1700 4970 viderunt
1729 4916 1862 4970 oculi
1888 4918 1959 4970 uti
1983 4917 2074 4971 ho-

503 5004 584 5057 die
605 5046 621 5070 ,
652 5005 786 5075 quod
813 5005 1074 5060 tradiderit
1102 5018 1150 5060 te
1172 5003 1420 5060 Dominus
1447 5007 1500 5058 in
1526 5019 1704 5061 manus
1731 5022 1865 5062 meas
1885 5008 1936 5060 in
1961 5023 2075 5077 spe-

507 5095 652 5149 lunca
673 5137 688 5164 ,
730 5097 961 5167 Quodque
1011 5096 1254 5150 noluerim
1283 5095 1504 5149 occidere
1532 5105 1598 5162 te,
1648 5097 1736 5151 sed
1768 5098 2072 5168 pepercerim

505 5189 612 5256 tibi,
645 5189 955 5260 dixerimque
975 5207 994 5244 :
1021 5187 1073 5243 Ν
1079 5207 1144 5243 οη
1163 5187 1388 5259 injiciam
1414 5202 1617 5242 manum
1643 5205 1803 5243 meam
1833 5191 1884 5243 in
1909 5191 2073 5244 donti-

503 5297 623 5334 num
650 5293 834 5348 nicum,
863 5280 1098 5352 quoniam
1124 5280 1340 5353 chrisma
1367 5277 1574 5334 Domini
1599 5290 1671 5335 est
1703 5280 1722 5351 (
1739 5281 1791 5336 Ι.
1821 5281 1947 5352 Reg.
1977 5277 2068 5337 ξι.

503 5373 560 5426 il
586 5370 626 5442 ).
655 5372 737 5427 illi
763 5371 996 5443 quidem,
1029 5371 1217 5442 inquit,
1242 5370 1418 5427 verbis
1439 5370 1848 5438 calumniantur,
1878 5379 1934 5426 at
1962 5384 2062 5442 ego

505 5463 674 5533 reipsa
700 5477 791 5518 me
819 5475 1007 5532 purgo,
1038 5461 1269 5532 ipsisque
1296 5460 1446 5516 factis
1465 5459 1677 5531 depello
1701 5461 1922 5516 crimen.
1946 5460 2069 5516 ilihi

496 5553 632 5610 nihil
659 5568 792 5627 opus
812 5563 896 5611 est
918 5553 1095 5610 verbis
1116 5594 1133 5621 ,
1181 5567 1301 5609 cum
1332 5553 1444 5624 ipse
1471 5567 1646 5610 rerum
1675 5555 1850 5611 exitus
1886 5553 2070 5625 quavis

563 5729 636 5790 la)
669 5737 784 5792 Heg.
805 5744 932 5782 unus
949 5724 1212 5785 mutilatum
1235 5732 1439 5785 exhibet
1462 5733 1587 5785 hanc
1607 5736 1922 5786 sententiam.

1215 363 1274 418 S.
1313 354 1588 416 JOANNlS
1623 344 2088 408 CilR’YSOSTUiii
2122 339 3002 401 'xtRCil-lEP.-'CONSTAN11NOP.

3613 339 3726 396 69?.

2155 461 2392 514 oratione
2423 460 2614 513 clarius
2638 459 2802 528 possit
2827 467 2878 511 te
2905 456 3122 520 docere,
3145 454 3359 524 quinam
3384 451 3491 507 sint
3519 454 3594 509 illi
3613 496 3629 519 ,
3668 467 3728 511 et

2153 552 2244 620 qui
2267 564 2368 619 ego
2390 591 2403 614 ,
2440 564 2503 603 ac
2523 549 2788 618 quomodo
2822 548 2954 600 facta
2985 545 3055 599 sit
3084 545 3360 598 adversum
3387 560 3472 599 me
3498 547 3728 601 mendax

2151 642 2382 706 delatio,
2409 649 2464 694 et
2497 640 2776 694 calumnia.
2811 638 3004 692 [larum
3033 647 3212 691 rerum
3249 651 3352 690 non
3382 635 3546 689 alium
3566 676 3584 701 ,
3629 638 3726 693 sed

2155 734 2489 802 temetipsum
2517 738 2702 786 testem
2731 730 2934 792 invoco,
2955 728 3200 797 teipsum.
3232 727 3469 796 inquam,
3492 727 3583 798 qui
3603 743 3733 784 meo

2157 821 2413 876 beneficio
2441 830 2682 875 servatus
2705 833 2786 873 es.

2224 913 2277 964 s.
2321 908 2430 965 Sed
2469 908 2734 979 quomodo
2770 908 2935 978 potuit
2972 906 3106 961 ‘Sat’rl
3158 909 3346 960 harum
3385 921 3562 962 rerum
3603 922 3715 962 esse

2158 1004 2326 1068 testis,
2349 1003 2575 1072 quicum
2603 1001 2717 1054 haec
2747 1000 2951 1063 tierent,
2987 997 3303 1062 dormiebat,
3331 1013 3392 1052 ac
3415 1014 3582 1066 neque
3608 1015 3727 1054 ver—

2158 1096 2220 1149 ba
2249 1096 2465 1160 audivit,
2497 1109 2668 1164 neque
2697 1093 2946 1148 Davidem
2975 1091 3102 1146 vidit
3129 1102 3238 1146 tum
3260 1101 3599 1160 pra-sentem,
3629 1109 3720 1144 ne-

2158 1203 2260 1256 quc
2297 1201 2416 1239 cum
2459 1184 2712 1238 militibus
2761 1183 3156 1251 colloquentem
3180 1181 3206 1233 ?
3245 1180 3522 1246 Quomodo
3571 1181 3727 1249 igitur

2159 1290 2517 1337 Occurrcmus,
2539 1286 2595 1329 ut
2618 1273 2835 1330 evidens
2855 1272 3146 1327 declaratio
3163 1271 3251 1326 fiat
3265 1271 3292 1324 ’ἴ
3313 1270 3370 1325 Si
3391 1274 3530 1326 enim
3561 1281 3728 1328 testes

2160 1376 2411 1430 citassct,
2448 1366 2572 1420 Sail
2615 1373 2920 1434 suspectum
2948 1363 3214 1418 habuisset
3262 1378 3447 1418 eorum
3488 1367 3727 1419 testimo-

2163 1459 2304 1512 nium
2327 1498 2342 1521 ,
2374 1471 2569 1525 eosque
2594 1455 2737 1524 justo
2765 1453 3005 1510 faventes
3031 1469 3092 1508 ca
3123 1453 3268 1524 loqui
3294 1463 3546 1524 putasset.
3579 1455 3735 1523 Qnml

2164 1549 2207 1600 si
2236 1545 2724 1600 ratioeimuiouibus
2765 1559 2828 1599 ac
2866 1543 3230 1615 probabilibus
3258 1546 3580 1614 argumentis
3611 1556 3730 1600 ten-

2163 1647 2325 1692 tasset
2349 1652 2601 1692 excursare
2623 1651 2764 1701 sese,
2794 1634 3023 1689 futurum
3049 1642 3182 1700 erat,
3215 1643 3271 1688 ut
3290 1636 3462 1689 minus
3491 1637 3583 1704 ipsi
3609 1651 3728 1690 cre-

2162 1728 2398 1795 deretur,
2417 1728 2608 1796 quippe
2625 1726 2733 1796 jam
2752 1732 3003 1794 corrupto
3017 1724 3215 1794 judicia
3235 1725 3433 1780 animo.
3456 1726 3733 1792 Quomodo

2163 1819 2303 1871 enim
2334 1818 2376 1871 is
2397 1817 2482 1887 qui
2513 1825 2589 1870 tot
2611 1815 2880 1870 beneficiis
2923 1814 3142 1871 allectus
3170 1815 3335 1870 nihilo
3378 1815 3550 1872 secius
3594 1816 3739 1871 bello

2164 1909 2572 1978 persequebatur
2593 1907 2720 1961 nihil
2740 1906 3126 1972 commeritum,
3161 1907 3416 1975 suspicari
3445 1909 3732 1977 potuisset,

2165 1999 2306 2068 quod
2336 2000 2526 2068 aliquis
2543 1998 2730 2068 injuria
2754 1997 2995 2064 affectus,
3014 2013 3132 2053 eum
3154 1999 3242 2068 qui
3265 1999 3459 2054 fecerat
3484 1999 3735 2068 injuriam

2167 2102 2350 2146 nactus
2379 2093 2433 2144 in
2457 2105 2642 2146 manus
2665 2131 2680 2156 ,
2720 2091 2818 2161 ipsi
2846 2090 3212 2160 pepercisset?
3243 2090 3557 2160 Plertmque
3591 2092 3734 2145 enim

2167 2180 2352 2250 vulgus
2380 2180 2652 2234 hominum
2676 2195 2738 2234 ex
2762 2195 2860 2234 suo
2881 2179 3057 2234 animo
3073 2179 3139 2234 de
3161 2180 3275 2234 aliis
3297 2179 3499 2249 judicat
3527 2199 3541 2235 :
3569 2182 3733 2246 velut,

2167 2271 2255 2341 qui
2283 2270 2492 2325 assidue
2516 2270 2826 2339 inebriatur,
2850 2269 2989 2324 haud
3013 2269 3166 2324 facile
3187 2269 3409 2324 credere
3436 2272 3601 2340 possit
3619 2287 3740 2327 esse

2169 2363 2468 2432 quempiam
2493 2361 2759 2417 hominem
2787 2361 2964 2417 sobrie
2984 2361 3283 2427 viventem;
3315 2363 3404 2432 qui
3429 2366 3618 2418 scortis
3649 2381 3739 2418 va-

2169 2461 2273 2518 cat,
2307 2453 2464 2508 etiam
2491 2453 2682 2523 pudice
2701 2453 2934 2507 viventes
2957 2451 3117 2508 habet
3141 2468 3234 2522 pro
3255 2453 3739 2515 incontinentibus;

2170 2557 2355 2598 rursus
2379 2544 2465 2614 qui
2494 2559 2580 2598 res
2599 2544 2736 2612 rapit
2758 2543 2976 2609 alienas,
3006 2560 3109 2598 non
3137 2543 3289 2598 facile
3313 2545 3741 2613 persuadebitur,

2171 2647 2288 2687 esse
2325 2633 2564 2687 homines
2591 2633 2678 2702 qui
2710 2647 2802 2686 sua
2839 2648 3048 2704 quoque
3093 2632 3427 2702 profundant.
3468 2634 3737 2690 Similiter

2171 2733 2224 2780 et
2251 2721 2338 2780 hic
2365 2723 2526 2779 semel
2553 2735 2840 2794 occupatus
2860 2725 2936 2780 ira
2956 2741 3061 2779 non
3091 2725 3240 2780 facile
3266 2725 3569 2782 credidisset
3600 2742 3725 2782 esse

2172 2814 2440 2869 hominem
2484 2830 2650 2885 usque
2691 2815 2823 2871 adeo
2848 2817 2955 2871 suis
2976 2815 3246 2872 affectibus
3271 2817 3589 2886 superiorem
3612 2859 3626 2883 ,
3673 2829 3742 2873 ut.

2173 2921 2278 2959 non
2321 2905 2480 2960 modo
2520 2905 2649 2960 nihil
2687 2905 2929 2974 laederet,
2970 2923 3152 2962 verum
3181 2917 3233 2962 et
3257 2923 3374 2962 eum
3404 2909 3488 2978 qui
3531 2909 3743 2963 izrscrat

2173 3007 2436 3055 servaret.
2467 2999 2726 3066 Quoniam
2767 2999 2926 3070 igitur
2946 3008 2998 3055 et
3025 2999 3234 3054 animus
3269 2999 3458 3068 judicia
3485 3008 3598 3054 erat
3617 3014 3746 3054 cor-

2174 3099 2362 3159 ruptus
2387 3131 2400 3154 ,
2436 3100 2488 3144 ct
2510 3099 2670 3145 testes
2697 3091 2742 3145 si
2769 3090 3009 3161 producti
3045 3089 3302 3155 fuissent,
3347 3091 3400 3145 in
3443 3091 3748 3159 suspicione

2173 3191 2322 3234 erant
2353 3179 2546 3246 futuri,
2595 3179 2818 3236 consilio
2858 3177 3098 3252 prudenti
3134 3181 3333 3251 reperit
3376 3181 3742 3251 probationem

2173 3270 2475 3340 quamdam,
2500 3286 2616 3340 quae
2638 3280 2813 3342 posset
2835 3281 2889 3327 et
2909 3272 3063 3328 valde
3082 3272 3472 3343 impudentibus
3491 3288 3551 3328 os
3575 3273 3734 3327 obtu-

2175 3377 2312 3416 rare.
2365 3359 2616 3428 Quaenam
2663 3372 2744 3418 est
2776 3362 2934 3418 luce?
2979 3361 3192 3418 Lacinia
3221 3364 3543 3436 chlamydis,
3585 3378 3744 3433 quam

2176 3453 2496 3522 protendens
2541 3451 2751 3509 dicebat
2796 3472 2809 3508 :
2842 3452 2970 3508 Ecce
3019 3453 3202 3507 lacinia
3244 3455 3522 3526 chlamydis
3555 3465 3650 3508 tua:
3689 3456 3745 3508 in

2174 3557 2328 3595 manu
2354 3559 2484 3609 mea,
2507 3559 2655 3612 quam
2681 3544 2884 3607 abstuli,
2909 3559 2996 3597 nec
3016 3544 3176 3598 occidi
3195 3553 3240 3597 te
3260 3544 3333 3614 (ι.
3359 3543 3484 3616 Reg.
3509 3543 3597 3598 25.
3627 3544 3739 3613 12).

2175 3633 2349 3689 Mutus
2375 3634 2584 3703 quidem
2617 3635 2786 3700 testis,
2815 3635 2907 3691 sed
2934 3636 3184 3690 erunibus
3210 3651 3392 3692 vocem
3433 3635 3745 3691 habentibus

2176 3725 2485 3780 evidentior.
2513 3724 2700 3795 Neque
2714 3726 2852 3781 enim
2876 3726 2919 3780 si
2947 3741 3052 3780 non
3083 3725 3323 3794 fuissem,
3347 3726 3530 3797 inquit,
3563 3727 3742 3795 proxi—

2176 3830 2298 3869 mus
2315 3857 2330 3881 ,
2360 3831 2422 3870 ac
2438 3816 2647 3886 corpori
2676 3825 2764 3871 tuo
2790 3815 2992 3872 vicinus
3011 3815 3296 3882 stetissem,
3322 3816 3608 3886 potuissem
3652 3831 3745 3870 ve.

2176 3906 2274 3960 stis
2299 3914 2572 3975 amputare
2601 3916 2822 3976 partem.
2859 3907 3016 3963 Vides
3040 3915 3292 3977 quantum
3323 3908 3392 3962 sit
3420 3917 3590 3963 ortum
3619 3907 3746 3962 boni

2177 4011 2240 4051 ex
2265 4011 2351 4062 eo,
2379 3995 2521 4067 quod
2549 3995 2699 4051 initio
2723 4006 3019 4053 commotus
3045 3997 3218 4053 fuerat
3239 3997 3434 4052 David?
3462 3996 3570 4053 Nisi
3599 3997 3744 4052 enim

2177 4085 2242 4139 ad
2272 4087 2405 4141 iram
2428 4095 2726 4141 commotus
2766 4087 2953 4143 fuisset
2972 4129 2987 4155 ,
3029 4103 3202 4157 neque
3228 4086 3612 4158 philosophiam
3643 4088 3744 4141 ho-

2178 4175 2337 4229 minis
2359 4177 2788 4246 cognovissemus
2818 4178 2976 4249 (nam
3003 4179 3268 4249 plerisque
3297 4193 3402 4233 non
3422 4194 3485 4234 ex
3509 4177 3746 4248 philoso-

2177 4265 2325 4335 phia,
2355 4266 2447 4320 sed
2474 4277 2540 4321 ex
2565 4276 2780 4337 stupore
2814 4270 3112 4338 pepercisse
3136 4270 3280 4325 visus
3309 4267 3544 4338 fuisset),
3571 4283 3744 4338 neque

2177 4355 2471 4427 chlamydis
2518 4367 2720 4428 partem
2759 4359 3294 4429 amputasset:qu
3325 4359 3370 4413 si
3409 4374 3513 4414 non
3558 4373 3744 4428 ampu-

2181 4454 2365 4513 tasset,
2397 4461 2500 4501 non
2531 4457 2736 4517 poterat
2764 4449 2880 4504 aliis
2906 4451 3226 4520 argumentis
3252 4450 3463 4505 inimico
3489 4449 3639 4504 fidem
3664 4449 3743 4502 fa-

2179 4553 2322 4593 cere.
2351 4535 2498 4592 Nunc
2525 4551 2652 4593 vero
2675 4538 2923 4608 quoniam
2963 4547 3016 4595 et
3043 4549 3334 4596 commotus
3361 4542 3454 4595 fuit
3479 4549 3532 4597 et
3555 4556 3744 4610 ampu-

2181 4631 2336 4696 lavit,
2383 4642 2494 4684 sum
2535 4630 2881 4700 providentius
2929 4631 3278 4686 certissimum
3322 4632 3548 4702 praebuit
3589 4647 3746 4703 argu-

2180 4730 2436 4776 mentum.
2472 4719 2730 4787 Quoniam
2776 4721 2935 4791 igitur
2964 4731 3069 4777 tam
3094 4737 3276 4778 verum
3305 4731 3362 4778 et
3388 4721 3743 4778 indubitatum

2181 4811 2533 4868 testimonium
2574 4813 2835 4878 exhibuit,
2872 4813 3042 4884 ipsum
3088 4829 3210 4870 mox
3240 4814 3511 4870 inimicum
3531 4823 3585 4870 et
3603 4813 3744 4884 judi-

2178 4919 2295 4959 cem
2320 4912 2373 4958 et
2401 4911 2587 4958 testem
2633 4901 2759 4957 facit
2800 4918 2910 4958 sum
2950 4918 3077 4975 erga
3116 4905 3266 4958 illum
3293 4905 3601 4960 reverentiae
3623 4945 3636 4968 ,
3666 4905 3744 4957 lo-

2179 5010 2346 5065 quens
2390 4994 2528 5050 hunc
2572 4997 2623 5049 in
2678 4996 2891 5050 modum
2921 5012 2933 5046 :
2963 4995 3216 5066 Cognosce
3239 5008 3284 5049 et
3305 4996 3414 5050 ride
3439 4997 3587 5050 hodie
3611 4997 3748 5065 quod

2179 5100 2276 5139 non
2305 5093 2380 5139 est
2403 5085 2455 5138 in
2482 5099 2633 5139 manu
2655 5101 2764 5139 mea
2788 5086 3046 5155 iniquitas,
3067 5101 3225 5155 neque
3245 5096 3561 5158 contemptus
3577 5088 3668 5150 tui,
3699 5095 3744 5140 et

2177 5177 2360 5248 alligas
2383 5179 2606 5231 animam
2633 5192 2794 5232 meum
2816 5218 2831 5242 ,
2869 5186 2924 5233 at
2945 5178 3118 5245 capias
3146 5193 3258 5231 eam
3284 5176 3305 5249 (
3320 5177 3574 5250 Ibidem).
3611 5177 3745 5232 ll‘nie

2178 5269 2264 5324 vel
2286 5269 2512 5323 maxime
2538 5269 2653 5339 quis
2677 5268 2923 5323 admirari
2953 5267 3145 5322 debeat
3169 5268 3309 5323 illius
3337 5269 3744 5339 magnanimita-

2179 5367 2308 5427 tem,
2337 5358 2477 5429 quod
2503 5373 2608 5414 non
2637 5358 2796 5413 sumit
2815 5355 3206 5412 excusationem
3229 5357 3329 5412 nisi
3353 5356 3423 5410 ab
3449 5355 3514 5409 iis
3537 5372 3654 5425 quae
3677 5371 3745 5411 eo

2181 5450 2266 5506 die
2291 5449 2607 5506 acciderant.
2644 5448 2775 5504 Nam
2808 5449 2909 5503 hoc
2939 5446 3140 5515 innuit',
3189 5460 3309 5501 cum
3348 5447 3423 5500 ait
3450 5464 3464 5499 :
3495 5445 3749 5517 Cognosce

2177 5549 2226 5595 et
2261 5539 2372 5594 vide
2413 5539 2581 5593 hodie.
2601 5535 2748 5593 Nili-ii
2787 5538 2928 5593 enim
2952 5536 3142 5608 loquor
3175 5535 3244 5591 de
3286 5534 3542 5590 anteactis
3570 5551 3583 5589 :
3614 5534 3748 5589 mihi

2179 5630 2244 5685 ad
2287 5629 2650 5700 probationem
2677 5627 2807 5684 satis
2831 5637 2914 5683 est
2951 5627 3037 5682 hic
3080 5625 3214 5682 dies.
3263 5624 3498 5681 Tametsi
3539 5634 3745 5695 poterat

2179 5721 2344 5778 inulta
2368 5734 2663 5792 magnaque
2691 5733 3010 5778 enumerare
3041 5716 3300 5776 beneﬁcia
3317 5759 3334 5786 ,
3363 5731 3482 5788 qua:
3506 5715 3650 5789 prius
3687 5715 3740 5771 in
