4134 6214
401 348 509 408 693

396 464 644 536 νημένας
670 460 816 534 εἶχεν
835 460 1108 533 ἀριθμεῖν,
1130 462 1286 534 εἴπερ
1307 459 1566 530 ὴϐούλετο
1586 477 1600 491 ·
1625 462 1718 515 καὶ
1745 461 1853 531 γάρ
1875 461 1977 532 τῆς.

406 545 548 617 πρὸς
566 545 657 600 τὸν
677 545 946 617 βάρϐαρον
975 539 1309 615 μονομαχίας
1334 544 1497 597 αὐτὸν
1526 543 1837 614 ἀναμνῆσαι
1865 543 1978 596 ἐδύ-

399 647 551 697 νατο,
573 630 666 683 καὶ
692 630 886 691 εἰπεῖν,
909 629 992 680 ὃτι
1015 627 1121 680 Τοῦ
1147 626 1482 700 βαρϐαρικοῦ
1510 627 1772 698 πολέμου,
1802 625 1975 681 καθά-

401 732 509 786 περ
542 710 923 781 κατακλυσμοῦ
949 727 1114 774 τινος,
1156 707 1371 765 ἃπασαν
1408 710 1692 782 μέλλοντος
1726 709 1978 784 παρασύ-

405 813 518 868 ρειν
545 795 640 865 τὴν
669 794 844 852 πόλιν,
879 793 1297 864 κατεπτηχότων
1332 792 1486 864 ὑμῶν
1525 795 1617 847 καὶ
1642 793 1975 858 δεδοικότων,

403 879 496 933 καὶ
512 879 632 931 καθ’
651 876 888 948 ἑκάστην
905 877 1118 949 ἡμέραν
1133 875 1519 930 ἀποθανεῖσθαι
1534 876 1977 949 προσδοκώντων,

403 960 514 1032 ἐγὼ
549 960 856 1032 παρελθὼν,
888 961 1102 1024 οὐδενὸς
1141 960 1571 1029 ἀναγκάσαντος,
1607 961 1745 1014 ἀλλά
1766 963 1860 1015 καὶ
1887 960 1980 1014 σοῦ

403 1045 704 1109 κωλύοντος
741 1046 836 1098 καὶ
867 1044 1187 1115 κατέχοντος
1214 1044 1310 1096 καὶ
1336 1043 1607 1112 λέγοντος,
1630 1047 1718 1099 Οὐ
1739 1043 1981 1112 δυνήσῃ

403 1128 789 1199 πορευθῆναι,
817 1128 907 1182 ὅτι
941 1123 1257 1197 παιδάριον
1287 1123 1362 1190 εί,
1389 1127 1572 1193 αὐτὸς
1604 1127 1672 1180 δὲ
1700 1126 1855 1196 ἀνὴρ
1880 1141 1986 1180 πο-

403 1211 698 1281 λεμιστὴς
721 1213 790 1266 ἐκ
817 1212 1101 1280 νεότητος
1126 1211 1314 1264 αὐτοῦ
1333 1227 1348 1242 ο
1367 1211 1467 1264 οὐκ
1489 1211 1822 1281 ἠνεσχόμην,
1851 1209 1987 1263 ἀλλά

405 1297 515 1369 πρὸ
541 1296 650 1350 τῶν
689 1295 866 1349 ἀλλων
892 1295 1147 1349 ἁπάντων
1180 1295 1450 1365 ἐπήδησα,
1482 1295 1577 1348 καὶ
1600 1294 1691 1346 τὸν
1723 1293 1986 1362 πολέμιον

409 1378 696 1449 ἐδεξάμην,
723 1377 816 1431 καὶ⁸
833 1378 934 1448 τὴν
956 1377 1199 1448 κεφαλὴν
1227 1377 1522 1447 ἀπέτεμον,
1537 1376 1633 1430 καὶ
1653 1374 1843 1447 ὥσπερ
1866 1377 1988 1430 τινὰ

409 1463 722 1536 χειμάρρου
755 1462 936 1534 ῥύμην
979 1461 1267 1516 ἀνέστειλα
1298 1462 1395 1531 τὴν
1427 1460 1610 1530 εφοδον
1639 1459 1747 1513 τῶν
1780 1459 1986 1531 βαρϐά-

412 1563 522 1618 ρων
556 1546 798 1610 ἐκείνων,
833 1547 928 1598 καὶ
955 1546 1054 1615 τὴν
1099 1544 1254 1597 πόλιν
1289 1544 1575 1614 σειομένην
1609 1543 1814 1612 έστησα
1839 1559 1853 1572 '
1894 1542 1990 1595 καὶ

410 1631 478 1685 δι’
523 1629 623 1700 ἐμὲ
661 1629 725 1682 σὺ
775 1629 876 1698 μέν
928 1628 1027 1698 τὴν
1052 1627 1331 1698 βασιλείαν
1373 1628 1468 1681 καὶ
1499 1628 1599 1698 τὴν
1625 1626 1828 1699 ψυχὴν,
1854 1628 1901 1680 οί
1934 1627 1993 1680 δὲ

409 1713 590 1767 λοιποὶ
622 1712 825 1774 πάντες
861 1711 1002 1782 μετά
1030 1710 1131 1781 τῆς
1158 1710 1337 1780 ψυχῆς
1358 1710 1458 1780 τὴν
1488 1709 1643 1763 πόλιν
1670 1711 1765 1764 καὶ
1793 1710 1892 1774 τὰς
1915 1712 1995 1764 οἰ-

410 1796 558 1862 κίας,
593 1796 688 1849 καὶ
715 1794 785 1849 τά
807 1793 996 1847 παιδία
1028 1793 1121 1846 καὶ
1151 1791 1222 1845 τά
1255 1793 1456 1862 γύναια
1481 1792 1685 1864 έχουσι.
1724 1795 1837 1848 Kal
1877 1795 1993 1865 μετ’

410 1878 590 1933 ἐκεῖνο
618 1877 676 1930 δὲ
703 1875 863 1930 πάλιν
887 1875 948 1928 τὸ
979 1875 1260 1945 τρόπαιον,
1298 1875 1518 1946 ἐτέρους
1537 1875 1631 1940 οὒς
1663 1876 1995 1948 κατώρθωσε

415 1960 687 2030 πολέμους
721 1961 892 2012 εἰπεῖν
921 1954 1067 2027 εἶχεν
1100 1958 1200 2010 οὐκ
1235 1958 1488 2022 ἐλάττους
1517 1959 1748 2013 ἐκείνου.
1781 1960 1892 2013 Kal
1914 1961 1996 2013 ὅτι

416 2044 512 2098 καὶ
543 2042 688 2107 ἀπαξ
720 2041 814 2095 καὶ
844 2042 926 2106 δὶς
973 2043 1066 2096 καί
1104 2042 1365 2106 πολλάκις
1411 2044 1864 2115 ἐπιχειρήσαντος
1900 2047 1995 2098 ἀν-

419 2128 579 2193 ελεῖν,
604 2126 700 2180 καὶ
728 2126 790 2179 τὸ
811 2126 939 2196 δόρυ
973 2127 1115 2179 κατὰ
1149 2127 1248 2198 τῆς
1281 2125 1442 2179 αὐτοῦ
1486 2128 1724 2198 κεφαλῆς
1745 2127 1994 2197 ἀφέντος,

415 2211 518 2264 οὐκ
543 2210 976 2280 ἐμνησικάκησε,
1009 2210 1103 2263 καὶ
1129 2209 1210 2262 ὅτι
1242 2209 1382 2279 μετά
1409 2206 1581 2264 ταῦτα
1617 2211 1826 2282 μέλλων
1859 2212 1997 2264 ἀπο-

415 2295 617 2348 διδόναι
644 2293 738 2346 τὸν
765 2292 954 2364 μισθὸν
983 2293 1082 2363 τῆς
1112 2289 1386 2364 προτέρας
1409 2293 1610 2364 μάχης,
1638 2290 1763 2349 ἐδνα
1786 2289 2000 2367 ἀπῄτη-

419 2393 532 2441 σεν,
568 2375 630 2430 οὐ
663 2376 884 2448 χρυσίον
905 2375 998 2429 καὶ
1019 2375 1302 2447 ἀργύριον,
1327 2375 1464 2430 ἀλλά
1487 2377 1704 2447 σφαγὴν
1734 2377 1830 2430 καὶ
1858 2393 1999 2432 παν-

416 2459 713 2532 ωλεθρίαν·
750 2461 844 2514 κα)⁸
887 2459 1009 2512 οὐδὲ
1051 2458 1287 2513 ἐνταῦθα
1350 2459 1624 2514 ἀνένευσε.
1660 2456 1845 2512 Ταῦτα
1891 2461 2000 2532 γάρ

420 2543 619 2609 πάντα,
648 2542 744 2596 καὶ
773 2541 954 2612 πολλῷ
991 2541 1211 2594 πλείονα
1244 2541 1446 2594 τούτων
1481 2543 1576 2595 xal
1611 2541 1835 2612 μείζονα
1857 2539 2002 2613 εἶχεν

421 2626 596 2678 εἰπεῖν
619 2639 635 2653 ⁶
684 2624 798 2676 ἀλλ’
836 2623 989 2676 οὐδὲν
1032 2623 1239 2677 τούτων
1285 2619 1461 2677 εἶπεν.
1495 2625 1569 2676 UO
1612 2623 1722 2694 γὰρ
1750 2625 2002 2677 ὀνειδίσαι

421 2705 574 2777 αύτῷ
605 2705 704 2768 τὰς
741 2705 1061 2776 εὐεργεσίας
1093 2705 1365 2770 ἐϐούλετο,
1417 2705 1552 2758 ἀλλά
1594 2709 1777 2758 πεῖσαι
1823 2706 2003 2776 μόνον,

422 2789 507 2843 (tu
544 2787 652 2841 τῶν
683 2786 979 2855 φιλούντων
1011 2787 1174 2840 αὐτὸν
1222 2788 1316 2840 καὶ
1350 2787 1662 2858 κηδομένων
1693 2789 1860 2855 ἐστὶν,
1886 2789 2008 2859 οὐχὶ

421 2872 533 2926 τῶν
560 2870 1019 2925 ἐπιϐουλευόντων
1045 2871 1140 2923 καὶ
1173 2871 1302 2924 πολε
1310 2869 1576 2942 μούντων.

495 2955 595 3009 Διά
612 2953 771 3007 τοῦτο
795 2955 973 3008 πάντα
997 2955 1180 3006 ἐκεῖνα
1202 2954 1383 3023 ἀφεὶς,
1405 2954 1464 3006 τὸ
1487 2957 1546 3006 ἐν
1570 2955 1707 3026 αὐτῇ
1733 2956 1800 3026 τῇ
1826 2955 2009 3027 ἡμέρᾳ

426 3036 642 3107 συμϐάν
667 3036 825 3108 μόνον
853 3038 932 3100 εἰς
949 3037 1107 3104 λόγον
1127 3035 1427 3105 ἀπολογίας
1453 3038 1796 3108 παρήγαγεν.
1823 3037 2009 3101 Οὐτως

424 3115 495 3190 ἦν
519 3120 721 3189 ἄτυφος
752 3120 847 3173 καὶ
883 3119 1187 3183 κενοδοξίας
1219 3120 1457 3191 καθαρὸς
1481 3121 1716 3192 ἀπάσης,
1747 3122 1842 3174 καὶ
1874 3120 2011 3191 πρὸς

427 3204 487 3258 ἐν
500 3204 694 3257 εϐλεπε
718 3202 895 3273 μόνον,
923 3201 1018 3273 τὴν
1037 3202 1132 3256 τοῦ
1151 3203 1286 3256 Θεοῦ
1301 3203 1492 3274 ψῆφον.
1533 3200 1669 3258 Εἶτά
1693 3220 1847 3274 φησι·
1869 3205 2010 3272 Κρί-

426 3304 527 3342 rm
562 3287 777 3353 Κύριος
805 3285 922 3340 ἀνὰ
956 3285 1152 3354 μέσον
1182 3287 1329 3356 ἐμοῦ
1376 3289 1475 3343 καὶ
1513 3288 1652 3343 σοῦ.
1689 3289 1858 3342 Τοῦτο
1889 3285 2011 3342 εἷπε

427 3369 495 3424 τὸ
514 3369 692 3441 ῥῆμα,
717 3367 839 3438 οὐχὶ
858 3368 1190 3438 κολασθῆναι
1222 3369 1542 3442 βουλόμενος
1563 3371 1656 3425 τὸν
1681 3370 1871 3442 ἄνδρα,
1893 3371 2012 3425 οὐδέ

427 3450 702 3525 τιμωρίαν
726 3453 857 3522 παρ’
876 3451 1040 3505 αὐτοῦ
1063 3451 1273 3519 λαϐεῖν,
1300 3454 1438 3507 ἀλλά
1467 3453 1701 3525 φοϐῆσαι
1722 3457 1789 3524 τῇ
1823 3456 1928 3524 μνῆ
1936 3471 2012 3526 μη

429 3538 531 3608 τῆς
559 3533 860 3608 μελλούσης
889 3533 1155 3606 κρίσεως·
1190 3536 1285 3589 καὶ
1312 3537 1372 3589 οὐ
1396 3537 1632 3606 φοϐῆσαι
1669 3537 1848 3610 μόνον,
1880 3537 2016 3594 ἀλλά

430 3620 528 3675 καὶ
566 3618 706 3689 ὑπὲρ
742 3619 849 3672 τῶν
877 3617 998 3672 καθ’
1027 3617 1219 3674 ἐαυτὸν
1257 3618 1723 3694 ἀπολογήσασθαι.
1759 3623 2015 3679 Μάλιστα

433 3705 535 3776 μέν
549 3700 1153 3776 γάρ,ί7671φησ“ιν,ἔχω
1166 3702 1258 3758 καὶ
1275 3703 1384 3759 ἀπὸ
1398 3705 1505 3759 τῶν
1523 3707 1861 3777 πραγμάτων
1876 3707 2016 3760 ἀπο-

430 3788 626 3857 δείξεις
641 3803 654 3817 ·
675 3788 725 3841 εἰ
739 3786 797 3841 δὲ
814 3787 1084 3852 ἀπιστεῖς,
1111 3788 1273 3842 αὐτὸν
1300 3788 1450 3843 καλῶ
1464 3789 1556 3842 τὸν
1571 3789 1704 3843 Θεὸν
1730 3790 2006 3862 μάρτυρα,

429 3872 526 3928 τὸν
549 3873 620 3928 τά
643 3872 932 3944 ἀπόρρητα
955 3871 1055 3942 τῆς
1083 3871 1316 3926 ἑκάστου
1341 3871 1579 3937 διανοίας
1604 3873 1804 3940 εἰδότα,
1841 3875 2016 3930 καὶτὸ

433 3956 675 4020 συνειδὸς
703 3955 994 4028 ἐρευνῆσαι
1019 3954 1341 4025 δυνάμενον.

502 4046 565 4096 ε’.
591 4039 779 4094 Ταῦτα
807 4039 864 4093 δέ
894 4038 1069 4108 ἐλεγε,
1087 4038 1301 4103 δεικνὺς
1330 4039 1410 4092 ότι
1423 4039 1523 4092 οὐκ
1543 4036 1608 4093 ἂν
1631 4037 1896 4111 ἐτόλμησε
1919 4055 2019 4094 κα-

430 4123 588 4179 λέσαι
609 4122 700 4178 τὸν
720 4121 1160 4194 ἀπαραλόγιστον
1190 4121 1472 4192 δικαστὴν,
1499 4121 1593 4175 καὶ
1613 4122 1701 4175 ἐπ’
1729 4121 1892 4176 αὐτοῦ
1917 4122 2018 4195 τὴν

432 4205 592 4279 δίκην
621 4206 958 4274 εἰσαγαγεῖν,
983 4205 1033 4257 εἰ
1063 4203 1138 4276 μὴ
1172 4203 1376 4276 σφόδρα
1399 4201 1468 4276 ἦν
1496 4205 1773 4270 πεπεικὼς
1805 4207 2016 4272 ἐαυτὸν,

434 4289 519 4346 ὅτι
547 4290 729 4359 πάσης
760 4286 1055 4358 ἐπιϐουλῆς
1086 4281 1154 4358 ἦν
1188 4287 1448 4360 καθαρός.
1482 4287 1593 4342 Kal
1618 4287 1699 4341 ὅτι
1736 4289 1798 4342 οὐ
1822 4304 2017 4360 στοχα-

437 4372 574 4445 σμὸς
601 4371 670 4426 τά
701 4369 986 4442 εἰρημένα,
1028 4369 1164 4424 ἀλλά
1203 4372 1298 4425 καὶ
1331 4370 1470 4443 ὑπὲρ
1506 4370 1616 4425 τῶν
1659 4371 1782 4426 καθ’
1827 4371 2020 4425 ἑαυτὸν

435 4455 886 4526 ἀπολογήσασθαι
919 4453 1223 4524 βουληθεὶς,
1266 4455 1519 4508 κάκεῖνον
1568 4454 1902 4526 σωφρονίσαι
1933 4455 2020 4509 θέ-

436 4539 568 4602 λων,
599 4537 700 4606 τῆς
733 4535 890 4605 δίκης
914 4533 1129 4604 ἐκείνης
1149 4534 1474 4604 ἀνέμνησεν,
1511 4537 1672 4590 ίκανά
1703 4537 1802 4606 μὲν
1834 4537 1928 4590 καὶ
1954 4538 2021 4591 τά

438 4619 541 4693 ἤδη
562 4617 903 4689 γεγενημένα
929 4615 1200 4685 δηλῶσαι·
1229 4617 1330 4670 οὐκ
1359 4616 1579 4670 έλαττον
1597 4619 1654 4670 δέ
1680 4618 1903 4672 ἐκείνων
1926 4621 2021 4672 καὶ

437 4703 509 4759 τά
537 4701 676 4775 μετά
694 4698 870 4754 ταῦτα
891 4698 1175 4770 συμϐάντα
1199 4699 1357 4753 τοῦτο
1378 4697 1752 4753 πιστώσασθαι
1778 4699 2019 4754 δύναται.

438 4787 548 4842 Kal
574 4785 685 4856 γὰρ
718 4781 881 4837 πάλιν
914 4782 1074 4836 αὐτὸν
1095 4785 1174 4846 εἰς
1201 4785 1389 4855 χεῖρας
1413 4781 1615 4849 λαϐὼν,
1643 4784 1781 4853 μετά
1799 4783 1896 4854 τὴν
1914 4801 2020 4837 σωο

440 4869 637 4943 τηρίαν
665 4866 872 4939 ταύτην
899 4865 1220 4937 ἐπιθέμενον
1243 4865 1393 4937 αὐτῴ
1421 4867 1515 4919 καὶ
1536 4866 1747 4919 ἀνελεῖν
1768 4867 2024 4938 βουλόμε-

440 4973 552 5021 νον,
587 4953 685 5008 καί
716 4951 1014 5021 δυνάμενος
1045 4948 1205 5004 αὐτὸν
1241 4950 1378 5021 μετὰ
1400 4947 1496 5002 τοῦ
1525 4950 1888 5019 στρατοπέδου
1923 4968 2024 5004 κα-

441 5039 676 5110 τακόψαι
705 5034 928 5098 παντὸς,
960 5033 1195 5104 ἀφῆκεν,
1229 5032 1403 5097 οὐδὲν,
1429 5026 1505 5086 ὧν
1541 5033 1686 5097 εἰκὸς
1713 5028 1782 5104 ἦν
1810 5033 2022 5100 παθεῖν,

444 5118 773 5176 πεπονθότα.
795 5114 886 5171 Διὸ
915 5117 1008 5170 καὶ
1033 5113 1259 5169 συνιδὼν
1285 5127 1311 5154 ι
1343 5114 1418 5178 ὼς
1448 5115 1723 5186 ἀνήκεστα
1741 5117 1906 5181 νοσεῖ,
1933 5119 2026 5170 καὶ

441 5205 542 5275 τῆς
563 5203 701 5275 πρὸς
723 5201 886 5254 αὐτὸν
914 5199 1115 5272 ἐχθρας
1139 5196 1377 5270 οὐδαμοῦ
1397 5197 1548 5270 λήξει
1577 5198 1728 5263 ποτε,
1759 5199 2026 5270 ἐξήγαγεν

444 5287 635 5341 ἐαυτὸν
683 5287 793 5339 τῶν
837 5284 1133 5355 ὀφθαλμῶν
1174 5283 1286 5336 τῶν
1330 5282 1564 5346 ἐκείνου,
1599 5283 1694 5334 καὶ
1732 5282 1883 5354 παρά
1916 5287 2027 5346 τοῖς

448 5371 744 5444 βαρϐάροις
765 5369 884 5440 ἔζη,
912 5368 1200 5432 δουλεύων,
1224 5367 1593 5438 ἠτιμωμένος,
1616 5367 2025 5436 αἰσχυνόμενος,

447 5459 512 5510 ἐκ
533 5457 698 5509 πόνου
723 5454 818 5508 καὶ
851 5451 1224 5522 ταλαιπωρίας
1253 5449 1352 5520 τὴν
1385 5447 1690 5516 ἀναγκαίαν
1721 5449 1899 5517 ἐαυτῷ
1931 5465 2028 5500 πο-

454 5539 619 5610 ρίζων
645 5539 876 5609 τροφήν.
907 5535 1016 5590 Kal
1037 5534 1098 5587 οὐ
1119 5533 1277 5587 τοῦτο
1295 5533 1453 5603 μόνον
1475 5532 1590 5585 ἐστὶ
1613 5531 1672 5585 τὸ
1692 5531 2028 5602 θαυμαστὸν,

523 5745 546 5772 ⁸
571 5751 714 5812 Regi!
738 5752 915 5813 ἀφῆκέν
939 5768 988 5798 τε
1013 5752 1118 5811 ὐγιῆ
1141 5749 1220 5798 καὶ
1244 5751 1389 5810 σῶον,
1411 5749 1490 5796 καὶ
1515 5747 1716 5796 συνιδών

1105 349 1159 402 S.
1195 345 1480 403 JOANMS
1516 339 2003 402 CHRYSOSTGMI
2044 341 2362 403 ARCIIIEP;
2405 341 2945 403 CONSTANTINOP.

3552 332 3672 394 θθδ

2079 462 2195 515 ἀλλ’
2225 465 2307 516 ὅτι
2333 464 2427 516 καὶ
2473 465 2704 516 πεσόντα
2733 463 2972 526 ἀκούσας
3003 460 3096 516 ἐπὶ
3121 459 3219 531 τῆς
3266 454 3663 527 παρατάξεως.

2077 558 2330 630 διέρρηξέ
2357 576 2416 612 τε
2450 560 2540 612 τὸν
2566 560 2906 630 χιτωνίσκον,
2933 559 3026 612 καὶ
3059 555 3252 609 σποδὸν
3281 553 3678 607 κατεπάσατον

2080 657 2174 709 καὶ⁸
2212 657 2409 728 θρῆνον
2450 657 2769 728 ἐθρήνησεν,
2816 652 2874 709 ὃν
2913 656 2977 710 ἀν
3020 669 3102 718 τις
3136 653 3448 724 θρηνήσειε.
3492 649 3674 704 παῖδα

2084 754 2344 824 μονογενῆ
2383 753 2478 806 καὶ
2508 755 2730 825 γνήσιον
2772 751 3082 814 ἀποϐαλὼν,
3116 749 3354 820 συνεχῶς
3386 746 3553 800 αὐτοῦ
3603 744 3670 798 τὸ

2081 848 2251 918 δνομα
2280 849 2572 903 ἀνακαλῶν
2596 849 2734 919 μετά
2761 849 2853 902 τοῦ
2877 848 3110 910 παιδίου,
3136 844 3230 899 καὶ
3259 843 3511 914 ἐγκώμια
3537 859 3675 895 συν-ι

2083 942 2275 1013 τιθεὶς,
2295 947 2389 999 καὶ
2416 946 2620 1019 πικράν
2652 946 2835 1016 ἀφιεὶς
2857 943 3060 1015 φωνὴν,
3089 944 3182 998 καὶ
3207 935 3397 1013 μέχρις
3421 941 3675 1011 ἑσπέρας

2085 1045 2269 1107 ἄσιτος
2307 1045 2504 1115 μένων,
2539 1046 2634 1098 καὶ
2671 1044 2811 1097 αὐτά
2849 1042 2917 1095 τά
2948 1040 3123 1112 χωρία
3154 1037 3544 1109 καταρώμενος
3595 1035 3671 1089 τὰ

2086 1141 2355 1212 δεξάμενα
2383 1141 2443 1195 τὸ
2469 1135 2608 1212 αἷμα
2633 1140 2728 1193 τοῦ
2772 1137 2978 1214 Σαούλξ
3016 1137 3166 1205 Ὄρη
3199 1135 3328 1205 γάρ,
3375 1135 3561 1205 φησὶν,
3592 1133 3670 1186 τὰ

2086 1234 2373 1298 Γελϐουὲ,
2415 1235 2500 1304 μὴ
2532 1233 2705 1287 πέσοι
2737 1233 2829 1300 ἐφ’
2857 1228 3031 1299 ὑμᾶς,
3061 1228 3211 1298 μήτε
3247 1227 3486 1295 δρόσος,
3513 1223 3673 1294 μήτε

2087 1330 2291 1396 ὑετός·
2335 1329 2440 1398 ὅρη
2480 1328 2758 1392 θανάτου,
2794 1327 2882 1380 ὅτι
2918 1324 3046 1379 ἐκεῖ
3069 1323 3290 1391 ἐξήρθη
3333 1321 3530 1388 σκέπη
3560 1320 3673 1373 δυ·-

2090 1423 2304 1480 νατῶν.
2350 1424 2526 1497 Ὅπερ
2573 1424 2808 1494 πατέρες
2848 1421 3061 1475 ποιοῦσι
3111 1419 3391 1482 πολλάκις,
3440 1420 3534 1471 καὶ
3563 1418 3682 1487 τὴν

2091 1521 2268 1574 οἰκίαν
2286 1520 2741 1593 ἀποστρέφονται,
2771 1522 2863 1574 καὶ
2879 1517 2970 1573 τὸν
2987 1516 3259 1572 στενωπὸν
3280 1512 3457 1585 ἀηδῶς
3473 1508 3677 1584 ὁρῶσι,-

2091 1617 2156 1672 δι’
2184 1611 2244 1672 οῦ
2270 1617 2360 1670 τὸν
2377 1619 2490 1670 υίὸν
2521 1617 2900 1689 προέπεμψαν,
2928 1614 3089 1670 τοῦτο
3112 1615 3205 1668 καί
3233 1607 3386 1675 οὗτος
3417 1610 3672 1678 ἐποίησε,

2096 1713 2190 1766 καὶ
2213 1715 2492 1785 κατηρᾶτο
2524 1715 2636 1776 τοῖς
2657 1712 2809 1782 ὄρεσι
2831 1716 2942 1776 τοῖς
2968 1711 3064 1782 τὴν
3093 1710 3307 1779 σφαγὴν
3334 1706 3678 1776 δεξαμένοις.

2097 1811 2257 1867 Μισῶ
2290 1813 2384 1864 καὶ
2419 1810 2517 1864 τὸν
2553 1811 2720 1864 τόπον
2757 1810 2925 1863 αὐτὸν
2957 1809 3044 1862 διά
3089 1809 3219 1871 τοὺς
3261 1807 3375 1858 ἐκεῖ
3411 1803 3688 1865 πεσόντας

2098 1913 2347 1982 νεκροὺς,
2376 1909 2530 1980 φησί.
2552 1907 2766 1980 Μηκέτι
2799 1909 2977 1961 τοίνυν
3008 1906 3243 1978 βραχῆτε
3269 1904 3308 1942 ιν
3324 1905 3437 1964 τοῖς
3472 1900 3690 1955 ἀνωθεν

2101 2009 2275 2071 ὑετοῖς
2291 2025 2304 2038 ·
2338 2007 2605 2079 ἐϐράχητε
2637 2006 2745 2077 γὰρ
2770 2003 2917 2068 ama
2943 2002 3129 2064 κακῶς
3153 2001 3231 2072 τῷ
3252 1999 3360 2053 τῶν
3381 1999 3550 2068 φίλων
3575 2014 3691 2066 μου

2102 2103 2294 2174 αἵματι
2315 2122 2327 2134 ·
2366 2103 2460 2156 καί
2492 2101 2734 2172 συνεχῶς
2767 2099 2826 2154 δὲ
2864 2096 3044 2154 αὐτῶν
3081 2096 3436 2169 περιστρέφει
3469 2093 3537 2147 τά
3558 2093 3684 2145 ὀνό-

2105 2219 2272 2272 ματα,
2299 2196 2500 2252 οὑτωσὶ⁵
2527 2199 2702 2268 λέγων
2722 2216 2734 2229 ο
2761 2197 2961 2252 Σαοὺλ
2988 2195 3086 2248 καί
3129 2192 3423 2253 Ἰωνάθαν,
3450 2193 3503 2242 οι
3534 2189 3686 2255 νὴγαο

2103 2296 2356 2368 πημένοι
2385 2297 2484 2350 καί
2531 2296 2750 2365 ὡραῖοι,
2785 2297 2857 2350 οὐ
2888 2292 3314 2364 κεχωρισμένοι
3339 2290 3410 2344 ὲν
3446 2285 3521 2355 τῇ
3567 2280 3694 2355 ζωῇ.

2103 2395 2321 2457 αὐτῶν,
2354 2395 2451 2450 καὶ
2484 2394 2555 2447 ἐν
2592 2393 2674 2458 τῷ
2701 2392 2935 2457 θανάτῳ
2971 2389 3170 2445 αὐτῶν
3197 2391 3268 2443 οὐ
3295 2386 3693 2454 διεχωρίσθησ

2105 2504 2246 2546 σαν.
2286 2491 2504 2560 Ἐπειδὴ
2530 2490 2637 2560 γάρ
2673 2489 2744 2542 τά
2777 2487 3006 2559 σώματα
3038 2486 3113 2556 μὴ
3147 2483 3392 2556 παρόντα
3416 2479 3690 2553 περιπτύ-

2109 2584 2299 2650 ξασθαι
2333 2585 2433 2638 οὐκ
2461 2580 2597 2654 εἶχε,
2623 2583 3015 2655 περιπλέκεται
3051 2579 3230 2635 αὐτῶν
3261 2581 3382 2642 ταῖς
3411 2592 3690 2647 προσηγον

2108 2679 2273 2754 ρίαις,
2313 2679 2412 2752 τὴν
2465 2681 2670 2734 οἰκείαν
2705 2678 2919 2749 ὀδύνην,
2965 2678 3040 2741 ὼς
3074 2672 3185 2730 οἷόν
3219 2693 3298 2741 τε,
3343 2674 3546 2736 τούτοις
3581 2689 3696 2724 κα·-

2106 2781 2458 2852 ταπραύνων,
2508 2777 2604 2832 xal
2646 2775 2707 2830 τὸ
2739 2771 2838 2847 τῆς
2875 2773 3160 2846 συμφορᾶς
3192 2769 3696 2845 παραμυθούμενος

2112 2876 2358 2949 μέγεθος.
2397 2874 2617 2946 Ἐπειδὴ
2645 2873 2754 2944 γάρ
2783 2872 2998 2935 πολλοῖς
3023 2869 3280 2924 ἐδόκειιτὸ
3307 2869 3486 2921 πεσεῖν
3512 2866 3691 2936 ἀμφο-

2106 2973 2298 3046 τέρους
2323 2973 2380 3025 ἐν
2405 2971 2591 3042 ἡμέρᾳ
2619 2972 2716 3041 μιᾷ
2743 2970 3043 3041 ἀνήκεστον
3068 2963 3208 3020 εἶναι
3239 2964 3428 3028 κακὸν,
3463 2961 3594 3016 αὐτὸ
3623 2959 3708 3031 δὴ,

2109 3067 2268 3122 τοῦτο
2289 3069 2368 3130 εἰς
2391 3065 2647 3119 ὑπόθεσιν
2666 3063 3018 3135 παραμυθίας
3041 3061 3223 3116 ἔλαϐε.
3254 3060 3327 3112 Τὸ
3358 3058 3468 3128 γάρ
3492 3058 3694 3118 εἰπεῖν,

2123 3167 2228 3219 Ἐν
2259 3161 2334 3232 τῇ
2363 3159 2478 3229 ζωῇ
2508 3160 2707 3214 αὐτῶν
2736 3162 2808 3214 οὐ
2842 3158 3285 3228 κεχωρισμένοι,
3310 3155 3406 3210 καὶ
3448 3153 3597 3227 [-768]
3623 3153 3710 3206 ἐν·

2111 3258 2193 3326 τῷ
2221 3257 2453 3321 θανάτῳ
2475 3254 2674 3311 αὐτῶν
2696 3258 2807 3310 οὐκ
2837 3255 3280 3324 ἐχωρίσθησαν,
3307 3250 3470 3305 οὐδὲν
3484 3251 3700 3319 ἕτερον,

2111 3359 2146 3430 ἢ
2191 3358 2348 3412 τοῦτο
2382 3353 2882 3418 κατασκευάζοντος
2921 3349 3007 3422 ἦν.
3048 3351 3122 3405 Οὐ
3166 3350 3276 3422 γάρ
3320 3351 3460 3413 ἔστι,
3505 3346 3700 3418 φησῖν,

2112 3457 2307 3522 εἰπεῖν,
2336 3455 2418 3515 ὅτι
2441 3451 2705 3526 ὀρφανίαν
2731 3453 2757 3506 ὀ
2781 3453 2912 3514 παῖς
2943 3449 3264 3521 ἐθρήνησεν,
3288 3446 3410 3500 οὐδέ
3437 3443 3697 3498 ἀπαιδίαν

2113 3545 2142 3599 ὀ
2165 3543 2348 3615 πατὴρ
2378 3541 2645 3612 ὠδύρατο,
2677 3539 2792 3592 ἀλλ’
2818 3538 2846 3590 ὃ
2874 3537 3064 3608 μηδενί
3092 3534 3312 3604 συνέϐη,
3344 3531 3563 3601 συνέϐη,
3591 3548 3698 3600 φη,-

2117 3635 2223 3697 σὶν,
2264 3631 2492 3694 ἐκείνοις
2513 3647 2528 3662 ο
2577 3627 2714 3700 ὁμοῦ
2752 3626 2862 3698 γάρ
2892 3626 2987 3679 καὶ
3013 3624 3157 3679 κατά
3191 3625 3319 3695 μίαν
3347 3621 3562 3693 ἡμέραν
3596 3623 3705 3689 τῆς

2115 3719 2263 3790 ζωῆς
2287 3719 2704 3790 ἀπερράγησαν,
2726 3716 2821 3769 καὶ⁸
2847 3714 2909 3767 οὐ
2939 3710 3324 3780 καταλειφθεὶς
3347 3708 3593 3780 θάτερος.
3617 3701 3704 3758 Ἦ

2114 3808 2226 3881 γάρ
2251 3808 2318 3861 ἂν
2344 3807 2576 3860 ἀϐίωτον
2611 3804 2791 3872 ἐαυτῷ
2823 3797 2962 3854 εἶναι
2990 3800 3081 3852 τὸν
3104 3798 3214 3870 βίον
3246 3797 3466 3867 ἐνόμισε
3491 3797 3559 3865 τῇ
3590 3793 3703 3847 δια-

2119 3898 2307 3954 στάσει
2327 3896 2580 3967 θατέρου.
2604 3891 3039 3963 Διεθερμάνθητε
3060 3888 3177 3952 νῦν,
3197 3886 3554 3958 ἐδακρύσατε,
3577 3900 3706 3937 συνα

2120 3983 2351 4056 εχύθητε
2377 3982 2469 4035 τὸν
2497 3979 2775 4050 λογισμὸν,
2805 3978 2899 4032 καὶ
2927 3976 3064 4049 πρὸς
3091 3975 3285 4045 άφεσιν
3324 3971 3574 4044 δακρύων
3607 3970 3705 4024 εύο

2117 4073 2345 4141 τρεπεῖς
2374 4067 2529 4139 ὐμῶν
2557 4068 2606 4120 οἰ
2630 4064 2898 4136 ὀφθαλμοὶ
2926 4062 3250 4133 γεγένηνται
3274 4078 3290 4127 ;
3319 4060 3435 4114 Νῦν
3467 4060 3702 4120 ἕκαστος

2118 4157 2222 4211 ἀνα
2229 4174 2290 4227 μι
2298 4152 2626 4226 μνησκέσθω
2649 4169 2738 4222 μοι
2758 4150 2854 4204 τοῦ
2873 4148 3070 4221 ἐχθροῦ
3089 4145 3290 4202 καὶτοῦ
3307 4145 3698 4215 λελυπηκότος,

2120 4244 2202 4297 ἐτι
2232 4240 2462 4311 ζεούσης
2487 4239 2567 4311 τῷ
2595 4238 2782 4293 πένθει
2821 4239 2920 4308 τῆς
2949 4237 3209 4302 διανοίας,
3253 4234 3349 4289 καὶ
3372 4233 3560 4287 τοῦτον
3601 4231 3703 4284 καὶ

2120 4331 2300 4397 ζῶντα
2331 4327 2670 4399 φυλαττέτω,
2689 4327 2784 4380 καὶ
2815 4325 3120 4379 ἀπελθόντα
3151 4323 3441 4384 πενθείτω,
3465 4320 3540 4392 μὴ
3563 4320 3704 4391 πρὸς

2124 4417 2404 4482 ἐπίδειξιν,
2439 4415 2555 4468 ἀλλ’
2582 4413 2690 4467 ἀπὸ
2717 4413 2956 4476 διανοίας
2990 4413 3086 4466 καὶ⁵
3113 4410 3294 4482 ψυχῆς
3321 4409 3576 4481 γνησίας’
3597 4406 3706 4460 κᾶν

2123 4505 2216 4577 δέη
2245 4522 2298 4558 τι
2325 4503 2541 4567 παθεῖν,
2565 4499 2704 4553 ὥστε
2735 4499 2810 4571 μὴ
2836 4500 3077 4571 λυπῆσαι
3096 4498 3188 4552 τὸν
3216 4498 3536 4568 ἠδικηκότα,
3568 4494 3707 4547 πάν-

2121 4605 2196 4643 τα
2240 4585 2464 4639 ποιείτω
2502 4584 2598 4638 καὶ
2641 4585 2918 4654 πασχέτω,
2956 4583 3110 4656 παρά
3147 4581 3238 4636 τοῦ
3288 4581 3425 4635 Θεοῦ
3463 4579 3708 4651 μεγάλας

2123 4681 2408 4752 ἀναμένων
2437 4678 2536 4744 τάς
2565 4677 2822 4749 ἀμοιϐάς.
2864 4678 2994 4733 ’1δού
3018 4679 3149 4748 γοῦν
3178 4671 3332 4739 οὗτος
3358 4677 3452 4728 καὶ
3484 4675 3581 4743 τὴν
3609 4671 3708 4742 βα-

2125 4765 2330 4819 σιλείαν
2358 4761 2538 4826 ἔλαϐε,
2574 4763 2666 4816 καὶ
2699 4762 2796 4832 τὴν
2822 4763 2980 4833 χεῖρα
3005 4764 3103 4815 οὐκ
3137 4759 3418 4829 ἐμόλυνεν,
3452 4757 3584 4810 ἀλλά
3607 4771 3708 4807 xa-

2126 4847 2297 4920 θαράν
2318 4847 2456 4917 έχων
2479 4845 2581 4916 τὴν
2597 4843 2798 4910 δεξιὰν,
2827 4844 2969 4899 οὕτω
2985 4845 3074 4898 τὸν
3094 4843 3356 4912 στέφανον
3384 4841 3704 4920 ἀνεδήσατο,

2126 4919 2222 4987 καί
2259 4931 2350 4984 ἐπὶ
2386 4929 2478 4982 τὸν
2513 4927 2701 5000 θρόνον
2745 4927 2936 4998 ἀνέϐη,
2971 4928 3069 4999 τῆς
3114 4926 3428 4996 ἀλουργίδος
3471 4924 3564 4977 καὶ
3610 4919 3706 4974 τοῦ

2125 5017 2454 5086 διαδήματος
2502 5011 2890 5084 λαμπροτέραν
2925 5011 3062 5082 ἔχων
3106 5009 3383 5080 εὐφημίας
3425 5006 3704 5067 ὑπόθεσιν,

2126 5109 2187 5162 τὸ
2203 5105 2490 5177 φείσασθαι
2519 5105 2612 5158 τοῦ
2641 5103 2922 5174 πολεμίου,
2949 5105 3010 5155 τὸ
3039 5102 3306 5174 θρηνῆσαι
3333 5100 3584 5154 πεσόντα.
3607 5095 3712 5150 Διά

2127 5191 2284 5244 τοῦτο
2325 5189 2444 5260 οὐχὶ
2476 5187 2585 5253 ζῶν
2622 5186 2801 5257 μόνον,
2834 5185 2968 5239 ἀλλά
2995 5187 3088 5238 καὶ
3129 5183 3462 5255 τελευτήσας
3495 5195 3712 5253 μνημο-

2129 5273 2366 5328 νεύεται.
2398 5273 2561 5325 Ὥστε
2593 5273 2640 5323 εἰ
2674 5269 2850 5338 βούλει
2881 5268 2975 5321 καὶ
3020 5269 3084 5320 σύ
3127 5269 3222 5320 καὶ
3259 5266 3494 5319 ἐνταῦθα
3532 5263 3716 5334 διηνε-

2131 5357 2259 5422 κοῦς
2300 5357 2458 5428 δόξης
2501 5356 2705 5424 τυχεῖν,
2751 5352 3025 5423 ἄνθρωπε,
3080 5352 3240 5405 κάκεῖ
3279 5347 3387 5402 τῶν
3436 5348 3715 5415 ἀκινήτων

2133 5441 2436 5495 ἀπολαῦσαι
2471 5437 2673 5498 καλῶν,
2709 5435 2944 5506 μίμησαι
2982 5435 3081 5505 τὴν
3112 5432 3310 5505 ἀρετὴν
3332 5430 3426 5484 τοῦ
3471 5429 3714 5494 δικαίου,

2133 5526 2372 5597 ζήλωσον
2392 5523 2490 5595 τὴν
2513 5520 2854 5592 φιλοσοφίαν,
2881 5519 3146 5587 ἐπίδειξαι
3168 5517 3256 5572 διὰ
3276 5515 3385 5570 τῶν
3410 5514 3586 5585 ἔργων
3611 5512 3716 5586 τὴν

2202 5747 2229 5786 ἱ*
2250 5744 2392 5806 Regii
2421 5743 2684 5807 βραχείητι.
