4110 6214
414 396 530 458 ως

412 517 563 571 illum
593 514 912 581 contulerat,
942 513 986 569 si
1012 511 1311 569 voluisset:
1342 520 1550 581 poterat
1571 525 2013 567 commemorare

412 609 681 679 singulare
706 618 975 664 certamen
1002 648 1016 671 ,
1060 606 1201 677 quod
1232 621 1352 660 eum
1384 606 1609 661 barbaro
1649 612 1997 673 susceperat,

410 716 473 755 ac
515 700 733 754 dicere:
765 698 897 754 Cum
946 697 1143 753 bellum
1194 696 1523 751 barbaricum
1549 736 1564 762 ,
1612 710 1707 750 ceu
1736 694 1989 748 diluvium

407 790 675 860 quoddam
702 832 716 855 ,
765 790 1066 843 universam
1093 788 1360 843 civitatem
1389 796 1531 843 esset
1573 787 1945 857 dissipaturum
1971 827 1987 852 ,

1390 396 1479 453 DE
1519 393 1772 454 DAVIDE
1812 392 1898 449 ET
1937 389 2161 449 SAULE
2202 394 2476 455 IIOMILIA
2520 399 2581 455 Il.

3565 417 3699 472 69b”

2098 506 2246 564 illum
2296 527 2543 582 umquam
2582 512 2826 569 hostilem
2864 516 2917 571 in
2953 530 3013 572 se
3059 515 3295 574 animum
3335 521 3670 591 positurum,

2097 600 2363 655 submovit
2388 618 2505 659 sese
2525 604 2592 657 ab
2607 605 2770 660 oeulis
2798 606 2957 672 illius,
2989 616 3045 663 et
3068 610 3204 678 apud
3231 611 3486 668 barbaros
3509 615 3699 669 vitam.

2094 693 2315 759 agebat,
2355 696 2612 762 serviens,
2644 696 2846 753 honore
2873 699 3128 768 privatus,
3170 702 3373 771 pudore
3413 706 3681 772 sulIusus,

2095 781 2276 839 labore
2303 799 2366 841 ac
2393 788 2604 842 miseria
2630 790 2730 843 sibi
2762 790 2859 858 ipsi
2888 805 3078 859 parans
3102 792 3169 848 ad
3202 794 3395 851 victum
3425 812 3669 852 necesss-

409 880 767 936 consternatis
793 880 942 935 vobis
965 894 1027 935 ac
1054 888 1196 934 metu
1220 878 1459 948 trepidis,
1490 877 1827 947 quotidieque
1848 893 1994 930 mor-
2094 874 2190 928 ria.
2221 877 2377 946 Atqui
2406 893 2511 932 non
2544 880 2644 935 hoc
2671 889 2870 936 tantum
2896 891 2978 937 est
3003 884 3145 953 quod
3169 887 3445 953 miremur,
3475 889 3569 943 sed
3604 892 3672 943 il~

407 981 513 1025 tem
563 971 993 1039 exspectantibus
1018 1012 1032 1036 ,
1077 986 1179 1040 ego
1219 970 1482 1025 accedens
1516 970 1726 1025 nemine
1749 968 1987 1037 compel-

408 1061 548 1115 lcnte
572 1102 586 1125 ,
618 1062 725 1115 imo
774 1071 823 1116 te
867 1060 1181 1131 prohibente
1227 1076 1290 1116 ac
1334 1062 1597 1116 retinente
1622 1060 1934 1129 dicenteque
1968 1077 1983 1113 :

406 1150 529 1208 Non
556 1154 742 1224 poteris
769 1155 860 1220 ire,
891 1154 1126 1224 quoniam
1157 1168 1281 1223 puer
1305 1169 1355 1207 es
1374 1194 1389 1217 ,
1434 1153 1520 1205 ille
1548 1161 1711 1205 autent
1732 1151 1807 1203 vir
1830 1150 1987 1204 bella-

405 1255 484 1299 tor
507 1261 539 1298 a
557 1247 820 1316 juventute
849 1262 940 1298 sua
960 1243 1034 1317 (I.
1060 1243 1189 1314 Reg.
1212 1246 1299 1300 I7.
1323 1244 1416 1313 55)
1442 1264 1454 1297 :
1486 1260 1591 1298 non
1618 1259 1702 1298 me
1723 1244 1979 1308 continui,

403 1334 499 1389 sed
524 1348 661 1389 unus
686 1350 783 1406 pro
811 1335 1056 1390 onmibus
1083 1335 1241 1389 insilii
1267 1375 1283 1399 ,
1332 1334 1540 1389 hostem
1572 1335 1755 1403 excepi
1780 1374 1793 1400 ,
1823 1342 1982 1402 caput

403 1426 692 1494 amputavi,
716 1440 779 1480 ae
796 1426 957 1481 veluti
981 1426 1229 1480 torrentis
1249 1426 1500 1495 impetum
1526 1425 1827 1496 quemdam,
1858 1425 1981 1478 bar-

402 1516 651 1571 barorum
674 1516 882 1572 illorum
912 1518 1139 1573 insultus
1159 1517 1336 1587 depuli
1356 1559 1371 1584 ,
1416 1519 1794 1587 rempublicam
1821 1520 1983 1573 vacil-

403 1608 597 1663 lantcm
623 1610 953 1664 constabilivi
980 1627 993 1661 :
1017 1624 1078 1663 ac
1107 1625 1199 1679 per
1227 1624 1313 1664 me
1341 1618 1395 1663 tu
1422 1610 1636 1679 quidem
1666 1626 1884 1680 regnum
1919 1626 1981 1665 ac

399 1694 584 1766 vitam,
615 1699 797 1753 emtcri
826 1714 952 1753 vero
981 1714 1165 1753 omnes
1190 1709 1383 1768 praater
1408 1701 1589 1763 vitam,
1618 1700 1884 1755 civitatem
1914 1715 1979 1756 ac

399 1787 610 1853 domos,
638 1787 837 1843 liberos
861 1798 912 1844 et
940 1804 1131 1844 uxores
1159 1798 1355 1845 tenent.
1400 1791 1475 1845 Ac
1505 1791 1763 1861 postillud
1794 1806 1980 1846 rursus

400 1890 683 1951 tropaeum,
713 1884 891 1937 et‘alia
917 1883 1059 1938 bella
1079 1900 1198 1955 qum
1228 1885 1434 1940 fortiter
1459 1901 1522 1940 ac
1551 1887 1771 1942 feliciter
1796 1901 1978 1955 gesse-

398 1978 501 2033 rat,
530 1969 633 2025 h'oc
662 1987 765 2027 non
796 1973 1064 2040 inferiora,
1094 1976 1262 2042 potuit
1285 1990 1727 2031 commemorare.
1758 1978 1835 2031 Ad
1859 1977 1977 2032 haec

395 2060 537 2128 quod
575 2077 695 2116 cum
724 2064 891 2119 semel
921 2074 1079 2135 atque
1108 2067 1297 2121 iterum
1324 2107 1339 2131 ,
1368 2067 1696 2137 imo-saepius
1721 2075 1977 2123 tentasset

396 2153 568 2220 Ipsum
596 2165 627 2206 e
670 2151 851 2207 medio
894 2153 1108 2219 tollere,
1157 2154 1501 2225 lanceamque
1545 2157 1596 2209 in
1637 2163 1795 2225 caput
1836 2156 1975 2210 illius

395 2239 639 2295 torsisset
670 2257 682 2294 :
711 2256 817 2296 non
848 2251 1024 2298 tamen
1066 2246 1309 2300 meminit
1350 2246 1646 2313 malorum;
1677 2248 1801 2302 item
1832 2250 1972 2318 quod

403 2340 524 2400 post
553 2332 638 2386 illa
667 2343 834 2403 gesta,
873 2349 993 2390 cum
1020 2335 1149 2391 Sani
1176 2336 1393 2393 deberet
1421 2340 1611 2408 prioris
1640 2355 1826 2410 pugna:
1856 2340 1975 2395 red-

393 2419 524 2476 dere
550 2424 789 2491 prmmia,
821 2428 1122 2496 poposcerit
1140 2430 1342 2493 dotem,
1372 2445 1476 2483 non
1505 2445 1709 2498 aurum,
1748 2448 1851 2486 non
1881 2448 1972 2486 ar~

392 2522 631 2581 gentum,
672 2514 765 2569 sed
793 2515 993 2571 caedem
1025 2527 1078 2571 ct
1103 2518 1518 2574 internecionem
1550 2537 1562 2573 :
1592 2535 1655 2574 ac
1681 2536 1747 2576 ne
1775 2522 1826 2575 id
1851 2523 1968 2591 qui-

390 2602 513 2658 dem
538 2603 780 2660 abnuerit
820 2606 1005 2661 David.
1050 2606 1158 2663 Nec
1184 2608 1282 2663 ista
1307 2616 1531 2674 tantum,
1576 2610 1667 2664 sed
1708 2609 1790 2665 his
1810 2612 1967 2665 etiam

390 2696 558 2750 multo
608 2706 714 2752 tum
760 2699 907 2768 plura
953 2707 1062 2755 tum
1108 2701 1307 2769 majora
1342 2702 1521 2758 dicere
1545 2706 1715 2774 potuit
1743 2722 1758 2759 :
1786 2721 1968 2761 verum

390 2787 520 2842 nihil
546 2788 733 2844 horum
761 2791 931 2857 dixit,
974 2793 1235 2861 neque‘ei
1269 2802 1383 2849 erat
1412 2794 1620 2849 animus
1665 2794 1737 2849 illi
1774 2812 1968 2865 expro-

390 2879 846 2945 brare-beneficia,
876 2882 968 2936 sed
997 2891 1199 2937 tantum
1230 2873 1551 2953 persuadere
1581 2900 1638 2941 se
1665 2901 1784 2942 esse
1804 2904 1968 2944 unum

390 2984 457 3023 cx
485 2984 670 3025 eorum
699 2985 943 3039 munero,
972 2974 1060 3043 qui
1091 2972 1261 3043 ipsum
1284 2984 1596 3031 et'amarcnt
1621 2993 1684 3032 ac
1708 2977 1965 3045 colerent,

390 3074 498 3114 non
524 3062 613 3130 qui
639 3062 980 3117 rebellionem
1004 3072 1098 3117 aut
1124 3063 1341 3120 insidias
1369 3067 1703 3122 molirentur.

460 3148 626 3205 Unius
666 3150 762 3205 Dei
805 3152 1107 3207 voluntatem
1131 3165 1319 3223 spectat
1357 3155 1558 3222 David;
1584 3168 1791 3214 mortem
1829 3160 1967 3216 Sati-

386 3241 449 3295 lis
472 3242 643 3311 de/Iet.
665 3241 940 3313 Lacryntas
965 3245 1280 3300 audientibus
1301 3258 1460 3301 movet
1484 3247 1964 3320 Chrysostomus.—

384 3330 512 3387 Ideo
539 3334 910 3402 praztermissis
938 3334 1039 3389 illis
1066 3336 1343 3402 omnibus,
1386 3346 1588 3392 tantum
1613 3340 1752 3409 quod
1782 3355 1847 3396 eo
1874 3356 1964 3397 ac-

380 3424 580 3479 ciderat
602 3424 708 3491 die,
743 3427 795 3480 in
824 3426 1187 3483 defensionem
1215 3428 1455 3484 adduxit.
1488 3430 1666 3501 Usque
1699 3431 1835 3487 adeo
1860 3448 1959 3503 pu-

380 3531 471 3571 rus
508 3526 650 3580 erat,
682 3516 828 3572 etab
861 3520 1005 3573 omni
1035 3519 1178 3573 inani
1216 3519 1383 3590 gloria
1424 3522 1701 3589 immunis,
1733 3538 1831 3577 nec
1853 3524 1959 3577 alio

379 3610 637 3677 respexit,
661 3624 817 3676 quam
846 3609 913 3663 ad
941 3610 1095 3665 unius
1129 3610 1221 3665 Dei
1249 3612 1595 3667 voluntatem.
1622 3614 1819 3669 Deinde
1843 3616 1955 3669 ait:

377 3695 580 3751 Iudice:
626 3697 873 3752 Dominus
917 3700 1043 3753 inter
1089 3716 1166 3753 me
1199 3709 1244 3754 et
1289 3710 1336 3754 te
1380 3701 1552 3772 (Ibid.
1581 3719 1628 3756 υ.
1664 3705 1791 3772 15).
1846 3706 1959 3761 IIoc

380 3790 599 3845 verbum
624 3789 757 3845 dixit
782 3807 887 3845 non
914 3792 1053 3861 quod
1080 3803 1300 3862 cuperet
1319 3795 1491 3865 puniri
1511 3797 1745 3863 Saﬁlem,
1774 3808 1866 3853 aut
1890 3800 1958 3855 de

379 3881 474 3937 illo
500 3898 683 3952 poenas
710 3883 878 3947 sumi,
924 3884 1019 3939 sed
1060 3894 1118 3939 ut
1154 3886 1226 3940 illi
1259 3886 1596 3944 formidinem
1624 3889 1865 3960 injiceret
1891 3908 1957 3948 ex

381 3972 541 4027 futuri
579 3972 762 4041 judieii
803 3977 1305 4032 commemoratione
1342 3995 1355 4030 :
1396 3994 1570 4050 neque
1612 3989 1668 4035 ut
1711 3982 1957 4038 timorem

380 4060 641 4118 incuteret
667 4073 893 4131 tantum,
919 4080 1100 4119 verum
1125 4075 1183 4121 ut
1204 4067 1440 4137 seipsum
1463 4084 1496 4123 a
1519 4070 1756 4126 criminis
1784 4074 1957 4142 suspi-

375 4155 532 4210 eione
560 4165 821 4226 purgaret.
848 4156 1180 4226 Prmcipuam
1199 4158 1435 4228 quidem,
1468 4162 1659 4233 inquit,
1688 4164 1957 4233 probatio-

378 4263 501 4301 nem
528 4264 593 4302 ex
622 4249 749 4317 ipsis
780 4248 948 4304 habeo
974 4248 1125 4305 factis
1149 4267 1163 4303 :
1190 4250 1331 4320 quod
1357 4251 1401 4305 si
1422 4266 1529 4307 non
1556 4253 1761 4319 credis,
1780 4254 1952 4324 ipsum

379 4336 548 4393 Deum
571 4338 762 4395 invoco
790 4348 1001 4407 testem,
1028 4341 1123 4411 qui
1144 4341 1402 4411 cujusque
1423 4344 1618 4398 mentio
1639 4358 1843 4400 arcana.
1858 4362 1955 4401 no-

376 4428 472 4493 vit,
494 4438 549 4483 et
571 4430 793 4484 scrutari
820 4440 997 4500 potest
1018 4433 1392 4489 conscientias.

446 4522 501 4577 5.
525 4522 648 4577 Ilzee
684 4535 860 4577 autem
903 4524 1151 4595 loquutus
1195 4534 1297 4594 est,
1341 4527 1622 4583 declarans
1648 4545 1709 4585 se
1748 4545 1955 4601 nequa-

375 4628 534 4682 quam
572 4627 821 4667 ausurum
869 4614 1032 4669 fuisse
1067 4616 1335 4686 appellare
1377 4618 1619 4675 Judicem
1658 4621 1823 4687 illum,
1866 4622 1960 4677 cui

376 4720 489 4759 non
513 4713 688 4774 potest
713 4705 930 4773 imponi,
953 4706 1079 4761 etin
1105 4723 1222 4762 sese
1250 4708 1746 4767 condemnationem
1771 4728 1950 4769 accer-

373 4812 515 4861 sere,
546 4796 645 4851 nisi
683 4796 1037 4850 certissimum
1078 4796 1316 4860 haberet.
1346 4815 1405 4855 se
1446 4801 1514 4856 ab
1550 4804 1691 4858 omni
1733 4806 1951 4860 insidia-

374 4903 491 4942 rum
529 4888 753 4942 crimine
793 4902 981 4956 purum
1023 4901 1161 4942 esse.
1208 4888 1275 4942 Et
1302 4890 1441 4959 quod
1475 4906 1535 4946 ea
1566 4909 1684 4964 qua:
1727 4895 1953 4952 dicimus

374 4993 481 5031 non
510 4980 853 5047 conjectura',
883 4979 977 5034 sed
1006 4979 1146 5049 quod
1179 4980 1345 5035 simul
1372 4992 1426 5037 et
1450 4999 1569 5041 sese
1607 5002 1830 5058 purgare
1858 5006 1952 5044 cn-

374 5069 550 5138 pieus,
580 5078 635 5123 et
662 5070 807 5124 illum
838 5068 904 5123 ad
940 5069 1281 5126 sobrietatem
1307 5088 1576 5141 revocare,
1609 5077 1746 5131 illius
1768 5079 1949 5147 judicii

376 5159 500 5212 fecit
522 5159 870 5227 mentionem,
894 5160 981 5215 illa
1008 5175 1125 5231 quae
1140 5164 1248 5230 jam
1275 5174 1420 5233 gesta
1452 5164 1663 5222 fuerunt
1689 5170 1953 5227 sufficien-

375 5257 457 5303 ter
478 5248 799 5304 osteudunt:
830 5264 933 5304 non
960 5252 1134 5306 minus
1155 5262 1333 5309 autem
1383 5255 1467 5310 his
1495 5266 1550 5314 et
1576 5259 1685 5324 illa,
1708 5276 1827 5329 qua:
1855 5278 1950 5331 po-

373 5349 486 5395 stea
518 5339 855 5403 acciderunt,
883 5340 1038 5411 hujus
1064 5344 1147 5399 rei
1171 5345 1337 5402 Iidem
1354 5349 1526 5403 facere
1549 5361 1793 5419 possunt.
1816 5353 1948 5409 Nam

373 5445 495 5485 cum
524 5445 709 5485 rursus
734 5430 859 5486 Satil
885 5430 1156 5487 incidisset
1181 5436 1233 5488 in
1261 5451 1451 5491 manus
1477 5438 1673 5507 ipsius,
1706 5453 1824 5510 post
1851 5443 1947 5498 da-

375 5532 481 5575 tum
525 5521 751 5575 salutent
800 5522 1084 5591 insequens
1122 5523 1304 5593 illum,
1350 5536 1404 5582 et
1447 5529 1693 5586 occidere
1731 5533 1945 5602 volens,

370 5627 599 5682 cumque
645 5621 822 5681 posset
856 5611 1062 5668 hostem
1090 5630 1211 5669 cum
1236 5619 1482 5675 universo
1510 5625 1746 5678 exercitu
1769 5628 1950 5681 conci-

372 5702 523 5769 dere,
558 5702 760 5757 dimisit
799 5704 943 5759 illum
973 5705 1234 5777 integrum
1259 5718 1312 5764 et
1340 5711 1676 5770 incolumem.
1721 5715 1949 5789 Ideoque

374 5806 497 5849 cum
523 5794 675 5851 sciret
704 5795 945 5851 morbum
974 5798 1112 5866 regis
1139 5799 1578 5861 iiuuwlicabilem
1604 5822 1741 5875 esse,
1778 5826 1946 5881 neque.

2090 964 2181 1019 Iud
2209 981 2438 1037 quoque,
2466 968 2604 1038 quod
2634 980 2976 1041 posteaquam
3002 974 3242 1030 audierat
3266 991 3444 1047 regem
3470 977 3523 1032 in
3552 978 3671 1035 acie

2089 1054 2365 1123 cecidisse,
2396 1058 2606 1113 discidit
2632 1069 2852 1128 vestem,
2883 1070 2937 1117 et
2975 1064 3153 1119 cinere
3180 1079 3238 1119 se
3264 1067 3581 1134 conspersit,
3612 1076 3667 1118 et

2089 1161 2154 1201 eo
2180 1147 2324 1203 luctu
2351 1150 2505 1214 luxit,
2538 1167 2642 1219 quo
2679 1154 2800 1221 quis
2830 1155 3034 1224 lugeret
3076 1156 3273 1211 amisso
3313 1156 3665 1225 primogenito

2087 1252 2443 1308 germanoque
2494 1241 2633 1307 lilio;
2683 1244 2907 1299 subinde
2952 1262 3146 1301 nomen
3186 1247 3325 1301 illius
3374 1248 3665 1305 inclamans

2089 1344 2195 1383 una
2220 1345 2338 1383 cum
2368 1331 2460 1385 ﬁlii
2502 1334 2739 1398 nomine,
2771 1338 3078 1405 compositis
3107 1337 3267 1392 etiam
3292 1341 3568 1404 eneomiis,
3601 1356 3665 1397 ac

2087 1434 2245 1475 voces
2267 1422 2444 1475 acerbi
2470 1424 2670 1478 doloris
2701 1434 2861 1481 testes
2888 1429 3156 1495 emittens,
3189 1429 3487 1498 impransus
3511 1446 3660 1484 man-

2084 1510 2154 1563 sit
2192 1526 2357 1581 usque
2385 1512 2451 1566 ad
2494 1529 2766 1584 vesperam
2787 1556 2803 1583 ,
2836 1532 3120 1573 exsecraris
3157 1528 3212 1574 et
3240 1520 3354 1587 ipsa
3398 1521 3512 1576 loca
3542 1540 3662 1591 qua:

2085 1598 2259 1655 Saulis
2288 1602 2595 1671 sanguinem
2622 1615 2956 1674 exceperant.
2986 1606 3202 1673 Montes,
3231 1608 3419 1677 inquit,
3450 1608 3661 1676 Gelboe”,

2084 1703 2147 1743 ne
2178 1690 2324 1743 cadat
2361 1708 2512 1761 super
2548 1707 2633 1746 vos
2662 1710 2818 1764 neque
2858 1711 2960 1759 ros,
3010 1712 3166 1766 neque
3203 1697 3374 1765 pluvia
3412 1712 3433 1751 :
3465 1709 3654 1753 montes

2081 1780 2293 1840 mortis.
2323 1783 2561 1850 quoniam
2590 1783 2697 1837 illic
2736 1784 2933 1838 sublata
2975 1796 3090 1839 sunt
3132 1786 3455 1842 tabernacula
3483 1799 3660 1858 poten-

2082 1875 2207 1928 tium
2258 1875 2331 1944 (2.
2367 1875 2493 1946 Reg.
2535 1882 2584 1932 l.
2613 1878 2720 1949 2i).
2766 1878 2917 1946 Quod
2961 1893 3104 1950 saepe
3136 1890 3316 1950 patres
3344 1879 3570 1946 faciunt,
3604 1892 3662 1937 ut

2079 1965 2294 2019 domum
2324 1967 2483 2021 etiam
2506 1978 2836 2035 aversantur,
2858 1980 2911 2025 et
2934 1970 3098 2026 limen
3119 1971 3360 2028 dolenter
3378 1974 3656 2044 aspiciant,

2080 2071 2176 2127 per
2204 2055 2343 2127 quod
2369 2058 2607 2113 extulere
2635 2057 2822 2124 lilium,
2847 2059 2949 2115 hoc
2970 2070 3023 2115 et
3052 2059 3140 2116 hic
3161 2059 3303 2127 fecit,
3330 2077 3425 2117 eos
3448 2075 3660 2117 montes

2078 2146 2370 2215 devoveas,
2400 2148 2493 2219 qui
2518 2149 2719 2205 eaedem
2749 2150 2891 2205 illam
2921 2162 3268 2222 exceperant.
3296 2151 3417 2221 Odi,
3447 2154 3654 2225 inquit,

2078 2238 2250 2307 ipsum
2297 2238 2455 2293 etiam
2484 2240 2657 2294 locum
2681 2252 2895 2311 propter
2924 2254 3161 2298 mortuos
3190 2243 3300 2299 illic
3330 2254 3645 2313 prostratos.

2076 2328 2153 2383 Ne
2182 2329 2341 2400 igitur
2380 2329 2667 2399 irrigemiul
2712 2331 2933 2400 posthac
2960 2331 3257 2387 cmlestibus
3281 2333 3487 2403 pluviis,
3530 2335 3654 2404 quia

2076 2422 2215 2478 male
2236 2422 2402 2478 semel
2430 2422 2631 2492 irrigati
2649 2423 2780 2478 estis
2798 2424 3095 2478 amicorum
3108 2438 3351 2480 meorum
3376 2426 3652 2496 sanguine,

2076 2529 2244 2585 eaque
2288 2514 2507 2569 nomina
2544 2513 2767 2570 subinde
2795 2516 3088 2587 repetebat,
3135 2516 3205 2570 ita
3229 2516 3488 2587 loquens:
3521 2517 3653 2572 Sciit

2074 2616 2119 2662 et
2145 2606 2426 2675 lonatbas,
2462 2608 2701 2662 amabiles
2726 2625 2787 2662 ao
2809 2609 3041 2678 speciosi,
3072 2610 3124 2663 in
3148 2610 3247 2664 vita
3274 2626 3368 2665 sua
3399 2626 3500 2664 non
3537 2611 3654 2678 fue-

2072 2709 2188 2753 rant
2218 2699 2480 2766 disiuncti,
2502 2716 2589 2754 nec
2611 2710 2770 2755 morte
2796 2718 2888 2755 sua
2913 2703 3131 2772 separati
3153 2712 3270 2757 sunt
3297 2702 3456 2773 (Ibid.
3472 2702 3646 2771 c.2l).

2071 2790 2331 2858 Quoniam
2372 2792 2515 2846 enim
2556 2792 2795 2846 absentia
2842 2792 3316 2864 illorum-corpora
3354 2808 3463 2848 non
3504 2794 3655 2849 licuit

2068 2881 2336 2949 amplecti,
2370 2883 2583 2935 nomina
2613 2881 2820 2936 illorum
2849 2883 3158 2952 complexus
3182 2892 3284 2952 est,
3311 2899 3465 2939 suum
3497 2884 3651 2939 dolo-

2071 2987 2184 3027 rem
2207 2972 2353 3029 hisce
2378 2974 2548 3030 modis
2574 2984 2838 3043 quatenus
2867 2974 3012 3029 licuit
3030 2973 3234 3030 leniens
3258 2982 3310 3030 ot
3330 2974 3646 3030 calamitatis

2068 3066 2482 3137 magnitudinem
2526 3067 2793 3136 mitigans.
2836 3064 2968 3131 Quia
2996 3066 3139 3121 enim
3164 3080 3194 3119 a
3225 3064 3405 3120 multis
3448 3065 3661 3119 malum.

2067 3157 2349 3227 putabatur
2373 3155 2686 3225 insanabile,
2709 3156 2893 3211 ambos
2912 3155 3099 3211 eodem
3126 3155 3384 3211 cecidisse
3403 3154 3513 3221 die,
3542 3154 3646 3209 hoc

2066 3248 2239 3319 ipsum
2283 3248 2507 3318 arripuit
2552 3249 2603 3302 in
2665 3247 3042 3304 consolationis
3082 3255 3473 3316 argumentum.
3511 3244 3644 3300 Nam

2064 3340 2206 3410 quod
2251 3340 2345 3405 ait,
2382 3339 2446 3394 In
2493 3341 2591 3395 vita
2634 3359 2727 3395 sua
2763 3356 2867 3393 non
2909 3343 3108 3409 fuerant
3148 3338 3421 3409 disjuncti,
3467 3354 3557 3392 nec
3591 3339 3646 3392 in

2064 3440 2223 3487 morte
2257 3442 2375 3485 sunt
2406 3434 2648 3499 separati,
2678 3430 2840 3487 verba
2880 3439 3030 3486 erant
3055 3429 3187 3486 nihil
3226 3429 3367 3485 aliud
3401 3430 3640 3500 agentis,

2062 3537 2221 3594 quam
2251 3532 2309 3577 ut
2336 3523 2437 3578 hoc
2456 3523 2610 3578 cedat
2637 3523 2689 3577 in
2711 3521 2958 3578 solatium
2982 3521 3203 3577 doloris.
3228 3522 3347 3578 Iam
3373 3522 3537 3587 enim,
3562 3521 3646 3575 in-

2061 3616 2195 3687 quit,
2217 3630 2322 3669 non
2349 3623 2524 3685 potest
2548 3613 2673 3681 dici,
2702 3613 2841 3683 quod
2865 3612 3005 3668 filius
3023 3610 3319 3683 orphanum
3340 3626 3459 3667 esse
3482 3625 3543 3667 se
3571 3612 3643 3666 lu-

2059 3715 2199 3777 geat,
2250 3721 2421 3776 neque
2460 3704 2599 3773 quod
2648 3712 2799 3775 pater
2836 3702 3117 3758 orbitatem
3156 3716 3305 3757 suam
3348 3700 3587 3771 deploret
3624 3721 3639 3756 :

2060 3810 2244 3851 vermn
2274 3794 2415 3864 quod
2457 3795 2634 3859 nullis,
2672 3795 2860 3864 inquit,
2899 3794 3107 3864 obtigit,
3139 3793 3246 3848 illis
3271 3793 3528 3863 contigit:
3557 3794 3639 3847 vi-

2060 3885 2254 3941 delicet
2278 3899 2384 3938 uno
2409 3884 2702 3954 eodemque
2726 3884 2814 3939 die
2848 3900 2880 3939 e
2910 3884 3041 3938 vivis
3071 3883 3240 3953 erepti
3268 3892 3424 3949 sunt,
3452 3893 3642 3938 neutro

2059 3976 2217 4032 alteri
2250 3975 2549 4046 superstite.
2586 3974 2933 4030 Existimabat
2968 3976 3111 4030 enim
3152 3977 3314 4029 vitam
3356 3975 3453 4031 sibi
3494 3975 3635 4044 inju-

2058 4067 2286 4123 cundum
2314 4068 2446 4133 fore,
2474 4066 2518 4122 si
2546 4068 2682 4121 alter
2704 4064 2781 4121 ab
2794 4066 2965 4121 altero
2990 4065 3175 4121 fuisset
3198 4066 3455 4121 divulsus.
3476 4064 3637 4121 Com-

2059 4159 2347 4214 movemini
2377 4173 2539 4225 nunc,
2563 4157 2924 4229 Iacrymamini
2952 4173 3111 4221 nunc,
3135 4168 3190 4214 et
3216 4159 3394 4213 animo
3423 4168 3636 4228 pertur-

2058 4249 2292 4316 bamiui;
2322 4264 2489 4320 usque
2508 4250 2573 4304 ad
2597 4250 2949 4321 lacrymarum
2969 4248 3278 4305 eﬂ'usionem
3307 4250 3490 4305 mutati
3512 4260 3639 4305 sunt

2058 4342 2195 4398 oculi
2231 4342 2429 4397 vestri?
2468 4340 2617 4397 Nunc
2660 4341 2787 4395 mihi
2820 4342 3046 4411 quisque
3082 4339 3392 4396 recordetur
3434 4341 3637 4396 inimici

2056 4433 2146 4503 qui
2176 4432 2328 4497 Izesit,
2363 4430 2548 4487 dolore
2574 4430 2862 4486 etiamnum
2890 4431 2942 4485 in
2968 4430 3148 4484 animo
3172 4438 3448 4492 :estuante,
3477 4435 3637 4499 atque

2058 4523 2199 4579 hunc
2225 4534 2279 4579 et
2321 4524 2497 4579 vivum
2539 4531 2742 4589 servet,
2779 4531 2832 4577 et
2873 4523 2979 4577 vita
3025 4520 3327 4577 defunctum
3367 4520 3634 4592 deploret,

2058 4615 2198 4671 haud
2224 4615 2437 4687 quidem
2466 4614 2532 4669 ad
2559 4615 2993 4679 ostentationem,
3024 4612 3118 4668 sed
3147 4627 3213 4668 ex
3240 4612 3445 4680 animo,
3477 4627 3635 4669 vero-

2055 4722 2159 4779 que
2185 4707 2383 4763 corde:
2411 4707 2616 4764 etiamsi
2638 4705 2765 4777 quid
2792 4703 3165 4775 perferendum
3192 4704 3260 4759 sit
3290 4704 3631 4771 incommodi,

2059 4814 2126 4857 ue
2163 4799 2289 4871 quid
2331 4799 2565 4855 offendat
2590 4814 2711 4854 eum
2749 4798 2839 4867 qui
2882 4796 3040 4862 Iarsit,
3082 4798 3261 4854 omnia
3291 4808 3402 4854 tum
3444 4797 3632 4863 faciat,

2058 4900 2167 4945 tum
2200 4891 2449 4961 patiatur,
2490 4902 2677 4957 magna
2712 4901 2742 4941 a
2780 4887 2889 4942 Deo
2928 4898 3243 4957 exspectans
3284 4888 3522 4956 praemia.
3551 4888 3633 4943 I-ln

2057 4982 2144 5036 hic
2169 4982 2328 5036 etiam
2359 4995 2576 5050 regnum
2612 4979 2835 5050 adeptus
2858 4990 2960 5045 est,
2992 4994 3090 5035 nec
3127 4988 3302 5033 tamen
3342 4978 3636 5049 inquinavit

2056 5074 2202 5129 cmdc
2232 5087 2418 5126 manus
2436 5113 2451 5137 ,
2481 5071 2573 5126 sed
2610 5071 2849 5125 dextram
2878 5070 3075 5125 habens
3099 5084 3307 5140 puram,
3336 5070 3413 5124 sic
3432 5083 3634 5125 corona

2057 5166 2332 5221 redimitus
2359 5174 2456 5228 est,
2487 5165 2565 5217 sic
2582 5164 2646 5217 ad
2672 5165 2867 5219 solium
2884 5162 3142 5227 ascendit,
3172 5176 3404 5231 purpura
3431 5175 3497 5217 ac
3518 5159 3635 5216 diae

2055 5256 2264 5312 domate
2307 5254 2727 5325 magnificentius
2753 5253 3052 5308 enconiium
3094 5262 3344 5323 gestans,
3391 5253 3647 5309 videlicet

2055 5349 2195 5421 quod
2244 5348 2380 5404 hosti
2425 5347 2781 5419 pepercisset,
2835 5345 2974 5415 quod
3021 5345 3265 5400 eumdem
3313 5347 3631 5402 exstincturus

2057 5443 2297 5497 luxisset.
2328 5439 2528 5495 Idcirco
2555 5453 2660 5492 non
2691 5437 2844 5491 vivus
2869 5436 3046 5501 modo,
3069 5436 3161 5492 sed
3187 5448 3240 5493 et
3264 5447 3503 5492 mortuus
3532 5438 3630 5492 bo-

2058 5538 2256 5591 minum
2298 5535 2549 5590 memoria
2594 5534 2913 5590 celebratur.
2956 5534 3288 5605 Quapropter
3311 5536 3356 5590 si
3393 5537 3541 5605 cupis
3577 5545 3633 5591 ct

2057 5629 2142 5684 hic
2169 5637 2473 5699 perpetuam
2508 5627 2762 5698 consequi
2801 5625 3051 5697 gloriam,
3080 5636 3134 5681 et
3160 5625 3268 5680 illic
3301 5626 3483 5682 solidis
3511 5642 3629 5698 per-

2055 5721 2155 5776 frui
2182 5722 2353 5786 bonis,
2386 5718 2542 5790 hujus
2574 5717 2702 5790 justi
2739 5719 2985 5773 virtutem
3025 5718 3253 5785 imitare,
3285 5718 3441 5787 hujus
3463 5735 3630 5776 aemu-

2059 5814 2167 5870 lare
2204 5812 2611 5885 phiIOSOphiam,
2640 5810 2861 5869 ostende
2901 5810 3050 5869 factis
3080 5810 3207 5885 ipsis
3245 5807 3633 5882 hanciujuria:
