4110 6214
450 369 559 427 698

449 498 572 541 rum
607 480 964 544 tolerantiam,
1008 478 1065 530 ut
1109 471 1324 528 eosdem
1365 469 1574 525 labores
1601 465 1888 529 sustinens,
1932 474 2024 516 ea-

451 577 574 632 dem
602 574 742 630 bona
769 565 1150 637 consequaris:
1181 579 1300 634 quae
1329 563 1530 617 utinam
1573 556 1844 624 contingat
1875 550 2030 606 nobis

451 667 699 724 omnibus
722 662 964 731 adipisci,
994 658 1166 730 gratia
1203 664 1256 711 ct
1283 653 1602 723 benignitate
1626 645 1833 704 Domini
1860 641 2030 699 nostri

450 761 577 815 Jcsu
608 754 838 816 Christi,
870 750 958 806 cui
997 763 1120 805 eum
1153 747 1308 802 Patre
1335 755 1437 799 una
1467 757 1585 796 cum
1612 746 1796 793 sancto
1828 733 2030 805 Spiritu

450 847 642 918 gloria,
683 843 984 912 imperium,
1028 838 1218 903 honor,
1250 849 1390 890 nunc
1419 842 1473 889 et
1502 844 1732 900 semper,
1762 834 1818 881 et
1853 826 1905 879 in
1931 837 2031 877 sas—

454 937 574 992 cula
600 933 938 992 surculorum.
971 932 1162 985 Amen.

1051 1015 1332 1074 HOMILIA
1357 1013 1444 1068 ιιι.

457 1115 608 1184 Quod
625 1113 957 1184 periculosum
981 1109 1044 1163 sit
1058 1108 1200 1161 adire
1219 1102 1528 1176 spectacula,
1543 1108 1591 1152 et
1606 1114 1664 1152 ea
1677 1112 1756 1150 res
1779 1094 2034 1148 adulteros

533 1207 778 1277 perfectos
820 1203 994 1274 faciat,
1025 1209 1072 1255 et
1108 1199 1225 1252 hinc
1251 1195 1454 1250 tristitia
1481 1189 1825 1257 contentioque
1853 1199 2033 1239 nasca-

531 1314 652 1356 tur:
692 1310 800 1354 tum
825 1296 958 1368 quod
984 1309 1132 1348 omne
1165 1288 1444 1346 tolerantia:
1483 1298 1640 1356 genus
1677 1279 1843 1335 David
1869 1279 1922 1332 iu
1951 1279 2034 1343 iis,

533 1409 648 1463 qua
669 1393 785 1465 fecit
814 1406 936 1461 ergo
961 1386 1190 1451 Sailem,
1219 1380 1507 1453 superarit:
1536 1384 1784 1448 postremo
1804 1371 1938 1442 quod
1960 1387 2038 1425 ra-

533 1487 703 1554 pinam
731 1497 874 1553 equo
901 1478 1072 1534 animo
1100 1480 1254 1548 ferre,
1280 1487 1382 1527 non
1407 1469 1571 1525 minor
1597 1468 1750 1522 virttis
1777 1465 1860 1529 ait,
1886 1475 2039 1536 quam

533 1575 710 1646 largiri
737 1574 1126 1640 dcemsynam.

536 1671 595 1723 1.
625 1664 883 1736 Equidem
917 1661 1149 1716 arbitror
1177 1657 1372 1713 multos
1398 1669 1465 1712 ex
1509 1653 1594 1719 iis,
1627 1649 1718 1720 qui
1746 1661 1916 1718 nuper
1942 1657 2042 1702 nos

463 1761 826 1822 deseruerant,
852 1760 908 1810 et
929 1750 997 1807 ad
1022 1747 1313 1823 iniquitatis
1332 1742 1633 1815 spectacula
1657 1740 2040 1803 discesserant,

465 1851 626 1906 hodie
665 1851 955 1919 praesentes
987 1855 1129 1900 esse.
1168 1837 1409 1910 Optarlm
1449 1841 1627 1890 autem
1657 1833 1788 1887 istos
1820 1828 1910 1900 qui
1937 1827 2045 1884 sint

469 1943 641 2011 palam
671 1949 850 2002 nosse,
889 1944 948 1991 ut
971 1949 1066 1992 eos
1091 1947 1123 1988 a
1164 1931 1333 1987 sacris
1359 1926 1633 1984 vestibulis
1672 1937 1906 1990 arceam,
1937 1936 2043 2011 non

467 2009 528 2088 ut
546 2039 800 2102 perpetuo
824 2025 954 2083 toris
976 2030 1241 2086 maneant,
1264 2019 1360 2076 sed
1377 2026 1434 2073 ut
1464 2015 1693 2073 conecti
1717 2013 1894 2069 denuo
1923 2009 2046 2066 red-

467 2125 592 2180 ca‘nt
615 2140 631 2178 :
665 2116 1092 2192 quandoquidem
1115 2124 1170 2170 et
1187 2121 1368 2182 patres
1388 2110 1527 2165 lilios
1549 2107 1919 2176 delinquentes
1942 2103 2048 2158 tre-

466 2222 694 2286 quenter
720 2221 786 2268 ex
814 2205 1020 2265 aedibus
1034 2207 1268 2278 exigunt,
1285 2211 1340 2260 et
1352 2215 1575 2258 emensa
1585 2198 1920 2257 submovent,
1932 2207 2044 2286 non

467 2283 526 2361 ut
539 2315 751 2375 semper
763 2301 910 2358 illinc
921 2299 1184 2363 exsulem,
1198 2295 1294 2352 sed
1317 2302 1376 2349 ut
1395 2292 1494 2347 hac
1509 2287 1841 2362 correptione
1855 2283 2046 2342 redditi

469 2395 738 2459 meliores,
750 2403 872 2447 cum
890 2389 1067 2446 debita
1085 2386 1240 2442 laude
1257 2393 1314 2441 et
1333 2384 1536 2439 honore
1555 2381 1609 2436 in
1632 2387 1907 2451 paternam
1928 2375 2048 2432 red-

466 2495 592 2542 eant
615 2493 834 2540 sortem.
864 2477 1007 2537 Idem
1028 2489 1156 2536 sane
1184 2476 1381 2532 iaciunt
1407 2481 1462 2530 et
1483 2481 1740 2543 pastores,
1769 2467 1896 2524 dum
1920 2480 2049 2522 oves

467 2575 899 2645 scabieoppletas
915 2587 945 2627 u
960 2569 1104 2627 sanis
1117 2574 1417 2640 segregant,
1434 2573 1491 2619 ut
1505 2563 1705 2618 misero
1719 2559 1904 2616 morbo
1915 2558 2050 2612 leva~

470 2680 560 2736 tae,
581 2663 756 2721 denuo
772 2672 890 2718 tuto
903 2661 972 2716 ad
985 2666 1142 2716 simas
1163 2664 1514 2720 revertantur,
1527 2668 1594 2708 ne
1608 2660 1819 2722 :rgrota:
1832 2663 2046 2720 gregem

471 2760 774 2815 universum
798 2769 897 2811 suo
925 2754 1017 2810 illo
1041 2753 1233 2808 morbo
1258 2749 1533 2820 impleant.
1556 2745 1679 2801 Ideo
1706 2743 2048 2814 cupiebamus

471 2852 604 2905 istos
619 2860 777 2902 nosse
793 2861 810 2911 ;
832 2844 926 2901 sed
949 2843 1188 2915 quamvis
1197 2855 1292 2896 cos
1305 2837 1545 2909 corporis
1558 2835 1726 2891 oculis
1741 2834 2049 2904 dignoscere

472 2955 579 2995 non
604 2938 900 3004 'vttleamus,
937 2933 1160 2990 verbum
1190 2940 1369 2986 tamen
1397 2941 1491 2984 eos
1521 2939 1738 2997 prorsus
1765 2933 2043 2994 agnoscet,

469 3039 820 3101 airmptaque
843 3029 1053 3089 illorum
1071 3021 1412 3084 conscientia,
1432 3018 1585 3075 facile
1614 3016 1968 3088 persuadebit,
1993 3023 2050 3069 ut

479 3137 582 3180 sua
615 3130 804 3191 sponte
834 3117 1179 3185 volentesque
1204 3120 1422 3178 exeant,
1461 3110 1660 3166 docens
1697 3107 1844 3162 illum
1877 3105 2050 3160 solum

473 3225 592 3268 esse
618 3211 782 3274 intus,
809 3207 900 3277 qui
927 3213 1156 3261 mentem
1179 3201 1280 3259 hac
1306 3199 1686 3258 exercitatione
1707 3197 1920 3268 dignam
1951 3196 2048 3249 ha-

476 3303 601 3357 beat
625 3318 638 3354 :
665 3299 826 3355 veluti
851 3300 1059 3362 centra,
1096 3293 1188 3366 qui
1215 3301 1464 3362 corrupte
1492 3290 1678 3346 vivens
1700 3303 1867 3343 sacra:
1896 3285 2052 3356 hujus

476 3391 898 3464 congregationis
926 3389 1189 3461 particeps
1215 3396 1322 3454 est,
1350 3385 1556 3442 etiamsi
1595 3397 1822 3452 corpore
1847 3380 1931 3436 hic
1957 3379 2051 3434 ad-

475 3483 692 3549 stiterit,
719 3480 951 3551 reiectus
971 3487 1074 3542 est,
1100 3475 1386 3546 veriusque
1404 3473 1700 3534 submotus.
1721 3485 1877 3540 quam
1904 3470 1939 3524 ii
1962 3470 2050 3540 qui

477 3575 620 3632 foras
654 3573 854 3628 exclusi
897 3573 1024 3626 sunt
1077 3567 1176 3641 (a),
1221 3565 1413 3637 quibus
1453 3563 1685 3620 nondum
1721 3562 1844 3617 licet
1885 3576 2051 3616 sacra:

480 3679 680 3722 mensa;
724 3661 1010 3734 participes
1055 3673 1197 3714 esse.
1234 3655 1508 3726 Siquidem
1538 3654 1613 3710 illi
1653 3652 1940 3709 secundum
1971 3651 2052 3706 di-

477 3763 628 3815 vinas
667 3756 812 3828 leges
840 3753 1044 3825 expulsi
1081 3751 1321 3821 foriSque
1361 3755 1657 3813 manentes,
1705 3745 1959 3801 hactenus
1997 3749 2051 3800 in

479 3866 577 3920 spe
605 3851 739 3905 bona
768 3855 893 3903 sunt
928 3863 944 3900 :
974 3859 1096 3900 nam
1123 3843 1168 3899 si
1194 3840 1354 3897 modo
1383 3839 1548 3896 velint
1565 3838 1834 3908 corrigere
1861 3837 2054 3894 delicta

475 3956 596 4010 sua,
624 3942 696 3996 ob
721 3955 840 4010 quae
867 3950 962 4009 per
988 3936 1281 3993 Ecclesiam
1311 3940 1437 3987 sunt
1469 3930 1648 4000 ejecti,
1679 3937 1931 3999 poterunt
1961 3928 2056 3983 de-

478 4049 586 4090 nuo
610 4049 730 4088 cum
755 4043 887 4101 pura
912 4026 1237 4085 conscientia
1261 4021 1476 4080 reverti.
1501 4023 1569 4075 At
1590 4019 1677 4091 qui
1704 4019 1908 4088 seipsos
1928 4033 2054 4072 con-

479 4125 869 4179 taminaverunt
887 4155 904 4187 ,
935 4127 988 4174 et
1012 4115 1267 4172 admoniti
1294 4127 1362 4167 ne
1385 4111 1531 4180 prius
1557 4111 1858 4175 introeant,
1886 4107 2058 4163 donec

480 4210 741 4268 maculam
767 4224 800 4264 e
826 4207 1116 4263 sceleribus
1139 4212 1466 4260 contractam
1493 4195 2056 4270 repurgarint,deindc

481 4302 818 4374 impudenter
843 4313 903 4354 se
925 4304 1136 4373 gerunt,
1163 4293 1354 4349 vulnus
1382 4301 1437 4348 et
1464 4289 1614 4345 ulcus
1639 4283 1800 4341 animi
1830 4285 2059 4341 reddunt

479 4394 724 4450 acerbius
747 4407 812 4448 ac
845 4390 1036 4461 majus.
1074 4387 1257 4458 Neque
1281 4386 1422 4441 enim
1449 4391 1554 4437 tam
1591 4394 1754 4452 grave
1784 4388 1866 4434 est
1889 4377 2059 4433 delin-

482 4498 670 4554 quere,
695 4493 853 4552 quant
879 4489 1000 4549 post
1021 4480 1273 4534 delictum
1295 4475 1626 4546 impudenter
1647 4487 1704 4528 se
1723 4486 1932 4542 gerere,
1960 4483 2060 4525 nec

483 4587 671 4645 partae
710 4570 1078 4627 sacerdotibus
1105 4569 1228 4623 talia
1250 4565 1581 4636 iubentibus.
1611 4565 1677 4619 Et
1711 4562 1835 4633 quid
1867 4562 1941 4628 hi,
1981 4563 2063 4616 in—

485 4668 692 4737 quiunt,
723 4663 856 4718 adeo
884 4662 1058 4732 magni
1095 4659 1317 4716 sceleris
1341 4655 1743 4719 commiserunt,
1774 4661 1830 4707 ut
1853 4653 1920 4708 ab
1946 4652 2061 4708 istis

487 4758 656 4814 sacris
685 4755 937 4813 cancellis
965 4753 1178 4809 arcendi
1209 4750 1350 4806 sint?
1374 4750 1484 4805 lmo
1512 4747 1652 4819 quod
1677 4746 1931 4802 delictum
1962 4744 2063 4799 hoc

485 4849 700 4922 gravius
725 4846 920 4918 quaris
949 4845 1192 4911 istorum,
1220 4843 1311 4914 qui
1337 4857 1463 4897 cum
1497 4840 1700 4909 seipsos
1730 4837 1883 4907 plane
1911 4835 2063 4890 adul-

485 4945 622 5000 terio
658 4939 1087 5005 contaminarint,
1117 4935 1452 5007 impudenter
1477 4949 1539 4988 ac
1580 4932 1886 4989 rabidorutn
1914 4944 2064 4985 more

483 5047 698 5099 unum,
724 5032 791 5088 ad
812 5045 1016 5087 sacram
1039 5028 1175 5084 hanc
1193 5039 1430 5082 mensam
1459 5023 1702 5079 irruuut?
1725 5020 1876 5090 Quod
1903 5021 1946 5075 si
1973 5034 2064 5074 vc-

487 5128 552 5184 li's
593 5125 840 5183 adulterii
882 5123 1096 5179 modum
1125 5133 1467 5192 cognoscere,
1509 5131 1613 5172 non
1641 5129 1755 5169 mea
1783 5112 1942 5167 verba
1971 5111 2063 5166 tibi

486 5219 734 5280 referam,
765 5215 858 5272 sed
890 5216 1031 5272 illius
1057 5214 1144 5285 qui
1175 5213 1242 5267 de
1271 5220 1380 5266 tota
1407 5208 1638 5264 hominis
1665 5207 1767 5260 vita
1792 5203 2063 5275 judicatu-

487 5324 582 5364 rus
607 5320 726 5365 est:
755 5307 859 5374 Qui
885 5307 1026 5363 enim
1055 5305 1251 5371 viderit,
1284 5302 1472 5372 inquit,
1507 5298 1765 5353 mulierem
1789 5295 1857 5349 ad
1881 5311 2066 5349 concu-

489 5400 778 5468 piscendam
817 5399 980 5462 illam,
1011 5398 1124 5468 jam
1151 5395 1423 5450 incohatas
1458 5401 1531 5445 est
1559 5407 1668 5444 eam
1697 5390 1749 5443 in
1783 5387 1936 5442 corde
1975 5404 2073 5442 suo.

493 5489 705 5562 (Matth.
737 5490 790 5545 5.
817 5487 928 5558 28).
957 5488 1107 5554 Quod
1128 5486 1173 5543 si
1200 5486 1390 5542 mulier
1410 5482 1547 5538 forte
1576 5481 1630 5536 in
1660 5479 1781 5536 foro
1803 5479 1980 5546 obvia,
2008 5489 2061 5535 et

495 5582 786 5652 uegieetius
826 5582 965 5637 eulla
991 5593 1135 5649 saepe
1161 5577 1421 5634 curiosius
1443 5573 1740 5629 intuentem
1774 5573 1914 5641 cepit
1952 5571 2068 5638 ipso

498 5672 669 5726 vultus
695 5679 946 5741 aspectu;
988 5670 1076 5726 isti
1107 5669 1196 5740 qui
1233 5683 1337 5724 non
1376 5665 1708 5736 simpliciter,
1755 5678 1922 5732 neque
1963 5663 2068 5716 for-

557 5781 634 5843 (a)
665 5784 979 5833 rmmtcmes.

1209 361 1263 416 S.
1305 353 1578 421 )OANNlS
1615 341 2090 410 0111ὶῖῧοῦτωί
2129 339 2448 398 Αιιοηιει).
2483 337 3017 396 CONSTANTINOP.

3606 335 3710 395 696

2137 454 2292 521 tuito,
2326 455 2420 510 sed
2447 456 2642 523 studio,
2675 465 2730 510 et
2753 465 2901 510 tanto
2933 454 3140 521 studio,
3177 463 3237 508 ut
3261 453 3552 509 Ecclesiatn
3577 470 3713 526 quo-

2134 562 2239 619 que
2263 558 2628 613 contemnant,
2655 558 2710 604 et
2730 547 2829 602 hac
2847 561 3004 602 causa
3030 556 3254 616 pergunt
3281 545 3422 610 illuc,
3450 561 3512 601 ae
3540 555 3712 602 totum

2135 638 2206 693 ibi
2230 637 2536 694 desidentes
2567 638 2707 694 diem
2750 638 2802 694 in
2840 637 3001 693 facies
3039 637 3364 707 obiectarum
3397 638 3713 694 feminarum

2137 729 2343 786 illarum
2386 731 2588 787 deﬁxos
2626 730 2820 786 habent
2857 729 3061 798 oculos,
3106 744 3210 800 qua
3254 729 3428 785 fronte
3466 740 3714 800 poterunt

2137 820 2334 888 dicere,
2362 837 2421 876 se
2463 836 2554 877 eas
2583 837 2689 877 non
2728 822 2923 878 vidisse
2960 821 3028 877 ad
3065 810 3582 891 concupiscendng
3621 821 3717 878 ubi

2078 971 2081 973 _
2141 911 2302 967 verba
2331 927 2540 983 quoque
2567 912 2829 968 accedunt
2856 911 3020 968 fracta
3046 911 3366 983 lascivaque,
3397 912 3490 968 ubi
3511 914 3715 969 cantiu-

2140 1017 2236 1059 nes
2270 1006 2610 1073 meretriciae,
2648 1004 2738 1060 ubi
2776 1020 2879 1060 vox
2905 1004 3249 1061 vehementer
3277 1004 3342 1059 ad
3385 1005 3716 1074 voluptatem

2140 1093 2459 1166 composita,
2487 1097 2578 1153 ubi
2604 1098 2764 1154 stibio
2787 1097 2912 1168 picti
2936 1097 3092 1162 oculi,
3126 1097 3213 1152 ubi
3241 1095 3507 1152 coloribus
3536 1097 3715 1153 tincta:

2138 1202 2309 1257 genae,
2339 1189 2427 1244 ubi
2453 1190 2617 1244 vestis
2639 1190 2904 1246 curiosius
2924 1188 3265 1253 concinnata,
3289 1189 3378 1244 ubi
3407 1189 3563 1244 totius
3588 1205 3714 1245 coro

2143 1281 2285 1349 poris
2313 1280 2522 1338 habitus
2547 1283 2665 1338 luco
2691 1282 2880 1352 plenus
2905 1289 3006 1344 est.
3036 1280 3242 1350 aliaque
3265 1281 3428 1336 multa
3454 1282 3712 1337 lenocinia

2141 1373 2208 1430 ad
2249 1361 2506 1427 fallendos
2540 1372 2962 1443 inescandosque
2989 1373 3254 1427 intuentes
3296 1373 3577 1438 instructa;
3625 1373 3716 1428 ubi

2143 1464 2387 1522 socordia
2428 1463 2804 1534 spectantium,
2845 1464 3115 1534 multaque
3140 1463 3402 1539 confusio,
3440 1464 3562 1520 hinc
3601 1465 3718 1536 ipse

2144 1557 2295 1613 locus
2326 1557 2392 1611 ad
2421 1555 2690 1611 lasciviam
2717 1556 2968 1622 invitans,
3004 1566 3116 1610 tum
3143 1555 3211 1612 ab
3239 1555 3304 1611 iis
3330 1557 3715 1611 acroamatibus

2145 1663 2262 1718 qum
2290 1657 2694 1716 prmcesscrunt,
2725 1655 2836 1702 tum
2871 1648 2940 1702 ab
2964 1646 3029 1703 iis
3055 1663 3173 1718 qua:
3197 1659 3518 1719 consequuta
3555 1651 3716 1707 sunt!

2145 1736 2421 1792 Accedunt
2459 1737 2782 1793 irritamenta
2821 1752 2925 1808 per
2965 1737 3167 1794 ﬁstulas
3204 1751 3268 1794 ac
3297 1738 3470 1806 tibias,
3510 1739 3720 1810 aliaque

2145 1827 2260 1896 ejus
2287 1827 2499 1897 generis
2523 1827 2828 1893 modulatio,
2861 1827 2916 1883 in
2955 1826 3192 1883 fraudem
3221 1827 3462 1893 illicicns,
3493 1831 3714 1886 mentis-

2145 1931 2250 1987 que
2278 1909 2439 1973 robur
2463 1918 2740 1974 emolliens
2761 1959 2778 1984 ,
2817 1932 2881 1974 ac
2898 1919 3234 1974 meretricum
3265 1919 3471 1974 insidiis
3495 1930 3550 1976 et
3573 1915 3717 1978 dele-

2147 2013 2378 2068 ctatione
2408 2026 2712 2082 prmparans
2743 2012 2850 2068 illic
2890 2011 3240 2068 desidentium
3284 2012 3520 2078 animos,
3552 2012 3719 2070 edici-

2147 2116 2346 2174 ensque
2371 2113 2428 2158 ut
2456 2104 2660 2160 Lucilius
2676 2104 3002 2174 capiantur‘.
3021 2103 3230 2159 Etenim
3260 2103 3307 2158 si
3337 2103 3546 2173 hic,ubi
3577 2105 3718 2175 psal-

2149 2195 2243 2262 mi,
2266 2193 2354 2248 ubi
2384 2209 2593 2264 preces,
2624 2195 2712 2250 ubi
2732 2195 3032 2251 divinorum
3055 2195 3388 2264 eloquiorum
3429 2197 3718 2263 enarratio,

2149 2286 2235 2343 ubi
2268 2276 2361 2342 Dei
2391 2294 2580 2351 metus,
2606 2287 2875 2357 multaque
2898 2286 3084 2357 pietas,
3110 2285 3434 2357 frequenter,
3461 2303 3557 2344 ceu
3579 2290 3721 2344 latro

2149 2375 2409 2447 quispiam
2430 2386 2696 2443 versutus,
2719 2377 2856 2431 clam
2876 2375 3086 2444 obrepit
3101 2376 3524 2447 concupiscentia
3549 2395 3562 2431 :
3584 2393 3722 2445 quo-

2150 2466 2310 2523 modo
2352 2467 2440 2537 qui
2465 2466 2710 2523 desident
2737 2467 2788 2521 in
2821 2467 3050 2535 theatro,
3075 2466 3165 2538 qui
3193 2457 3323 2522 nihil
3348 2465 3464 2522 sani
3499 2459 3723 2522 audiunt

2151 2556 2456 2627 videatque,
2483 2556 2578 2613 sed
2604 2557 2767 2612 multa
2796 2555 3045 2612 difﬂuunt
3069 2555 3410 2626 turpitudine,
3441 2557 3604 2612 multa
3631 2571 3724 2613 ηε·

2151 2646 2335 2716 quitia,
2363 2646 2452 2718 qui
2478 2645 2709 2716 undique
2735 2646 3066 2701 obsidionem
3095 2647 3374 2717 patiuntur,
3407 2661 3506 2715 per
3529 2661 3721 2710 aures,

2150 2752 2246 2806 per
2263 2736 2468 2805 oculos,
2494 2736 2699 2808 possint
2721 2736 2912 2790 malam
2934 2751 3177 2807 superare
3197 2736 3717 2804 concupiscentiam?

2153 2829 2381 2884 Rursum
2412 2828 2456 2883 si
2497 2845 2600 2883 non
2629 2837 2866 2898 possunt,
2900 2827 3162 2897 quomodo
3191 2835 3435 2897 poterunt
3460 2843 3718 2897 umquam

2151 2918 2220 2974 ab
2247 2919 2488 2975 adulterii
2512 2917 2732 2974 crimine
2752 2919 3136 2975 absolvi?Tum
3163 2919 3249 2988 qui
3280 2935 3386 2974 non
3413 2919 3562 2974 liberi
3587 2931 3720 2974 sunt

2151 3005 2221 3066 ab
2239 3011 2482 3066 adulterii
2507 3010 2748 3076 crimine,
2771 3008 3037 3080 quomodo
3062 3017 3312 3079 poterunt
3333 3009 3528 3079 absque
3551 3011 3724 3079 νωιιί-

2153 3105 2317 3161 tentia
2340 3103 2406 3158 ad
2428 3103 2542 3158 hmc
2561 3117 2710 3159 sacra
2736 3101 2989 3157 vestibula
3009 3101 3284 3170 accedere,
3307 3100 3563 3173 huiusque
3587 3118 3725 3174 prae-

2152 3195 2284 3251 clari
2311 3203 2602 3252 conventus
2628 3209 2746 3251 esse
2775 3193 3101 3265 participes?

2223 3311 2278 3365 2.
2297 3309 2464 3375 Quam
2485 3309 2704 3364 alienum
2722 3311 2787 3364 sit
2805 3325 2838 3362 a
2857 3308 3077 3363 moribus
3100 3307 3407 3375 christianis,
3428 3308 3728 3378 spectaculis

2155 3399 2480 3454 theatralibus
2512 3399 2763 3453 interesse.
2788 3429 2862 3439 --
2887 3399 3221 3470 Quapropter
3257 3398 3510 3469 equidem
3543 3399 3728 3454 hortor

2154 3505 2390 3561 rogoque
2408 3531 2423 3555 ,
2455 3497 2511 3545 ut
2539 3490 2684 3559 prius
2712 3490 3044 3546 confessione
3067 3505 3133 3545 ac
3161 3491 3467 3560 pendentia
3504 3491 3729 3560 aliisque

2154 3580 2404 3637 remediis
2428 3580 2676 3639 erunibus
2703 3591 2821 3636 sese
2844 3596 2873 3634 a
2898 3589 3116 3651 peccato
3138 3596 3202 3636 ex
3229 3581 3500 3638 theatricis
3524 3591 3730 3650 specta.

2155 3673 2290 3728 culis
2315 3679 2588 3728 contracto
2613 3682 2936 3743 perpurgant
2958 3713 2973 3737 ,
2997 3681 3156 3741 atque
3182 3672 3252 3726 ita
3275 3671 3486 3728 divinos
3510 3673 3729 3727 audiant

2157 3779 2452 3821 sermones.
2483 3765 2662 3833 Neque
2691 3765 2832 3820 enim
2860 3764 3198 3821 mediocriter
3221 3780 3251 3819 a
3282 3766 3435 3821 nobis
3461 3765 3730 3836 delinqui-

2159 3865 2278 3921 tur;
2305 3855 2356 3911 id
2388 3856 2529 3926 quod
2561 3856 2630 3910 ab
2655 3857 2910 3931 exemplis
2942 3856 3113 3911 cuivis
3143 3858 3418 3925 perspicue
3442 3857 3622 3913 videre
3661 3855 3732 3910 li-

2157 3956 2262 4002 cet.
2285 3945 2418 4004 Nam
2436 3947 2480 4001 si
2505 3946 2730 4004 famulus
2748 3946 2801 4002 in
2827 3946 3079 4014 arculam,
3101 3947 3190 4004 ubi
3211 3945 3392 4003 herilis
3414 3945 3731 4003 vestimenta

2159 4037 2391 4107 pretiosa
2430 4051 2698 4107 aureaque
2740 4037 3011 4093 recondita
3037 4045 3198 4101 sunt,
3227 4036 3472 4092 servilem
3499 4041 3739 4094 tunicam

2159 4128 2406 4186 sordibus
2443 4143 2507 4184 ac
2541 4128 2722 4183 multis
2747 4126 3008 4198 pediculis
3045 4126 3296 4184 refertam
3324 4126 3593 4196 imponat,
3633 4141 3742 4196 ego

2161 4221 2248 4277 dic
2271 4221 2403 4277 mihi
2439 4235 2567 4276 num
2595 4236 2714 4278 eam
2748 4220 3123 4278 contumeliam
3159 4233 3314 4289 :equo
3345 4221 3519 4275 animo
3552 4217 3739 4274 feras?

2161 4313 2296 4382 Quid
2318 4325 2496 4370 autem
2517 4315 2564 4370 si
2586 4315 2706 4383 quis
2731 4315 2784 4369 in
2813 4314 3088 4369 vasculum
3115 4327 3357 4380 aureum,
3385 4312 3437 4367 in
3463 4320 3566 4383 quo
3589 4327 3740 4367 sem-

2162 4423 2258 4478 per
2277 4416 2538 4477 unguenta
2561 4406 2759 4461 servari
2788 4405 3180 4471 consueverint,
3207 4415 3412 4460 stercus
3433 4418 3497 4459 ac
3515 4418 3738 4459 omnum

2165 4495 2405 4554 infundat
2428 4537 2442 4559 ,
2483 4511 2661 4552 annon
2689 4498 2737 4552 ei
2765 4499 2948 4568 plagas
2981 4497 3247 4567 indigeres
3289 4499 3382 4567 qui
3420 4496 3591 4552 scelus
3631 4495 3740 4550 hoc

2164 4587 2556 4644 commisisset?
2579 4587 2784 4657 Ergone
2810 4588 3125 4643 scriniorum
3144 4601 3208 4644 ac
3230 4602 3494 4650 vasorum,
3512 4588 3741 4642 vestium

2164 4689 2220 4735 et
2265 4688 2652 4749 unguentorum
2691 4687 2834 4733 tanta
2871 4694 2998 4734 cura
3037 4678 3469 4744 sollieitabimur,
3505 4678 3742 4734 animam

2167 4784 2294 4824 vero
2321 4777 2557 4825 nostram
2583 4768 2827 4824 omnibus
2855 4768 2970 4822 istis
2995 4768 3236 4824 viliorem
3265 4782 3385 4824 esse
3407 4767 3701 4838 putabimus
3722 4769 3753 4824 ἓ

2166 4870 2325 4928 atque
2349 4860 2435 4916 ubi
2463 4861 2690 4931 Spiritus
2721 4861 2949 4914 infusum
2977 4869 3060 4914 est
3088 4869 3433 4928 unguentum,
3463 4873 3530 4914 eo
3557 4857 3749 4912 diabo-

2167 4953 2297 5007 licas
2319 4967 2536 5022 pompas
2557 4951 2933 5006 immittemus?
2958 4965 3023 5005 eo
3049 4931 3258 5020 fabulaé
3280 4961 3500 5017 satanas,
3527 4965 3592 5005 eo
3615 4965 3749 5004 can—

2170 5045 2358 5100 tilenas
2385 5043 2696 5099 meretricia:
2727 5040 3063 5111 turpitudinis
3092 5041 3319 5110 plenas?
3345 5041 3439 5096 Dic
3465 5039 3614 5105 mihi,
3637 5050 3752 5110 quo

2170 5137 2348 5190 animo
2378 5136 2479 5190 ista
2503 5133 2638 5188 feret
2664 5132 2843 5187 Deus?
2869 5132 3027 5201 Atqui
3067 5146 3172 5186 non
3203 5140 3408 5186 tantum
3431 5140 3515 5187 est
3551 5131 3749 5186 discri-

2171 5241 2294 5282 men
2316 5226 2454 5281 inter
2467 5241 2565 5295 ung
2575 5234 2791 5280 uentum
2804 5232 2858 5279 et
2871 5237 3102 5287 catmum,
3129 5221 3267 5278 inter
3287 5232 3463 5278 vestes
3480 5221 3591 5277 heri
3599 5222 3674 5276 les
3693 5231 3753 5278 et

2172 5317 2396 5374 serviles
2415 5357 2434 5385 ,
2465 5326 2724 5388 quantum
2743 5325 2825 5371 est
2852 5315 2990 5369 inter
3014 5313 3242 5382 Spiritus
3266 5314 3488 5383 gratiam
3514 5321 3570 5367 et
3593 5313 3756 5371 istam

2174 5424 2481 5480 perversam
2508 5409 2795 5462 actionem.
2819 5405 2932 5459 Non
2964 5404 3182 5470 metuis,
3209 5417 3243 5458 ο
3268 5406 3450 5472 homo,
3478 5405 3604 5461 dum
3627 5407 3754 5475 qui-

2175 5504 2274 5558 bus
2307 5503 2475 5558 oculis
2515 5501 2622 5556 illic
2657 5499 2854 5554 lectum
2875 5497 2966 5568 qui
2996 5506 3078 5552 est
3118 5498 3168 5550 in
3197 5495 3472 5551 orchestra
3498 5507 3715 5566 spectas
3736 5535 3757 5565 ,

2175 5593 2264 5648 ubi
2302 5593 2627 5649 detestanda:
2668 5589 2914 5645 adulterii
2949 5587 3140 5643 fabula:
3183 5596 3524 5659 peraguntur,
3565 5588 3758 5644 iisdem

2240 5747 2257 5779 ¹
2295 5755 2408 5810 Reg.
2433 5744 2544 5805 duo,
2570 5745 2840 5808 [ridensque
2863 5755 2948 5806 per
2970 5751 3026 5790 ea
3050 5747 3097 5790 ut
3122 5754 3154 5790 a
3174 5737 3362 5793 Christo
3381 5737 3625 5804 dcﬁCltllll.
