4134 6214
362 398 465 460 69⁸7

363 516 500 571 hanc
539 527 745 569 sacram
798 525 1038 568 mensam
1082 509 1304 565 intueris
1327 550 1342 576 ,
1384 509 1473 564 ubi
1504 508 1778 565 tremenda
1814 524 1940 579 per-

358 619 585 679 aguntur
597 606 846 678 mysteria
858 604 1015 659 idum
1036 603 1221 658 iisdem
1240 603 1457 658 auribus
1472 603 1623 658 audis
1637 612 1690 658 et
1707 613 1942 658 scortum

358 702 612 757 obscmne
641 700 865 770 loquens
888 738 904 766 ,
933 706 986 753 et
1013 696 1327 766 prophetam
1367 694 1772 765 apostolumque
1802 702 1854 750 te
1875 694 1942 749 ad

358 806 552 847 arcana
588 789 877 858 Scriptura:
915 785 1384 842 introduccntem?
1410 785 1536 839 dum
1564 786 1755 841 eodem
1779 784 1942 840 corde

361 883 535 939 letalia
574 881 741 938 sumis
781 894 990 936 venena
1014 920 1030 945 ,
1069 887 1123 933 ct
1166 878 1302 932 hanc
1333 876 1556 932 hostiam
1595 887 1833 931 sanctam
1878 890 1942 931 ac

360 974 733 1030 tremendam?
761 972 951 1027 Annon
981 970 1095 1024 haec
1118 978 1243 1023 sunt
1264 970 1386 1023 vita:
1418 968 1720 1033 subversio,
1751 965 1939 1036 conju-

354 1066 564 1135 giorum
589 1062 927 1132 corruptelae,
955 1060 1093 1115 bella
1120 1072 1412 1129 pugnmquc
1441 1067 1494 1112 et
1522 1059 1649 1112 rixa:
1676 1059 1727 1111 in
1764 1057 1938 1112 domi-

356 1159 454 1213 bus
473 1158 497 1212 ?
522 1157 656 1211 Cum
682 1154 822 1211 enim
850 1152 1166 1223 spectaculis
1192 1151 1295 1205 illis
1314 1150 1620 1205 dissolutior
1640 1165 1703 1203 ac
1728 1149 1943 1204 mollior

357 1249 706 1319 lasciviorque
729 1289 745 1314 ,
783 1246 1059 1314 omnisque
1098 1242 1362 1314 pudicitia:
1402 1242 1569 1298 hostis
1609 1242 1774 1297 factus
1797 1283 1813 1308 ,
1838 1242 1941 1297 do-

356 1358 501 1397 mum
532 1340 754 1396 rcdieris
775 1380 794 1407 ,
818 1338 1000 1393 uxoris
1029 1345 1275 1406 aspectus
1305 1336 1478 1391 minus
1505 1336 1606 1390 erit
1628 1335 1891 1404 iucundus
1920 1375 1937 1401 ,

354 1435 753 1505 qualiscumque
773 1432 931 1487 etiam
961 1431 1049 1486 illa
1075 1428 1252 1485 fuerit.
1282 1429 1554 1499 Siquidem
1586 1427 1940 1484 inflammatus

355 1526 441 1580 illa
467 1524 895 1593 concupiscentia
917 1562 931 1587 ,
963 1535 1121 1590 quam
1158 1519 1212 1574 in
1251 1518 1471 1574 theatris
1498 1518 1754 1584 hausisti,
1789 1528 1840 1572 et
1870 1517 1939 1572 ab

353 1615 445 1670 illo
480 1615 653 1671 alieno
682 1612 985 1683 spectaculo
1007 1652 1023 1678 ,
1056 1610 1197 1681 quod
1238 1620 1290 1666 te
1329 1610 1687 1675 dementavit,
1718 1618 1939 1679 captus,

349 1717 551 1763 castam
578 1722 642 1762 ac
667 1706 961 1761 modestam
988 1719 1207 1759 uxorem
1234 1712 1288 1758 et
1308 1703 1469 1757 tntius
1493 1704 1615 1756 vita:
1635 1712 1938 1757 consortem

350 1802 602 1871 despicis,
622 1798 942 1855 contumelia
962 1796 1152 1862 afﬁcis,
1171 1794 1566 1865 innumerisque
1582 1794 1790 1865 probris
1811 1807 1939 1863 ope-

350 1894 425 1949 ris
445 1935 460 1959 ,
491 1910 597 1948 non
624 1891 765 1962 quod
793 1889 1079 1961 quidquam
1109 1887 1307 1943 habeas
1332 1886 1474 1957 quod
1509 1888 1563 1941 in
1594 1886 1683 1940 illa
1712 1886 1893 1955 culpes
1917 1924 1933 1949 ,

349 1982 445 2039 sed
472 1981 614 2053 quod
636 1982 921 2037 erubescas
949 1978 1190 2034 confiteri
1227 1977 1472 2031 morbum
1496 2017 1512 2041 ,
1554 1976 1697 2046 quod
1743 1975 1937 2045 pudeat

349 2074 540 2128 vulnus
566 2071 870 2139 ostendere,
895 2084 1002 2140 quo
1029 2070 1081 2124 in
1108 2067 1431 2138 spectaculis
1456 2066 1725 2121 sauciatus
1751 2065 1936 2120 redisti

347 2165 564 2219 domum
587 2205 603 2231 ,
634 2164 768 2219 alias
804 2160 974 2218 nectis
1000 2160 1338 2216 causationes
1360 2201 1375 2225 ,
1404 2160 1609 2230 iniquas
1644 2158 1935 2213 inimicitiae

346 2272 595 2327 qumrens
617 2256 947 2320 occasiones,
970 2254 1149 2309 omnia
1169 2269 1289 2323 qua:
1310 2252 1459 2308 domi
1480 2262 1606 2306 sunt
1633 2250 1932 2318 fastidiens,

344 2358 401 2404 ct
433 2348 499 2403 ad
541 2348 821 2404 scelestam
866 2347 1006 2401 illam
1046 2353 1101 2400 et
1142 2346 1401 2415 impuram
1443 2343 1652 2398 inhians
1677 2344 1934 2413 concupi-

344 2438 602 2494 scentiam
625 2479 640 2503 ,
682 2451 713 2491 a
750 2451 852 2507 qua
876 2435 1069 2490 vulnus
1095 2434 1343 2506 accepisti
1367 2476 1380 2500 ,
1427 2435 1659 2504 dumque
1699 2434 1932 2488 sonitum

344 2528 493 2583 vocis
516 2527 656 2599 geris
687 2528 741 2581 in
770 2527 950 2581 animo
984 2534 1288 2580 manentem
1312 2566 1327 2590 ,
1370 2525 1603 2593 itemque
1640 2533 1887 2594 aSpectus
1913 2565 1930 2593 ,

344 2630 524 2675 motus
542 2662 556 2685 ,
583 2620 868 2689 omniaque
896 2620 982 2673 illa
1015 2618 1332 2675 meretriciae
1364 2617 1597 2673 libidinis
1624 2618 1929 2683 simulacra,

344 2711 477 2766 nihil
511 2726 693 2767 eorum
719 2725 839 2780 qua:
875 2708 1018 2764 domi
1060 2718 1332 2763 suntcum
1372 2708 1641 2777 voluptate
1684 2707 1928 2762 intueris.

343 2802 413 2859 Et
434 2803 559 2873 quid
586 2802 775 2873 loquor
805 2802 874 2857 de
913 2816 1078 2856 uxore
1113 2811 1203 2855 aut
1246 2801 1444 2854 familia
1470 2842 1485 2866 ,
1516 2799 1729 2865 quando
1760 2799 1929 2869 ipsam

343 2894 504 2948 etiam
536 2892 815 2948 ecclesiam
845 2900 1032 2961 postea
1065 2890 1241 2944 minus
1266 2889 1497 2944 libenter
1521 2891 1732 2943 visurus
1756 2904 1814 2943 es
1836 2929 1850 2953 ,
1878 2900 1932 2943 et

341 2996 466 3037 cum
508 2982 665 3037 tmdio
705 2980 982 3036 auditurus
1021 2995 1322 3035 sermonem
1365 2978 1433 3034 de
1470 2977 1720 3048 pudicitia
1759 2978 1931 3048 deque

342 3074 600 3130 modestia
623 3074 646 3127 ἲ
682 3073 866 3143 Neque
888 3073 1032 3127 enim
1058 3072 1168 3141 jam
1198 3088 1260 3127 ea
1286 3087 1405 3142 qua:
1430 3071 1681 3127 dicuntur
1709 3071 1801 3125 tibi
1832 3085 1931 3141 pro

342 3165 584 3220 doctrina
613 3173 758 3229 sunt,
785 3164 877 3219 sed
907 3180 1001 3234 pro
1026 3165 1569 3247 accusatione‘teque
1594 3162 1844 3232 paulatim
1875 3162 1927 3216 in

341 3256 766 3327 desperationem
783 3256 1075 3312 adducent:
1096 3256 1306 3311 tandem
1325 3265 1378 3311 et
1395 3258 1680 3326 abrumpes
1701 3256 1928 3325 teipsum

340 3363 371 3403 a
400 3348 675 3419 disciplina
704 3348 771 3403 ad
802 3348 1065 3418 publicam
1092 3348 1330 3403 omnium
1356 3348 1636 3402 utilitatem
1665 3346 1925 3402 adhibita.

340 3440 678 3514 Quapropter
706 3457 837 3513 rogo
863 3457 959 3497 vos
982 3456 1190 3507 omnes,
1221 3451 1279 3496 ut
1304 3451 1357 3497 et
1383 3441 1482 3512 ipsi
1509 3456 1696 3512 pravas
1721 3442 1774 3495 in
1800 3456 1926 3512 spe-

340 3534 560 3589 ctaculis
579 3535 1028 3589 commorationes
1047 3534 1244 3600 vitetis,
1261 3542 1316 3589 et
1334 3534 1469 3589 alios
1484 3534 1651 3589 abhis
1670 3533 1928 3590 deductos

342 3626 645 3680 retrahatis.
678 3625 941 3694 Quidquid
971 3625 1113 3678 enim
1145 3624 1255 3678 illic
1281 3626 1502 3693 geritur,
1531 3640 1639 3678 non
1665 3633 1747 3679 est
1771 3624 1925 3678 oble-

340 3716 522 3779 ctatio;
544 3714 639 3768 sed
668 3714 953 3781 pernicies,
982 3715 1077 3768 sed
1104 3728 1283 3782 pinna,
1309 3714 1404 3769 sed
1432 3714 1771 3783 supplicium.
1790 3712 1927 3779 Quid

342 3805 560 3869 prodest
587 3805 675 3860 illa
702 3805 1021 3874 temporaria
1048 3804 1311 3873 voluptas,
1338 3804 1464 3859 dum
1495 3805 1619 3859 hinc
1643 3814 1927 3875 perpetuus

342 3898 578 3953 nascitur
603 3896 778 3961 dolor,
806 3897 1039 3967 dumque
1065 3904 1222 3951 nocte
1248 3897 1444 3966 pariter
1468 3911 1533 3951 ac
1558 3897 1645 3951 die
1668 3912 1699 3951 a
1726 3911 1927 3951 concu-

340 3988 601 4060 piscentia
623 3988 943 4053 stimulatus,
970 3986 1218 4042 omnibus
1243 3988 1499 4043 molestus
1522 4002 1583 4043 es
1606 3996 1662 4041 et
1688 3986 1927 4041 invisus?

341 4080 544 4136 Excute
566 4075 724 4151 igitur
748 4078 999 4148 teipsum,
1022 4086 1274 4148 reputans
1297 4078 1468 4149 qualis
1495 4078 1590 4134 ﬁas
1612 4078 1680 4133 ab
1703 4078 1925 4133 ecclesia

341 4172 556 4228 rediens
580 4213 596 4239 ,
639 4185 824 4227 rursus
849 4170 1021 4241 qualis
1045 4185 1078 4226 a
1112 4170 1430 4241 spectaculis
1452 4211 1467 4235 ,
1491 4180 1651 4242 atque
1678 4169 1777 4226 hos
1809 4171 1925 4228 dies

339 4279 463 4321 cum
494 4264 600 4320 illis
620 4264 861 4319 conferas
893 4280 909 4317 :
949 4263 1001 4319 id
1031 4264 1076 4319 si
1108 4263 1300 4320 feceris
1322 4305 1339 4332 ,
1378 4264 1509 4319 nihil
1535 4279 1670 4335 opus
1694 4266 1797 4320 erit
1824 4280 1924 4321 no-

340 4364 452 4410 stro
480 4368 748 4410 sermone.
783 4353 923 4409 Satis
947 4354 1092 4409 enim
1117 4352 1313 4421 fuerit,
1342 4353 1484 4409 hunc
1510 4354 1651 4410 diem
1677 4369 1800 4410 cum
1833 4354 1925 4410 illo

342 4459 699 4515 comparasse,
726 4444 792 4499 ad
821 4444 1208 4501 ostendendum
1235 4454 1290 4502 et
1313 4462 1469 4517 quam
1491 4462 1678 4518 magna
1705 4447 1776 4502 sit
1800 4447 1926 4506 hinc

340 4537 561 4605 utilitas,
580 4547 633 4593 et
653 4546 846 4608 qttanta
866 4538 935 4594 sit
955 4538 1097 4594 illinc
1121 4554 1278 4594 noxa.
1303 4539 1428 4596 Haec
1449 4555 1589 4594 nunc
1603 4539 1670 4594 ad
1691 4548 1922 4594 vestram

339 4630 615 4685 caritatem
631 4629 851 4685 dicenda
872 4631 1071 4701 putavi,
1090 4647 1191 4688 nec
1212 4647 1460 4703 umquam
1480 4632 1661 4688 dicere
1677 4631 1920 4688 cessabo.

340 4720 433 4777 Sic
457 4721 654 4777 etenim
673 4730 727 4777 et
752 4735 846 4777 eos
863 4721 952 4792 qui
974 4720 1097 4777 huic
1115 4723 1303 4778 morbo
1326 4723 1540 4779 obnoxii
1566 4733 1710 4790 sunt,
1738 4726 1923 4781 admo-

345 4809 620 4874 nebimus,
648 4820 702 4866 et
729 4810 817 4879 qui
859 4811 974 4866 sani
1008 4820 1153 4878 sunt,
1184 4811 1653 4869 conﬁrmabimus:
1686 4816 1925 4886 utrisque

338 4901 481 4956 enim
508 4902 664 4957 fuerit
692 4902 835 4957 utilis
865 4901 980 4958 hsce
1003 4903 1175 4957 oratio
1202 4919 1216 4957 :
1248 4904 1430 4960 alteris
1454 4906 1665 4975 quidem
1697 4916 1755 4962 ut
1776 4907 1920 4963 desi-

339 5002 502 5059 stant,
520 4995 699 5049 alteris
714 5009 842 5051 vero
857 5010 925 5051 ne
940 4995 1194 5050 incidant.
1212 4995 1476 5053 Cancrum
1492 5002 1739 5068 quoniam
1760 5013 1924 5070 opor-

339 5091 416 5136 tet
459 5082 871 5152 increpationem
914 5101 1036 5142 esse
1068 5086 1395 5142 moderatam
1419 5127 1435 5153 ,
1468 5087 1553 5144 hic
1577 5088 1923 5146 admonitioni

338 5174 501 5227 ﬁnem
533 5173 865 5242 imponemus
885 5217 899 5241 ,
930 5185 985 5231 et
1010 5192 1130 5248 qua:
1149 5176 1217 5233 de
1239 5179 1513 5248 superiore
1539 5188 1745 5235 restant
1767 5196 1925 5249 argu-

337 5271 520 5318 mento
547 5263 913 5335 persolvemus
935 5305 951 5332 ,
978 5266 1264 5322 redeuntes
1291 5267 1357 5321 ad
1387 5268 1639 5323 Davidem
1670 5270 1711 5322 ¹.
1741 5270 1922 5340 Siqui-

335 5355 460 5409 dem
503 5353 592 5410 hic
621 5354 911 5423 pictoribus
959 5372 1074 5412 mos
1102 5367 1180 5413 est
1207 5400 1222 5422 ,
1260 5361 1470 5430 quoties
1503 5360 1784 5430 imaginem
1824 5362 1922 5417 ali-

337 5460 498 5515 quam
524 5445 590 5500 ad
622 5446 799 5499 vivum
826 5462 1137 5516 expressam
1164 5450 1441 5506 absolvere
1465 5452 1704 5521 cupiunt,
1733 5468 1920 5519 unum,

338 5536 509 5599 duos,
537 5537 620 5591 vel
662 5545 770 5591 tres
797 5536 912 5592 dies
939 5538 1176 5594 assident
1222 5541 1287 5595 iis
1327 5557 1460 5611 quos
1501 5543 1832 5614 depingunt,
1866 5553 1924 5599 ut

338 5628 556 5686 assidua
580 5630 1029 5701 contemplatione
1052 5630 1186 5687 citra
1215 5648 1453 5691 errorem
1488 5644 1777 5707 exacteque
1816 5635 1925 5691 for-

404 5762 423 5795 ι
457 5768 576 5832 Reg.
598 5775 726 5832 unus
747 5766 801 5815 et
819 5762 970 5825 colb.,
995 5761 1216 5819 dabitita:
1234 5764 1302 5818 ad
1317 5773 1505 5832 patrem
1524 5775 1741 5821 nostrum
1763 5768 1914 5821 Abra-

337 5822 451 5873 ham
478 5822 745 5876 redeuntes.

1391 390 1478 451 DE
1520 393 1766 449 DAVIDE
1807 392 1895 449 ET
1925 388 2148 451 SAULE
2180 392 2453 451 IIOMILIA
2488 389 2571 452 Ill.

3536 398 3639 456 693

2051 520 2248 566 matam
2277 513 2578 582 exprimant
2601 513 3024 571 similitudinem.
3056 515 3189 583 Quia
3219 514 3379 588 igitur
3402 525 3457 572 et
3488 518 3641 571 nobis

2052 605 2380 672 propositum
2407 613 2491 661 est
2517 618 2622 661 non
2650 608 2942 677 corporalis
2971 607 3156 663 forma:
3183 609 3465 680 imaginem
3488 652 3502 675 ,
3542 612 3638 666 sed

2049 692 2215 747 animi
2242 694 2684 763 pulchritudinem
2706 738 2723 763 ,
2764 713 2826 753 ac
2855 698 3185 767 spiritualem
3214 699 3460 755 decorem
3488 703 3640 755 vobis

2052 783 2210 840 hodie
2235 784 2547 856 depingere,
2574 788 2747 857 ipsum
2776 788 3027 844 Davidem
3053 790 3295 845 volumus
3322 790 3511 845 adesse
3538 808 3637 845 vo-

2050 874 2133 929 bis
2161 915 2178 942 ,
2206 884 2266 930 ut
2294 891 2482 932 omnes
2512 878 2564 932 in
2594 893 2715 933 eum
2748 879 3014 935 intuentes
3045 881 3096 935 in
3126 882 3363 936 animum
3393 883 3639 937 referatis

2048 980 2356 1037 expressam
2380 968 2508 1039 justi
2530 970 3002 1040 pulchritudinem,
3035 972 3347 1028 suavitatem
3369 1015 3384 1040 ,
3420 989 3638 1045 magna-

2050 1058 2343 1115 nimitatem
2369 1101 2384 1125 ,
2427 1061 2481 1115 in
2506 1076 2713 1116 summa
2743 1062 2991 1118 virtutem
3018 1062 3132 1133 ejus
3160 1078 3394 1119 omnem.
3426 1066 3634 1120 Etenim

2047 1151 2092 1205 si
2122 1152 2362 1222 corporis
2393 1153 2651 1224 imagines
2681 1155 2993 1208 nonnullum
3026 1155 3356 1211 intuentibus
3383 1155 3631 1211 solatium

2047 1242 2321 1308 adferunt,
2350 1245 2519 1300 multo
2549 1247 2716 1317 magis
2740 1247 2880 1303 idem
2910 1246 3105 1305 facient
3133 1247 3328 1304 mentis
3354 1248 3634 1319 imagines.

2047 1334 2219 1405 Atque
2241 1335 2355 1389 illas
2375 1336 2587 1406 quidem
2618 1352 2722 1391 non
2756 1338 2879 1393 licet
2903 1338 3071 1393 ubivis
3095 1338 3308 1403 intueri,
3327 1337 3421 1393 sed
3442 1338 3632 1394 eodem

2047 1424 2102 1480 in
2126 1425 2244 1481 loco
2272 1428 2533 1481 consistas
2560 1437 2768 1497 oportet
2796 1444 2809 1481 :
2840 1428 2976 1484 hanc
3001 1444 3129 1483 vero
3151 1428 3281 1483 nihil
3309 1437 3469 1492 vetat,
3499 1444 3637 1498 quo-

2046 1513 2224 1570 minus
2251 1531 2587 1587 quocumque
2610 1518 2744 1573 velis
2772 1528 2944 1573 tecum
2986 1519 3350 1574 circumferas.
3378 1519 3510 1574 Nam
3538 1535 3633 1589 po-

2045 1615 2320 1677 steaquam
2344 1623 2461 1663 eam
2492 1608 2546 1663 in
2578 1609 2740 1663 animi
2775 1610 3130 1679 penetralibus
3153 1610 3433 1680 reposuisti
3459 1652 3474 1676 ,
3516 1608 3635 1665 ubi-

2044 1713 2274 1770 cumque
2316 1701 2551 1756 locorum
2584 1702 2752 1757 lueris
2778 1744 2792 1767 ,
2824 1702 3024 1771 poteris
3056 1715 3200 1771 saepe
3241 1701 3627 1772 contemplari,

2044 1790 2436 1861 plurimumque
2461 1806 2525 1847 ex
2554 1800 2625 1848 ea‘
2647 1792 2885 1848 utilitatis
2912 1806 3122 1862 capere.
3164 1792 3231 1847 Et
3268 1792 3405 1847 sicut
3432 1793 3521 1861 qui
3552 1793 3632 1845 la-

2042 1882 2234 1937 borant
2257 1884 2461 1952 oculis,
2501 1885 2547 1939 si
2584 1885 2834 1955 spongias
2861 1899 2925 1939 ac
2952 1885 3179 1940 veStium
3216 1899 3420 1956 cyaneo
3448 1885 3633 1939 colore

2041 1989 2247 2045 pannos
2269 1983 2509 2030 tenentes
2534 1975 2841 2046 frequenter
2862 1976 2912 2029 in
2934 1977 3344 2042 eaintueantur,
3372 1991 3436 2030 ex
3459 1991 3523 2030 eo
3542 1991 3633 2031 co-

2041 2064 2154 2120 lore
2170 2065 2483 2121 nonnullum
2503 2066 2718 2137 capiunt
2738 2066 2906 2122 morbi
2929 2068 3167 2123 levamen
3188 2066 3465 2123 :similitcr
3479 2076 3532 2123 et
3551 2077 3629 2131 tu,

2041 2157 2085 2212 si
2115 2157 2328 2213 Davidis
2368 2158 2651 2228 imaginem
2688 2173 2798 2229 prae
2834 2158 3003 2214 oculis
3043 2158 3240 2213 habeas
3262 2200 3276 2222 ,
3309 2169 3363 2213 et
3407 2158 3459 2213 in
3491 2158 3629 2213 hanc

2040 2245 2256 2301 assidue
2278 2246 2479 2317 deﬁgas
2502 2248 2688 2303 oculos
2712 2288 2725 2313 ,
2770 2248 2980 2303 etiamsi
3021 2248 3216 2303 millies
3248 2248 3509 2303 obtundat
3550 2250 3628 2303 ira

2040 2338 2237 2393 mentis
2265 2340 2478 2393 oculum
2507 2339 2827 2410 perturbans
2848 2382 2864 2408 ,
2895 2340 2961 2395 ad
2995 2339 3096 2396 hoc
3119 2340 3329 2397 virtutis
3357 2342 3632 2412 exemplar

2040 2434 2358 2501 l't‘SplCiCﬂS,
2387 2433 2674 2503 perfectam
2704 2434 3047 2505 consequeris
3070 2433 3348 2491 sanitatem
3366 2475 3380 2500 ,
3413 2450 3629 2505 puram-

2039 2539 2142 2595 que
2162 2524 2324 2578 animi
2352 2525 2765 2595 philosophiam.

2108 2617 2163 2672 '5.
2197 2615 2386 2670 Nullus
2406 2618 2642 2672 inimicus
2672 2618 2832 2674 Sat'de
2861 2618 3096 2675 deterior.
3122 2649 3197 2660 —
3220 2619 3300 2676 Ne
3326 2620 3444 2691 quis
3473 2621 3632 2689 igitur

2037 2705 2169 2759 mihi
2199 2705 2341 2761 dicat
2370 2726 2383 2761 :
2418 2706 2692 2763 Inimicum
2727 2709 2898 2764 habeo
2927 2710 3213 2766 scelestum
3236 2751 3250 2775 ,
3281 2710 3581 2781 improbum
3608 2752 3625 2777 ,

2037 2808 2371 2868 corruptum,
2406 2799 2839 2871 incorrigibilem.
2868 2801 3132 2871 Quidquid
3161 2800 3381 2867 dixeris,
3411 2818 3515 2856 non
3546 2810 3632 2857 est

2038 2900 2213 2946 tamen
2239 2892 2399 2947 Saﬁle
2436 2892 2688 2956 deterior,
2719 2893 2811 2962 qui
2848 2895 3015 2949 semel
3045 2903 3099 2949 et
3129 2894 3319 2949 iterum
3340 2935 3355 2960 ,
3388 2893 3496 2947 imo
3522 2908 3628 2947 sa:-

2036 2980 2155 3051 pius
2180 2990 2422 3037 servatus
2448 2996 2479 3036 a
2500 2982 2715 3048 Davide,
2740 2998 2861 3038 cum
2885 2984 2998 3053 ipse
3025 2982 3171 3038 mille
3198 2982 3369 3038 modis
3395 2982 3469 3037 illi
3489 2991 3629 3037 strtt-

2037 3074 2204 3129 xisset
2231 3074 2471 3142 insidias,
2496 3083 2671 3130 tamen
2700 3090 2798 3145 pro
2821 3083 2900 3129 tot
2924 3074 3197 3131 beneﬁciis
3225 3076 3475 3145 acceptis,
3506 3090 3626 3145 pcr-

2034 3166 2300 3222 severavit
2318 3166 2370 3220 in
2391 3182 2485 3221 sua
2506 3167 2723 3221 malitia.
2744 3166 2878 3235 Quid
2903 3166 3062 3237 igitur
3079 3166 3242 3221 habes
3259 3164 3400 3235 quod
3416 3165 3627 3221 incuses

2035 3256 2349 3312 inimicum?
2376 3257 2528 3326 Quod
2556 3266 2712 3313 terra:
2732 3266 2936 3329 partem
2961 3257 3198 3324 ademit,
3226 3256 3367 3327 quod
3399 3256 3451 3310 in
3482 3258 3627 3326 agris

2035 3349 2162 3407 fecit
2190 3351 2435 3421 injuriam
2455 3392 2470 3417 ,
2502 3350 2643 3422 quod
2666 3350 2858 3407 domus
2883 3351 3083 3406 limites
3109 3334 3473 3421 transgressus
3498 3358 3580 3404 est
3604 3391 3622 3417 ,

2033 3442 2174 3513 quod
2202 3444 2464 3513 mancipia
2492 3454 2579 3497 tua
2610 3443 2804 3514 rapuit,
2836 3442 2976 3513 quod
3009 3442 3113 3496 vim
3142 3442 3338 3509 attulit,
3365 3440 3505 3513 quod
3534 3449 3622 3495 tua

2034 3542 2231 3605 praeter
2250 3534 2336 3605 jus
2363 3535 2680 3605 occupavit,
2712 3534 2853 3606 quod
2880 3533 2948 3590 ad
2979 3543 3343 3605 paupertatem
3372 3532 3575 3602 redegit
3600 3532 3626 3586 ?

2034 3626 2105 3680 At
2134 3625 2370 3680 nondum
2415 3626 2612 3696 eripuit
2652 3626 2813 3680 vitam
2840 3667 2856 3693 ,
2888 3626 3029 3695 quod
3068 3626 3283 3680 molitus
3326 3634 3408 3679 cst
3449 3623 3574 3678 Sat'tl
3606 3641 3621 3678 :

2032 3716 2175 3785 quod
2201 3714 2245 3768 si
2273 3724 2329 3770 et
2356 3716 2514 3769 vitam
2545 3716 2752 3784 eripere
2777 3725 2998 3770 conatus
3035 3727 3116 3769 est
3140 3754 3155 3779 ,
3191 3713 3419 3770 fortasse
3448 3715 3619 3770 semel

2034 3803 2087 3873 id
2116 3817 2278 3857 ausus
2306 3810 2410 3871 est,
2430 3817 2538 3857 non
2563 3804 2752 3871 semel,
2780 3803 2862 3857 bis
2883 3812 2974 3858 aut
3002 3812 3101 3867 ter,
3122 3812 3213 3858 aut
3240 3804 3456 3874 sacpius,
3488 3804 3625 3858 sicut

2032 3891 2160 3949 fecit
2184 3893 2311 3948 Safil
2355 3891 2431 3967 (a)
2465 3911 2479 3949 :
2511 3892 2652 3964 quod
2679 3894 2723 3948 si
2750 3894 2908 3949 etiam
2934 3893 3132 3959 semel,
3160 3894 3207 3948 si
3232 3892 3314 3949 bis
3333 3935 3349 3960 ,
3373 3894 3417 3948 si
3449 3903 3546 3958 ter,
3576 3895 3621 3950 si

2032 3984 2230 4055 saepius
2254 3984 2356 4039 hoc
2377 3985 2620 4050 tentavit,
2649 3994 2705 4040 at
2733 4000 2837 4040 non
2869 3994 2944 4039 tot
2972 3984 3194 4040 allectus
3216 3985 3311 4041 abs
3334 3994 3386 4041 te
3414 3986 3618 4041 beneﬁ-

2031 4076 2150 4145 ciis,
2173 4085 2229 4132 at
2255 4093 2363 4134 non
2389 4093 2511 4137 cum
2540 4077 2706 4134 semel
2729 4087 2891 4148 atque
2919 4077 3110 4132 iterum
3138 4077 3409 4133 incidisset
3431 4078 3483 4132 in
3509 4094 3623 4134 ma-

2032 4183 2134 4225 nus
2164 4180 2300 4235 tuas,
2326 4177 2381 4226 et
2409 4180 2652 4226 servatus
2676 4176 2822 4225 esset
2850 4188 2865 4225 :
2892 4178 2947 4225 et
2972 4169 3016 4225 si
3047 4169 3149 4225 hoc
3176 4184 3389 4241 quoque
3419 4168 3617 4225 factum

2030 4271 2116 4319 est
2136 4304 2152 4330 ,
2180 4261 2261 4318 sic
2296 4261 2458 4318 etiam
2486 4275 2672 4317 rursus
2704 4270 2921 4331 superat
2962 4261 3077 4331 ipse
3118 4261 3303 4317 David.
3333 4260 3448 4317 Non
3476 4262 3619 4317 enim

2031 4353 2177 4425 paria
2196 4362 2323 4409 sunt
2354 4354 2453 4408 sub
2490 4360 2669 4408 vetere
2705 4352 2824 4423 lege
2857 4350 3138 4422 degentem
3163 4392 3179 4419 ,
3225 4359 3279 4406 et
3318 4365 3461 4405 nunc
3500 4360 3622 4420 post

2030 4446 2304 4517 Evangelii
2329 4446 2556 4519 gratiam
2583 4443 2707 4501 talia
2744 4443 3051 4499 condonare
3075 4442 3259 4513 gratis.
3292 4441 3409 4498 Non
3439 4442 3623 4498 audie-

2030 4542 2114 4589 rat
2160 4534 2323 4589 David
2362 4535 2666 4604 parabolam
2705 4533 2774 4588 de
2813 4531 2999 4588 decem
3036 4533 3268 4589 millibus
3296 4533 3616 4589 talentorum

2029 4636 2189 4697 atque
2215 4626 2283 4682 de
2307 4635 2519 4682 centum
2548 4625 2816 4690 denariis;
2848 4640 2955 4680 non
2984 4624 3226 4681 audierat
3255 4627 3618 4697 precationem

2029 4716 2317 4782 dicentem,
2348 4716 2605 4771 Rentittite
2628 4715 2912 4771 Itonainibus
2935 4715 3102 4770 debita
3131 4718 3389 4788 ipsorum,
3417 4728 3548 4772 sicut
3575 4726 3622 4772 et

2035 4806 2191 4863 Pater
2227 4818 2385 4863 vester
2420 4809 2632 4864 celestis
2674 4809 2693 4878 (
2722 4806 2887 4861 Marc.
2933 4808 3022 4862 il.
3065 4808 3173 4880 25)
3204 4825 3222 4867 ε
3255 4825 3364 4864 non
3413 4809 3621 4863 viderat

2030 4900 2300 4957 Christum
2327 4899 2664 4964 cruciﬁxum,
2699 4914 2805 4954 non
2831 4898 3058 4955 ell'usum
3085 4901 3376 4969 pretiosum
3407 4898 3594 4968 sangui

2031 5009 2176 5061 nem,
2200 5007 2298 5049 uec
2316 4992 2557 5048 audierat
2579 4991 2998 5049 innumerabiles
3019 5006 3297 5048 sermones
3314 4990 3455 5046 circa
3481 4988 3620 5044 hanc

2031 5082 2463 5155 philosophiam;
2495 5097 2604 5137 non
2646 5082 2768 5139 talis
2814 5082 3102 5146 sacriﬁcii,
3138 5096 3317 5152 neque
3343 5085 3620 5151 sanguinis

2030 5173 2282 5229 dominici
2311 5174 2576 5243 particeps
2600 5171 2811 5238 fuerat,
2856 5171 2950 5227 sed
2979 5170 3183 5242 legibus
3209 5169 3623 5240 imperfectiori—

2030 5266 2131 5320 bus
2156 5263 2449 5329 educatus,
2481 5278 2657 5334 neque
2686 5263 2791 5318 tale
2815 5262 3104 5333 quidquam
3135 5260 3472 5333 exigentibus
3495 5301 3511 5327 ,
3540 5271 3622 5316 ta-

2031 5372 2155 5413 men
2197 5356 2266 5413 ad
2307 5356 2627 5427 evangelica:
2664 5354 3018 5427 philosophia
3059 5355 3322 5425 fastigium
3353 5354 3615 5424 pervenit.

2031 5450 2102 5503 At
2126 5456 2182 5504 tu
2206 5446 2515 5518 frequenter
2550 5447 2753 5513 iratus,
2786 5445 3100 5517 iniuriarum
3138 5446 3455 5501 memoriam
3486 5446 3616 5501 reti-

2030 5555 2130 5596 nes
2155 5557 2168 5592 :
2204 5541 2292 5597 hic
2315 5554 2445 5596 vero
2471 5556 2593 5597 cum
2622 5540 2691 5597 de
2718 5538 2905 5595 futuris
2930 5547 3210 5606 metueret,
3241 5547 3392 5594 certo
3419 5540 3615 5605 sciens,

2029 5635 2077 5690 si
2100 5634 2310 5691 hostem
2329 5641 2589 5704 servaret,
2622 5649 2682 5691 se
2703 5643 2757 5691 et
2784 5634 3001 5690 civitate
3025 5633 3387 5691 exsulaturum
3410 5671 3427 5699 ,
3458 5640 3515 5688 et
3541 5632 3623 5689 vi-

2094 5767 2169 5833 (ᾳ)
2198 5769 2282 5818 Hic
2303 5767 2494 5833 etinfra
2518 5768 2737 5832 quaedam
2760 5767 2966 5820 deerant
2989 5769 3039 5820 in
3060 5768 3225 5832 aditis,
3248 5744 3357 5833 qua:
3382 5779 3447 5820 ex
3466 5764 3624 5826 Regio

2039 5830 2206 5881 codice
2230 5831 2538 5896 supplentur.
