4110 6214
529 385 636 443 699

532 516 639 561 tam
676 502 1036 559 calamitosam
1077 506 1342 562 acturum,
1376 511 1484 551 non
1516 494 1718 551 dmtitit
1753 502 1931 551 tamen
1974 490 2115 547 illius

532 595 733 650 habere
759 606 963 656 curam,
990 589 1084 645 sed
1110 588 1289 645 omnia
1318 588 1462 656 fecit,
1492 587 1636 645 hunc
1666 586 1823 643 talum
1847 594 2032 641 contra
2054 600 2118 640 se

535 684 742 739 hostem
771 680 976 736 fovens.
993 680 1125 747 Quis
1144 694 1567 735 commemorare
1586 678 1758 735 valeat
1776 677 2117 733 tolerantiam

537 774 637 828 hac
654 771 952 842 majorem?
972 771 1138 827 Porro
1164 778 1224 826 ut
1248 785 1354 826 non
1382 778 1585 827 tantum
1610 785 1677 826 ex
1703 769 2006 840 prmteritis,
2029 784 2120 824 ve-

536 877 653 917 rum
679 877 747 917 es
775 861 859 917 his
884 876 1096 934 quoque
1120 878 1240 933 qua:
1266 876 1410 917 nunc
1435 861 1567 917 liunt
1592 861 1769 917 discas
1795 860 1909 917 ﬁeri
1934 876 2113 933 posse,

536 963 594 1008 ut
622 968 743 1010 cum
782 955 972 1026 quovis
1008 955 1225 1011 homine
1264 955 1501 1009 animum
1542 954 1600 1008 in
1639 964 1691 1010 te
1735 954 1979 1011 hostilem
2020 969 2114 1025 ge-

538 1058 689 1105 rente
710 1047 900 1104 redeas
921 1048 974 1102 iu
994 1049 1240 1116 gratiam,
1257 1047 1383 1118 quid
1405 1047 1560 1102 leone
1587 1046 1826 1103 smvius?
1851 1047 1920 1104 Et
1939 1055 2118 1101 tamen

539 1138 683 1194 hunc
708 1139 943 1194 cicurem
970 1148 1412 1210 mansuetutnque
1448 1138 1678 1194 reddunt
1704 1138 1977 1203 homines,
2005 1148 2120 1193 arte

524 1241 784 1297 naturam
832 1240 1185 1301 superantes:
1226 1230 1391 1302 ﬁtque
1428 1231 1612 1302 quavis
1652 1246 1752 1288 ove
1794 1230 1974 1286 mitior
2009 1229 2119 1285 fera

541 1323 781 1378 omnium
810 1322 1195 1378 immanissima
1222 1330 1277 1377 et
1317 1321 1693 1392 superbissima
1715 1362 1732 1388 ,
1775 1322 1912 1378 adeo
1937 1334 1993 1376 ut
2026 1336 2123 1392 per

542 1415 714 1471 lorum
742 1415 981 1471 artibulct
1001 1455 1018 1477 .
1046 1415 1312 1471 neminem
1344 1414 1611 1470 territans.
1643 1414 1812 1482 Quam
1843 1414 2000 1484 igitur
2026 1413 2124 1469 Ita-

548 1509 709 1565 bituri
737 1523 924 1565 sumus
947 1509 1343 1565 excusationem
1363 1550 1379 1573 ,
1416 1522 1573 1578 quam
1602 1507 2003 1578 impctrabimus
2027 1521 2123 1560 ve-

545 1600 688 1655 niam
712 1642 729 1667 ,
770 1601 814 1655 si
843 1615 964 1654 cum
996 1598 1135 1655 feras
1162 1599 1359 1655 bestias
1387 1599 1688 1653 cicuremus
1706 1638 1727 1663 ,
1757 1597 2127 1668 negaverimus

538 1690 791 1757 homines
813 1705 1058 1759 umquam
1083 1704 1240 1759 posse
1259 1688 1455 1759 placari
1477 1688 1868 1759 benevolosque
1884 1702 2007 1758 erga
2029 1702 2128 1744 nos

547 1778 739 1835 reddi?
762 1780 921 1851 Atqui
952 1780 1135 1836 bestia:
1156 1780 1373 1852 quidem
1402 1789 1599 1851 praeter
1627 1790 1868 1835 naturam
1894 1789 1980 1836 est
2005 1792 2127 1835 esse

547 1878 904 1935 mansuetam,
931 1872 1133 1926 homini
1166 1887 1294 1928 vero
1322 1879 1515 1940 praeter
1538 1882 1784 1928 naturam
1809 1881 1893 1928 est
1922 1870 2125 1927 feritas.

534 1959 689 2029 .Ergo
719 1975 838 2014 cum
880 1960 934 2015 in
965 1961 1069 2015 illis
1095 1970 1335 2017 naturam
1365 1962 1667 2029 vincamus,
1697 1978 1800 2032 qua
1829 1961 2003 2017 fronte
2031 1976 2132 2018 nos

550 2050 923 2106 excusabimus
947 2091 962 2115 ,
992 2052 1041 2107 si
1069 2052 1121 2107 in
1152 2052 1365 2109 homine
1389 2067 1670 2109 causemur
1696 2053 1857 2107 animi
1885 2053 2128 2122 proposi-

551 2152 667 2197 tmn
694 2157 797 2196 non
825 2157 981 2212 posse
1006 2144 1244 2214 corrigi?
1272 2144 1422 2210 Quod
1445 2146 1491 2201 si
1517 2144 1694 2200 adhuc
1720 2145 2034 2211 ctnttentlis,
2064 2145 2131 2200 il-

550 2232 643 2287 lud
663 2232 907 2299 dixerim,
934 2236 1174 2305 quamvis
1203 2236 1482 2291 insanabili
1503 2237 1688 2291 morbo
1707 2244 1928 2307 mgrotet
1946 2236 2130 2302 homo,

550 2339 660 2394 quo
689 2324 807 2394 plus
835 2323 991 2380 fuerit
1015 2325 1227 2392 laboris,
1259 2326 1360 2382 hoc
1388 2327 1482 2382 tibi
1520 2342 1725 2383 merces
1744 2326 1844 2382 erit
1871 2327 2129 2396 amplior;

555 2414 601 2489 si
630 2415 884 2482 assidens,
913 2432 1110 2472 curans
1144 2418 1521 2475 immedicabili
1564 2419 1752 2474 morbo
1780 2419 2129 2475 laborantem.

628 2507 680 2561 Ν
685 2508 778 2563 ἱΙιὶΙ
796 2510 961 2563 nocuit
980 2508 1165 2564 Doridi
1184 2510 1355 2565 odium
1384 2509 1600 2576 Sicilia;
1633 2528 1730 2568 cur
1754 2514 2007 2584 patiam}:
2030 2529 2135 2567 me-

542 2600 712 2655 ritum
738 2611 963 2672 agitetur
984 2602 1333 2674 elemosyna.
1371 2631 1442 2644 -—
1466 2603 1640 2662 Unum
1668 2605 1825 2674 igitur
1850 2604 1980 2660 illud
2008 2619 2133 2676 spe-

549 2700 798 2769 'ctemus,
828 2708 931 2746 non
959 2708 1028 2747 ne
1053 2693 1183 2762 quid
1211 2694 1335 2748 mali
1357 2694 1621 2763 patiamur
1644 2696 1714 2751 ab
1738 2695 1968 2754 inimicis
1991 2736 2007 2761 ,
2039 2696 2134 2752 sed

564 2798 634 2838 ne
671 2783 799 2854 quid
827 2783 932 2839 illis
958 2785 1086 2839 mali
1106 2785 1365 2842 faciamus
1390 2804 1407 2842 :
1439 2788 1509 2842 ita
1534 2788 1666 2844 nihil
1693 2790 1958 2859 patiemur
1987 2792 2134 2859 mali,

550 2873 768 2929 ‘etiamsi
808 2875 1083 2931 innumera
1110 2876 1442 2947 perferamus
1476 2880 1614 2935 mala
1644 2897 1659 2933 :
1686 2881 2136 2952 quemadmodum

546 2981 662 3025 .nec
690 2966 880 3034 David,
904 2968 1031 3023 dum
1056 2969 1284 3038 ejicitur,
1304 2969 1431 3027 dum
1457 2971 1507 3025 in
1531 2973 1777 3029 exsilium
1806 2975 1999 3046 θείως,
2012 2975 2137 3033 dum

562 3073 729 3129 usque
751 3058 818 3113 ad
847 3060 967 3113 vitm
989 3059 1275 3118 discrimen
1303 3062 1511 3118 insidiis
1535 3065 1821 3134 appetitur,
1850 3067 2136 3137 quidquam

561 3148 747 3204 acerbi
780 3164 971 3221 passus
1002 3159 1087 3206 est
1115 3170 1128 3205 :
1159 3153 1288 3222 quin
1312 3154 1491 3224 potius
1515 3154 1669 3213 hoste
1701 3170 1801 3211 suo
1840 3157 2014 3213 Imus
2053 3168 2142 3215 est

562 3243 827 3307 illustrior
859 3242 1346 3315 honorabiliorque,
1378 3249 1694 3320 ueterisque
1718 3250 1967 3306 clunibus
1992 3266 2141 3306 ama.

564 3335 755 3399 bilior,
782 3333 943 3405 idque
966 3351 1073 3392 non
1104 3338 1409 3397 hominibus
1454 3349 1662 3399 tantum
1688 3384 1704 3409 ,
1731 3345 1825 3400 sed
1854 3344 1955 3415 ipsi
1980 3346 2140 3401 etiam

564 3423 698 3480 Deo.
728 3424 864 3492 Quid
886 3427 1033 3484 enim
1077 3428 1380 3488 detrimenti
1418 3433 1565 3505 cepit
1600 3444 1823 3493 sanctus
1866 3435 1988 3500 ille,
2017 3450 2143 3493 cum

554 3524 677 3571 tam
715 3516 887 3572 multa
931 3527 1300 3591 perpeteretatr
1321 3536 1352 3576 a
1379 3521 1541 3579 Same
1569 3524 1805 3581 iAnnon
1844 3526 1898 3582 in
1926 3527 2141 3584 hodier-

560 3623 697 3677 num
728 3624 896 3680 usque
915 3609 1056 3667 diem
1076 3613 1288 3668 canitur
1313 3613 1534 3673 illustris
1556 3617 1608 3672 in
1632 3626 1796 3683 terra,
1814 3618 2071 3675 illustrior
2090 3620 2144 3676 in

557 3700 721 3755 caelo?
743 3717 921 3758 annon
946 3704 1092 3761 illum
1116 3705 1489 3764 inenarrabilis
1516 3718 1734 3766 manent
1752 3711 1888 3767 bona
1915 3721 1970 3767 ct
1989 3714 2147 3770 caelo-

564 3805 686 3846 rum
715 3796 981 3864 regnum?
1008 3796 1217 3855 Rursus
1230 3800 1358 3870 quid
1382 3802 1655 3859 commodi
1676 3804 1825 3875 cepit
1842 3804 2021 3862 intotis
2052 3806 2146 3863 ille

560 3898 631 3938 ac
656 3883 839 3954 miser,
855 3896 930 3942 tot
957 3888 1177 3945 insidias
1202 3891 1665 3950 molitusYNonne
1694 3911 1859 3968 regno
1886 3912 2146 3956 excussus

567 3975 693 4029 est?
736 3991 915 4035 nonne
968 3981 1270 4039 miseranda
1322 3995 1501 4042 morte
1528 3989 1687 4056 periit
1709 4004 1813 4044 una
1849 4005 1969 4045 cum
2012 3993 2143 4060 ﬁlio,

568 4075 730 4137 atque
753 4067 822 4123 ab
846 4071 1096 4126 omnibus
1116 4075 1481 4148 vituperatur(
1510 4078 1565 4132 l.
1587 4078 1720 4148 Reg.
1751 4079 1900 4152 ηιμ),
1930 4091 1983 4137 at
1998 4083 2145 4153 quod

564 4156 656 4211 his
676 4159 894 4227 gravius
912 4170 1016 4227 est,
1044 4170 1244 4219 aeterna
1273 4165 1373 4221 luit
1396 4168 1696 4237 supplicia?
1722 4169 2002 4228 Postremo
2021 4173 2146 4244 quid

568 4247 789 4305 tandem
807 4260 891 4305 est
914 4253 1058 4323 quod
1091 4254 1306 4312 incusas
1324 4297 1344 4323 ,
1371 4260 1719 4329 quamobrem
1764 4278 1877 4318 non
1905 4265 1983 4320 vis
2024 4281 2145 4322 cum

566 4340 669 4395 illo
690 4342 866 4399 redire
887 4344 941 4400 in
964 4347 1235 4415 gratiam?
1267 4348 1531 4406 Pecunias
1552 4351 1795 4422 eripuit?
1821 4354 1929 4411 Sed
1955 4356 2004 4411 si
2042 4357 2148 4411 lor-

572 4433 702 4489 titer
739 4435 945 4504 perfers
970 4440 1216 4508 rapinam
1230 4480 1252 4507 ,
1284 4443 1617 4499 tantumdem
1630 4447 1865 4517 accipies
1884 4448 2148 4504 mercedis

566 4538 636 4578 ac
664 4526 713 4579 si
736 4541 829 4581 eas
865 4527 918 4581 in
942 4542 1135 4584 manus
1160 4545 1453 4600 pauperum
1483 4521 1833 4606 reposuisstis.
1872 4538 2147 4608 Siquidem

568 4623 630 4668 et
655 4615 747 4684 qui
770 4615 923 4672 dedit
951 4619 1136 4688 egenis
1157 4660 1173 4685 ,
1204 4630 1259 4676 et
1282 4623 1373 4692 qui
1414 4625 1466 4679 ei
1497 4627 1589 4696 qui
1636 4628 1813 4684 aliena
1839 4632 2146 4699 usurparit,

569 4720 748 4775 neque
774 4716 923 4775 parat
969 4708 1223 4777 insidias,
1263 4725 1438 4784 neque
1474 4716 1620 4773 male
1664 4728 1948 4788 premitur,
1990 4721 2150 4778 ambo

574 4808 793 4868 propter
806 4798 970 4855 Deum
993 4800 1045 4856 id
1071 4801 1290 4860 faciant.
1320 4805 1552 4864 Proinde
1571 4824 1690 4865 cum
1708 4810 1964 4882 impendii
1989 4827 2149 4868 causa

569 4890 780 4956 eadem,
808 4892 1153 4964 perspicuum
1178 4906 1256 4953 est
1292 4914 1453 4956 unam
1466 4902 1822 4974 eamdemque
1850 4904 1962 4961 fore
1988 4921 2149 4962 coro-

576 4999 719 5039 nam.
748 4984 855 5041 Sed
882 4988 1002 5044 vitm
1020 4989 1303 5048 insidiatus
1323 5004 1431 5059 est,
1450 5004 1505 5050 et
1528 5006 1759 5053 comas
1779 5000 2150 5057 estoccidem?

578 5077 653 5131 Ea
684 5093 774 5134 res
800 5080 896 5135 tibi
928 5097 1025 5151 pro
1050 5085 1305 5156 martyrio
1326 5084 1696 5156 imputabitur,
1716 5090 1765 5144 si
1793 5090 2013 5147 insidias
2037 5107 2150 5147 mo-

570 5170 973 5237 lientem,etad
1012 5186 1215 5234 tantam
1254 5189 1573 5248 provectum
1604 5182 1935 5251 inimicitiam
1960 5225 1974 5246 .
2005 5185 2149 5242 inter

566 5259 707 5317 bene
733 5265 952 5322 meritos
978 5269 1301 5337 numeraris,
1330 5285 1435 5326 nou
1460 5271 1715 5330 desinens
1730 5289 2000 5346 orarepre
2035 5277 2147 5344 illo,

568 5353 740 5410 Detun
771 5357 1133 5425 obsecrando,
1164 5370 1226 5416 ιιι
1251 5361 1328 5416 illi
1355 5362 1450 5417 au
1476 5365 1755 5434 propitius.

642 5449 696 5505 4»
718 5447 799 5505 Ne
840 5450 1002 5522 igitur
1030 5451 1164 5507 illud
1200 5462 1509 5525 reputemus
1529 5498 1546 5521 ,
1567 5459 1714 5528 quod
1754 5460 1897 5514 Deus
1920 5461 2151 5516 vetuerit

568 5555 642 5599 ne
654 5541 913 5598 'Davidem
926 5544 1210 5603 occident
1220 5546 1353 5603 Sani
1376 5564 1394 5602 :
1414 5548 1516 5605 sed
1554 5550 1684 5606 illud
1698 5552 2150 5618 considera,'eum

561 5647 633 5687 cs
667 5632 873 5690 insidiis
894 5635 1077 5692 Sunia
1110 5638 1277 5711 tripia
1312 5640 1716 5715 quathsplaque
1764 5643 2008 5714 martyrii
2046 5657 2149 5700 eo-

570 5740 701 5779 roua
730 5727 1032 5788 redimitum
1058 5734 1245 5791 fuisse.
1264 5734 1470 5791 Etenim
1499 5736 1589 5808 qui
1614 5746 1833 5808 promer
1854 5735 2019 5792 Deum
2036 5751 2155 5793 ser-

571 5815 712 5870 vavit
742 5816 981 5889 hostem,
1027 5838 1151 5881 eum
1180 5826 1270 5896 qui
1310 5827 1477 5884 semel
1500 5868 1514 5897 ,
1545 5828 1626 5884 bis
1650 5870 1666 5897 ,
1692 5830 1804 5886 imo
1841 5826 2155 5900 frequenter

1256 381 1313 436 ς.
1352 376 1627 435 ιολΝΝιε
1663 363 2144 433 Cttuvsosrom‘
2176 372 2495 431 ARClllEP.
2534 376 3069 440 CONSTANTINOP'.

3705 392 3839 448 τοι)

2229 487 2471 547 lanceam
2499 492 2553 548 in
2572 502 2736 564 caput
2761 495 2903 551 illius
2930 497 3188 565 vibraret,
3214 512 3338 555 cum
3363 507 3511 557 esset
3527 504 3822 561 occidendi

2229 592 2548 652 potestatem
2576 594 2763 641 nactus
2784 628 2803 654 ,
2831 596 3010 644 tamen
3036 589 3276 661 pepercit
3319 590 3453 662 ipsi,
3493 607 3618 649 eum
3646 596 3823 654 sciret

2226 685 2406 745 postea
2437 674 2570 740 fore,
2590 685 2650 732 ut
2671 678 2849 733 deamo
2865 678 2934 733 ab
2956 679 3048 737 illo
3069 681 3446 751 impeteretur:
3466 686 3818 755 perspicuum

2223 777 2308 825 est
2345 784 2471 824 eum
2502 769 2695 826 millies
2744 770 3079 828 interfectum
3121 787 3246 831 esse
3290 776 3452 831 animi
3484 782 3768 850 proposito
3798 799 3821 844 ;

2225 862 2422 918 millies
2472 872 2652 920 autem
2700 863 3009 921 interfech
3053 876 3273 936 propter
3324 868 3526 936 Deum,
3553 871 3821 941 plurimas

2228 955 2357 1012 tdit
2403 957 2643 1026 martyrii
2672 971 2897 1013 coronas
2927 976 2941 1013 :
2969 960 3058 1028 qui
3082 960 3532 1028 quemadmodum
3570 974 3623 1018 et
3666 964 3817 1019 Pau-

2224 1049 2309 1104 lus
2336 1049 2441 1114 ait,
2473 1048 2711 1116 Quotidie
2736 1051 2926 1104 morior
2952 1060 3160 1121 propter
3191 1050 3353 1107 Deum
3376 1054 3555 1124 (Rom.
3579 1056 3630 1109 8.
3658 1056 3730 1111 '26
3750 1059 3774 1129 )
3795 1098 3821 1123 ,

2228 1138 2458 1209 idipsum
2488 1148 2542 1195 et
2577 1141 2667 1196 ille
2696 1151 2914 1211 propter
2958 1142 3121 1197 Deum
3198 1159 3394 1214 passus
3485 1158 3589 1203 est.
3668 1147 3823 1204 Cum

2223 1233 2369 1288 enim
2401 1244 2581 1302 posset
2606 1233 2815 1289 hostem
2842 1234 2941 1289 sibi
2972 1234 3309 1290 insidiantem
3340 1250 3372 1289 e
3398 1237 3577 1292 ntedio
3597 1240 3813 1308 tollere,

2226 1331 2447 1392 propter
2479 1328 2649 1379 Deum
2678 1324 2845 1378 noluit
2864 1365 2879 1388 ,
2915 1332 2971 1378 et
3002 1324 3188 1379 maluit
3228 1325 3466 1395 quotidie
3494 1330 3820 1396 periclitari,

2224 1428 2385 1483 quam
2421 1413 2564 1483 justa
2591 1413 2738 1470 carde
2782 1430 2812 1470 a
2843 1424 2924 1469 tot
2963 1416 3222 1470 mortibus
3268 1415 3507 1475 liberari.
3560 1420 3714 1487 Quod
3763 1424 3817 1476 si

2232 1518 2400 1573 usque
2428 1503 2495 1559 ad
2541 1504 2707 1573 ipsius
2735 1503 2856 1559 vitae
2898 1506 3191 1575 periculum
3246 1507 3581 1565 insidiantem
3624 1511 3824 1583 ulcisci

2228 1606 2391 1666 atque
2414 1594 2595 1652 odisse
2619 1596 2700 1652 fas
2727 1612 2833 1652 non
2861 1608 2943 1653 est
2960 1636 2975 1664 ,
3002 1599 3170 1653 multo
3202 1600 3381 1654 minus
3416 1600 3539 1657 licet
3561 1616 3687 1657 eum
3716 1605 3821 1674 qui

2232 1687 2520 1757 uulgariter
2544 1688 2702 1754 iazsit,
2732 1688 2935 1744 ulcisci.

2302 1779 2445 1849 Aﬂici
2491 1781 2803 1836 contumeliis
2822 1796 2889 1835 an
2912 1780 2977 1836 sit
3005 1779 3334 1835 intolaabile.
3366 1780 3609 1840 Utiliares
3636 1786 3821 1838 stoicis

2229 1874 2427 1931 inimici
2455 1874 2558 1947 (α).
2589 1904 2662 1916 --
2703 1873 2978 1944 Plerisque
3004 1874 3073 1930 ab
3112 1873 3341 1929 inimicis
3360 1874 3502 1930 allici
3527 1876 3823 1940 cottviciis,

2231 1974 2323 2019 aut
2350 1965 2403 2019 in
2432 1965 2789 2034 suspicionan
2810 1963 3024 2029 adduci,
3052 1963 3262 2020 videtur
3280 1964 3528 2020 omnibus
3548 1966 3829 2020 mortibus

2231 2056 2640 2112 intolerabilius.
2663 2058 2774 2127 Age
2798 2057 3018 2127 igituret
3040 2056 3179 2112 istud
3197 2057 3581 2126 expendamus.
3606 2057 3833 2127 Aliquis.

2233 2150 2330 2205 tibi
2354 2148 2626 2204 maledixit
2647 2189 2663 2214 ,
2691 2146 2992 2204 adulterum
3033 2162 3099 2202 ac
3115 2157 3467 2204 scortatorem
3490 2147 3774 2218 appellavit
3791 2148 3825 2201 τ

2236 2240 2350 2297 line
2391 2240 2434 2295 si
2472 2255 2598 2295 vere
2638 2239 2788 2305 dicit,
2823 2240 3074 2311 corrige:
3114 2238 3196 2293 sin
3223 2238 3396 2305 falso,
3425 2240 3619 2303 irride;
3648 2239 3830 2292 silibir

2236 2332 2355 2402 ipse
2381 2331 2629 2387 «inscius
2653 2346 2714 2387 es
2742 2346 2926 2386 eorum
2947 2346 3066 2401 qua:
3078 2330 3423 2400 objiciuntur,
3459 2329 3740 2401 resipiscis;
3764 2332 3825 2385 si

2237 2438 2343 2478 non
2367 2433 2472 2486 est,
2496 2423 2712 2492 dt-Spice
2741 2440 2756 2475 :
2799 2422 2907 2476 imo
2942 2422 3118 2492 potius
3145 2437 3252 2477 non
3288 2422 3458 2478 solam
3490 2438 3596 2476 non
3622 2421 3831 2476 deride

2237 2530 2302 2571 ac
2316 2514 2546 2585 neglige,
2577 2530 2762 2571 rerum
2785 2515 2946 2570 etiam
2988 2513 3160 2584 gaude
3195 2524 3353 2585 atque
3384 2512 3599 2569 exsulta
3617 2529 3825 2569 secuti-

2241 2606 2367 2662 dum
2400 2605 2606 2660 Domini
2654 2621 2994 2672 sermonem,
3045 2605 3135 2676 qui
3183 2619 3282 2661 nos
3315 2605 3466 2674 jubet
3508 2606 3583 2660 ita
3608 2605 3819 2660 facere

2240 2698 2387 2764 Cum,
2416 2697 3026 2768 inquit,ea'probmverint
3040 2696 3188 2762 nobis,
3209 2704 3255 2749 α
3276 2695 3493 2749 ὤεα-ἔπι
3513 2712 3670 2749 antire
3698 2712 3830 2748 ma-

2240 2789 2344 2844 lum
2369 2789 2570 2844 verbum
2598 2789 2862 2842 aduersum
2889 2802 2977 2842 vos
2995 2787 3298 2850 mentientes,
3323 2785 3530 2856 gaudete
3552 2793 3604 2837 et
3629 2786 3833 2839 exsul-

2240 2893 2363 2948 tate,
2383 2882 2623 2953 quoniam:
2650 2897 2837 2936 merces
2859 2889 3022 2935 vestra
3051 2878 3253 2949 copiosa
3271 2887 3345 2933 est
3366 2878 3419 2932 in
3439 2877 3574 2932 ustis
3594 2876 3827 2946 (Matth.

2241 2974 2300 3030 ὅ.
2330 2974 2416 3028 Η.
2446 2972 2514 3028 ιε
2533 2973 2574 3043 ).
2629 2976 2707 3028 Ac
2751 2986 2961 3027 rursum
2981 3013 2997 3038 ,
3044 2970 3270 3025 Gaudete
3315 2977 3363 3024 et
3396 2968 3672 3032 uanitate,
3700 2984 3827 3020 cum

2240 3067 2481 3136 eiecerint
2525 3082 2710 3120 nomen
2753 3074 2971 3121 vestrum
3000 3075 3255 3134 tamquam
3301 3063 3492 3116 malum
3528 3061 3831 3115 nuntientur

2243 3157 2416 3230 (Luc.
2448 3156 2504 3213 6.
2533 3157 2626 3212 22.
2655 3157 2729 3213 Ξῖ)
2748 3155 2790 3229 ).
2820 3157 3083 3213 Caeterum
3120 3156 3212 3211 ubt
3253 3154 3581 3209 conviciator
3603 3152 3824 3224 quidem

2245 3263 2371 3304 rora
2390 3248 2619 3311 dixerit,
2646 3256 2703 3303 tu
2750 3264 2876 3304 vero
2915 3248 3155 3303 modeste
3192 3246 3481 3316 pertuleris
3524 3259 3588 3300 ea
3619 3245 3778 3299 verba
3803 3286 3825 3311 ,

2246 3354 2352 3395 non
2382 3354 2637 3411 regereris
2654 3341 3035 3396 contumeliam
3057 3380 3076 3407 ,
3101 3354 3273 3410 neque
3293 3339 3532 3394 oorwicia
3559 3338 3833 3402 reli‘reus,

2244 3431 2342 3487 sed
2392 3445 2576 3486 amare
2616 3431 2943 3501 iugemueris
2984 3431 3245 3486 damnans
3290 3439 3383 3485 tua
3419 3428 3610 3485 delia:
3635 3469 3651 3493 ,
3680 3428 3833 3483 haud

2244 3524 2509 3580 minorem
2552 3522 2697 3579 feres
2728 3522 3031 3578 mercedem
3054 3562 3072 3589 ,
3113 3537 3273 3592 quam
3319 3521 3410 3577 ille
3454 3519 3637 3591 prior:
3666 3519 3835 3587 idque

2248 3616 2400 3672 vobis
2420 3630 2451 3673 e
2475 3616 2767 3688 Scripturis
2782 3616 3083 3687 approbare
3098 3613 3337 3671 conabor
3351 3654 3368 3682 ,
3396 3613 3474 3669 uti
3502 3611 3829 3684 pemoscatis

2247 3721 2356 3761 non
2380 3715 2581 3761 tantum
2608 3706 2846 3762 utilitatis
2866 3706 3058 3762 all‘erre
3079 3706 3282 3761 amicos
3299 3705 3426 3760 dum
3450 3703 3662 3759 Iamiam
3681 3712 3734 3756 et
3755 3702 3837 3756 ad

2247 3798 2477 3869 gratiam
2522 3797 2817 3868 loquuntur
2838 3838 2855 3864 ,
2884 3808 3137 3869 qttantum
3176 3795 3421 3853 utilitatis
3448 3794 3697 3851 adferam
3724 3794 3828 3848 ini-

2250 3890 2375 3945 mici
2394 3889 2766 3961 vituperando,
2789 3891 2998 3946 etiamsi
3024 3904 3149 3946 vera
3171 3888 3428 3952 dixerint,
3459 3888 3538 3943 sie
3565 3897 3741 3942 tamen
3770 3892 3841 3940 ut

2250 3997 2351 4037 nos
2386 3982 2818 4038 accusationibus
2862 3981 3070 4036 illorum
3115 3979 3183 4036 ad
3209 3980 3293 4045 id,
3320 3979 3388 4034 ad
3410 3979 3553 4048 quod
3578 3978 3828 4047 oportet.

2251 4075 2326 4129 uti
2356 4074 2600 4130 velimus.
2632 4072 2762 4129 Nam
2790 4073 2949 4129 amici
2978 4072 3287 4142 frequenter
3328 4070 3393 4126 ad
3437 4069 3658 4140 gratiam
3685 4067 3832 4120 adu-

2250 4165 2464 4232 lantur;
2488 4176 2678 4222 ncontra
2725 4165 2907 4222 hostes
2942 4165 3131 4222 delicta
3165 4164 3442 4237 proferunt
3472 4164 3526 4217 in
3571 4162 3833 4217 medium.

2252 4257 2512 4324 Quoniam
2540 4272 2662 4312 eum
2698 4271 2797 4312 nos
2840 4265 3027 4313 nostra
3067 4265 3283 4327 peccata
3310 4269 3417 4310 non
3463 4252 3735 4309 rideam
3762 4250 3843 4305 ub

2251 4364 2492 4405 amorem
2517 4349 2687 4403 nostri
2710 4348 2869 4405 nobis
2890 4348 3125 4414 insitum,
3152 4347 3385 4415 illi,quia
3410 4355 3624 4416 propter
3645 4343 3834 4397 odium

2251 4455 2319 4496 ea
2346 4439 2539 4495 melius
2565 4454 2722 4510 quam
2740 4455 2842 4496 nos
2864 4438 3212 4509 perspiciunt,
3238 4435 3611 4507 exprobrando
3638 4448 3739 4489 nos
3763 4432 3841 4487 ad

2254 4531 2604 4587 correctionis
2630 4531 3001 4586 necessitatem
3040 4530 3359 4599 impellunt:
3385 4536 3440 4581 ut
3488 4527 3700 4581 illorum
3730 4523 3836 4578 ini-

2255 4623 2453 4680 micitia
2481 4623 2636 4679 nobis
2661 4622 2818 4679 cedat
2836 4623 2901 4677 ad
2929 4621 3213 4677 maximam
3238 4619 3546 4684 utilitatem,
3575 4630 3680 4670 non
3708 4614 3842 4669 ideo

2254 4722 2464 4769 tantum
2510 4712 2656 4784 quod
2683 4728 2780 4783 per
2821 4712 2944 4768 illos
2976 4709 3238 4766 admoniti
3279 4708 3623 4777 intelligimus
3652 4713 3836 4759 enata

2253 4814 2467 4870 nostra,
2489 4805 2585 4861 sed
2612 4804 2756 4875 quod
2790 4818 2856 4858 ea
2882 4801 3202 4872 deponimus
3228 4813 3463 4870 quoque.
3502 4796 3632 4853 Nam
3654 4795 3703 4849 si
3735 4794 3840 4848 ini-

2256 4897 2425 4951 micus
2452 4895 2856 4966 exprobravcrit
2881 4895 2972 4951 tibi
2998 4893 3220 4957 etiam,
3248 4891 3404 4959 cujus
3450 4888 3543 4943 tibi
3586 4884 3846 4941 conscius

2252 5004 2336 5053 es,
2363 4996 2421 5044 tu
2440 5004 2573 5044 vero
2596 4987 2822 5044 audiens
2848 5000 2956 5043 non
2984 4983 3303 5041 nouvieieris
3330 4981 3405 5035 illi
3441 4979 3676 5035 vicissim
3702 5017 3719 5037 .
3738 4975 3841 5030 sod-

2254 5094 2375 5137 cum
2407 5092 2591 5136 amaro
2614 5079 2814 5151 gemitu
2840 5078 3013 5133 Deum
3037 5075 3314 5144 implores,
3353 5071 3597 5142 protinus
3617 5081 3845 5123 onmem

2252 5173 2468 5244 culpam
2496 5171 2821 5243 depasuisti.
2850 5169 3002 5240 Rogo
3030 5165 3159 5238 quid
3191 5167 3293 5220 hoc
3328 5177 3456 5219 esse
3486 5159 3688 5231 patuit
3715 5157 3839 5213 feli-

2255 5264 2411 5320 cius?
2427 5263 2556 5335 quid
2578 5263 2652 5319 ad
2689 5262 2973 5319 α’ἰηιὶαυω
2998 5257 3342 5313 abolitionem
3372 5251 3621 5309 homin?
3644 5248 3750 5305 Sed
3772 5263 3847 5302 uc

2262 5357 2538 5413 rideamur
2584 5371 2683 5413 nos
2719 5354 2900 5410 verbis
2946 5348 3194 5406 humanis
3262 5346 3533 5411 excitare,
3569 5357 3602 5397 e
3644 5339 3842 5395 divinis

2259 5449 2549 5520 Scripnu-is
2574 5462 2735 5518 super
2763 5444 2867 5501 hac
2890 5458 2953 5500 re
2980 5440 3312 5515 proferemus
3336 5432 3704 5491 totumtotum-
3721 5473 3742 5497 ν
3773 5445 3841 5485 ιη

2259 5544 2385 5614 quid
2410 5553 2665 5614 praeterea
2682 5539 2911 5597 dubites.
2928 5535 3235 5593 Pharismus
3251 5542 3307 5588 et
3330 5527 3650 5601 publicanus
3666 5532 3841 5586 erant,

2257 5766 2394 5879 mira)
2431 5765 2554 5817 Vide
2580 5762 2836 5816 mutares.
2866 5761 2952 5813 lib.
2989 5755 3318 5811 Deutilitalc
3350 5751 3594 5816 capienda
3630 5761 3702 5800 ea
3748 5746 3846 5815 iui:

2345 5843 2352 5853 ⁸
2378 5844 2418 5879 ‘5.

2345 5843 2418 5879 Τις.
