4134 6214
354 316 460 375 699

353 429 506 500 αὐτῷ
530 427 681 482 ἔσται
707 427 742 498 ή
784 425 958 490 πόλις,
984 427 1076 481 κού⁸
1105 425 1336 490 ἀϐίωτος
1364 429 1392 478 6
1429 426 1540 496 βίος
1576 423 1809 478 σώσαντι
1837 420 1926 473 τὸν

355 519 572 590 ἐχθρὸν,
609 518 711 570 οὐκ
734 516 998 585 ἀφίστατο
1038 515 1138 586 τῆς
1165 515 1374 570 ἐκείνου
1400 513 1746 584 κηδεμονίας,
1795 510 1932 564 ἀλλά

357 612 515 666 πάντ’
549 609 808 680 ἔπραττε,
863 607 984 662 καθ’
1016 606 1210 663 ἑαυτοῦ
1260 607 1351 660 τὸν
1389 605 1645 676 πολέμιον
1692 605 1925 677 τρέφων.

359 703 457 768 Τίς
473 704 540 757 ἂν
566 702 720 772 σχοίη
749 701 951 771 ταύτης
969 699 1189 771 μείζονα
1214 696 1558 763 ἀνεξικακίαν
1585 698 1788 762 εῖπεῖν;
1818 697 1930 750 Ἵνα

350 795 415 848 δὲ
442 795 534 848 καὶ
568 795 633 847 ὲκ
658 792 767 845 τῶν
799 792 893 844 νῦν
921 791 1222 862 γινομένων
1258 790 1455 862 μάθῃς,
1478 790 1560 842 ὅτι
1593 788 1835 852 δυνατὸν,
1865 787 1930 841 ἀν

359 886 656 955 ὲθέλωμεν,
734 883 913 936 πάντα
956 881 1241 952 ἄνθρωπον
1285 881 1422 954 πρὸς
1481 883 1629 953 ἡμᾶς
1679 881 1931 951 ἀπεχθῶς

359 979 552 1049 ἔχοντα
603 976 956 1042 καταλλάξαι,
1003 975 1055 1027 τί
1098 975 1308 1040 λέοντος
1365 973 1733 1045 ἀγριώτερονς
1793 974 1930 1027 Ἀλλ’

359 1072 508 1140 ὅμως
527 1070 714 1122 τοῦτον
746 1067 1041 1139 ἡμεροῦσιν
1091 1068 1397 1138 ἄνθρωποι,
1434 1068 1528 1121 καὶ
1578 1070 1610 1139 ή
1641 1069 1800 1140 τέχνη
1835 1068 1931 1140 τὴν

363 1161 524 1230 φύσιν
559 1161 818 1230 βιάζεται.
850 1160 942 1212 καὶ
978 1159 1187 1226 γίνεται
1220 1160 1492 1229 προϐάτου
1526 1160 1726 1223 παντὸς
1757 1161 1931 1214 ἐπιει-

360 1253 620 1323 κέστερος
646 1251 674 1302 6
714 1249 930 1303 πάντων
991 1248 1194 1319 Θηρίων
1238 1249 1572 1321 ἀγριώτερος
1605 1251 1697 1304 καὶ
1727 1250 1932 1320 βασιλι-

357 1343 618 1413 κώτερος,
654 1341 746 1394 καὶ
772 1339 859 1393 διὰ
878 1341 976 1410 τῆς
1007 1341 1208 1410 ἀγορᾶς
1253 1339 1457 1409 βαδίξει
1508 1339 1710 1410 μηδένα
1761 1341 1930 1394 δεδιτ-

357 1436 602 1504 τόμενος.
661 1431 773 1484 Τίν’
810 1425 904 1484 οὖν
949 1429 1142 1500 ἕξομεν
1172 1431 1488 1499 ἀπολογίαν,
1542 1430 1659 1484 τίνα
1689 1432 1934 1500 συγγνώ-

362 1544 491 1596 μην,
531 1524 694 1594 θηρία
723 1523 822 1593 μὲν
861 1521 1212 1592 ἡμεροῦντες,
1248 1521 1567 1590 ἀνθρώπους
1595 1523 1650 1574 δὲ
1687 1523 1934 1591 λέγοντες

361 1615 714 1688 μὴδύνασθαι
753 1612 1154 1682 καταπραΰνειν
1216 1611 1365 1677 ποτὲ,
1429 1612 1562 1683 μηδὲ
1591 1615 1761 1666 ποιεῖν
1799 1615 1935 1686 πρὸς

353 1706 505 1774 ’ἡμᾶς
558 1703 702 1772 ἔχειν
748 1700 953 1770 ήδέως;
1008 1699 1198 1752 Καίτοι
1230 1716 1292 1768 γε
1336 1698 1415 1770 τῷ
1459 1699 1632 1771 θηρίῳ
1662 1701 1763 1771 μὲν
1788 1701 1934 1772 παρά

357 1791 522 1859 φύσιν
551 1789 611 1842 τὸ
655 1789 880 1858 ἥμερον·
927 1784 1005 1856 τῷ
1060 1785 1332 1856 ἀνθρώπῳ
1380 1785 1436 1838 δὲ
1480 1787 1631 1857 παρά
1688 1787 1848 1856 φύσιν
1876 1788 1936 1840 τὸ

361 1877 574 1948 ἄγριον.
608 1876 775 1928 Ὅταν
831 1867 924 1926 οῦν
977 1872 1076 1941 τῆς
1113 1871 1327 1940 φύσεως
1360 1872 1786 1944 περιγινώμεθα,
1834 1874 1935 1928 τίν’

360 1964 555 2034 ἕξομεν
595 1959 908 2028 ἀπολογίαν,
950 1959 1266 2028 προαίρεσιν
1308 1958 1553 2026 λέγοντες
1582 1960 1935 2030 μὴδύνασθαι

355 2051 634 2124 διορθοῦν;
670 2050 734 2104 EE
767 2049 811 2101 δ’
828 2048 908 2100 ἔτι
932 2048 1270 2117 φιλονεικεῖς,
1306 2049 1466 2100 ἐκεῖν’
1497 2049 1563 2102 ἂν
1596 2051 1827 2122 εἴποιμι,
1852 2053 1934 2105 ὅτι

359 2141 462 2194 κᾶν
489 2139 684 2194 ἀνίατα
709 2138 838 2205 νοσῇ
865 2175 881 2200 ,
911 2137 1032 2199 ὅσος
1054 2153 1135 2188 σοι
1165 2135 1364 2206 μείζων
1413 2139 1441 2190 6
1465 2137 1643 2202 πόνος,
1685 2139 1936 2204 τοσοῦτός

361 2245 446 2281 σοι
483 2227 576 2280 καὶ
613 2227 640 2278 6
669 2223 856 2295 μισθὸς
889 2223 1278 2296 παραμένοντι,
1317 2223 1410 2277 καὶ
1461 2223 1814 2295 θεραπεύοντι
1847 2228 1938 2280 τὸν

361 2313 620 2368 νοσοῦντα
649 2310 862 2365 ἀνίατα.

441 2437 536 2489 Ἐν
561 2433 738 2487 τοίνυν
763 2429 1055 2500 σκοπῶμεν
1086 2429 1268 2500 μόνον,
1283 2430 1540 2500 οὐχὸπως
1564 2432 1732 2503 μηδὲν
1754 2433 1939 2488 πάθω.

360 2540 464 2594 μεν
493 2519 644 2592 παρά
674 2519 782 2572 τῶν
818 2517 1024 2588 ἐχθρῶν
1061 2517 1250 2582 κακὸν,
1279 2517 1393 2570 ἀλλ’
1423 2519 1570 2581 ὅπως
1625 2520 1793 2590 μηδὲν
1842 2523 1938 2576 αὺ-

360 2613 486 2676 τοὺς
511 2613 670 2682 ἡμεῖς
701 2609 1062 2680 ἐργασώμεθά
1089 2608 1276 2660 κακόν·
1331 2608 1424 2661 καὶ
1446 2608 1595 2662 οὐδὲν
1639 2610 1936 2680 πεισόμεθα

355 2701 553 2764 δεινὸν,
585 2698 691 2751 κᾶν
717 2695 886 2768 μυρία
923 2693 1222 2765 πάσχωμεν
1269 2693 1438 2748 δεινά·
1461 2695 1746 2768 ὡσπεροῦν
1777 2698 1884 2752 οὐδ’
1909 2699 1939 2751 6

354 2793 523 2851 Δαυτδ
542 2794 916 2865 ἐλαυνόμενος,
963 2791 1421 2861 φυγαδευόμενος,
1455 2791 1616 2862 μέχρι
1637 2795 1737 2864 τῆς
1760 2795 1938 2866 ψυχῆς

223 2942 245 2955 ,
359 2894 531 2964 αὐτῆς
553 2888 1242 2960 ἐπιϐουλευόμενος,ἕπαθέ
1262 2904 1314 2941 τι
1351 2888 1542 2946 δεινὸν.
1579 2889 1693 2944 ἀλλ’
1731 2891 1940 2948 ἐκείνου

361 2980 740 3052 λαμπρότερος
783 2973 852 3048 ἦν
896 2977 991 3029 καὶ
1051 2974 1377 3045 σεμνότερος
1422 2978 1516 3028 καὶ
1565 2975 1939 3050 ποθεινότερος

360 3070 587 3133 ἅπασιν,
613 3071 713 3123 ούκ
747 3067 1053 3140 ἀνθρώποις
1077 3067 1134 3120 δὲ
1167 3066 1350 3137 μόνον,
1387 3066 1524 3122 ἀλλά
1554 3069 1648 3122 καὶ
1687 3069 1836 3140 αὐτῷ
1861 3071 1940 3142 τῷ

358 3161 503 3231 Θεῷ.
530 3160 595 3214 Τί
625 3160 733 3231 γάρ
774 3158 1009 3229 ἠδικήθη
1049 3161 1077 3211 6
1111 3158 1266 3227 ἆγιος
1298 3158 1505 3222 ἐκεῖνος
1549 3159 1670 3214 τότε
1704 3163 1940 3217 τοσαῦτα

363 3259 553 3314 παθὼν
596 3259 746 3329 παρὰ
793 3258 886 3312 τοῦ
931 3257 1135 3322 Σαούλς
1179 3258 1315 3327 Οὐχὶ
1362 3257 1519 3328 μέχρι
1556 3259 1658 3329 τῆς
1707 3264 1942 3334 σήμερον

360 3356 576 3428 ἠμέρας
601 3356 802 3427 ᾄδεται,
841 3355 935 3408 καὶ
959 3354 1209 3426 λαμπρὸς
1239 3354 1340 3424 μὲν
1361 3355 1418 3408 ὲν
1438 3357 1532 3426 γῇ,
1562 3354 1941 3431 λαμπρότερος

359 3447 420 3501 δὲ
447 3450 504 3500 ὲν
529 3446 776 3519 ούρανῷς
805 3447 924 3518 ουχὶ
951 3445 1020 3500 τά
1049 3447 1337 3517 ἀπόρρητα
1361 3445 1524 3500 αὐτὸν
1551 3447 1732 3515 ἀγαθά
1766 3449 1937 3520 μένει,

360 3540 458 3593 καὶ
486 3541 520 3610 ἡ
548 3539 654 3593 τῶν
684 3537 930 3610 οὐρανῶν
962 3537 1244 3608 βασιλεία;
1289 3537 1355 3591 Τί
1389 3539 1433 3592 6'
1468 3538 1749 3611 ὠφέλησεν
1779 3545 1808 3596 ὀ
1839 3561 1936 3597 τα,⁴

360 3629 636 3699 λαίπωρος
671 3630 881 3690 ἐκεῖνος
908 3627 1006 3680 καὶ
1035 3627 1218 3690 ἄθλιος
1242 3628 1480 3682 τοσαῦτα
1508 3631 1936 3702 ἑπιὸουλεύσαςς

357 3721 500 3789 οὐχὶ
531 3720 743 3790 καὶτῆς
765 3717 1042 3787 βασιλείας
1073 3717 1319 3782 ἐξέπεσε,
1352 3719 1446 3772 καὶ
1473 3720 1702 3775 ἐλεεινὸν
1731 3724 1936 3796 ὑπέστη

363 3808 457 3862 τὸν
485 3808 715 3861 θάνατον
739 3807 879 3878 μετά
897 3805 991 3860 τοῦ
1027 3807 1234 3871 παιδὸς,
1261 3807 1357 3862 καὶ
1390 3808 1541 3880 παρὰ
1560 3811 1780 3865 πάντων
1810 3829 1941 3866 κατ·-

365 3902 667 3972 ηγορεῖται,
685 3899 779 3954 καὶ
805 3897 866 3950 τὸ
886 3897 948 3970 δὴ
983 3896 1380 3968 χαλεπώτερον,
1401 3898 1501 3963 τὰς
1517 3900 1819 3968 ἀθανάτους
1845 3904 1941 3960 νῦν

364 3991 644 4062 ἐκδέχεται
680 3989 982 4061 τιμωρίας;
1021 3989 1197 4053 Ὃλως
1240 3989 1297 4043 δὲ
1335 3990 1391 4044 τί
1422 3991 1552 4045 ποτέ
1599 3993 1777 4055 ἐστιν,
1802 3995 1940 4065 ὅπερ

368 4082 612 4153 ἐγκαλῶν
641 4081 718 4152 τῷ
777 4079 956 4152 ἐχθρῷ
997 4079 1058 4134 ού
1085 4079 1268 4151 βούλει
1309 4082 1710 4154 καταλλαγῆναι
1730 4103 1753 4154 ;ν
1791 4089 1942 4160 Χρή-

367 4175 514 4246 ματά
544 4190 603 4226 σε
652 4174 932 4243 ἀφείλετο;
978 4174 1118 4228 Ἀλλ’
1158 4174 1224 4228 ἂν
1279 4176 1510 4248 ἐνέγκῃς
1539 4180 1800 4246 γενναίως
1839 4181 1942 4251 τὴν

350 4265 640 4339 ἁρπαγὴν,
679 4264 931 4318 τοσοῦτον
968 4265 1112 4338 λήψῃ
1143 4267 1352 4338 μισθὸν,
1374 4269 1496 4321 ὅσον
1523 4268 1589 4322 ἂν
1619 4271 1668 4322 εί
1691 4273 1810 4332 ταῖς
1830 4271 1940 4326 τῶν

365 4355 614 4426 πενήτων
649 4355 788 4409 αύτά
812 4357 998 4427 χερσὶν
1023 4357 1384 4430 ένοιπέθηκας.
1412 4361 1520 4414 Καὶ
1543 4361 1653 4434 γάρ
1680 4363 1710 4415 ὸ
1743 4363 1939 4434 πένησι

363 4443 645 4508 δεδωκὼς,
682 4445 778 4499 καὶ
829 4448 858 4498 6
913 4446 992 4517 τῷ
1035 4447 1489 4520 πλεονεκτήσαντι
1543 4453 1680 4524 μήτε
1723 4453 1939 4508 ἐπιδου-

360 4535 558 4599 λεύων,
599 4538 736 4608 μήτε
766 4536 1174 4610 καταρώμενος,
1215 4540 1302 4594 διά
1342 4541 1432 4596 τὸν
1463 4543 1596 4598 Θεὸν
1622 4545 1794 4599 ταῦτα
1829 4548 1938 4618 ἀμ-

364 4627 582 4697 φότεροι
613 4627 875 4682 ποιοῦσιν.
896 4629 1064 4684 Ὅταν
1090 4626 1182 4684 οὖν
1213 4635 1245 4702 ἡ
1282 4633 1541 4697 ὑπόθεσις
1569 4635 1667 4706 τῆς
1693 4636 1938 4706 δαπάνης

359 4716 397 4791 ᾖ
433 4718 553 4789 μία,
589 4718 810 4790 εὔδηλον
829 4720 908 4772 ὅτι
936 4721 1028 4774 καὶ
1051 4721 1315 4791 στέφανος
1352 4719 1453 4786 εἷς.
1493 4725 1629 4779 Ἀλλ’
1658 4730 1736 4791 είς
1759 4726 1938 4801 ψυχὴν

359 4809 518 4883 ιπι]
547 4811 925 4876 ἐπεϐούλευσε,
966 4813 1058 4866 καὶ
1091 4814 1301 4867 ἀνελεῖν
1334 4815 1655 4890 ἐπεχείρησε
1677 4837 1692 4884 ;
1716 4822 1937 4894 Μαρτύ⁹

367 4903 479 4974 ριόν
509 4921 588 4957 σοι
621 4904 683 4958 τὸ
721 4906 952 4974 πρᾶγμα
978 4905 1276 4974 λογίζεται,
1310 4905 1375 4960 ἂν
1403 4909 1492 4961 τὸν
1516 4910 1820 4977 ἐπίϐουλον,
1843 4915 1938 4968 καὶ⁹

367 4991 528 5061 μέχρι
552 4994 800 5047 τοσούτου
823 4993 921 5065 τὴν
941 4993 1141 5066 ἔχθραν
1169 4993 1526 5064 ἐξαγαγόντα,
1553 4998 1611 5051 ἐν
1645 5002 1755 5064 τοῖς
1781 5002 1938 5074 εὐερ-

363 5079 551 5148 γέταις
576 5081 834 5153 ἀριθμῇς,
857 5084 950 5138 καὶ
977 5083 1223 5156 διατελῇς
1256 5086 1545 5158 ε-ύχόμενος
1574 5089 1712 5163 ὑπὲρ
1746 5092 1934 5160 αὐτοῦ,

365 5171 460 5225 καὶ
486 5170 577 5225 τὸν
605 5171 736 5225 Θεὸν
757 5171 884 5226 ἵλεω
915 5174 1170 5242 γενέσθαι
1203 5177 1556 5248 παρακαλῶν.

431 5354 496 5410 6'.
518 5354 610 5427 Μὴ
640 5355 750 5427 γάρ
773 5355 838 5428 δὴ
869 5356 1026 5412 τοῦτο
1050 5359 1269 5432 ῖδωμεν,
1293 5361 1375 5416 ὅτι
1398 5360 1725 5418 διεκώλυσεν
1758 5364 1786 5416 6
1807 5363 1937 5431 Θεὸς

361 5448 640 5518 σφαγῆναι
659 5448 749 5502 τὸν
774 5449 957 5514 Δαυτδ,
987 5451 1100 5504 ἀλλ’
1122 5453 1300 5509 ἐκεῖνο
1335 5455 1548 5519 σκόπει,
1571 5456 1652 5509 ὅτι
1677 5457 1937 5528 τριπλοῦν

362 5540 457 5592 καὶ
481 5539 816 5610 τετραπλοῦν
861 5542 1120 5612 στέφανον
1156 5545 1456 5617 μαρτυρίου
1499 5547 1800 5618 ἀνεδήσατο
1829 5549 1936 5603 ἀπὸ

358 5629 461 5698 τῆς
488 5628 588 5681 τοῦ
619 5627 792 5682 Σαοὺλ
833 5630 1142 5703 ἐπιϐουλῆς.
1180 5634 1237 5687 '0
1287 5634 1394 5706 γάρ
1431 5634 1517 5689 διά
1547 5635 1638 5689 τὸν
1678 5635 1813 5690 Θεὸν
1845 5639 1936 5692 τὸν

364 5715 621 5788 πολέμιον
654 5717 858 5790 σώζων,
887 5719 979 5776 τὸν
1019 5721 1167 5788 ἅπαξ
1207 5724 1300 5779 καὶ
1337 5724 1417 5790 δίς
1445 5725 1539 5782 καὶ
1579 5725 1834 5791 πολλάκις
1874 5729 1936 5781 τὸ

1349 309 1437 366 DE
1479 309 1736 366 DAVle
1777 306 1864 361 ET
1908 303 2135 360 SAULE
2168 307 2453 366 HOMILIA
2489 309 2574 366 Ill.

3502 310 3606 366 700

2036 421 2164 494 δόρυ
2202 423 2344 477 κατά
2375 426 2474 494 τῆς
2502 421 2667 478 αὑτοῦ
2708 421 2946 494 κεφαλῆς
2976 424 3353 489 ἁκοντίσαντα,
3389 426 3482 479 καὶ
3516 444 3610 495 γε-

2037 515 2259 584 νόμενος
2305 515 2491 586 κύριος
2519 515 2747 581 ἀνελεῖν,
2785 510 2903 568 εἶτα
2941 515 3288 586 φεισάμενος,
3321 518 3414 569 καὶ
3455 517 3612 572 ταῦτ’

2037 605 2210 671 εἰδὼς,
2242 608 2322 661 ὃτι
2355 607 2490 678 μετά
2523 609 2622 678 τὴν
2655 607 2818 676 φειδὼ
2848 607 3049 678 ταύτην
3073 608 3234 662 πάλιν
3268 608 3610 679 ἐπιθήσεται,

2037 698 2258 769 εὔδηλον
2290 700 2372 752 ὅτι
2407 701 2666 772 μυριάκις
2687 702 2899 770 ἐσφάγη
2928 703 2992 770 τῇ
3027 700 3314 771 προθέσει·
3356 701 3613 770 μυριάκις

2035 789 2091 841 δὲ
2139 789 2369 858 σφαγεὶς
2417 791 2505 844 διὰ
2537 792 2626 844 τὸν
2667 791 2829 852 Θεὸν,
2879 790 3106 855 πολλοὺς
3147 790 3259 859 ἔχει
3313 789 3612 859 μαρτυρίου

2040 883 2352 951 στεφάνους,
2379 885 2472 938 καὶ
2503 885 2640 954 ὅπερ
2675 886 2703 935 6
2731 882 2940 946 Παῦλος
2962 883 3166 950 ἔλεγεν,
3203 883 3283 935 ὅτι
3310 882 3448 935 Καθ’
3479 880 3615 934 ἐκάη

2038 989 2196 1042 στην
2223 975 2449 1044 ἡμέραν
2474 975 2840 1042 ἀποθνήσκω
2870 973 2966 1027 διὰ
3007 973 3109 1027 τὸν
3135 972 3302 1032 Θεὸν,
3335 971 3494 1023 τοῦτο
3520 969 3614 1022 καὶ

2039 1068 2200 1130 αὐτὸς
2225 1066 2429 1138 ἔπασχε
2468 1066 2555 1120 διά
2583 1067 2673 1120 τὸν
2703 1067 2834 1120 Θεόν
2859 1079 2907 1120 ο.
2939 1067 3244 1136 Δυνάμενος
3272 1065 3380 1135 γὰρ
3406 1062 3615 1116 ἀνελεῖν

2039 1155 2600 1224 τὸν’ἐπι6ουλεύοντα,
2625 1156 2711 1209 διὰ
2743 1157 2835 1208 τὸν
2872 1155 3003 1208 Θεὸν
3033 1157 3133 1208 οὐκ
3161 1153 3426 1224 ἠθέλησεν
3447 1168 3461 1182 ο
3499 1151 3614 1204 ἀλλ’

2039 1249 2211 1302 εἵλετο
2241 1249 2568 1302 κινδυνεύειν
2594 1249 2713 1302 καθ’
2744 1249 2977 1316 ἑκάστην
3001 1247 3213 1318 ἡμέραν
3239 1246 3457 1317 μᾶλλον,
3480 1245 3513 1314 ἢ
3538 1244 3616 1297 δι-

2039 1344 2198 1396 καίαν
2247 1343 2623 1413 ἐργασάμενος
2671 1341 2881 1413 σφαγὴν
2916 1341 3022 1394 ἀπὸ
3063 1337 3615 1393 τοσούτωνάπαλλα-

2039 1434 2200 1505 γῆναι
2223 1433 2488 1488 θανάτων.
2513 1434 2574 1487 Εἰ
2599 1433 2653 1486 δὲ
2686 1433 2778 1486 τὸν
2813 1434 2971 1503 μέχρι
3001 1431 3098 1501 τῆς
3121 1429 3265 1500 ζωῆς
3293 1428 3462 1498 αὐτῆς
3493 1429 3614 1480 ἐπι-

2041 1526 2361 1581 ϐουλεύοντα
2383 1526 2693 1597 ἀμύνασθαι
2723 1526 2816 1577 καὶ
2842 1527 3017 1594 μισεῖν
3045 1524 3105 1576 o6
3131 1522 3256 1593 χρὴ,
3277 1521 3453 1590 πολλῷ
3480 1519 3612 1591 μᾶλ-

2040 1620 2131 1672 λον
2161 1621 2238 1682 είς
2263 1619 2441 1672 ὁτιοῦν
2463 1619 2586 1672 ἄλλο
2611 1617 2921 1673 ἀδικοῦντα.

2112 1710 2332 1774 Πολλοῖς
2363 1711 2509 1764 δοκεῖ
2536 1713 2597 1762 τὸ
2633 1710 2818 1771 κακῶς
2851 1709 3090 1772 ἀκούειν,
3119 1708 3210 1762 καὶ
3243 1709 3320 1769 εἰς
3347 1701 3619 1772 ὑπόληψιν

2042 1803 2533 1874 παραϐλάπτεσθαι
2567 1803 2718 1873 παρά
2739 1801 2844 1855 τῶν
2870 1801 3100 1872 ἐχθρῶν,
3127 1800 3344 1853 πάντων
3371 1795 3617 1849 θανάτων

2042 1895 2443 1965 ἀφορητότερον
2470 1890 2632 1947 εἶναι.
2666 1893 2803 1963 Φέρε
2835 1889 2928 1945 οὖν
2960 1891 3054 1944 καὶ
3087 1890 3216 1942 αὐτὸ
3247 1889 3405 1941 τοῦτο
3432 1884 3618 1953 ὲξετάρ-

2043 2002 2226 2055 σωμεν
2253 1999 2266 2013 ·
2299 1981 2436 2040 Εἰπέ
2466 1984 2524 2036 σέ
2566 2002 2650 2049 τις
2679 1982 2886 2046 κακῶς,
2926 1983 3019 2035 καὶ
3067 1980 3255 2052 μοιχὸν
3291 1980 3385 2032 καὶ
3419 1978 3619 2047 πόρνον

2041 2076 2300 2144 ἐκάλεσε;
2343 2075 2525 2129 Ταῦτα
2567 2076 2616 2128 εί
2653 2075 2752 2146 μὲν
2791 2073 2966 2145 ἀληθῆ
3000 2072 3154 2145 λέγῃ,
3203 2070 3527 2141 διόρθωσαι’
3568 2068 3619 2120 εί

2041 2167 2098 2221 δὲ
2123 2168 2318 2238 ψευδῆ,
2354 2166 2728 2235 καταγέλασον
2751 2184 2768 2198 ο
2798 2167 2848 2219 εί
2877 2165 3122 2227 σύνοιδας
3152 2162 3334 2232 σαυτῴ
3369 2162 3435 2214 τὰ
3463 2163 3620 2232 εἰρη-

2046 2261 2202 2332 μένα,
2238 2260 2588 2332 σωφρόνησον
2611 2277 2626 2291 ο
2663 2261 2714 2313 εί
2748 2260 2805 2313 δὲ
2845 2257 2920 2330 μὴ
2973 2257 3244 2321 σύνοιδας,
3279 2255 3621 2326 καταφρόνη-

2042 2371 2136 2406 σον
2155 2370 2170 2384 ο
2197 2354 2398 2424 μᾶλλον
2425 2353 2483 2407 δὲ
2516 2352 2590 2424 μὴ
2613 2351 3010 2424 καταγελάσῃς,
3039 2349 3173 2420 μηδὲ
3199 2349 3621 2419 καταφρονήσῃς

2047 2445 2227 2514 μόνον,
2257 2442 2393 2498 ἀλλὰ
2423 2443 2517 2497 καὶ
2545 2447 2724 2514 χαῖρε,
2752 2442 2845 2497 καὶ
2879 2441 3073 2511 σκίρτα
3108 2439 3250 2494 κατά
3276 2439 3366 2492 τὸν
3389 2437 3482 2491 τοῦ
3508 2440 3622 2491 Κυ-

2046 2537 2162 2606 ρίου
2193 2535 2372 2604 λόγον,
2412 2536 2502 2589 τὸν
2554 2533 2843 2589 κελεύοντα
2895 2533 3038 2586 οὕτω
3077 2534 3270 2585 ποιεῖν.
3294 2529 3478 2584 Ὅταν
3509 2529 3620 2598 γάρ

2043 2625 2408 2692 όνειὸίσωσι,
2440 2627 2625 2697 φησὶν,
2650 2626 2823 2696 ὑμᾶς,
2849 2625 2943 2679 καί
2969 2625 3179 2678 εἴπωσι
3204 2623 3328 2678 πᾶν
3355 2621 3622 2688 πονηρὸν

2039 2716 2202 2787 ῥῆμα
2251 2719 2382 2772 καθ’
2411 2718 2580 2787 ὑμῶν
2610 2717 2991 2787 ψευδόμενοι,
3023 2717 3258 2784 χαίρετε
3296 2715 3394 2768 καὶ
3431 2715 3620 2783 ἀγαλ-

2043 2811 2278 2872 λιᾶσθε,
2311 2811 2398 2863 ὅτι
2444 2813 2476 2863 ό
2503 2809 2724 2879 μισθὸς
2756 2807 2918 2878 ὑμῶν
2957 2807 3152 2872 πολὺς
3186 2806 3256 2858 ἐν
3284 2805 3411 2872 τοῖς
3447 2808 3625 2872 οὐρα-

2045 2902 2193 2967 νοῖς,
2229 2901 2334 2955 Καὶ
2369 2900 2552 2966 πάλιν,
2593 2901 2835 2967 Χαίρετε
2873 2898 2972 2950 καὶ
3005 2896 3304 2964 σκιρτᾶτε,
3345 2896 3491 2949 ὅταν
3524 2895 3624 2949 ἐκ·

2047 2993 2271 3047 ϐιὶλωσι
2293 2993 2356 3046 τὸ
2383 2993 2569 3060 ὄνομα
2600 2990 2763 3061 ὑμῶν
2782 2990 2862 3057 ὡς
2883 2989 3149 3057 πονηρὸν
3180 2987 3539 3057 ψευδόμενοι
3569 2988 3620 3039 ι’.

2045 3085 2170 3138 Ὅτι
2188 3084 2242 3138 δὲ
2265 3082 2365 3137 κάν
2386 3083 2663 3154 ἀληθεύων
2684 3083 2830 3155 εἴπῃ,
2852 3082 2914 3134 σὺ
2943 3081 2998 3133 δὲ
3022 3080 3137 3150 μετ’
3153 3079 3449 3142 ἐπιεικείας
3472 3079 3624 3144 ἐνέγ-

2046 3194 2148 3247 κῃς
2170 3175 2238 3228 τά
2263 3177 2501 3247 ῥήματα.
2525 3175 2617 3226 καὶ
2643 3173 2715 3244 μὴ
2742 3172 3089 3243 άνθυϐρίσῃς,
3123 3170 3257 3242 μηδὲ
3285 3170 3623 3242 λοιδορήσῃς,

2046 3265 2178 3319 ἀλλά
2196 3265 2454 3336 στενάξῃς
2472 3264 2686 3335 πικρὸν,
2704 3262 2796 3316 καὶ
2813 3262 3095 3333 καταγνῴς
3112 3262 3217 3314 τῶν
3235 3259 3624 3331 πεπλημμελη-

2049 3362 2246 3432 μένων,
2273 3361 2370 3413 οὐκ
2393 3359 2649 3412 ἐλάττονα
2678 3356 2773 3411 τοῦ
2796 3357 3061 3430 προτέρου
3101 3355 3372 3426 καρπώσῃ
3396 3353 3584 3424 μισθόν
3603 3367 3620 3382 ⁶

2047 3454 2140 3508 καῖ.
2169 3453 2326 3507 τοῦτο
2356 3453 2464 3507 ἀπὸ
2493 3451 2600 3504 τῶν
2628 3449 2860 3521 Γραφῶν
2887 3449 3010 3520 ὑμῖν
3047 3446 3394 3518 παραστῆσαι
3433 3447 3626 3516 πειρά-

2048 3563 2232 3616 σομαι,
2257 3546 2345 3599 ἵνα
2378 3544 2586 3615 μάθητε
2618 3545 2700 3597 ὅτι
2736 3543 2835 3597 ὅσα
2862 3543 2962 3595 οὐκ
2993 3540 3262 3610 ὠφελοῦσι
3297 3539 3440 3608 φίλοι
3467 3541 3623 3592 ἐπαι-

2045 3637 2261 3698 νοῦντες
2293 3633 2386 3688 καὶ
2423 3634 2789 3705 χαριζόμενοι,
2819 3629 3054 3686 τοσαῦτα
3103 3631 3404 3699 ὠφελοῦσιν
3438 3629 3624 3699 ἐχθροὶ

2046 3725 2230 3786 κακῶς
2261 3724 2528 3792 λέγοντες,
2571 3724 2674 3776 κᾶν
2716 3722 3054 3791 ἀληθεύωσι,
3089 3723 3246 3792 μόνον
3275 3721 3340 3774 ἂν
3381 3721 3460 3783 είς
3502 3720 3621 3772 δέον

2047 3820 2208 3888 ἡμεῖς
2239 3818 2360 3877 ταῖς
2405 3813 2756 3885 κατηγορίαις
2791 3813 3099 3886 χρήσασθαι
3145 3812 3514 3886 βουληθῶμεν.
3556 3814 3620 3866 m

2049 3907 2149 3979 μὲν
2169 3909 2277 3978 γάρ
2298 3906 2440 3975 φίλοι
2462 3904 2719 3969 πολλάκις
2739 3905 2834 3957 καὶ
2863 3905 2997 3974 πρὸς
3020 3904 3177 3974 χάριν
3204 3904 3586 3957 κολακεύουσιν
3602 3920 3617 3934 ·

2045 4002 2093 4054 οἱ
2115 3999 2159 4053 δ’
2182 3997 2362 4070 ἐχθροὶ
2377 3997 2444 4051 τὰ
2463 3997 2683 4068 ἀμαρτή
2693 4014 2834 4066 ματα
2854 3997 2933 4060 είς
2958 3995 3121 4067 μέσον
3141 3995 3385 4064 ἄγουσιν.
3404 3996 3622 4069 Ἐπειδὴ

2046 4089 2156 4161 γὰρ
2210 4088 2317 4142 ὑπὸ
2365 4086 2650 4156 φιλαυτίας
2695 4085 2852 4156 ἡμεῖς
2893 4085 2962 4139 τά
3006 4085 3251 4156 ήμέτερα
3299 4087 3622 4158 πλημμελή-

2050 4197 2192 4250 ματα
2222 4180 2321 4250 οὐχ
2355 4179 2590 4250 ὁρῶμεν,
2613 4179 2722 4231 ὑπὸ
2749 4179 2846 4248 τῆς
2891 4179 3088 4250 ἔχθρας
3131 4181 3327 4233 ἐκεῖνοι
3363 4181 3622 4245 πολλάκις

2046 4271 2203 4342 ἡμῶν
2231 4271 2621 4341 ἀκριϐέστερον
2645 4271 2992 4341 θεασάμενοι,
3022 4271 3118 4325 καὶ
3154 4272 3508 4336 ὀνειδίσαντες
3540 4274 3621 4336 εἰς

2045 4364 2288 4432 ἀνάγκην
2309 4361 2455 4435 [775]
2479 4363 2627 4434 ἡμᾶς
2647 4362 2898 4416 ὲνέῦαλον
2917 4362 3271 4434 διορθώσεως,
3291 4363 3384 4416 καὶ
3399 4354 3622 4432 γέγονεν

2046 4455 2176 4524 ἡμῖν
2201 4453 2233 4522 ἡ
2263 4452 2432 4523 ἔχθρα
2465 4453 2726 4524 μεγίστης
2763 4453 3031 4523 ὡφελείας
3059 4453 3332 4519 ὑπόθεσις,
3368 4457 3431 4508 o6
3463 4456 3624 4526 μόνον

2043 4545 2126 4597 ὅτι
2175 4543 2606 4622 μιμνησκόμενοι
2653 4545 2782 4616 παρ’
2829 4545 3054 4599 ἐκείνων
3102 4545 3331 4617 νοοῦμεν
3359 4547 3516 4618 ἡμῶν
3554 4549 3623 4602 τά

2045 4635 2454 4708 ἁμαρτήματα,
2499 4637 2725 4691 ἀλλ’ὅτι
2763 4639 2902 4693 αύτά
2949 4640 3042 4693 καὶ
3086 4640 3474 4711 ἀποτιθέμεθα.
3527 4643 3623 4695 Ἂν

2043 4727 2153 4800 γάρ
2187 4728 2424 4802 ὀνειδίσῃ
2450 4746 2508 4782 σε
2535 4731 2566 4783 6
2593 4729 2784 4800 ἐχθρὸς
2810 4732 3132 4802 ἁμάρτημα,
3151 4732 3179 4786 6
3207 4736 3271 4788 σὺ
3297 4734 3476 4806 σαυτῷ
3505 4734 3624 4788 σύν-

2043 4821 2208 4886 οιδας,
2231 4823 2295 4876 σὺ
2310 4823 2360 4875 δ’
2381 4824 2622 4887 ἀκούσας
2646 4825 2850 4879 ἐκεῖνον
2878 4826 2976 4895 μὲν
2996 4827 3068 4897 μὴ
3090 4826 3339 4898 ὑϐρίσῃς,
3360 4827 3621 4897 στενάξῃς

2043 4912 2099 4966 δι
2138 4914 2353 4984 πικρὸν,
2375 4915 2470 4968 καὶ
2488 4915 2582 4969 τὸν
2601 4914 2732 4969 Θεὸν
2758 4917 3166 4989 παρακαλέσῃς,
3190 4918 3394 4981 εὐθέως
3413 4917 3619 4971 ἀπέθου

2040 5003 2144 5074 τὴν
2169 5004 2444 5075 ἁμαρτίαν
2466 5003 2700 5060 ἅπασαν.
2726 5004 2876 5080 Ἆρα
2897 5009 2951 5062 τί
2979 5008 3170 5061 τούτου
3199 5009 3396 5076 γένοιτ’
3419 5007 3485 5062 ἀν
3516 5027 3620 5079 μα-

2041 5091 2412 5168 καριώτερονς
2451 5097 2504 5150 τί
2550 5097 2598 5151 δ’
2635 5099 2998 5172 εὐκολώτερον
3031 5099 3168 5170 πρὸς
3207 5101 3621 5172 ἁμαρτημάτων

2037 5188 2393 5258 ἀπαλλαγήη
2431 5188 2570 5243 Ἀλλ’
2621 5191 2706 5244 ἵνα
2752 5193 2826 5263 μὴ
2868 5191 3094 5264 νομίσῃς
3127 5194 3276 5264 ἡμᾶς
3329 5193 3514 5258 ἁπλῶς
3559 5211 3619 5246 σε

2041 5275 2404 5347 ψυχαγωγεῖν,
2435 5279 2542 5332 ἀπὸ
2564 5279 2674 5334 τῶν
2697 5280 2854 5334 θείων
2869 5281 3100 5351 Γραφῶν
3126 5283 3229 5354 τήν
3248 5284 3390 5356 ὑπὲρ
3415 5284 3621 5338 τούτων

2043 5368 2350 5439 παρέξομαι
2388 5370 2710 5442 μαρτυρίαν,
2745 5372 2829 5424 ἵνα
2862 5371 3027 5442 μηδὲν
3063 5373 3377 5445 ἁμφιὸάλῃς
3410 5374 3617 5427 λοιπόν.

2039 5459 2334 5531 Φαρισαῖός
2369 5477 2453 5525 τις
2483 5457 2582 5532 ἦν,
2616 5462 2710 5516 καὶ
2750 5461 3020 5535 τελώνης·
3050 5465 3078 5518 6
3121 5465 3220 5536 μὲν
3265 5467 3343 5530 εἰς
3382 5466 3624 5537 ἐσχάτην

2104 5691 2127 5744 9
2153 5679 2222 5744 1:2,:
2251 5693 2350 5730 uno
2372 5680 2528 5744 Regio
2549 5681 2620 5733 sic
2643 5687 2867 5735 restituta
2897 5689 3056 5738 series
3079 5688 3187 5738 fuit.

2105 5738 2135 5778 δ
2154 5741 2277 5803 Reg.
2319 5738 2736 5796 uMs'WmmV
2756 5750 2892 5810 ὑμῶν
2912 5752 3116 5814 πονηρὸν
3149 5753 3299 5814 ὄνομα
3321 5754 3615 5817 ψευδόμενοι.
