4110 6214
548 313 650 370 τοι

550 428 750 485 κακίαν
802 428 1113 501 ἐληλακὼς,
1167 429 1196 480 6
1239 426 1299 480 δὲ
1345 427 1686 500 δικαιοσύνης
1733 426 2121 498 ἐπιμελόμενος

549 519 759 590 ἄκραςο
802 517 1036 589 καὶγὰρ
1079 515 1148 570 τά
1188 515 1318 570 ὄντα
1365 518 1674 588 προήκατο,
1712 517 1806 570 καὶ
1849 514 2122 585 νηστεύων

549 603 792 664 διετέλει,
835 603 929 655 κα),
972 600 1284 665 πλεονεξίας
1329 597 1397 672 ἦν
1437 601 1708 671 καθαρός⁸
1744 601 1949 662 ἐκεῖνος
1987 597 2032 651 δ’
2064 597 2122 650 ἐν

548 691 827 758 ἁρπαγαῖς
871 690 966 745 καὶ⁵
999 689 1142 760 βίαις
1179 690 1270 743 τὸν
1322 689 1539 744 ἅπαντα
1577 689 1767 760 χρόνον
1824 687 2119 758 ἀνήλωσεν.

563 775 815 848 ’Δνῆλθον
843 779 1138 850 ἀμφότεροι
1170 777 1570 850 προσεύξασθαι
1603 778 1682 840 εἰς
1721 775 1782 829 τὸ
1801 775 1964 847 ίερόν.
1991 768 2123 826 Εἶτα

551 868 759 931 ἐκεῖνος
804 865 936 929 στάς
979 865 1197 934 ελεγενο
1239 863 1595 936 Εὐχαριστῶ
1627 879 1760 925 σοι,
1785 865 1985 930 Κύριε,
2035 862 2123 915 ὅτι

546 955 660 1008 οὐκ
684 954 806 1023 εἰμὶ
849 955 931 1021 ὡς
961 957 1016 1008 οι
1059 956 1259 1009 λοιποί
1299 956 1416 1010 τῶν
1450 953 1804 1022 ἀνθρώπω,
1838 951 2121 1020 ἅρπαγες,

543 1041 925 1108 πλεονέκται,
942 1042 1067 1096 οὐδ’
1087 1042 1168 1110 ὡς
1186 1037 1363 1107 οὗτος
1385 1044 1418 1095 ό
1437 1040 1721 1108 τελώνης.
1738 1041 1794 1093 '0
1812 1039 1868 1092 δέ
1887 1037 2124 1109 τελώνης

549 1129 829 1199 πόρμυθεν
859 1128 1059 1195 ἑστὼς,
1090 1131 1190 1183 οὐκ
1231 1129 1554 1200 ἀνθύϐρισεν
1573 1167 1588 1192 ,
1617 1129 1717 1181 οὐκ
1749 1125 2124 1197 ἀντελοιδόρη-

550 1230 664 1280 σεν,
703 1215 805 1267 οὐκ
834 1210 952 1268 εἷπε
983 1216 1154 1271 ταῦτα
1182 1216 1251 1270 τά
1291 1215 1400 1270 τῶν
1433 1214 1641 1268 πολλῶν
1668 1215 1892 1286 ῥήματα
1913 1231 1928 1244 ·
1957 1214 2029 1266 ΣΞ)
2065 1212 2122 1266 δὲ

546 1303 751 1374 τολμᾷς
773 1303 866 1355 τοῦ
897 1303 1031 1375 ἐμοῦ
1063 1302 1372 1375 μεμνῆσθαι
1395 1303 1530 1373 βίου,
1556 1302 1906 1356 ἐπιλαϐέσθαι
1929 1301 1986 1355 δέ
2016 1300 2123 1354 τῶν

549 1387 674 1456 ἐμοὶ
703 1387 1144 1458 πεπραγ,μένων;
1176 1387 1249 1442 Ού
1281 1389 1391 1457 γάρ
1416 1386 1530 1457 είμί
1556 1403 1649 1439 σου
1686 1384 1943 1456 βελτίων;
1970 1383 2122 1436 Εἴπω

547 1470 618 1523 τά
638 1487 718 1523 σοι
743 1471 1272 1542 πεπλημμελημένα,
1291 1472 1383 1524 καὶ
1406 1471 1617 1542 ποιήσω
1641 1467 1910 1540 μηδέποτέ
1934 1484 1993 1520 σε
2014 1467 2122 1520 τῶν

545 1557 707 1627 ιερῶν
733 1557 936 1612 τούτων
973 1559 1228 1629 ἐπιϐῆναι
1254 1558 1422 1631 προθύ
1433 1575 1558 1630 ρων.
1582 1558 1745 1611 Ούδέν
1771 1555 1974 1609 τούτων
2002 1551 2120 1608 εἷπε

545 1643 655 1696 τῶν
665 1645 887 1715 ψυχρῶν
904 1646 1183 1716 ῥημάτων,
1202 1645 1236 1699 ἀ
1253 1645 1372 1698 καθ’
1385 1645 1622 1716 ἑκάστην
1635 1644 1848 1716 ἡμέραν
1865 1642 2122 1714 ἀλλήλους

547 1731 836 1797 πλύνοντες
859 1733 1120 1805 λέγομεν·
1168 1735 1305 1789 ἀλλά
1337 1736 1549 1806 πικρῶς
1589 1735 1851 1800 στενάξας
1883 1734 1976 1788 καὶ
2011 1751 2120 1788 παο

546 1819 713 1885 τάξας
739 1821 800 1874 τὸ
824 1822 1038 1892 στῆθος,
1063 1821 1317 1876 τοσοῦτον
1343 1819 1461 1875 εἷπε
1488 1821 1668 1894 μόνον,
1696 1820 2005 1888 ’Ῑλάσθητί
2018 1838 2121 1890 μοι

528 1903 628 1969 τῷ
654 1906 1000 1976 ἁμαρτωλῷ,
1022 1907 1120 1961 καὶ
1155 1907 1389 1977 κατῆλθε
1445 1906 1882 1978 δεδικαιωμένος.

615 2003 769 2069 Εἶδες
805 2008 1000 2078 τάχος;
1043 2008 1381 2073 Κατεδέξατο
1417 2009 1639 2074 ὄνειδος,
1680 2010 1775 2064 καὶ
1821 2009 2120 2079 ἀπενίψατο

541 2092 775 2157 δνειδοςο
816 2094 1029 2162 ἐπέγνω
1071 2096 1140 2147 τά
1182 2095 1580 2168 ἁμαρτήματα,
1636 2097 1731 2150 καὶ
1776 2097 2008 2150 ἀπέθετο
2053 2097 2120 2149 τὰ

544 2181 946 2251 ἁμαρτήματα·
979 2183 1072 2235 καὶ
1101 2184 1134 2254 ή
1164 2184 1468 2254 κατηγορία
1485 2184 1583 2254 τῆς
1607 2184 1880 2255 ἁμαρτίας
1898 2185 2119 2254 γέγονεν

544 2268 823 2339 ἀναίρεσις
867 2267 970 2340 τῆς
1011 2270 1306 2341 ἁμαρτίας,
1341 2272 1434 2324 καὶ
1477 2274 1505 2324 ὀ
1553 2270 1746 2342 ἐχθρὸς
1783 2272 1931 2326 άκων
1966 2273 2120 2344 εὐερ-

544 2356 711 2426 γέτης
738 2357 1047 2415 καθίστατο.
1079 2358 1228 2413 Πόσα
1252 2359 1360 2429 γάρ
1392 2360 1499 2413 εδει
1537 2362 1734 2431 καμεῖν
1765 2359 1857 2415 τόν
1883 2361 2120 2432 τελώνην

545 2441 891 2513 νηστεύοντα,
919 2443 1311 2516 χαμευνοῦντα,
1336 2443 1740 2513 ἀγρυπνοῦντα,
1761 2444 1830 2498 τά
1857 2445 1984 2498 ὅντα
2007 2449 2120 2510 τοῖς

538 2529 817 2600 δεομένοις
840 2532 1166 2603 παρέχοντα,
1189 2533 1248 2585 ἐν
1279 2531 1457 2602 σποδῷ
1484 2532 1577 2584 καὶ
1599 2532 1786 2603 σάκκῳ
1815 2531 2120 2604 καθήμενον

541 2617 604 2668 ἐν
632 2616 809 2688 πολλῷ
833 2617 910 2687 τῷ
938 2618 1136 2688 χρόνῳ,
1164 2617 1303 2671 ὥστε
1333 2618 1625 2689 δυνηθῆναι
1654 2619 1723 2672 τὰ
1747 2619 2120 2690 ἁμαρτήματα

544 2702 843 2756 ἀποθέσθαι
865 2705 1079 2769 ἐκεῖνα;
1101 2705 1213 2757 Καὶ
1231 2703 1326 2758 νῦν
1351 2704 1503 2758 οὐδὲν
1525 2705 1728 2759 τούτων
1755 2707 2008 2777 ποιήσας,
2033 2707 2120 2760 διά

541 2788 699 2858 ψιλοῦ
731 2791 973 2862 ῥήματος
1011 2792 1191 2844 πᾶσαν
1240 2791 1473 2845 ἀπέθετο
1500 2791 1596 2863 τὴν
1641 2792 1872 2848 κακίαν’
1917 2794 2014 2848 καὶ
2053 2795 2120 2848 τὰ

543 2877 720 2949 ὀνείδη
753 2879 848 2932 καὶ
874 2881 930 2932 αί
975 2879 1232 2951 λοιδορίαι
1277 2878 1372 2934 τοῦ
1403 2879 1656 2946 δόξαντος
1690 2882 1850 2936 αὑτὸν
1881 2881 2119 2954 ὑϐρίζειν

545 2967 808 3035 στέφανον
827 2967 976 3039 αὐτῷ
995 2968 1338 3040 δικαιοσύνης
1359 2968 1642 3040 ἐκόμισαν,
1660 2971 1829 3042 χωρὶς
1859 2970 2115 3042 ἱδρώτων,

543 3056 637 3107 καὶ
664 3054 860 3118 πόνων,
893 3057 987 3108 καὶ
1015 3059 1207 3128 χρόνου
1237 3057 1472 3128 μακροῦ.
1515 3057 1678 3129 Ὁρᾷς
1703 3061 1786 3113 ὅτι
1815 3058 1918 3113 κᾶν
1944 3059 2118 3131 άληθῆ

542 3161 627 3207 τις
661 3143 794 3216 λέγῃ
823 3147 951 3217 περὶ
977 3146 1152 3217 ήμῶν,
1177 3147 1280 3200 κάν
1310 3147 1530 3200 τοιαῦτα
1555 3147 1697 3219 άπερ
1725 3150 1887 3218 ἡμεῖς
1907 3150 2120 3213 ἑαυτοῖς

545 3230 824 3300 σύνισμεν,
855 3233 1014 3303 ἡμεῖς
1041 3232 1097 3287 δὲ
1129 3233 1219 3287 τὸν
1244 3233 1469 3304 λέγοντα
1510 3235 1584 3306 μὴ
1621 3235 1956 3306 ὑϐρίσωμεν,
1983 3236 2120 3290 ἀλλά

544 3320 888 3391 στενάξωμεν
915 3322 1128 3393 πικρὸν,
1160 3323 1253 3377 καὶ
1280 3324 1371 3376 τὸν
1400 3323 1532 3377 Θεὸν
1559 3324 1700 3394 ύπέρ
1732 3326 1840 3379 τῶν
1869 3328 2118 3398 άμαρτη-

543 3406 733 3475 μάτων
753 3408 1246 3480 παρακαλέσωμεν,
1261 3412 1438 3465 πάντα
1459 3411 1797 3483 δυνησόμεθα
1818 3414 2117 3468 ἀποθέσθαι

540 3495 610 3547 τὰ
636 3495 1114 3567 πλημμελήματα;
1144 3497 1300 3550 Οὖτω
1325 3498 1454 3568 γοῦν
1482 3502 1575 3553 καὶ
1608 3494 1764 3564 οὗτος
1791 3502 2079 3574 ἐδικαιώθη
2099 3521 2114 3535 ·

541 3583 731 3654 ἐπειδὴ
758 3583 866 3655 γάρ
909 3585 1008 3637 οὐκ
1052 3584 1377 3656 ἀνθύϐρισεν
1419 3588 1646 3651 ἐκεῖνον,
1677 3587 1793 3641 ἀλλ’
1834 3589 2117 3657 ἐστέναξεν

544 3670 684 3742 ὺπέρ
715 3670 822 3724 τῶν
854 3672 1068 3725 οἰκείων
1106 3673 1542 3744 ἁμαρτημάτων,
1583 3675 1818 3747 κατῆλθε
1847 3675 2118 3732 δεδικαιω-

543 3759 704 3828 μένος
735 3759 934 3829 μᾶλλον
966 3756 1139 3826 οὗτος,
1173 3762 1207 3833 ἢ
1233 3765 1458 3827 ἐκεῖνος.

615 3893 678 3940 ε’.
697 3888 859 3958 Ὁρᾷς
883 3890 1006 3943 ὅσον
1025 3888 1135 3961 ἔχει
1168 3891 1358 3964 κέρδος
1387 3893 1422 3963 ἡ
1450 3892 1558 3946 τῶν
1579 3893 1788 3966 ἐχθρῶν
1811 3894 1986 3967 ὕϐρις,
2017 3897 2114 3950 ἐὰν

542 3977 846 4046 φιλοσόφως
875 3979 1042 4052 αὐτὴν
1066 3981 1352 4053 φέρωμεν;
1379 3983 1549 4038 Ὅταν
1575 3984 1706 4054 γοῦν
1737 3985 1832 4038 καὶ
1858 3985 2116 4057 ψευδόμε-

524 4084 620 4129 ,νοι
646 4070 739 4120 καί
765 4069 1119 4138 ἀληθεύοντες
1141 4073 1287 4142 ἡμᾶς
1313 4073 1584 4142 ὠφελῶσι,
1602 4075 1743 4139 τίνος
1761 4077 1946 4130 ἕνεκεν
1961 4077 2112 4149 [776]

539 4160 844 4230 ἀλγοῧμεν;
876 4163 1018 4226 τίνος
1039 4163 1224 4218 ἕνεκεν
1247 4164 1585 4236 δακνόμεθας
1607 4168 1702 4220 Ἂν
1725 4168 1800 4239 μὴ
1833 4169 1896 4222 σὺ
1919 4172 2114 4224 σαυτὸν

541 4252 922 4327 παραϐλάψῃς.
957 4255 1231 4325 ἄνθρωπε,
1261 4257 1386 4312 οὗτε
1417 4259 1589 4329 φίλος,
1623 4260 1734 4315 οὔτ’
1759 4262 1971 4333 ἐχθρὸς,
2001 4264 2112 4319 οὔτ’

540 4344 700 4408 αὑτός
723 4363 780 4398 σε
811 4349 838 4400 6
855 4346 1100 4413 διάϐολος
1123 4351 1475 4422 παραϐλάψαι
1493 4353 1795 4426 δυνήσεται.
1819 4358 1984 4411 Ὅταν
2006 4358 2112 4430 γὰρ

538 4439 588 4490 οί
619 4438 959 4508 ὑϐρίζοντες,
1005 4442 1056 4493 οἱ
1095 4443 1457 4510 δημεύοντες,
1503 4447 1552 4497 οί
1603 4447 1763 4518 μέχρι
1819 4448 1918 4520 τῆς
1968 4449 2114 4519 ζωῆς

537 4529 708 4598 αὐτῆς
763 4530 1202 4595 ἐπιϐουλεύοντες
1231 4535 1514 4603 ὠφελῶσιν
1544 4540 1722 4609 ἡμᾶς,
1771 4540 1864 4593 καὶ
1907 4541 1956 4592 οἱ
2014 4541 2110 4610 μὲν

540 4621 840 4691 μαρτυρίου
877 4623 1136 4692 στέφανον
1160 4627 1290 4695 ἡμῖν
1323 4627 1583 4692 πλέκωσι,
1620 4623 1871 4701 καθάπερ
1899 4631 2112 4684 ἀπεδεί-

540 4712 730 4782 ξαμεν,
765 4714 813 4764 οἱ
847 4713 902 4765 δὲ
934 4715 1003 4766 τά
1050 4717 1423 4789 ἁμαρτήματα
1461 4720 1617 4790 ήμῶν
1645 4722 1986 4793 ὑποσύρωσι,
2018 4724 2111 4776 καὶ

536 4806 780 4870 δικαίους
816 4808 963 4877 ἡμᾶς
993 4809 1350 4879 ἐργάζωνται,
1391 4813 1582 4886 ῶσπερ
1613 4816 1706 4868 ἐπὶ
1743 4815 1838 4868 τοῦ
1877 4815 2108 4869 τελώνου

535 4899 748 4967 γέγονε,
777 4899 919 4964 τίνος
945 4901 1130 4954 ἕνεκεν
1160 4902 1564 4974 ἐκθηριούμεθα
1595 4905 1730 4978 πρὸς
1754 4906 1986 4971 αύτούς;
2017 4908 2107 4977 Μὴ

535 4992 710 5045 τοίνυν
747 4991 993 5064 λέγωμεν
1015 5011 1028 5024 ·
1065 4994 1122 5046 Ὀ
1153 4995 1298 5048 δεῖνά
1332 5013 1399 5066 με
1434 4996 1751 5067 παρώξυνε,
1785 4998 1877 5050 καὶ
1909 4999 1938 5050 6
1963 4998 2110 5052 δεῖνά

537 5101 604 5153 με
639 5087 952 5155 προήγαγεν
1003 5088 1177 5138 εἰπεῖν
1229 5088 1449 5159 ῥήματα
1482 5089 1678 5160 αἰσχρά
1699 5104 1712 5118 ’
1752 5091 1913 5160 ἡμεῖς
1943 5089 2106 5144 αιτιοι

538 5176 814 5246 πανταχοῦ
848 5177 1074 5230 τούτων.
1105 5179 1202 5230 ’Ἂν
1223 5178 1331 5249 γὰρ
1358 5179 1599 5250 θέλωμεν
1633 5179 1960 5249 φιλοσοφεῖν,
1986 5181 2106 5234 οὐδὲ

531 5268 740 5331 δαίμων
786 5271 935 5339 ἡμᾶς
986 5269 1271 5340 δυνήσεται
1320 5271 1537 5341 κινῆσαι
1588 5273 1723 5344 πρὸς
1769 5273 1972 5344 ὀργήν·
2012 5273 2107 5326 καὶ

529 5359 688 5413 τοῦτο
706 5360 863 5429 δῆλον
893 5360 984 5412 καί¹
1009 5361 1066 5426 ἐξ
1097 5361 1271 5414 ἄλλων
1301 5363 1398 5432 μὲν
1423 5363 1652 5429 πολλῶν,
1685 5366 1780 5418 καὶ
1806 5365 1903 5421 ἀπ’
1929 5367 2102 5434 αὐτῆς

527 5451 587 5504 δέ
641 5451 742 5521 τῆς
795 5452 1164 5522 προκειμένης
1218 5454 1348 5523 ἡμῖν
1400 5455 1636 5525 ἱστορίας
1692 5457 1792 5527 τῆς
1835 5458 1963 5527 περ)⁵
2009 5456 2102 5510 τοῦ

529 5543 713 5605 Δαυῖδ,
749 5544 815 5614 ἢν
845 5543 993 5610 ἀξιον
1021 5545 1116 5596 καὶ
1149 5547 1385 5617 σήμερον
1426 5552 1766 5618 παραγαγεῖν
1796 5551 1874 5612 είς
1916 5550 2102 5619 μέσον,

534 5637 798 5707 πρότερον
835 5637 1242 5708 ἀναμνήσαντες
1275 5638 1428 5707 ὑμῶν
1455 5638 1552 5709 τὴν
1597 5641 1838 5712 ἀγάπην,
1869 5641 1972 5694 ποῦ
2012 5642 2102 5693 τὸν

533 5727 687 5796 λόγον
722 5729 1092 5798 κατελύσαμεν
1129 5727 1334 5797 πρώην.
1357 5731 1465 5784 Ποῦ
1488 5733 1662 5786 τοίνυν
1695 5735 1857 5788 αὐτὸν
1881 5734 2099 5789 κατελύ-

1225 311 1286 367 S.
1327 309 1618 367 JOANNIS
1650 302 2138 365 CIIRYSOSTOMI
2178 301 2495 362 ARCIIIEP.
2535 304 3089 365 CONSTANTINOP.

3697 315 3816 374 702

2226 439 2434 492 σαμεν;
2476 423 2571 489 Εἰς
2611 427 2710 497 τὴν
2757 427 3055 495 ἀπολογίαν
3091 426 3190 498 τὴν
3217 426 3313 480 τοῦ
3363 428 3547 484 Δαυῖδ.
3590 431 3814 490 Οὐκοῦν

2225 517 2439 586 ἀνάγκη
2476 518 2715 589 σήμερον
2745 519 2812 572 τά
2856 519 2949 572 τοῦ
2995 519 3169 573 Σαοὺλ
3218 520 3440 592 ῥήματα
3468 523 3668 586 εἰπεῖν.
3709 531 3813 583 καὶ

2228 606 2356 660 ίδείν
2394 608 2460 662 τί
2493 607 2631 677 πρὸς
2677 608 2774 679 τὴν
2805 607 3168 677 δικαιολογίαν
3213 611 3423 666 ἐκείνου
3469 615 3814 689 ἀπεκρίνατο

2221 693 2402 764 οὗτος.
2433 701 2507 755 Οὐ
2535 700 2645 772 γὰρ
2686 701 2750 773 δὴ
2787 703 2947 772 μόνον
2972 704 3067 772 ἀφ’
3109 697 3186 758 ὧν
3212 706 3242 758 6
3291 705 3459 761 Δαυῖδ
3502 710 3812 780 ἐφθέγξατο

2227 793 2512 863 ῥημάτων,
2542 791 2677 846 ἀλλά
2706 792 2802 846 καὶ
2829 793 2923 862 ἀφ’
2945 789 3019 846 ῶν
3039 795 3066 847 6
3085 796 3259 850 Σαοὺλ
3280 796 3450 868 λέγει,
3476 800 3574 872 τὴν
3599 803 3810 877 ἀρετὴν

2225 883 2483 954 εἰσόμεθα
2535 883 2632 936 τοῦ
2681 885 2875 939 Δαυῖδ·
2927 886 2993 940 ἂν
3038 885 3148 959 γάρ
3203 892 3347 960 φανῇ
3390 907 3444 943 τι
3483 896 3660 964 πρᾶον
3706 898 3810 952 καὶ

2223 975 2430 1046 ἥμερον
2459 970 2613 1039 οὗτος
2639 975 3027 1048 φθεγγόμενος,
3048 979 3148 1050 τὴν
3180 979 3359 1034 αἰτίαν
3379 983 3580 1039 τούτων
3609 988 3810 1062 ἐκείνῳ

2224 1066 2551 1137 λογιούμεθα
2578 1067 2657 1139 τῷ
2689 1067 3050 1139 μεταϐαλόντι
3098 1070 3190 1123 τὸν
3217 1071 3525 1144 ἄνθρωπον,
3564 1077 3643 1148 τῷ
3677 1096 3811 1134 παι-

2223 1161 2473 1216 δεύσαντι
2506 1165 2602 1218 καὶ
2649 1163 2980 1236 ρυθμίσαντι
3023 1167 3122 1240 τὴν
3159 1168 3336 1242 ψυχὴν
3378 1173 3563 1228 αὐτοῦ.
3598 1178 3667 1230 Τί
3706 1175 3808 1235 οὗν

2224 1270 2390 1323 φησιν
2417 1256 2445 1308 6
2475 1255 2682 1322 Σαούλ;
2720 1257 2991 1321 ’Δκούσας
3030 1261 3126 1312 τοῦ
3151 1260 3314 1315 Δαυῒδ
3355 1265 3618 1336 είπόντος,
3651 1270 3808 1328 Ἰδοὺ

2222 1345 2292 1399 τὸ
2319 1348 2636 1418 πτερύγιον
2666 1347 2776 1417 τῆς
2799 1348 3110 1418 διπλοΐδος
3136 1352 3207 1406 ἐν
3234 1354 3308 1422 τῇ
3353 1359 3508 1426 χειρί
3537 1378 3680 1429 μου,
3706 1365 3808 1420 καὶ

2221 1437 2391 1493 τᾶλλα
2415 1437 2574 1492 πάνθ’
2604 1439 2640 1493 ἀ
2671 1439 2810 1510 μετά
2857 1440 3065 1494 τούτων
3103 1443 3500 1517 ἀπελογήσατο.
3545 1450 3608 1505 Ἠ
3627 1456 3805 1524 φωνή

2223 1543 2340 1583 σου
2365 1528 2539 1597 αῦτη,
2576 1529 2791 1584 τέκνον
2820 1531 3037 1598 Δαυτδ;
3074 1534 3138 1586 Ὢ
3177 1535 3316 1607 πόση
3347 1538 3567 1608 γέγονεν
3601 1544 3807 1616 ἀθρόον

2223 1622 2258 1691 ή
2291 1621 2593 1693 μεταϐολήί
2650 1623 2710 1677 '0
2753 1623 2862 1695 γὰρ
2905 1625 3029 1696 μηδ’
3079 1627 3187 1680 ἀπὸ
3221 1628 3378 1698 ψιλοῦ
3411 1632 3505 1686 τοῦ
3536 1635 3807 1708 ὀνόματος

2223 1712 2550 1782 ἀνεχόμενος
2599 1713 2762 1768 αὐτὸν
2818 1716 3047 1771 καλέσαι
3090 1719 3255 1786 ποτὲ,
3305 1722 3440 1777 ἀλλά
3483 1727 3575 1779 καὶ
3630 1729 3806 1803 αὐτὴν

2223 1802 2387 1857 αὐτοῦ
2430 1804 2604 1874 μισῶν
2633 1804 2733 1877 τὴν
2775 1810 3185 1882 προσηγορίαν,
3221 1813 3314 1865 καὶ
3358 1815 3439 1879 είς
3480 1802 3802 1887 συγγένειαί

2222 1893 2384 1946 αὐτὸν
2421 1895 2620 1965 ήγαγε,
2650 1895 2841 1951 τέκνον
2873 1899 3035 1954 αὐτὸν
3062 1905 3396 1972 προσειπών.
3425 1907 3489 1960 Τί
3514 1909 3608 1963 τοῦ
3638 1912 3803 1966 Δαυῒδ

2225 1985 2668 2059 μακαριώτερον,
2699 1989 2758 2052 ὃς
2795 1990 2886 2043 τὸν
2934 1991 3258 2064 ἀνδροφόνον
3298 1999 3508 2071 πατέρα
3551 2003 3800 2075 ἐποίησε,

2221 2081 2315 2132 κα)⁵
2345 2080 2436 2133 16v
2465 2079 2630 2133 λύκον
2663 2081 2956 2150 πρόϐατον,
2986 2086 3079 2138 καὶ
3109 2086 3207 2158 τήν
3236 2088 3466 2159 κάμινον
3494 2093 3592 2163 τῆς
3623 2094 3802 2168 ὀργῆς

2216 2171 2412 2241 δρόσου
2445 2171 2644 2240 πολλῆς
2669 2173 2953 2244 ἐνέπλησε,
2986 2176 3078 2229 καὶ
3101 2177 3169 2231 τά
3201 2182 3421 2250 κύματα
3447 2186 3526 2246 είς
3553 2187 3802 2259 γαλήνην

2225 2261 2514 2330 μετέϐαλε,
2549 2263 2645 2316 καὶ
2675 2263 2772 2335 τὴν
2801 2265 3113 2338 φλεγμονὴν
3137 2267 3233 2320 τοῦ
3259 2269 3429 2343 θυμοῦ
3467 2276 3802 2334 κατέσϐεσεν

2222 2350 2478 2417 ᾶπασαν;
2528 2353 2610 2407 Τά
2642 2353 2752 2427 γὰρ
2796 2357 3016 2426 ῥήματα
3058 2358 3242 2412 ἐκεῖνα
3280 2361 3375 2414 τοῦ
3403 2364 3565 2418 Δαυῖδ
3588 2369 3667 2430 εἰς
3695 2368 3804 2440 τὴν

2220 2441 2458 2496 διάνοιαν
2482 2444 2794 2499 εἰσελθόντα
2820 2446 2916 2500 τοῦ
2945 2447 3346 2522 τεθηριωμένου
3379 2455 3583 2522 τούτου,
3611 2461 3803 2515 πᾶσαν

2218 2531 2424 2602 ταύτην
2450 2534 2743 2606 εἰργάσατο
2766 2537 2864 2609 τὴν
2889 2540 3214 2611 μεταϐολὴν,
3244 2543 3312 2614 ἧν
3344 2544 3451 2599 ἀπὸ
3483 2548 3590 2602 τῶν
3620 2552 3804 2621 ῥημά-

2219 2641 2326 2677 των
2351 2625 2558 2679 τούτων
2587 2627 2734 2681 ἔστιν
2769 2629 2918 2687 ἰδεῖν.
2953 2631 3091 2686 Οὔτε
3113 2633 3218 2705 γὰρ
3244 2630 3412 2701 εἶπεν,
3439 2641 3500 2691 Ol
3533 2639 3684 2709 λόγοι
3711 2659 3802 2697 σοι

2219 2712 2425 2780 οὖτοιι,
2457 2719 2645 2772 τέκνον
2662 2722 2856 2787 Δαυῖδ;
2897 2723 3034 2777 ἀλλά
3056 2725 3106 2777 τί
3121 2742 3136 2789 ;
3182 2726 3243 2781 Ἡ
3269 2728 3432 2796 φωνή
3459 2745 3579 2784 σου
3605 2734 3801 2803 αὕτη,

2219 2806 2434 2861 τέκνον
2445 2809 2651 2874 Δαυῖδ;
2667 2812 2762 2864 καὶ
2779 2813 2918 2883 πρὸς
2937 2815 3097 2870 αὐτὸν
3116 2816 3219 2888 γὰρ
3234 2818 3320 2871 τὸν
3335 2819 3562 2890 φθόγγον
3575 2821 3722 2876 διεθε
3731 2842 3807 2895 9-

2223 2895 2443 2968 μαίνετο
2463 2899 2667 2956 λοιπόν.
2693 2901 2803 2954 Καὶ
2832 2903 3083 2976 καθάπερ
3106 2907 3283 2978 πατὴρ
3307 2909 3522 2980 χρονίας
3546 2911 3807 2979 ἀκούσας

2221 2990 2408 3060 φωνῆς
2444 2991 2635 3056 παιδὸς
2682 2994 3070 3062 ἐπανελθόντος
3106 2999 3300 3064 ποθὲν,
3338 3002 3457 3072 οὐχὶ
3514 3005 3651 3075 πρὸς
3693 3007 3803 3076 τὴν

2219 3081 2342 3152 ἄψιν
2367 3083 2558 3154 μόνην,
2588 3085 2722 3140 ἀλλὰ
2747 3090 2840 3140 καὶ
2873 3089 3008 3161 πρὸς
3045 3091 3146 3162 τὴν
3176 3095 3358 3165 φωνὴν
3398 3095 3566 3166 αὐτὴν
3599 3097 3802 3167 διεγεί-

2224 3188 2376 3242 ρεται
2393 3191 2408 3204 ο
2439 3175 2586 3230 οὕτω
2601 3177 2694 3231 καὶ
2710 3181 2739 3232 6
2759 3180 2951 3244 Σαοὺλ,
2973 3183 3160 3254 ἐπειδὴ
3181 3183 3250 3236 τά
3272 3187 3492 3256 ῥήματα
3514 3187 3603 3242 τοῦ
3629 3191 3802 3247 Δαυῒδ

2219 3264 2531 3320 εἰσελθόντα
2561 3267 2661 3340 τὴν
2695 3269 2898 3342 ἔχθραν
2936 3273 3216 3341 ἐξέϐαλεν,
3243 3277 3457 3346 ἐπέγνω
3489 3279 3673 3337 λοιπὸν
3701 3285 3798 3338 τὸν

2219 3355 2393 3424 ἅγιον,
2412 3359 2505 3412 κα)⁵
2535 3360 2707 3425 πάθος
2735 3364 3094 3435 ἀποθέμενος,
3123 3367 3296 3434 πάθος
3324 3371 3563 3436 ἐδέξατο.
3595 3376 3798 3430 Ἐκϐα-

2217 3446 2325 3501 λὼν
2346 3453 2416 3518 γά
2423 3467 2456 3521 ρ
2480 3449 2670 3523 θυμὸν,
2697 3453 2912 3519 ἐδέξατο
2934 3457 3202 3528 εὐθυμίαν
3221 3477 3278 3513 τε
3301 3462 3395 3514 καὶ
3427 3465 3796 3535 συμπάθειαν.

2221 3542 2329 3596 Καὶ
2362 3543 2612 3616 καθάπερ
2658 3547 2852 3611 νυκτὸς
2890 3549 2991 3619 μὲν
3037 3552 3322 3625 παρούσης
3371 3556 3493 3609 οὐδὲ
3549 3560 3799 3628 παρόντα.

2217 3634 2482 3698 πολλάκις
2508 3635 2657 3709 [777]
2698 3639 3132 3713 ἐπιγινώσκομεν
3166 3645 3338 3713 φίλον,
3367 3647 3583 3720 ήμέρας
3609 3649 3665 3703 δὲ
3703 3669 3800 3719 γει

2217 3727 2468 3799 νομένης,
2499 3729 2593 3782 καὶ
2629 3730 2916 3802 πόρρωθεν
2949 3734 3183 3804 ὁρῶντες
3227 3737 3388 3791 αὐτὸν
3416 3740 3758 3813 γνωρίζομεν
3777 3763 3794 3778 ο

2216 3819 2358 3872 οὕτω
2383 3821 2476 3873 καὶ
2519 3822 2612 3874 ἐπὶ
2650 3823 2750 3893 τῆς
2800 3823 2999 3896 ἔχθρας
3046 3827 3364 3897 συμϐαίνειν
3392 3830 3598 3886 εἴωθεν.
3645 3836 3798 3901 Ἕως

2219 3909 2318 3980 μὲν
2349 3910 2416 3964 ἂν
2442 3906 2591 3983 ὦμεν
2615 3914 2797 3985 ἀηδῶς
2821 3917 2958 3988 πρὸς
2991 3917 3252 3991 ἀλλήλους
3279 3921 3508 3994 ἔχοντες,
3543 3927 3639 3980 καὶ
3681 3946 3800 3997 φω-

2215 4002 2310 4072 νῆς
2341 4003 2540 4074 ἐτέρως
2580 4005 2872 4076 ἀκούομεν,
2908 4007 3002 4061 καὶ
3045 4008 3168 4078 ὄψιν
3205 4013 3343 4081 μετά
3385 4013 3800 4088 διεφθαρμένης

2216 4092 2483 4165 βλέπομεν
2513 4097 2737 4167 γνώμης
2754 4113 2770 4128 ο
2797 4098 3014 4152 ἐπειδάν
3038 4099 3084 4152 δ’
3108 4103 3437 4176 ἀποθώμεθα
3461 4107 3558 4177 τὴν
3594 4109 3796 4179 ὀργὴν,

2212 4188 2246 4256 ή
2286 4187 2394 4258 1:96
2430 4186 2618 4240 τούτου
2659 4189 2893 4261 πολεμία
2947 4192 3042 4244 καὶ
3075 4191 3244 4265 ἐχθρά
3293 4196 3466 4267 φωνὴ,
3511 4201 3799 4270 προσηνὴς

2213 4280 2308 4331 καὶ
2339 4279 2526 4351 ἡδίστη
2559 4282 2693 4350 ἡμῖν
2737 4282 3021 4350 φαίνεται,
3052 4285 3146 4338 καὶ
3191 4287 3224 4357 ή
3260 4287 3493 4360 πολεμία
3530 4290 3652 4360 ϐψις
3695 4296 3800 4349 καὶ

2213 4369 2382 4440 ἀηδὴς
2407 4371 2627 4441 ποθεινὴ
2656 4373 2753 4425 καὶ
2783 4374 3059 4446 ἐπίχαρις.

2283 4515 2344 4565 ς’.
2368 4505 2536 4559 Τοῦτο
2561 4506 2767 4574 γίνεται
2796 4509 2891 4561 καὶ
2907 4509 3001 4563 ἐπὶ
3034 4511 3126 4564 τοῦ
3157 4514 3440 4583 χειμῶνος.
3461 4515 3573 4568 Ούκ
3592 4516 3798 4588 ἀφίησι

2211 4597 2303 4650 τοῦ
2333 4598 2561 4666 ούρανοῦ
2595 4599 2656 4651 τὸ
2688 4599 2883 4663 κάλλος
2915 4603 2948 4671 ή
2990 4601 3096 4655 τῶν
3127 4605 3304 4672 νεφῶν
3344 4605 3630 4674 φαίνεσθαι
3662 4626 3797 4663 συν-

2211 4688 2420 4756 δρομή·
2490 4686 2625 4740 ἀλλὰ
2673 4687 2774 4742 κᾶν
2826 4691 3086 4760 μυριάκις
3135 4691 3418 4766 ὀξυδερκὲς
3464 4696 3676 4767 ἔχωμεν
3724 4701 3798 4752 τὸ

2210 4777 2384 4846 ὄμμα,
2415 4777 2515 4829 οὐκ
2546 4778 2803 4848 ἱσχύομεν
2849 4782 3231 4837 ἀντιλαϐέσθαι
3271 4785 3370 4855 τῆς
3413 4786 3525 4840 ἀνω
3564 4789 3798 4860 φαιδρό-

2209 4886 2392 4938 τητος.
2439 4871 2688 4924 Ἐπειδὰν
2713 4871 2757 4923 δ’
2779 4875 2812 4943 ή
2859 4874 2956 4944 τῆς
2987 4876 3200 4938 ἀκτῖνος
3229 4877 3496 4948 θερμότης
3523 4879 3799 4951 ἐνδιατρί-

2208 4961 2358 5030 ψασα
2391 4964 2482 5016 καὶ
2503 4965 2838 5036 διαρῤήξασα
2869 4967 2928 5018 16
2958 4967 3137 5034 νέφος,
3163 4967 3308 5040 δείξῃ
3347 4969 3437 5023 τὸν
3471 4971 3640 5041 ἥλιον,
3683 4974 3804 5028 δείο-

2210 5071 2364 5106 κνυσι
2405 5056 2498 5107 καὶ
2536 5056 2636 5124 τὴν
2663 5056 2756 5108 τοῦ
2784 5057 3012 5126 ούρανοῦ
3054 5060 3214 5112 πάλιν
3250 5061 3601 5132 εὐπρέπειαν.
3633 5062 3804 5121 Οὕτω

2210 5137 2303 5189 καὶ
2356 5138 2440 5206 ἐφ’
2494 5137 2649 5208 ήμῶν
2692 5139 3060 5209 ὀργιζομένων
3104 5141 3345 5209 γίνεται·
3391 5146 3486 5197 καὶ
3536 5145 3801 5219 καθάπερ

2209 5228 2368 5297 νέφος
2393 5231 2813 5300 πεπυκνωμένον
2842 5233 2948 5301 πρὸ
2972 5231 3074 5285 τῶν
3101 5233 3393 5306 ὀφθαλμῶν
3421 5238 3516 5290 καὶ
3541 5237 3650 5308 πρὸ
3681 5239 3801 5290 τῶν

2207 5320 2386 5374 ἀκοῶν
2421 5323 2632 5375 ἑστῶσα
2663 5325 2695 5392 ή
2731 5322 2918 5392 ἔχθρα,
2961 5325 3154 5397 ἐτέρας
3195 5329 3290 5380 καὶ
3345 5328 3445 5392 τὰς
3477 5329 3664 5397 φωνὰς
3696 5331 3801 5382 καὶ

2205 5413 2304 5476 τὰς
2336 5413 2486 5483 ὄψεις
2515 5415 2657 5465 ποιεῖ
2697 5413 3005 5481 φαίνεσθαι.
3043 5417 3292 5472 Ἐπειδὰν
3321 5419 3379 5472 δέ
3419 5419 3800 5492 φιλοσοφήσας

2205 5521 2288 5568 τις
2316 5505 2414 5575 τὴν
2444 5504 2640 5576 ἔχθραν
2666 5505 2935 5576 ἀπόθηται
2960 5509 3056 5562 καὶ
3097 5509 3364 5583 διαρῤήξη
3394 5513 3495 5583 τῆς
3521 5514 3702 5586 λύπης
3723 5515 3796 5570 τὸ

2208 5595 2385 5662 νέφος,
2408 5595 2528 5647 τότε
2550 5595 2830 5665 ἀδεκάστῳ
2857 5597 3103 5670 λογισμῷ
3128 5602 3221 5654 καλ⁵
3245 5601 3435 5670 ὄψεται
3461 5604 3661 5672 πάντα,
3691 5607 3798 5663 καὶ

2270 5729 2293 5755 ⁸
2319 5727 2443 5792 Reg.
2471 5743 2598 5778 unus
2619 5734 2663 5778 οί
2689 5731 2820 5794 λόγοι
2843 5749 2932 5781 σου
2955 5733 3103 5785 οὗτοι.
