4134 6214
416 328 518 388 τσι

414 444 603 510 litiam,
627 440 764 498 alter
786 454 1051 498 summam
1086 440 1369 497 exercebat
1398 440 1677 511 justitiam,
1708 450 1766 497 ut
1790 440 1881 511 qui
1920 440 1999 495 fa-

413 535 643 590 cultates
670 549 794 589 suas
814 544 1094 605 erogaret,
1122 533 1442 604 assidueque
1464 533 1753 603 jejunaret,
1779 548 1942 603 purus
1968 546 1997 586 a

414 625 618 695 rapinis
651 640 665 678 :
699 634 885 680 contra
918 626 1053 680 alter
1102 624 1156 679 in
1194 625 1396 695 rapinis
1446 639 1510 679 ac
1554 624 1823 679 viulentiis
1874 625 1996 678 vita:

402 724 632 784 tempus
656 729 814 770 omne
849 711 1270 785 consumpserat.
1320 715 1491 771 Ambo
1536 717 1893 771 ascenderunt
1946 715 1996 771 in

419 806 675 876 templum
718 807 908 861 orandi
951 805 1140 876 gratia.
1170 804 1273 861 ‘llle
1308 815 1455 860 stans
1500 805 1712 862 dicebat
1743 823 1757 860 :
1788 805 1999 861 Gratias

414 913 514 968 ago
535 897 623 951 tibi
647 938 661 963 ,
687 896 922 962 Domine,
953 897 1191 967 quoniam
1218 913 1319 950 non
1339 914 1451 951 sum
1477 898 1605 952 sicut
1630 897 1801 952 cwteri
1830 898 1996 952 homi-

412 1003 524 1055 nes,
552 1004 763 1057 rapaces
783 1030 797 1056 ,
825 987 967 1041 avari
985 1028 1001 1054 ,
1022 1003 1184 1058 neque
1211 986 1347 1041 velut
1378 988 1468 1042 liic
1496 987 1794 1058 publicam
1820 988 1839 1056 (
1865 987 1993 1041 Luc.

405 1080 506 1137 48.
538 1081 626 1135 ll.
652 1080 719 1135 12
741 1078 784 1151 ).
807 1081 878 1135 At
918 1079 1231 1150 publicanus
1255 1079 1443 1150 procul
1469 1090 1614 1135 etans
1643 1095 1747 1134 non
1765 1081 1998 1150 regessit

418 1171 797 1226 contumeliam
824 1212 842 1239 ,
888 1184 1063 1240 neque
1091 1170 1325 1225 vicissim
1374 1169 1507 1225 dixit
1538 1168 1859 1234 convicium,
1888 1186 1995 1225 non

410 1264 641 1334 protulit
688 1263 787 1319 ista
826 1261 1062 1333 vulgaria
1100 1262 1264 1318 verba
1290 1280 1305 1317 :
1329 1262 1481 1318 Tune
1505 1261 1682 1318 audes
1712 1278 1845 1318 mete
1871 1264 1996 1318 vita:

415 1357 742 1412 mentionem
768 1354 942 1412 facere
954 1370 1191 1426 meaque
1208 1356 1343 1411 facta
1360 1354 1753 1425 reprehendere
1766 1355 1791 1409 τ
1803 1356 1994 1410 Annon

414 1463 531 1503 sum
578 1457 633 1503 te
674 1448 901 1504 melior?
940 1448 1189 1503 Referam
1235 1456 1325 1503 tua
1371 1456 1584 1519 peccata
1609 1446 1880 1514 ,‘faxoque
1928 1463 1996 1505 ne

416 1555 664 1610 umquam
700 1541 752 1596 in
800 1540 915 1595 inec
939 1554 1090 1596 sacra
1124 1539 1452 1595 conscendas
1497 1540 1652 1594 atria.
1695 1539 1881 1607 Nihil,
1912 1541 1996 1596 in-

412 1649 595 1704 quam,
630 1634 929 1689 istiusmodi
977 1632 1287 1703 frigidorum
1328 1633 1609 1688 verborum
1629 1633 1887 1704 “loquutus
1912 1642 1995 1689 est

414 1727 751 1796 publicanus,
783 1724 977 1795 quibus
1005 1725 1204 1780 utimur
1232 1724 1469 1795 quotidie
1497 1741 1594 1781 nos
1636 1736 1823 1782 mutuo
1850 1742 1997 1782 con—

417 1818 568 1871 viciis
592 1827 965 1888 aspergentes;
1011 1816 1105 1872 sed
1150 1832 1332 1873 amare
1384 1818 1662 1887 suspirans
1704 1830 1995 1891 pectusque

412 1908 739 1979 percutiens,
769 1907 871 1963 hoc
896 1917 1098 1963 tantum
1125 1908 1281 1975 dixit,
1316 1908 1577 1979 Propitius
1598 1918 1699 1965 esto
1734 1911 1857 1965 milii
1874 1929 1993 1983 pec-

408 2000 574 2054 caturi
594 2000 612 2070 (
634 1998 718 2053 Ib.
751 2015 798 2052 υ.
832 2000 901 2054 15
927 2000 967 2070 ),
997 2008 1053 2055 et
1084 2000 1358 2055 descendit
1378 1999 1720 2069 justilicatus.

479 2085 745 2139 Accusatio
765 2085 845 2139 sui
872 2085 931 2153 ﬁt
956 2085 1181 2140 remissio
1199 2085 1445 2139 criminis.
1471 2084 1556 2139 Ne
1574 2086 1771 2140 damon
1792 2085 1993 2155 quidem

409 2194 502 2231 nos
543 2177 609 2230 ad
660 2176 790 2230 iram
819 2176 1070 2231 concitare
1108 2186 1283 2245 potest.
1314 2199 1387 2217 -ί
1428 2176 1588 2232 Vides
1625 2177 1990 2233 celeritatem?

408 2271 615 2339 accepit
657 2268 930 2338 probrum,
960 2276 1015 2323 et
1057 2268 1224 2322 abluit
1272 2268 1560 2338 probrum;
1614 2268 1835 2338 agnovit
1858 2283 1987 2339 pec-

406 2369 562 2425 cata,
604 2369 658 2414 et
694 2359 939 2428 deposuit
966 2368 1237 2429 peccata:
1286 2367 1341 2414 et
1392 2359 1674 2414 criminum
1717 2361 1988 2416 accusatio

410 2451 544 2505 facta
575 2460 656 2505 est
685 2448 759 2504 illi
789 2449 1071 2505 criminum
1113 2450 1357 2505 remissio
1379 2490 1394 2516 ,
1444 2459 1499 2505 et
1547 2449 1714 2506 hostis
1758 2451 1993 2508 insciens

407 2541 584 2596 factus
626 2551 709 2596 est
737 2540 1027 2597 beneficus.
1069 2542 1209 2609 Quot
1249 2542 1457 2597 labores
1508 2552 1662 2597 erant
1710 2543 1991 2613 publicano

405 2632 669 2687 subeundi
698 2674 713 2699 ,
741 2632 1030 2702 jejuuando
1054 2674 1069 2699 ,
1100 2632 1249 2687 humi
1294 2632 1610 2688 dormiendo
1632 2673 1650 2700 ,
1694 2631 1985 2703 vigilando,

405 2727 543 2781 bona
571 2741 668 2782 sua
697 2726 877 2797 egenis
907 2725 1279 2797 impartiendo,
1312 2725 1469 2795 longo
1500 2735 1735 2797 tempore
1758 2728 1809 2781 in
1830 2742 1989 2782 sacco

404 2829 458 2874 et
483 2819 664 2873 cinere
691 2817 928 2872 sedendo
948 2857 963 2881 ,
994 2824 1053 2871 ut
1082 2817 1172 2871 illa
1220 2825 1325 2870 tam
1365 2816 1529 2870 multa
1560 2826 1775 2885 peccata
1806 2826 1989 2887 posset

404 2910 719 2980 deponere?
749 2912 817 2963 At
844 2924 984 2964 nunc
1018 2924 1137 2963 cum
1180 2908 1316 2963 nihil
1351 2909 1451 2964 tale
1509 2909 1692 2964 fecerit
1713 2952 1727 2975 ,
1758 2911 1988 2980 simplici

404 3002 569 3057 verbo
597 3017 811 3057 omnem
841 3001 1087 3070 deposuit
1130 3002 1467 3072 iniquitatem
1492 3021 1504 3057 :
1538 3018 1599 3057 ac
1636 3004 1828 3073 probra
1855 3018 1984 3059 eone

404 3092 646 3161 vieiaque
674 3091 963 3158 Pharisrei,
992 3092 1081 3162 qui
1141 3092 1419 3147 videbatur
1465 3092 1615 3148 illum
1665 3095 1987 3151 contumelia

403 3183 647 3248 allicere,
677 3185 751 3239 illi
778 3194 1099 3255 pepererunt
1128 3185 1348 3255 justitia!
1376 3201 1651 3253 coronam,
1682 3187 1839 3258 idque
1870 3190 1987 3244 sine

403 3278 688 3335 sudoribus
712 3319 727 3343 ,
767 3278 885 3333 sine
915 3278 1185 3333 laboribus
1205 3320 1219 3343 ,
1252 3287 1305 3333 et
1329 3278 1530 3349 absque
1557 3279 1698 3349 longi
1730 3281 1986 3351 temporis

404 3386 577 3425 mora.
608 3369 839 3424 Videsne
869 3383 988 3435 nos,
1035 3369 1241 3425 etiamsi
1273 3370 1391 3439 quis
1428 3384 1550 3425 vera
1573 3370 1641 3426 de
1668 3370 1820 3425 nobis
1848 3386 1985 3440 prte-

402 3461 564 3526 dicet,
596 3475 822 3531 quorum
851 3474 950 3514 nos
977 3460 1077 3531 ipsi
1092 3461 1253 3516 nobis
1273 3461 1473 3516 conscii
1502 3461 1690 3527 simus,
1721 3462 1823 3517 ista
1856 3476 1986 3518 vero

402 3552 784 3622 przedicantem
813 3566 919 3606 non
946 3552 1181 3607 vicissim
1208 3552 1635 3621 impertierimus
1654 3553 1947 3609 maledictis
1965 3595 1983 3621 ,

403 3643 497 3698 sed
529 3658 711 3698 amare
734 3643 1168 3712 ingemiscentcs,
1203 3644 1373 3697 Deum
1403 3659 1503 3713 pro
1542 3644 1753 3699 delictis
1784 3647 1984 3700 nostris

402 3734 885 3802 imploraverimus,
908 3733 1084 3787 omnia
1113 3743 1326 3802 peccata
1352 3733 1621 3802 deponere
1655 3736 1848 3803 posse?
1874 3736 1988 3791 Hoc

404 3834 560 3893 pacto
586 3833 640 3878 et
687 3823 771 3878 hic
798 3822 1122 3892 iustiﬁcatus
1161 3833 1245 3880 est
1276 3842 1291 3880 :
1332 3826 1581 3895 quoniam
1610 3825 1750 3880 enim
1800 3827 1987 3882 Phari-

405 3932 571 3971 saeum
616 3931 725 3970 non
769 3916 914 3969 ultus
942 3924 1026 3970 est
1055 3916 1331 3983 conviciis,
1360 3916 1454 3971 sed
1484 3930 1582 3986 pro
1614 3917 1726 3972 suis
1753 3919 1986 3987 peccatis

408 4006 684 4078 ingemuit,
714 4006 997 4062 descendit
1018 4006 1344 4076 justificatus
1370 4022 1480 4078 prae
1513 4009 1627 4064 illo.

480 4100 533 4154 5.
570 4099 730 4154 Vides
750 4108 1005 4169 quantum
1044 4098 1232 4154 afferat
1258 4098 1495 4155 utilitatis
1526 4100 1858 4155 inimicorum
1888 4115 1984 4157 ex-

406 4190 677 4261 probratio
700 4230 717 4257 ,
759 4190 804 4244 si
845 4189 1007 4245 modo
1051 4204 1169 4245 eam
1215 4189 1584 4262 philosOphico
1611 4190 1986 4259 pertulerimus

405 4288 627 4343 animo?
655 4285 808 4355 Quod
828 4287 873 4342 si
902 4295 957 4341 et
991 4286 1313 4342 mentientes
1337 4294 1393 4341 et
1428 4301 1553 4342 vera
1584 4286 1861 4357 loquentes
1884 4301 1984 4342 no-

406 4380 491 4435 bis
518 4388 742 4449 prosunt
767 4419 780 4446 ,
811 4378 1155 4449 quamobrem
1182 4378 1459 4433 dolemus?
1487 4393 1647 4446 quam
1672 4378 1740 4434 ob
1770 4392 1985 4434 causam

407 4473 652 4528 urimur?
694 4471 756 4526 Ni
788 4471 1011 4543 teipsum
1039 4470 1262 4538 laeseris,
1289 4486 1322 4525 ο
1350 4471 1533 4538 homo,
1560 4485 1734 4542 neque
1757 4471 1982 4541 amicus,

407 4579 579 4633 neque
605 4563 849 4618 inimicus
875 4603 889 4627 ,
934 4577 1002 4617 ne
1029 4562 1144 4631 ipse
1185 4561 1397 4633 quidem
1442 4561 1686 4617 diabolus
1712 4562 1906 4633 poterit
1934 4572 1985 4619 te

404 4656 623 4711 hedere.
677 4655 888 4711 Etenim
940 4670 1061 4710 eum
1091 4663 1147 4710 et
1196 4655 1232 4709 ii
1261 4655 1350 4725 qui
1381 4670 1479 4711 nos
1504 4655 1841 4711 contumeliis
1868 4655 1985 4711 affi-

403 4748 571 4813 ciunt,
598 4747 689 4818 qui
721 4746 1023 4809 traducunt,
1045 4747 1134 4816 qui
1160 4761 1328 4815 usque
1355 4746 1419 4799 ad
1450 4747 1613 4815 ipsius
1637 4747 1760 4801 vita:
1788 4746 1983 4803 discri-

400 4854 525 4894 men
557 4839 911 4906 insidiantur,
946 4837 1227 4893 utilitatem
1254 4835 1477 4892 atl‘erant
1501 4878 1516 4902 ,
1544 4846 1598 4892 et
1624 4836 1713 4892 alii
1745 4839 1985 4911 martyrii

399 4944 657 4985 coronam
690 4930 844 4986 nobis
893 4929 1125 4999 plectant
1146 4969 1162 4993 ,
1190 4934 1248 4982 ut
1273 4926 1637 4993 ostendimus,
1665 4926 1755 4984 alii
1801 4943 1986 4985 rursus

405 5022 531 5076 dum
578 5031 792 5091 peccata
836 5023 991 5079 nobis
1016 5019 1377 5091 exprobrant,
1405 5034 1505 5074 nos
1538 5019 1711 5090 justos
1735 5020 1982 5090 reddant,

405 5114 858 5185 quemadmodum
882 5115 1074 5172 accidit
1098 5115 1149 5169 in
1181 5112 1459 5183 publicano
1477 5152 1491 5176 ,
1521 5127 1616 5167 cur
1646 5112 1696 5167 in
1723 5113 1839 5168 illos
1859 5113 1987 5170 clle-

408 5209 579 5261 rimur
602 5215 656 5262 et
680 5205 1124 5262 excandescimus
1144 5205 1170 5258 ?
1202 5205 1278 5260 Ne
1307 5203 1597 5259 dixerimus
1638 5204 1815 5273 itaque
1848 5219 1862 5256 :
1894 5204 1987 5260 Ille

407 5315 495 5355 me
522 5298 777 5354 atrociter
820 5296 1080 5365 irritavit,
1112 5298 1206 5353 ille
1232 5312 1317 5352 me
1361 5296 1590 5366 perpulit
1627 5337 1642 5361 ,
1672 5304 1725 5349 ut
1752 5294 1984 5350 dicerem

405 5392 686 5448 inhonesta
738 5390 898 5447 verba
964 5405 979 5442 :
1038 5405 1135 5445 nos
1190 5390 1382 5460 ubique
1435 5389 1619 5444 talium
1688 5402 1845 5444 causa
1898 5404 1986 5442 su-

405 5500 546 5540 mus.
563 5482 693 5538 Nam
719 5481 766 5537 si
791 5482 1014 5537 velimus
1038 5480 1425 5551 philosophari,
1446 5495 1512 5535 ne
1537 5479 1745 5534 daemon
1771 5477 1983 5550 quidem

405 5578 601 5649 poterit
641 5590 739 5631 nos
768 5575 833 5630 ad
855 5576 985 5631 iram
1031 5574 1302 5630 concitare
1333 5589 1349 5630 :
1376 5572 1534 5643 idque
1579 5572 1743 5642 liquet
1770 5579 1879 5626 tum
1919 5587 1986 5627 ex

404 5673 524 5728 aliis
544 5668 920 5740 compluribus,
943 5677 1050 5735 tum
1077 5682 1141 5724 ex
1164 5666 1264 5722 hac
1293 5666 1403 5737 ipsa
1429 5680 1547 5735 qua:
1568 5680 1708 5721 nunc
1735 5664 1787 5719 in
1817 5665 1986 5720 mani-

405 5769 504 5825 bus
526 5774 607 5822 est
631 5762 849 5819 historia
877 5761 942 5818 de
965 5759 1183 5829 Davide,
1210 5766 1367 5831 quam
1394 5772 1571 5829 operm
1602 5756 1827 5827 pretium
1860 5756 1976 5810 fne-

1428 322 1528 380 DE
1559 322 1812 380 DAVIDE
1854 320 1937 379 ET
1976 320 2198 380 SAULE
2234 321 2512 379 IIOMILIA
2554 320 2641 379 Ill.

3581 332 3689 388 70'3

2111 439 2179 493 rit
2206 445 2259 493 et
2289 438 2450 494 hodie
2481 441 2532 493 in
2555 438 2786 495 medium
2806 438 3015 507 aiferre,
3048 440 3092 495 si
3116 441 3262 511 prius
3290 444 3560 501 caritatem
3591 463 3686 504 ve-

2106 540 2272 585 stram
2297 531 2758 599 admonuerimus,
2787 532 3006 587 ubinam
3037 549 3206 605 nuper
3227 539 3691 597 terminaverimus

2103 621 2439 678 concionem.
2474 621 2575 678 Ubi
2621 623 2780 694 igitur
2803 638 2920 679 eam
2964 625 3408 682 terminavimus?
3437 629 3490 684 In
3515 647 3688 685 exen-

2101 712 2307 768 satione
2332 711 2563 767 Davidis.
2597 713 2828 769 Proinde
2873 730 3096 771 necesse
3122 727 3204 771 est
3224 759 3239 783 ,
3268 730 3320 773 ut
3355 719 3512 775 hodie
3538 724 3689 777 vobis

2102 800 2278 857 Saulis
2308 802 2468 857 verba
2523 803 2818 859 referamus
2841 847 2856 872 ,
2888 821 2996 876 quo
3038 807 3312 863 videamus
3342 810 3466 880 quid
3497 810 3582 866 hic
3621 814 3687 867 ad

2097 890 2445 961 justissimam
2493 893 2633 949 illius
2657 897 3053 952 excusationem
3100 900 3452 969 reSponderit.
3505 901 3691 973 Neque

2101 984 2243 1038 enim
2268 999 2299 1040 e
2321 985 2494 1040 verbis
2523 995 2724 1042 tantum
2750 1004 2869 1059 quae
2896 989 3060 1045 David
3084 991 3332 1063 loquutus
3354 1003 3433 1047 est
3457 1036 3471 1058 ,
3504 1011 3687 1051 verum

2101 1076 2261 1130 etiam
2291 1092 2321 1131 e
2358 1076 2535 1134 Saulis
2570 1079 2811 1134 oratione
2832 1120 2850 1146 ,
2879 1080 3094 1137 Davidis
3122 1083 3369 1139 virtutem
3400 1086 3689 1157 perspicie-

2100 1181 2219 1221 mus
2246 1184 2260 1219 :
2292 1181 2413 1222 nam
2441 1168 2487 1223 si
2524 1166 2653 1223 Saiil
2685 1169 2883 1240 aliquid
2932 1171 3140 1241 placide
3189 1186 3570 1247 mansueteque
3597 1193 3687 1235 re-

2098 1254 2411 1324 sponderit,
2458 1257 2614 1326 hujus
2669 1274 2885 1315 causam
2924 1261 3109 1317 Davidi
3153 1263 3552 1335 imputabimus,
3584 1270 3679 1339 qui

2100 1344 2392 1402 immutarit
2416 1347 2707 1416 hominem,
2740 1352 2936 1422 quique
2980 1353 3265 1424 erudierit,
3294 1366 3348 1412 et
3387 1357 3455 1413 ad
3485 1360 3689 1417 sobrie-

2102 1444 2262 1491 tatem
2302 1441 2663 1509 composuerit
2703 1441 2843 1496 illius
2892 1444 3152 1500 animum.
3208 1446 3343 1514 Quid
3402 1449 3560 1519 igitur
3611 1452 3691 1509 ait

2097 1525 2269 1583 Saiil?
2298 1528 2648 1600 Posteaquam
2700 1531 2941 1588 audierat
2980 1535 3143 1589 David
3181 1535 3484 1608 loquentem
3509 1583 3524 1609 ,
3552 1539 3687 1598 Ecce

2091 1615 2284 1671 lacinia
2304 1618 2585 1691 chlamydis
2610 1630 2713 1675 tua:
2736 1621 2788 1675 in
2818 1640 2973 1678 manu
3000 1626 3148 1695 mea(
3199 1628 3250 1682 l.
3281 1627 3411 1700 Reg.
3446 1631 3538 1687 2i.
3568 1633 3684 1705 15),

2092 1708 2307 1779 aliaque
2333 1720 2526 1766 cuncta
2564 1726 2684 1782 quae
2729 1712 2783 1767 in
2825 1716 3225 1772 excusationem
3275 1722 3492 1777 attulit:
3536 1722 3683 1793 Vox,

2098 1798 2290 1869 inquit,
2325 1802 2421 1857 ista
2440 1812 2546 1871 tua,
2577 1805 2657 1873 fili
2683 1804 2856 1861 David
2891 1810 2910 1879 (
2938 1808 3075 1863 Ibid.
3100 1827 3148 1865 υ.
3172 1814 3237 1867 l7
3265 1810 3325 1883 )?
3360 1815 3566 1884 Quanta
3594 1833 3686 1873 su-

2096 1887 2215 1943 bito
2242 1890 2380 1946 facta
2425 1903 2511 1948 est
2558 1897 2819 1951 mutatio!
2866 1898 2965 1965 Qui
3023 1916 3311 1971 numquam
3363 1906 3686 1965 sustinuerat

2095 1978 2245 2069 illum
2269 1981 2350 2037 vel
2377 1984 2607 2054 simplici
2636 2002 2833 2045 vocare
2863 1991 3098 2058 nomine,
3115 1992 3285 2064 ipsam
3308 1997 3468 2052 etiam
3499 2001 3684 2069 appel-

2093 2068 2345 2128 lationem
2369 2074 2569 2130 habens
2588 2090 2985 2147 exosam,nunc
3014 2083 3230 2154 adoptat
3249 2101 3373 2142 eum
3401 2089 3452 2144 in
3479 2068 3681 2162 cogna-

2100 2160 2336 2229 tionem,
2364 2166 2640 2235 appellans
2683 2184 2804 2223 eum
2853 2170 3042 2227 filium.
3092 2173 3229 2240 Quid
3279 2177 3435 2247 igitur
3482 2160 3683 2238 Da'vidc

2097 2250 2307 2308 felicius
2331 2294 2347 2320 ,
2375 2254 2466 2325 qui
2498 2270 2565 2310 ex
2589 2258 2851 2314 homicida
2874 2260 2999 2316 fecit
3026 2273 3254 2332 patrem,
3279 2282 3311 2321 c
3343 2269 3468 2337 lupo
3496 2286 3676 2339 ovem,

2095 2342 2185 2413 qui
2213 2344 2483 2401 fornacem
2508 2347 2796 2405 iracundia:
2812 2352 2980 2407 multo
3005 2353 3242 2425 implevit
3265 2372 3406 2425 rore,
3426 2362 3512 2430 qui
3535 2373 3673 2419 tem-

2095 2444 2354 2504 pestatem
2379 2439 2536 2493 vertit
2585 2441 2639 2495 in
2667 2444 3098 2514 tranquillitatem
3118 2489 3133 2514 ,
3161 2450 3357 2520 quique
3406 2460 3671 2512 tumorem

2092 2540 2305 2620 omnem
2328 2529 2406 2585 ira
2436 2534 2775 2589 exaestuantis
2801 2537 2961 2592 animi
2993 2540 3279 2597 restinxit?
3302 2545 3439 2602 Veib
3457 2567 3465 2597 ι
3486 2550 3682 2620 quippe

2095 2616 2309 2675 Davidis
2336 2622 2570 2692 ingressa
2604 2624 2656 2679 in
2683 2626 2919 2681 animum
2948 2629 3097 2684 istius
3114 2630 3338 2700 etlerati,
3360 2616 3521 2692 totam
3546 2616 3683 2698 hanc

2094 2709 2433 2779 perfecerunt
2458 2712 2902 2783 immutationem,
2931 2719 3071 2789 quod
3098 2736 3129 2776 e
3171 2722 3346 2781 Saulis
3378 2729 3553 2785 verbis
3578 2732 3681 2788 de-

2092 2802 2393 2870 prehendas
2421 2806 2562 2861 licet.
2591 2806 2774 2879 Neque
2802 2811 2944 2865 enim
2975 2810 3135 2877 dixit,
3164 2813 3453 2875 Sermones
3471 2821 3543 2877 tui
3569 2824 3676 2890 isti,

2092 2895 2167 2948 lili
2199 2894 2364 2949 David
2394 2896 2550 2963 ?sed,
2597 2898 2709 2952 Vox
2736 2909 2822 2953 tua
2866 2903 2983 2969 ista,
3024 2904 3103 2971 ﬁli
3153 2905 3367 2962 David?
3393 2911 3529 2967 adeo
3555 2929 3681 2972 mox

2092 2986 2158 3040 ad
2188 2988 2353 3057 ipsam
2386 3004 2570 3045 vocem
2599 2991 2836 3047 incaluit.
2865 2993 2934 3048 Et
2962 2998 3407 3065 quemadmodum
3435 3013 3584 3074 pater
3613 3023 3680 3063 ex

2092 3078 2252 3149 longo
2281 3080 2561 3136 intervallo
2584 3084 2760 3138 audita
2795 3082 2887 3141 ﬁlii
2914 3092 3228 3147 revertentis
3258 3108 3389 3150 voce
3416 3138 3431 3163 ,
3478 3114 3583 3152 non
3611 3102 3681 3156 ad

2089 3181 2437 3241 conspectum
2469 3174 2629 3231 modo
2659 3175 2827 3243 illius,
2878 3183 3226 3238 verumetiam
3258 3186 3324 3240 ad
3369 3187 3537 3257 ipsum
3584 3207 3681 3248 vo-

2090 3278 2206 3318 cem
2236 3266 2545 3322 excitatur:
2578 3267 2655 3323 sic
2681 3278 2735 3324 et
2784 3270 2930 3338 Saﬁl,
2961 3274 3116 3329 simul
3167 3286 3225 3332 ut
3266 3281 3424 3335 verba
3460 3282 3677 3343 Davidis

2092 3354 2145 3409 in
2177 3358 2411 3413 animum
2439 3360 2675 3431 ingressa
2698 3372 2842 3430 sunt,
2866 3365 3059 3435 abjccit
3087 3368 3437 3440 inimicitiam,
3464 3376 3681 3450 jamque

2089 3458 2329 3503 sanctum
2360 3451 2598 3520 agnovit,
2626 3454 2903 3525 positoque
2928 3458 3121 3514 allec-tu
3142 3501 3156 3526 ,
3186 3467 3388 3533 recepit
3406 3467 3677 3525 allectum.

2092 3538 2365 3610 Siquidem
2398 3544 2568 3612 posita
2614 3544 2708 3611 ira,
2749 3550 2955 3619 recepit
2982 3554 3417 3622 tranquillitatem
3458 3569 3511 3613 et
3536 3577 3681 3617 com-

2090 3631 2512 3687 miserationem.
2544 3636 2609 3688 Et
2635 3637 2772 3691 sicut
2802 3640 3053 3707 quamdiu
3086 3658 3187 3695 nox
3215 3645 3369 3700 adest
3397 3688 3410 3711 ,
3444 3663 3584 3719 sa‘pe
3610 3668 3679 3709 ne

2092 3729 2410 3788 praesentem
2438 3721 2650 3791 quidem
2703 3725 2933 3782 amicum
2985 3732 3341 3800 agnoscimus,
3374 3746 3428 3791 at
3468 3753 3591 3795 mox
3622 3752 3680 3799 ιιι

2090 3821 2311 3867 exortus
2340 3820 2423 3867 est
2446 3813 2582 3877 dies,
2614 3813 2772 3869 etiam
2800 3818 3010 3875 eminus
3034 3835 3378 3892 conspectum
3428 3834 3677 3899 agnosci-

2090 3918 2210 3958 mus
2239 3921 2253 3957 :
2287 3903 2468 3959 itidem
2489 3912 2543 3958 et
2568 3905 2843 3962 inimicitia
2864 3909 3000 3965 solet
3026 3915 3330 3971 usuvcnire.
3366 3917 3545 3975 Donec
3582 3922 3668 3977 in-

2092 4004 2175 4052 ter
2214 4012 2310 4054 nos
2332 3999 2651 4056 malevolum
2685 4001 2920 4071 gerimus
2958 4004 3217 4071 animum,
3244 4022 3346 4063 vox
3376 4010 3551 4067 audita
3579 4029 3677 4068 no-

2089 4086 2170 4143 bis
2198 4087 2355 4144 aliter
2380 4099 2554 4157 sonat,
2577 4101 2631 4148 et
2654 4093 2820 4162 ipsam
2850 4093 3037 4150 faciem
3075 4106 3322 4168 corrupta
3367 4112 3551 4159 mente
3577 4106 3675 4161 ad-

2089 4182 2346 4251 spieimus
2376 4199 2391 4236 :
2422 4192 2477 4238 at
2505 4184 2594 4239 ubi
2628 4186 2963 4254 posuerimus
2991 4186 3144 4254 iram,
3174 4200 3227 4245 et
3252 4206 3356 4247 vox
3382 4210 3501 4264 qua:
3531 4198 3677 4266 prius

2088 4281 2207 4327 erat
2232 4273 2401 4330 invisa
2423 4285 2582 4345 atque
2623 4276 2853 4342 hostilis,
2883 4278 3092 4346 placida
3122 4279 3274 4337 nobis
3299 4298 3361 4338 ac
3394 4285 3677 4354 jucundis-

2089 4363 2224 4418 sima
2255 4363 2487 4434 videtur,
2518 4375 2572 4422 et
2614 4377 2862 4437 aspecuis
2893 4368 3005 4439 ipse
3035 4370 3183 4440 prius
3214 4373 3462 4431 inimicus
3486 4385 3543 4433 et
3584 4378 3673 4434 in-

2082 4453 2352 4527 jucundus
2373 4498 2386 4521 ,
2411 4465 2523 4512 tum
2554 4458 2613 4513 fit
2640 4458 2881 4513 amabilis
2911 4460 3268 4529 etjucundus.

2163 4546 2218 4604 6.
2248 4545 2340 4601 Ira
2367 4548 2552 4617 soluta,
2583 4550 2733 4618 plane
2769 4549 3108 4621 dignoscimus
3131 4570 3243 4623 qua:
3265 4596 3280 4623 ,
3309 4556 3387 4611 ira
3413 4559 3636 4628 fervente
3658 4605 3673 4631 ,

2091 4639 2237 4693 nobis
2271 4655 2374 4693 non
2413 4641 2743 4710 apparebant.
2800 4640 2910 4695 Vox
2948 4641 3162 4698 Davidis
3203 4649 3571 4715 potentissima.
3603 4684 3677 4696 —

2090 4731 2237 4787 Idem
2256 4732 2450 4789 accidit
2477 4734 2530 4788 in
2562 4741 2896 4804 tempestate.
2934 4733 3046 4790 Non
3075 4737 3272 4805 patitur
3295 4741 3513 4799 nubium
3541 4761 3675 4800 con-

2089 4840 2278 4882 cursus
2317 4827 2471 4882 nobis
2494 4827 2837 4895 conspicuam
2873 4841 2994 4884 esse
3021 4830 3136 4883 caeli
3182 4832 3673 4903 pulchritudinem;

2090 4918 2185 4975 sed
2214 4918 2458 4988 quamvis
2500 4916 2792 4973 habeamus
2834 4918 3019 4973 oculos
3046 4920 3563 4990 perspicaeissimos,
3592 4943 3683 4983 ne-

2091 5024 2359 5080 quaquam
2410 5009 2712 5079 pertingerc
2763 5022 3045 5078 possumus
3081 5010 3147 5063 ad
3190 5011 3339 5067 illam
3388 5028 3677 5084 supernam

2085 5101 2494 5174 iucunditatem.
2539 5102 2608 5155 At
2650 5100 2739 5156 ubi
2787 5101 2897 5170 jam
2950 5100 3219 5156 radiorum
3270 5105 3435 5171 calor,
3491 5122 3681 5177 perru-

2094 5195 2199 5265 ptis
2224 5209 2288 5249 ac
2330 5192 2585 5247 discussis
2636 5190 2868 5246 nubibus
2915 5192 3082 5245 solem
3108 5192 3368 5259 ostendit,
3396 5211 3579 5252 rursus
3622 5208 3679 5255 et

2092 5286 2208 5341 cadi
2261 5284 2509 5340 decorem
2563 5283 2814 5338 ostendit.
2867 5282 3008 5337 Idem
3053 5282 3246 5338 accidit
3295 5285 3346 5339 in
3399 5288 3551 5343 nobis
3599 5289 3675 5345 ira

2092 5378 2419 5433 ferventibus
2444 5416 2459 5442 ,
2490 5374 2617 5430 dum
2661 5374 2907 5429 simultas
2940 5374 3085 5429 velut
3126 5375 3290 5429 densa
3334 5376 3503 5434 nubes
3550 5388 3677 5437 ante

2092 5473 2275 5528 oculos
2326 5482 2381 5527 et
2430 5485 2587 5525 aures
2637 5476 2780 5535 stat,
2826 5466 2950 5522 facit
3011 5476 3068 5523 ut
3116 5483 3273 5525 voces
3326 5481 3680 5542 aspectusquc

2091 5565 2370 5620 videantur
2414 5562 2568 5617 aliter
2594 5574 2751 5631 quam
2778 5567 2925 5616 sunt.
2959 5558 3154 5615 Verum
3188 5560 3347 5616 simul
3382 5570 3541 5633 atque
3577 5563 3679 5617 ali-

2091 5658 2212 5727 quis
2257 5653 2661 5727 philosophatns
2707 5652 2944 5725 posuerit
2975 5651 3190 5719 odium,
3219 5653 3521 5725 nubemque
3571 5656 3679 5711 dis—

2095 5752 2299 5823 rnperit
2338 5744 2666 5818 :rgritudinis
2691 5789 2703 5813 ,
2734 5756 2857 5801 tunc
2896 5744 3110 5802 demum
3151 5745 3455 5817 incorrupta
3496 5756 3676 5801 mente
