4134 6214
552 304 658 366 703

551 433 613 480 et
639 418 856 486 videbit,
880 427 933 475 ct
957 415 1134 472 audiet
1155 413 1332 470 omnia
1359 431 1370 466 :
1395 411 1535 482 quod
1558 419 1610 466 et
1628 409 1751 463 huic
1770 407 1943 462 evenit
1970 405 2138 470 Sauli,

553 515 645 585 qui
678 512 835 568 simul
865 519 1025 580 atque
1053 508 1248 564 nubem
1277 503 1670 560 malevolentia:
1701 501 1960 570 disrupit,
1990 513 2148 567 agno-

555 619 716 660 scens
749 617 932 658 vocem
965 599 1176 654 Davidis
1200 640 1216 662 ,
1245 598 1319 652 ait
1346 615 1358 652 :
1403 595 1510 651 Vox
1545 606 1632 649 ttta
1669 595 1797 659 ista,
1833 593 1911 664 fili
1944 592 2148 647 David?

555 699 810 766 Quacnam
855 691 1004 748 Ista?
1027 693 1157 760 Qua:
1183 689 1395 748 Goliath
1445 686 1634 758 deiecit
1666 729 1681 753 ,
1708 702 1827 757 qua:
1875 686 2142 740 civitatem

559 787 805 856 periculis
833 784 1065 855 eripuit,
1093 799 1212 854 qua:
1240 789 1462 838 cunctos
1488 780 1541 834 in
1571 779 1847 834 servitutis
1867 791 1930 832 ac
1959 776 2146 831 mortis

559 876 797 946 periculo
819 874 1160 940 constitutos,
1185 873 1238 927 in
1264 871 1612 928 securitatem
1641 877 1696 926 et
1723 868 2023 924 libertatem
2054 881 2144 920 re-

555 969 768 1035 stituit,
795 983 915 1039 qute
960 962 1139 1023 sanus
1178 965 1412 1020 furorem
1459 962 1777 1023 sedaverat,
1819 974 1938 1029 quae
1981 956 2143 1012 multa

559 1075 857 1132 magnaque
878 1059 1138 1115 beneﬁcia
1164 1057 1218 1111 in
1241 1072 1365 1112 eum
1392 1054 1711 1110 contulerat.
1736 1051 2011 1122 Siquidem
2031 1048 2148 1104 lucc

559 1155 846 1212 barbarum
869 1153 1016 1209 illum
1036 1151 1340 1222 prostravit,
1364 1162 1429 1204 eo
1459 1146 1599 1218 quod
1627 1145 1932 1218 priusquam
1964 1142 2144 1196 mitte-

559 1257 640 1302 ret
659 1246 912 1317 lapidem,
933 1260 1053 1300 eum
1086 1241 1408 1315 precationis
1433 1239 1629 1296 robore
1654 1239 1824 1292 fuerat
1844 1246 2142 1305 aggressus.

557 1337 740 1409 Neque
760 1336 902 1392 enim
927 1334 1131 1408 vulgari
1162 1347 1312 1390 more
1337 1331 1561 1402 projccit
1586 1327 1815 1399 lapidem
1834 1366 1850 1393 ,
1871 1325 1965 1382 sed
1997 1325 2146 1396 prius

559 1430 674 1485 haec
699 1432 947 1500 loquutus
970 1470 986 1494 ,
1009 1425 1089 1481 Tu
1117 1426 1253 1481 venis
1279 1425 1347 1478 ad
1380 1441 1459 1477 me
1499 1423 1552 1477 in
1589 1423 1689 1476 diis
1713 1421 1833 1485 tuis,
1862 1436 1952 1492 ego
1979 1427 2147 1474 autem

559 1523 700 1578 venio
727 1521 796 1576 ad
825 1529 871 1574 te
897 1520 952 1573 in
981 1519 1178 1572 nomine
1206 1515 1414 1570 Domini
1444 1513 1692 1580 Sabaoth,
1723 1511 1804 1567 cui
1834 1509 2147 1581 exprobrant"

561 1614 711 1668 hodie
737 1613 811 1685 (l.
846 1613 974 1684 Reg.
1006 1611 1092 1665 17.
1125 1609 1214 1678 45)
1244 1647 1260 1674 ,
1291 1607 1468 1660 emisit
1497 1603 1747 1674 lapidem.
1778 1603 1902 1657 lltec
1936 1616 2040 1656 vox
2065 1601 2148 1654 la-

563 1707 736 1776 pidem
779 1704 942 1759 veluti
986 1718 1146 1758 manu
1190 1700 1342 1754 duxit
1372 1699 1425 1752 in
1453 1695 1664 1751 Goliath
1691 1736 1708 1761 ,
1736 1693 1852 1750 hmc
1895 1706 2145 1762 pavorem

563 1797 784 1852 incussit
822 1794 1084 1858 barbaro,
1111 1794 1224 1846 hmc
1262 1790 1428 1844 hostis
1456 1786 1832 1842 confidentiam
1875 1783 2050 1856 fregit.
2084 1782 2150 1838 Et

561 1891 686 1962 quid
728 1889 970 1954 miraris,
997 1887 1040 1942 si
1068 1902 1170 1940 vox
1191 1884 1319 1954 justi
1349 1892 1403 1937 et
1433 1881 1663 1936 furorem
1706 1879 1943 1948 mitigat,
1972 1886 2026 1934 et
2055 1876 2151 1934 ho-

562 1991 672 2038 stes
691 1981 891 2048 dejicit,
913 1994 1033 2033 cum
1059 1978 1249 2046 impios
1276 1988 1486 2045 quoque
1511 1972 1728 2041 spiritus
1752 1969 2016 2038 expellat?
2039 1967 2150 2024 Lo-

566 2071 865 2143 quebantur
911 2079 1114 2124 tantum
1162 2066 1386 2137 apostoli
1412 2106 1427 2132 ,
1458 2074 1513 2118 et
1541 2062 1812 2133 fugiebant
1838 2075 2024 2116 omnes
2051 2058 2150 2118 ad-

565 2161 814 2218 versariae
857 2168 1166 2231 potestates.
1228 2157 1341 2211 Vox
1393 2165 1700 2210 sanctorum
1749 2150 2058 2223 frequenter
2097 2157 2152 2206 et

562 2255 825 2308 elementa
889 2251 1044 2318 vicit,
1094 2259 1148 2304 et
1203 2256 1494 2318 potestates
1551 2246 1764 2303 illorum
1828 2242 2145 2300 immutavit.

564 2345 838 2417 Loquutus
879 2352 961 2399 est
986 2352 1188 2398 tantum
1225 2339 1382 2396 lesus
1407 2337 1550 2394 Nave
1567 2378 1583 2402 ,
1607 2335 1720 2394 Stet
1743 2335 1822 2391 sol
1845 2343 1892 2390 et
1917 2334 2041 2389 luna
2061 2374 2077 2400 ,
2097 2341 2154 2390 et

563 2438 740 2501 stetit;
768 2436 844 2491 sic
873 2443 926 2490 et
954 2433 1127 2488 Moses
1151 2447 1298 2486 mare
1325 2431 1595 2501 ingressus
1618 2436 1701 2484 est
1717 2466 1732 2492 ,
1760 2435 1813 2484 et
1831 2425 1994 2484 cessit
2012 2424 2150 2495 (los.

565 2528 653 2584 10.
690 2526 968 2593 l2;Exod.
999 2525 1085 2578 tt.
1129 2521 1359 2593 Ξυπέτιἰο
1404 2529 1509 2576 tres
1554 2518 1628 2574 illi
1672 2518 1819 2589 pueri
1871 2518 2006 2588 ignis
2046 2517 2154 2572 vim

563 2620 957 2682 exstiuxcruut,
991 2614 1204 2686 hymnis
1230 2613 1330 2668 illis
1368 2613 1479 2667 suis
1508 2625 1570 2666 ac
1598 2624 1730 2666 voce
1763 2608 1923 2680 (Dan.
1947 2608 2026 2678 3).
2061 2607 2152 2663 lti-

564 2713 684 2766 dem
718 2719 770 2763 et
792 2708 915 2763 Saul
942 2706 1008 2760 ad
1039 2703 1279 2761 eamdem
1310 2717 1492 2757 vocem
1520 2700 1757 2766 incaluit,
1788 2699 1970 2754 dicens
1998 2716 2012 2754 :
2045 2696 2156 2753 Vox

567 2814 654 2858 tua
688 2803 783 2857 ista
801 2841 816 2868 ,
846 2799 922 2868 [ili
960 2796 1166 2852 David?
1193 2794 1327 2862 Quid
1368 2794 1525 2866 igitur
1569 2792 1771 2852 David?
1799 2791 1988 2848 Servus
2016 2800 2154 2858 tuus,

568 2898 769 2951 domine
794 2896 862 2948 nti
887 2909 996 2948 rex.
1027 2891 1256 2947 Posthac
1279 2898 1550 2944 certamen
1587 2887 1779 2954 oritur,
1807 2894 1862 2941 et
1885 2884 2157 2942 contentio

568 3001 687 3046 uter
702 2989 928 3044 alterum
955 2984 1156 3056 majore
1181 2988 1531 3054 prosequatur
1550 2978 1772 3036 honore.
1799 2977 1923 3034 Saftl
1943 2977 2157 3048 quidem

568 3082 635 3138 ad
664 3079 1036 3150 cognationem
1056 3075 1278 3130 adscivit
1302 3091 1316 3128 :
1344 3071 1508 3128 David
1526 3080 1705 3127 autem
1731 3070 2005 3128 domitium
2027 3083 2152 3125 eum

569 3173 821 3245 appellat.
853 3169 1004 3237 Quod
1025 3176 1201 3222 autetn
1231 3166 1393 3232 dicit,
1424 3164 1528 3222 tale
1555 3174 1639 3220 est
1665 3181 1678 3218 :
1708 3163 1880 3220 Unum
1905 3203 1923 3229 ,
1953 3163 2156 3236 inquit,

572 3263 700 3319 illud
731 3275 915 3331 qurere
932 3300 949 3326 ,
977 3259 1201 3314 salutem
1234 3267 1376 3312 tuam
1405 3271 1469 3311 ae
1489 3255 1700 3313 virtutis
1726 3255 2040 3326 profectum.
2065 3253 2158 3308 Fi-

575 3355 702 3408 lium
752 3366 838 3406 me
880 3348 1196 3420 appellasti,
1225 3347 1353 3403 mihi
1395 3361 1522 3402 vero
1561 3346 1691 3401 satis
1716 3355 1836 3408 est.
1865 3345 1911 3400 si
1949 3359 2038 3400 me
2063 3359 2161 3414 pro

575 3441 774 3497 famulo
804 3440 1000 3496 habeas
1019 3480 1034 3504 ,
1067 3447 1272 3492 tantum
1304 3447 1358 3492 ut
1379 3438 1510 3494 iram
1536 3450 1704 3508 ponas
1725 3476 1742 3502 ,
1775 3443 1978 3490 tantum
2009 3443 2065 3489 ut
2093 3449 2164 3492 ne

573 3533 701 3608 quid
732 3533 798 3588 de
825 3546 909 3587 me
939 3529 1212 3600 suspicere
1231 3528 1378 3594 mali,
1407 3543 1510 3583 neu
1540 3541 1626 3582 me
1655 3534 1808 3596 putes
1838 3525 2046 3583 hostem
2071 3533 2164 3582 aut

574 3625 958 3680 insidiatorem.
983 3620 1224 3691 Implevit
1262 3619 1401 3674 illam
1430 3619 1600 3690 legem
1627 3618 1972 3690 apostolicam
1996 3659 2011 3685 ,
2041 3634 2163 3690 qua}

569 3718 740 3788 jubet,
772 3726 830 3771 ut
860 3729 957 3770 nos
984 3713 1127 3784 ipsos
1155 3713 1426 3768 vincentes
1454 3712 1658 3768 honore
1684 3711 1913 3766 invicem
1953 3725 2162 3781 praeve-

576 3804 784 3866 niamus
828 3807 1006 3882 (Rom.
1037 3807 1125 3864 12.
1172 3807 1295 3877 10),
1326 3819 1432 3862 non
1475 3805 1767 3863 secundum
1813 3804 2162 3875 plurimorum

575 3917 799 3972 morem.
817 3901 905 3971 Qui
933 3899 1083 3972 pejus
1101 3897 1276 3954 al'feeti
1300 3906 1442 3964 sunt,
1462 3912 1620 3966 quam
1643 3897 1772 3967 ipsa
1794 3895 2049 3966 pecudes,
2069 3894 2162 3966 qui

578 3995 875 4066 proximum
905 4007 973 4048 ne
998 3990 1146 4046 affari
1174 3990 1386 4061 quidem
1426 3990 1631 4060 priores
1660 3989 1946 4054 sustinent,
1970 3988 2164 4046 existi-

577 4096 782 4142 mantes
807 4100 928 4141 sese
955 4083 1273 4140 contumelia
1301 4081 1461 4150 allici,
1493 4089 1547 4139 et
1572 4098 1603 4138 a
1632 4080 1888 4153 dignitate
1909 4079 2089 4152 deﬁci,
2117 4080 2162 4139 si

575 4195 732 4254 quem
765 4178 844 4234 vel
866 4177 1024 4232 affatu
1045 4175 1273 4247 simplici
1299 4175 1643 4246 compellent.

649 4267 802 4324 Nihil
848 4267 990 4322 inani
1034 4265 1198 4339 gloria
1229 4266 1435 4336 turpius
1469 4266 1516 4320 ei
1537 4307 1553 4332 ,
1578 4266 1664 4336 qui
1693 4265 1882 4320 honore
1897 4265 2166 4337 prmatiri

577 4361 704 4417 vult.
727 4391 798 4405 --
822 4360 957 4428 Quid
995 4360 1095 4415 ieta
1123 4358 1391 4415 dementia
1420 4357 1590 4428 possit
1617 4373 1736 4414 esse
1765 4357 1934 4428 magis
1959 4357 2165 4418 ridicu-

578 4454 723 4507 lum?
744 4452 868 4522 quid
891 4452 989 4506 hac
1004 4451 1302 4521 arrogantia
1319 4449 1564 4520 fastuque
1577 4450 1807 4508 ἕωάίυεῖ
1827 4451 1977 4510 Tunc
1995 4450 2163 4516 enim,

582 4552 728 4604 tunc,
756 4543 969 4613 inquam
987 4583 1002 4609 ,
1025 4558 1056 4596 a
1083 4543 1336 4611 dignitate
1363 4541 1602 4611 deiectus
1628 4560 1707 4609 es,
1732 4559 1769 4599 0
1799 4544 1959 4603 homo
1987 4587 2005 4612 ,
2036 4553 2166 4603 tunc

583 4633 796 4702 injuria.
815 4641 940 4688 tunc
963 4631 1283 4689 contumelia
1298 4630 1518 4687 allectus
1537 4648 1616 4700 es,
1638 4635 1846 4703 quoties
1865 4645 2164 4706 exspectas,

582 4734 641 4781 ut
662 4723 938 4794 proximus
961 4731 1015 4778 te
1041 4723 1185 4794 prior
1211 4724 1528 4794 alloquatur.
1560 4725 1696 4793 Quid
1724 4727 1868 4784 enim
1907 4742 2167 4799 arem-

585 4819 652 4872 tia
679 4815 956 4872 deterius?
985 4814 1112 4886 quid
1144 4815 1280 4870 fastu
1306 4825 1358 4870 et
1397 4816 1540 4872 inani
1576 4817 1743 4887 gloria
1769 4818 1938 4889 magis
1965 4819 2166 4879 ridicu-

584 4909 733 4966 lum?
754 4907 888 4967 Nam
923 4909 971 4965 si
993 4908 1144 4980 prior
1167 4909 1485 4978 alloquaris,
1506 4919 1564 4966 et
1593 4911 1734 4968 Deus
1759 4911 1872 4982 ipse
1896 4913 2165 4972 collauda-

583 5007 681 5074 bit,
707 5003 849 5077 quod
879 5013 959 5059 est
983 5003 1220 5059 omnium
1247 5003 1534 5059 maximum
1554 5045 1570 5070 ,
1601 5014 1658 5061 et
1683 5005 1928 5064 homies
1949 5009 2168 5078 insuper

580 5096 1004 5168 comprobabunt
1026 5135 1042 5162 ,
1073 5105 1237 5166 tuque
1288 5094 1429 5152 illius
1454 5099 1822 5167 appellationis
1862 5101 2164 5158 mercedem

582 5203 745 5248 totam
771 5190 1020 5261 accipies.
1045 5189 1203 5258 Quod
1227 5191 1272 5245 si
1300 5190 1712 5260 ersttectaveris,
1733 5201 1794 5248 ut
1820 5193 1966 5264 prior
1990 5193 2165 5251 hono-

580 5294 749 5350 ratus,
765 5291 879 5338 tum
907 5282 1135 5352 denique
1163 5282 1460 5351 proximum
1484 5282 1734 5350 honores,
1763 5285 1895 5342 nihil
1915 5287 2023 5355 jam
2055 5301 2168 5340 mn-

577 5381 668 5450 gni
695 5376 906 5434 feceris.
934 5375 1062 5432 Nam
1085 5375 1132 5432 is
1155 5375 1296 5431 unde
1320 5376 1536 5432 honoris
1556 5377 1718 5448 cmpit
1743 5378 1951 5435 initium
1979 5419 1994 5442 ,
2025 5378 2164 5434 idem

581 5469 734 5524 relati
759 5467 854 5522 abs
883 5475 934 5522 te
961 5465 1178 5522 honoris
1201 5472 1367 5522 totam
1393 5467 1691 5524 mercedem
1715 5476 2032 5538 accepturus
2059 5475 2164 5527 est.

582 5558 812 5615 Proinde
835 5572 909 5612 ue
933 5565 1331 5626 exspectemus,
1360 5566 1420 5615 ut
1441 5557 1532 5616 alii
1568 5558 1775 5627 priores
1801 5559 1956 5617 nobis
1996 5559 2165 5618 hono-

582 5665 696 5707 rem
723 5650 994 5716 deferant.
1017 5650 1112 5707 sed
1132 5664 1475 5707 occurramus
1500 5651 1564 5707 ad
1591 5652 1949 5710 exhibendum
1979 5656 2164 5725 prosi-

585 5759 674 5802 mo
702 5743 958 5799 honorem
975 5781 993 5811 ,
1025 5756 1341 5812 semperque
1370 5756 1398 5796 a
1425 5741 1575 5799 nobis
1602 5743 1805 5800 oriatur
1831 5747 2187 5806 salutationis.

1267 299 1322 354 S.
1363 292 1641 353 JOANNIS
1677 288 2150 348 CIIRYSOSTOMI
2189 289 2508 350 ARCﬂlEP.
2549 297 3080 359 CONSTANTINOP.

3741 310 3850 368 70$

2255 409 2502 466 initium:
2561 429 2733 491 neque
2779 425 3027 488 putemus
3063 418 3162 476 hoc
3202 419 3438 480 officium
3483 435 3606 482 esse
3649 435 3848 482 conte-

2250 504 2539 558 mnendum
2561 515 2614 561 et
2629 507 2864 577 vulgare,
2881 509 2925 563 si
2945 509 3170 566 libenter
3184 519 3237 567 et
3259 521 3504 568 amanter
3521 513 3847 570 salutemus.

2246 594 2378 651 Nam
2419 595 2522 654 hoc
2569 599 2984 668 praetermissum
3030 601 3223 660 multas
3265 604 3530 660 amicitias
3571 603 3847 674 disrupit,

2250 687 2444 741 multas
2485 688 2694 758 peperit
2717 689 3017 745 simultates
3040 693 3524 761 :quematlmodum
3551 709 3585 748 e
3623 694 3848 755 diverso

2251 777 2388 832 idem
2420 779 2656 834 studiose
2682 780 3001 846 cshibitum,
3027 792 3240 839 veteres
3265 793 3320 838 et
3345 784 3624 844 diuturnas
3663 786 3846 842 inimi-

2249 869 2400 923 citias
2425 869 2705 936 dissolvit,
2735 880 2788 926 et
2813 873 3073 928 amicitias
3096 875 3301 944 priores
3339 875 3694 934 conﬁrmavit.
3722 875 3846 935 Noli

2249 959 2428 1029 igitur,
2459 961 2751 1026 carissime,
2787 962 2872 1018 his
2897 963 2948 1018 in
2977 964 3137 1021 rebus
3160 965 3396 1026 studium
3421 967 3710 1038 negligere;
3746 969 3845 1029 sed

2248 1052 2292 1133 si
2325 1050 2436 1104 fieri
2465 1059 2674 1120 potest,
2707 1052 2892 1109 obvios
2929 1054 3342 1126 qualescumque
3368 1055 3600 1125 fuerint.
3633 1067 3745 1120 tum
3789 1061 3845 1120 in

2248 1143 2566 1212 sulutaudo,
2599 1153 2711 1202 tum
2754 1146 2810 1202 in
2837 1146 3046 1204 caeteris
3070 1148 3317 1206 omnibus
3365 1149 3574 1220 priores
3615 1150 3845 1213 delinia-

2248 1253 2386 1294 mus.
2416 1239 2566 1306 Quod
2596 1239 2642 1294 si
2675 1239 2795 1310 quis
2840 1241 3280 1310 tegpraavenerit,
3311 1242 3568 1313 majorem
3609 1245 3846 1314 repende

2248 1328 2527 1386 honorem.
2553 1329 2685 1384 Nam
2717 1341 2767 1386 et
2805 1334 2908 1386 hoc
2932 1331 3209 1387 admonuit
3235 1332 3453 1400 Paulus,
3481 1335 3553 1393 ita
3579 1335 3842 1404 loquens:

2249 1421 2350 1474 Alii
2373 1421 2501 1476 alios
2531 1422 2666 1475 vobis
2691 1422 2815 1492 ipsis
2843 1424 3127 1492 superiores
3154 1425 3435 1480 existimato
3452 1427 3468 1458 ί
3496 1425 3758 1500 (Philipp.
3783 1427 3840 1481 2.

2249 1511 2328 1582 ⁵5).
2359 1513 2434 1568 lta
2477 1511 2600 1568 fecit
2630 1513 2796 1568 David
2819 1555 2833 1578 ,
2859 1515 2950 1584 qui
2978 1524 3033 1569 et
3058 1515 3203 1584 prior
3233 1515 3487 1572 honorem
3527 1515 3750 1582 detulit,
3787 1527 3844 1573 et

2251 1608 2541 1662 honoratus
2567 1605 2821 1678 majorem
2851 1605 3110 1661 honorem
3132 1607 3389 1678 reposuit,
3415 1607 3629 1663 dicens:
3650 1607 3843 1666 Servus

2251 1705 2385 1761 tuus,
2411 1696 2612 1752 domine
2639 1697 2707 1752 mi
2733 1713 2845 1751 rex.
2871 1696 3001 1752 Vide
3029 1712 3176 1764 vero,
3208 1707 3464 1768 quantum
3491 1697 3674 1754 fecerit
3699 1699 3840 1754 lucri

2252 1787 2415 1843 David
2455 1789 2569 1846 htcc
2609 1789 2876 1861 loquutus.
2929 1789 3044 1844 Non
3085 1785 3195 1860 jam
3237 1790 3484 1844 sustinuit
3535 1791 3660 1846 Sail
3703 1790 3842 1847 hanc

2249 1893 2434 1935 vocent
2461 1879 2648 1936 audire
2671 1881 2786 1935 sine
2807 1880 3076 1954 lacryntis,
3100 1880 3194 1936 sed
3217 1880 3444 1950 ploravit
3459 1896 3660 1947 atuare,
3677 1883 3841 1937 animi

2250 1971 2529 2024 sanitatem
2560 1984 2623 2024 ac
2651 1969 3086 2042 philosophiam,
3118 1987 3276 2043 quam
3321 1971 3484 2026 David
3534 1972 3800 2028 inse-terat
3821 2013 3839 2036 ,

2250 2061 2497 2140 lacryntis
2520 2060 2799 2117 declarans

2323 2152 2376 2206 7.
2418 2151 2554 2218 Quid
2597 2166 2716 2207 esse
2759 2151 2927 2223 possit
2980 2151 3083 2207 hoc
3135 2152 3395 2224 propheta
3451 2153 3692 2220 beatius,
3747 2156 3839 2225 qui

2252 2245 2395 2302 brevi
2415 2246 2666 2316 temporis
2683 2253 2952 2301 momento
2970 2245 3050 2302 sic
3065 2245 3272 2302 hostem
3291 2260 3322 2300 a
3343 2245 3523 2302 furore
3539 2247 3607 2302 ad
3632 2247 3840 2306 sobrie-

2253 2346 2416 2393 tatem
2444 2339 2764 2408 composuit,
2787 2347 2839 2392 et
2866 2338 3100 2392 animum
3131 2348 3320 2394 nactus
3354 2341 3628 2409 sanguinis
3652 2354 3714 2394 ac
3735 2356 3842 2400 ca:-

2254 2429 2336 2485 dis
2362 2429 2629 2485 sitientem
2651 2468 2667 2497 ,
2695 2439 2915 2500 repente
2937 2429 3004 2486 ad
3035 2430 3264 2490 lamenta
3289 2439 3345 2485 et
3367 2431 3594 2499 eiulatus
3615 2446 3839 2501 compu-

2256 2522 2357 2580 lit?
2387 2522 2502 2578 Non
2526 2523 2746 2594 perinde
2776 2523 2941 2581 miror
2977 2523 3176 2580 Moscm
3199 2523 3340 2593 quod
3359 2539 3390 2580 e
3416 2539 3546 2580 saxo
3575 2537 3842 2596 praerupto

2256 2612 2428 2669 fontes
2449 2614 2630 2670 elicuit
2651 2628 2907 2684 aquarum
2927 2615 3122 2684 (Ea-od.
3141 2615 3224 2672 17.
3252 2614 3325 2686 6),
3350 2627 3406 2672 ut
3424 2616 3661 2672 admiror
3682 2616 3840 2672 Davi-

2256 2706 2399 2773 detn,
2426 2707 2568 2778 quod
2595 2722 2660 2764 ex
2681 2709 2851 2764 oculis
2880 2708 3104 2779 lapideis
3126 2707 3295 2766 fontes
3310 2707 3554 2764 eduxerit
3580 2708 3845 2779 lacryata-

2253 2815 2396 2856 rum.
2433 2798 2642 2854 Etenim
2675 2800 2764 2858 ille
2787 2799 3004 2870 quidem
3033 2800 3162 2858 vicit
3203 2809 3477 2868 naturam,
3501 2809 3556 2856 et
3597 2799 3685 2860 hic
3716 2802 3846 2858 vicit

2257 2891 2419 2948 animi
2449 2891 2780 2963 propositum
2813 2909 2829 2948 :
2860 2893 2950 2950 ille
2974 2893 3125 2965 virga
3155 2893 3423 2965 percussit
3460 2894 3688 2965 lapidem
3713 2936 3728 2960 ,
3757 2894 3845 2950 hic

2257 2999 2506 3040 sermone
2535 2985 2736 3056 pepulit
2769 2999 2882 3050 eor,
2911 3000 3020 3040 non
3046 2993 3104 3040 ut
3129 2985 3474 3044 eontristaret
3492 3026 3512 3052 ,
3540 2983 3636 3041 sed
3662 2994 3718 3040 ut
3745 3001 3845 3056 pu-

2259 3092 2376 3133 rum
2427 3086 2869 3149 mansuetumque
2917 3077 3194 3145 redderet;
3238 3077 3380 3148 quod
3420 3078 3581 3137 etiam
3625 3078 3848 3148 perfecit

2259 3170 2463 3242 majore
2489 3169 2746 3225 beneﬁcio
2772 3185 2952 3240 regem
2981 3168 3222 3227 afﬁciens
3246 3185 3406 3240 quam
3438 3179 3597 3228 antea
3621 3169 3840 3226 fecerat.

2261 3259 2358 3316 Est
2372 3260 2586 3332 quidem
2600 3260 2729 3317 illud
2746 3260 2902 3316 laude
2917 3275 3229 3332 summaque
3247 3261 3846 3333 admirationedignum,

2260 3353 2400 3425 quod
2425 3369 2610 3411 ensem
2653 3369 2758 3409 nou
2801 3355 3018 3410 tinxerit
3057 3355 3320 3426 sanguine
3344 3397 3360 3424 ,
3383 3370 3482 3412 nec
3515 3365 3674 3426 caput
3718 3357 3848 3413 illud

2263 3446 2458 3503 hostile
2486 3448 2780 3504 resecuerit
2805 3465 2818 3502 :
2841 3447 2936 3503 sed
2965 3447 3123 3519 longe
3155 3447 3358 3519 majore
3383 3462 3580 3506 corona
3625 3448 3849 3519 dignum

2262 3547 2395 3604 erat,
2419 3537 2562 3608 quod
2587 3537 2761 3607 ipsum
2786 3537 2986 3594 inimici
3011 3539 3341 3609 propositum
3363 3539 3677 3605 Mutavit,
3702 3553 3852 3594 eum—

2261 3647 2366 3703 que
2386 3629 2615 3687 reddidit
2633 3630 2932 3699 meliorem,
2953 3646 3184 3704 eumque
3196 3631 3266 3689 ad
3280 3647 3428 3693 suam
3449 3633 3562 3703 ipse
3582 3633 3851 3689 convertit

2263 3722 2666 3778 humanitatem.
2688 3722 2803 3778 Hoc
2826 3721 3142 3780 beneﬁcium
3169 3723 3261 3778 illo
3283 3723 3617 3792 praestantius
3630 3730 3732 3779 est.
3749 3721 3855 3778 Nc-

2261 3828 2366 3884 que
2375 3814 2517 3869 enim
2538 3814 2686 3884 paria
2705 3813 3156 3881 sunt,condonare
3169 3813 3400 3885 culpam,
3415 3825 3470 3871 et
3484 3814 3548 3876 ad
3561 3815 3720 3873 animi
3737 3815 3853 3883 ptti~

2263 3906 2561 3977 losophiam
2580 3907 2864 3974 adducere;
2886 3921 2993 3963 non
3013 3915 3137 3965 sunt
3153 3907 3318 3977 paria,
3332 3907 3561 3968 liberare
3573 3907 3642 3967 ab
3659 3907 3735 3962 ira
3746 3922 3852 3962 cte-

2262 3998 2384 4053 dem
2398 3999 2643 4067 injustam
2656 3999 2912 4068 spirante,
2925 3998 3202 4058 exinterea
3217 3997 3383 4066 caedo,
3397 4006 3452 4054 et
3463 3998 3700 4054 eximere
3721 4013 3750 4051 a
3771 3999 3851 4052 tu.

2264 4104 2386 4150 rore
2414 4089 2482 4146 ad
2508 4097 2714 4148 tantum
2742 4098 3061 4160 properante
3079 4088 3250 4150 nefas.
3274 4088 3407 4148 Dum
3426 4087 3570 4146 cnim
3597 4087 3854 4144 satellites

2263 4195 2392 4240 suos
2419 4181 2582 4237 David
2605 4181 2866 4248 cohibuit,
2895 4196 2964 4243 ne
2981 4181 3200 4242 Saftien!
3229 4180 3574 4247 occiderent,
3602 4180 3852 4251 praesenti

2264 4272 2481 4346 quidem
2508 4275 2631 4331 vita:
2657 4271 2854 4343 proluit
2876 4289 2891 4328 :
2911 4282 2968 4332 at
2990 4287 3112 4332 cum
3133 4271 3357 4333 mitibus
3392 4271 3572 4332 Verbis
3595 4271 3854 4330 malitiam

2265 4383 2331 4425 ex
2346 4368 2523 4424 animo
2539 4365 2776 4436 depellit,
2794 4365 3024 4428 timaram
3042 4365 3117 4424 illi
3141 4369 3299 4426 vim
3314 4374 3620 4435 meritaque
3635 4363 3855 4434 largitus

2265 4469 2352 4518 est
2375 4461 2536 4526 bona,
2564 4468 2824 4530 quantum
2849 4457 3071 4531 quidem
3097 4466 3216 4516 erat
3250 4457 3303 4518 in
3342 4457 3478 4529 ipso.
3507 4455 3729 4525 Quoties
3758 4454 3855 4524 igi-

2267 4565 2354 4616 tur
2381 4553 2640 4614 Davidem
2665 4552 2850 4610 laudas
2868 4553 2945 4610 ob
2973 4553 3135 4623 ipsius
3153 4550 3622 4612 mansuetudinem
3640 4589 3655 4615 ,
3684 4548 3854 4617 magis

2267 4651 2414 4706 illum
2441 4645 2618 4713 lauda,
2635 4645 2779 4717 quod
2799 4643 3015 4704 Saulem
3043 4643 3352 4704 immolarit.
3383 4641 3657 4712 Siquidem
3691 4639 3856 4696 multo

2267 4743 2445 4802 minus
2487 4748 2570 4797 est
2610 4739 2845 4811 propriis
2893 4747 3190 4810 temperare
3231 4733 3610 4806 cupiditatibus
3632 4774 3647 4798 ,
3694 4746 3854 4802 quam

2266 4837 2496 4894 alienum
2527 4836 2741 4893 vincere
2766 4831 3004 4893 furor-em
3029 4873 3044 4897 ,
3071 4847 3231 4902 qnam
3268 4845 3364 4887 eor
3391 4830 3470 4886 ira
3498 4830 3856 4886 intumescens

2268 4940 2610 4999 compescere
2631 4939 2821 4996 ,ωε
2860 4932 3010 4983 tanta
3056 4929 3373 4993 tempestate
3427 4927 3626 4979 tantum
3678 4917 3858 4974 facere

2270 5017 2704 5088 maniliitatem
2734 5058 2749 5083 ,
2781 5030 2939 5087 quam
2989 5015 3177 5073 oculos
3231 5010 3576 5072 homicidium
3631 5023 3743 5080 pra:
3797 5023 3857 5062 se

2269 5110 2502 5168 terentes
2527 5109 2717 5167 calidis
2743 5108 2966 5180 implere
2993 5107 3264 5178 lacrytuis.
3291 5106 3465 5174 Atque
3491 5103 3596 5164 hac
3617 5109 3703 5158 est
3737 5109 3856 5154 stu-

2271 5201 2414 5273 poris
2438 5214 2500 5256 ac
2526 5198 2770 5258 miraculi
2800 5199 3036 5269 plemtm.
3067 5197 3278 5253 Etenim
3315 5195 3364 5256 si
3385 5195 3514 5256 Sail
3537 5194 3728 5253 luisset
3759 5191 3855 5248 ho-

2269 5305 2360 5348 mo
2403 5289 2708 5348 moderatus
2735 5297 2791 5346 et
2836 5303 3021 5358 aequus
3042 5330 3058 5355 ,
3077 5302 3189 5346 non
3217 5286 3507 5346 admodum
3539 5285 3720 5356 magni
3745 5292 3859 5338 erat

2270 5382 2466 5454 negotii
2494 5381 2562 5440 ad
2590 5381 2800 5438 solitam
2832 5395 2953 5438 cum
2982 5393 3236 5440 revocare
3266 5379 3518 5436 virtutem
3545 5385 3637 5436 :at
3659 5373 3856 5430 etl‘era-

2272 5484 2380 5533 tum
2408 5481 2466 5532 et
2491 5471 2560 5532 ad
2587 5482 2879 5531 extremam
2907 5479 3214 5540 provectum
3241 5469 3519 5535 malitiam,
3545 5467 3762 5537 jamque
3790 5462 3855 5516 ad

2269 5567 2470 5624 eadem
2499 5571 2876 5636 properantem
2900 5563 3048 5620 brevi
3078 5561 3334 5630 temporis
3362 5569 3637 5620 momento
3663 5559 3740 5612 sic
3772 5555 3853 5612 af-

2307 5701 2349 5770 }
2387 5697 2628 5770 Unushoc
2649 5695 2790 5770 modo
2812 5694 2936 5760 legit
2959 5710 2971 5746 :
2999 5694 3174 5749 Dicm
3201 5706 3220 5746 :
3245 5693 3338 5748 Αιίἱ
3373 5693 3494 5746 alios
3520 5693 3698 5746 lictore
3721 5705 3855 5756 mpr-

2271 5768 2423 5816 rt'ores
2443 5768 2732 5812 existimate.
