  <div class='ocr_page' id='page_1' title='image "/cluster/home/n/w/nwhite01/storage/ocr_20150623/54/hvd.32044073501926/334.png"; bbox 0 0 4110 6214; ppageno 0'>
   <div class='ocr_carea' id='block_1_1' title="bbox 350 414 541 468">
    <p class='ocr_par' dir='ltr' id='par_1_1' title="bbox 350 414 541 468">
     <span class='ocr_line' id='line_1_1' title="bbox 350 414 541 468; baseline -0.005 0"><span class='ocrx_word' id='word_1_1' title='bbox 350 442 373 453; x_wconf 60' lang='grc' dir='ltr'><strong>ι</strong></span> <span class='ocrx_word' id='word_1_2' title='bbox 437 414 541 468; x_wconf 66' lang='grc' dir='ltr'><strong>7(θῖ</strong></span> 
     </span>
    </p>
   </div>
   <div class='ocr_carea' id='block_1_2' title="bbox 436 520 2017 596">
    <p class='ocr_par' dir='ltr' id='par_1_2' title="bbox 436 520 2017 596">
     <span class='ocr_line' id='line_1_2' title="bbox 436 520 2017 596; baseline -0.007 -13"><span class='ocrx_word' id='word_1_3' title='bbox 436 529 633 596; x_wconf 84' lang='lat' dir='ltr'><strong>licere,</strong></span> <span class='ocrx_word' id='word_1_4' title='bbox 665 534 722 580; x_wconf 86' lang='lat' dir='ltr'><strong>ut</strong></span> <span class='ocrx_word' id='word_1_5' title='bbox 766 537 981 579; x_wconf 86' lang='lat' dir='ltr'><strong>omnem</strong></span> <span class='ocrx_word' id='word_1_6' title='bbox 1027 522 1171 576; x_wconf 80' lang='lat' dir='ltr'><strong>illam</strong></span> <span class='ocrx_word' id='word_1_7' title='bbox 1220 520 1631 575; x_wconf 77' lang='lat' dir='ltr'><strong>amaritudinem</strong></span> <span class='ocrx_word' id='word_1_8' title='bbox 1677 520 2017 589; x_wconf 86' lang='lat' dir='ltr'><strong>exstinguat,</strong></span> 
     </span>
    </p>
   </div>
   <div class='ocr_carea' id='block_1_3' title="bbox 441 610 2029 689">
    <p class='ocr_par' dir='ltr' id='par_1_3' title="bbox 441 610 2029 689">
     <span class='ocr_line' id='line_1_3' title="bbox 441 610 2029 689; baseline -0.005 -16"><span class='ocrx_word' id='word_1_9' title='bbox 441 634 594 689; x_wconf 84' lang='lat' dir='ltr'><strong>quem</strong></span> <span class='ocrx_word' id='word_1_10' title='bbox 625 633 732 672; x_wconf 90' lang='lat' dir='ltr'><strong>non</strong></span> <span class='ocrx_word' id='word_1_11' title='bbox 758 615 1009 669; x_wconf 90' lang='lat' dir='ltr'><strong>obscuret</strong></span> <span class='ocrx_word' id='word_1_12' title='bbox 1035 612 1296 679; x_wconf 89' lang='lat' dir='ltr'><strong>omnium,</strong></span> <span class='ocrx_word' id='word_1_13' title='bbox 1328 612 1416 682; x_wconf 87' lang='lat' dir='ltr'><strong>qui</strong></span> <span class='ocrx_word' id='word_1_14' title='bbox 1446 628 1697 681; x_wconf 83' lang='lat' dir='ltr'><strong>umquam</strong></span> <span class='ocrx_word' id='word_1_15' title='bbox 1722 626 1883 680; x_wconf 84' lang='lat' dir='ltr'><strong>super</strong></span> <span class='ocrx_word' id='word_1_16' title='bbox 1913 610 2029 681; x_wconf 82' lang='lat' dir='ltr'><strong>piti-</strong></span> 
     </span>
    </p>
   </div>
   <div class='ocr_carea' id='block_1_4' title="bbox 437 702 1823 777">
    <p class='ocr_par' dir='ltr' id='par_1_4' title="bbox 437 702 1823 777">
     <span class='ocr_line' id='line_1_4' title="bbox 437 702 1823 777; baseline -0.008 -12"><span class='ocrx_word' id='word_1_17' title='bbox 437 708 691 777; x_wconf 70' lang='lat' dir='ltr'><strong>losophize</strong></span> <span class='ocrx_word' id='word_1_18' title='bbox 717 705 957 761; x_wconf 72' lang='lat' dir='ltr'><strong>doctrina</strong></span> <span class='ocrx_word' id='word_1_19' title='bbox 983 704 1187 758; x_wconf 87' lang='lat' dir='ltr'><strong>clarum</strong></span> <span class='ocrx_word' id='word_1_20' title='bbox 1217 716 1562 773; x_wconf 82' lang='lat' dir='ltr'><strong>promeruere</strong></span> <span class='ocrx_word' id='word_1_21' title='bbox 1584 702 1823 755; x_wconf 85' lang='lat' dir='ltr'><strong>nomen?</strong></span> 
     </span>
    </p>
   </div>
   <div class='ocr_carea' id='block_1_5' title="bbox 510 790 2029 862">
    <p class='ocr_par' dir='ltr' id='par_1_5' title="bbox 510 790 2029 862">
     <span class='ocr_line' id='line_1_5' title="bbox 510 790 2029 862; baseline -0.005 -11"><span class='ocrx_word' id='word_1_22' title='bbox 510 798 661 851; x_wconf 81' lang='lat' dir='ltr'><strong>Nihil</strong></span> <span class='ocrx_word' id='word_1_23' title='bbox 704 794 1015 849; x_wconf 82' lang='lat' dir='ltr'><strong>humanitate</strong></span> <span class='ocrx_word' id='word_1_24' title='bbox 1056 794 1325 862; x_wconf 84' lang='lat' dir='ltr'><strong>potentius.</strong></span> <span class='ocrx_word' id='word_1_25' title='bbox 1377 790 1521 845; x_wconf 86' lang='lat' dir='ltr'><strong>Iram</strong></span> <span class='ocrx_word' id='word_1_26' title='bbox 1563 792 1737 845; x_wconf 84' lang='lat' dir='ltr'><strong>sedare</strong></span> <span class='ocrx_word' id='word_1_27' title='bbox 1774 793 1827 845; x_wconf 88' lang='lat' dir='ltr'><strong>in</strong></span> <span class='ocrx_word' id='word_1_28' title='bbox 1857 800 2029 845; x_wconf 83' lang='lat' dir='ltr'><strong>nostra</strong></span> 
     </span>
    </p>
   </div>
   <div class='ocr_carea' id='block_1_6' title="bbox 438 883 2026 960">
    <p class='ocr_par' dir='ltr' id='par_1_6' title="bbox 438 883 2026 960">
     <span class='ocr_line' id='line_1_6' title="bbox 438 883 2026 960; baseline -0.004 -16"><span class='ocrx_word' id='word_1_29' title='bbox 438 901 513 945; x_wconf 75' lang='lat' dir='ltr'><strong>ert</strong></span> <span class='ocrx_word' id='word_1_30' title='bbox 539 897 801 960; x_wconf 72' lang='lat' dir='ltr'><strong>potestate.</strong></span> <span class='ocrx_word' id='word_1_31' title='bbox 830 915 901 927; x_wconf 88' lang='lat'><strong>-—</strong></span> <span class='ocrx_word' id='word_1_32' title='bbox 922 887 986 942; x_wconf 82' lang='lat' dir='ltr'><strong>Et</strong></span> <span class='ocrx_word' id='word_1_33' title='bbox 1016 894 1073 941; x_wconf 91' lang='grc' dir='ltr'><strong>ιιι</strong></span> <span class='ocrx_word' id='word_1_34' title='bbox 1099 885 1279 956; x_wconf 91' lang='lat' dir='ltr'><strong>igitur,</strong></span> <span class='ocrx_word' id='word_1_35' title='bbox 1306 884 1350 939; x_wconf 89' lang='lat' dir='ltr'><strong>si</strong></span> <span class='ocrx_word' id='word_1_36' title='bbox 1381 884 1594 956; x_wconf 85' lang='lat' dir='ltr'><strong>quando</strong></span> <span class='ocrx_word' id='word_1_37' title='bbox 1625 884 1794 938; x_wconf 91' lang='lat' dir='ltr'><strong>hostis</strong></span> <span class='ocrx_word' id='word_1_38' title='bbox 1822 883 2026 938; x_wconf 83' lang='lat' dir='ltr'><strong>incide—</strong></span> 
     </span>
    </p>
   </div>
   <div class='ocr_carea' id='block_1_7' title="bbox 438 973 2027 1046">
    <p class='ocr_par' dir='ltr' id='par_1_7' title="bbox 438 973 2027 1046">
     <span class='ocr_line' id='line_1_7' title="bbox 438 973 2027 1046; baseline -0.004 -12"><span class='ocrx_word' id='word_1_39' title='bbox 438 982 508 1035; x_wconf 88' lang='lat' dir='ltr'><strong>rit</strong></span> <span class='ocrx_word' id='word_1_40' title='bbox 552 980 604 1034; x_wconf 90' lang='lat' dir='ltr'><strong>in</strong></span> <span class='ocrx_word' id='word_1_41' title='bbox 636 992 826 1033; x_wconf 89' lang='lat' dir='ltr'><strong>manus</strong></span> <span class='ocrx_word' id='word_1_42' title='bbox 863 986 1015 1040; x_wconf 89' lang='lat' dir='ltr'><strong>tuas,</strong></span> <span class='ocrx_word' id='word_1_43' title='bbox 1056 990 1125 1032; x_wconf 90' lang='lat' dir='ltr'><strong>ne</strong></span> <span class='ocrx_word' id='word_1_44' title='bbox 1164 975 1292 1031; x_wconf 91' lang='lat' dir='ltr'><strong>illud</strong></span> <span class='ocrx_word' id='word_1_45' title='bbox 1340 984 1521 1046; x_wconf 87' lang='lat' dir='ltr'><strong>specta</strong></span> <span class='ocrx_word' id='word_1_46' title='bbox 1544 1016 1559 1041; x_wconf 94' lang='lat'><strong>,</strong></span> <span class='ocrx_word' id='word_1_47' title='bbox 1586 973 1853 1045; x_wconf 90' lang='lat' dir='ltr'><strong>quomodo</strong></span> <span class='ocrx_word' id='word_1_48' title='bbox 1883 974 2027 1027; x_wconf 92' lang='lat' dir='ltr'><strong>illum</strong></span> 
     </span>
    </p>
   </div>
   <div class='ocr_carea' id='block_1_8' title="bbox 436 1065 2027 1137">
    <p class='ocr_par' dir='ltr' id='par_1_8' title="bbox 436 1065 2027 1137">
     <span class='ocr_line' id='line_1_8' title="bbox 436 1065 2027 1137; baseline -0.003 -14"><span class='ocrx_word' id='word_1_49' title='bbox 436 1068 714 1125; x_wconf 80' lang='lat' dir='ltr'><strong>ulciscaris</strong></span> <span class='ocrx_word' id='word_1_50' title='bbox 737 1110 753 1135; x_wconf 93' lang='lat'><strong>,</strong></span> <span class='ocrx_word' id='word_1_51' title='bbox 785 1066 1182 1137; x_wconf 88' lang='lat' dir='ltr'><strong>innumerisque</strong></span> <span class='ocrx_word' id='word_1_52' title='bbox 1216 1065 1467 1123; x_wconf 84' lang='lat' dir='ltr'><strong>conviciis</strong></span> <span class='ocrx_word' id='word_1_53' title='bbox 1493 1079 1839 1135; x_wconf 81' lang='lat' dir='ltr'><strong>conspersum</strong></span> <span class='ocrx_word' id='word_1_54' title='bbox 1866 1065 2027 1119; x_wconf 84' lang='lat' dir='ltr'><strong>emit-</strong></span> 
     </span>
    </p>
   </div>
   <div class='ocr_carea' id='block_1_9' title="bbox 441 1156 2030 1231">
    <p class='ocr_par' dir='ltr' id='par_1_9' title="bbox 441 1156 2030 1231">
     <span class='ocr_line' id='line_1_9' title="bbox 441 1156 2030 1231; baseline -0.004 -13"><span class='ocrx_word' id='word_1_55' title='bbox 441 1170 523 1217; x_wconf 86' lang='lat' dir='ltr'><strong>tas</strong></span> <span class='ocrx_word' id='word_1_56' title='bbox 550 1204 564 1228; x_wconf 92' lang='lat'><strong>,</strong></span> <span class='ocrx_word' id='word_1_57' title='bbox 590 1162 682 1218; x_wconf 83' lang='lat' dir='ltr'><strong>sed</strong></span> <span class='ocrx_word' id='word_1_58' title='bbox 720 1158 991 1231; x_wconf 88' lang='lat' dir='ltr'><strong>quomodo</strong></span> <span class='ocrx_word' id='word_1_59' title='bbox 1030 1172 1214 1224; x_wconf 88' lang='lat' dir='ltr'><strong>sanes,</strong></span> <span class='ocrx_word' id='word_1_60' title='bbox 1267 1157 1537 1228; x_wconf 90' lang='lat' dir='ltr'><strong>quomodo</strong></span> <span class='ocrx_word' id='word_1_61' title='bbox 1583 1156 1648 1211; x_wconf 90' lang='lat' dir='ltr'><strong>ad</strong></span> <span class='ocrx_word' id='word_1_62' title='bbox 1688 1156 2030 1211; x_wconf 86' lang='lat' dir='ltr'><strong>sobrietatem</strong></span> 
     </span>
    </p>
   </div>
   <div class='ocr_carea' id='block_1_10' title="bbox 436 1249 2028 1323">
    <p class='ocr_par' dir='ltr' id='par_1_10' title="bbox 436 1249 2028 1323">
     <span class='ocr_line' id='line_1_10' title="bbox 436 1249 2028 1323; baseline -0.004 -12"><span class='ocrx_word' id='word_1_63' title='bbox 436 1254 712 1311; x_wconf 84' lang='lat' dir='ltr'><strong>reducas:</strong></span> <span class='ocrx_word' id='word_1_64' title='bbox 759 1266 929 1323; x_wconf 90' lang='lat' dir='ltr'><strong>neque</strong></span> <span class='ocrx_word' id='word_1_65' title='bbox 976 1252 1123 1322; x_wconf 85' lang='lat' dir='ltr'><strong>prius</strong></span> <span class='ocrx_word' id='word_1_66' title='bbox 1171 1250 1401 1307; x_wconf 85' lang='lat' dir='ltr'><strong>desistas</strong></span> <span class='ocrx_word' id='word_1_67' title='bbox 1443 1250 1620 1306; x_wconf 87' lang='lat' dir='ltr'><strong>omnia</strong></span> <span class='ocrx_word' id='word_1_68' title='bbox 1666 1257 1777 1305; x_wconf 89' lang='lat' dir='ltr'><strong>tum</strong></span> <span class='ocrx_word' id='word_1_69' title='bbox 1820 1249 2028 1314; x_wconf 82' lang='lat' dir='ltr'><strong>facere,</strong></span> 
     </span>
    </p>
   </div>
   <div class='ocr_carea' id='block_1_11' title="bbox 439 1342 2028 1413">
    <p class='ocr_par' dir='ltr' id='par_1_11' title="bbox 439 1342 2028 1413">
     <span class='ocr_line' id='line_1_11' title="bbox 439 1342 2028 1413; baseline -0.003 -13"><span class='ocrx_word' id='word_1_70' title='bbox 439 1354 552 1401; x_wconf 88' lang='lat' dir='ltr'><strong>tum</strong></span> <span class='ocrx_word' id='word_1_71' title='bbox 592 1345 810 1411; x_wconf 87' lang='lat' dir='ltr'><strong>dicere,</strong></span> <span class='ocrx_word' id='word_1_72' title='bbox 854 1345 1027 1401; x_wconf 88' lang='lat' dir='ltr'><strong>donec</strong></span> <span class='ocrx_word' id='word_1_73' title='bbox 1072 1353 1159 1399; x_wconf 90' lang='lat' dir='ltr'><strong>tua</strong></span> <span class='ocrx_word' id='word_1_74' title='bbox 1207 1344 1610 1399; x_wconf 83' lang='lat' dir='ltr'><strong>mansuetudine</strong></span> <span class='ocrx_word' id='word_1_75' title='bbox 1651 1342 1920 1413; x_wconf 89' lang='lat' dir='ltr'><strong>superaris</strong></span> <span class='ocrx_word' id='word_1_76' title='bbox 1964 1343 2028 1397; x_wconf 83' lang='lat' dir='ltr'><strong>il-</strong></span> 
     </span>
    </p>
   </div>
   <div class='ocr_carea' id='block_1_12' title="bbox 440 1434 2027 1504">
    <p class='ocr_par' dir='ltr' id='par_1_12' title="bbox 440 1434 2027 1504">
     <span class='ocr_line' id='line_1_12' title="bbox 440 1434 2027 1504; baseline -0.003 -12"><span class='ocrx_word' id='word_1_77' title='bbox 440 1438 542 1492; x_wconf 90' lang='lat' dir='ltr'><strong>lius</strong></span> <span class='ocrx_word' id='word_1_78' title='bbox 590 1437 979 1494; x_wconf 90' lang='lat' dir='ltr'><strong>truculentiam.</strong></span> <span class='ocrx_word' id='word_1_79' title='bbox 1006 1434 1145 1490; x_wconf 89' lang='lat' dir='ltr'><strong>Nihil</strong></span> <span class='ocrx_word' id='word_1_80' title='bbox 1183 1435 1325 1490; x_wconf 90' lang='lat' dir='ltr'><strong>enim</strong></span> <span class='ocrx_word' id='word_1_81' title='bbox 1370 1434 1695 1489; x_wconf 82' lang='lat' dir='ltr'><strong>humatlitate</strong></span> <span class='ocrx_word' id='word_1_82' title='bbox 1740 1434 2027 1504; x_wconf 89' lang='lat' dir='ltr'><strong>potentius.</strong></span> 
     </span>
    </p>
   </div>
   <div class='ocr_carea' id='block_1_13' title="bbox 437 1525 2031 1599">
    <p class='ocr_par' dir='ltr' id='par_1_13' title="bbox 437 1525 2031 1599">
     <span class='ocr_line' id='line_1_13' title="bbox 437 1525 2031 1599; baseline -0.002 -16"><span class='ocrx_word' id='word_1_83' title='bbox 437 1528 591 1598; x_wconf 84' lang='lat' dir='ltr'><strong>Quod</strong></span> <span class='ocrx_word' id='word_1_84' title='bbox 657 1528 829 1599; x_wconf 90' lang='lat' dir='ltr'><strong>ipsum</strong></span> <span class='ocrx_word' id='word_1_85' title='bbox 896 1526 1111 1597; x_wconf 90' lang='lat' dir='ltr'><strong>quidam</strong></span> <span class='ocrx_word' id='word_1_86' title='bbox 1169 1526 1492 1591; x_wconf 85' lang='lat' dir='ltr'><strong>declaravit,</strong></span> <span class='ocrx_word' id='word_1_87' title='bbox 1552 1525 1737 1581; x_wconf 88' lang='lat' dir='ltr'><strong>dicens</strong></span> <span class='ocrx_word' id='word_1_88' title='bbox 1788 1542 1802 1579; x_wconf 91' lang='lat'><strong>:</strong></span> <span class='ocrx_word' id='word_1_89' title='bbox 1849 1525 2031 1581; x_wconf 73' lang='lat' dir='ltr'><strong>Sermo</strong></span> 
     </span>
    </p>
   </div>
   <div class='ocr_carea' id='block_1_14' title="bbox 438 1614 2031 1689">
    <p class='ocr_par' dir='ltr' id='par_1_14' title="bbox 438 1614 2031 1689">
     <span class='ocr_line' id='line_1_14' title="bbox 438 1614 2031 1689; baseline -0.001 -17"><span class='ocrx_word' id='word_1_90' title='bbox 438 1620 607 1674; x_wconf 83' lang='lat' dir='ltr'><strong>mollis</strong></span> <span class='ocrx_word' id='word_1_91' title='bbox 649 1619 933 1689; x_wconf 75' lang='lat' dir='ltr'><strong>confringet</strong></span> <span class='ocrx_word' id='word_1_92' title='bbox 976 1632 1091 1671; x_wconf 84' lang='lat' dir='ltr'><strong>ossa</strong></span> <span class='ocrx_word' id='word_1_93' title='bbox 1132 1614 1333 1687; x_wconf 82' lang='lat' dir='ltr'><strong>(Prov.</strong></span> <span class='ocrx_word' id='word_1_94' title='bbox 1374 1616 1464 1671; x_wconf 88' lang='grc'><strong>25.</strong></span> <span class='ocrx_word' id='word_1_95' title='bbox 1510 1615 1642 1685; x_wconf 89' lang='grc'><strong>15).</strong></span> <span class='ocrx_word' id='word_1_96' title='bbox 1693 1615 1852 1686; x_wconf 79' lang='lat' dir='ltr'><strong>Atqui</strong></span> <span class='ocrx_word' id='word_1_97' title='bbox 1905 1614 2031 1685; x_wconf 88' lang='lat' dir='ltr'><strong>quid</strong></span> 
     </span>
    </p>
   </div>
   <div class='ocr_carea' id='block_1_15' title="bbox 438 1706 2032 1779">
    <p class='ocr_par' dir='ltr' id='par_1_15' title="bbox 438 1706 2032 1779">
     <span class='ocr_line' id='line_1_15' title="bbox 438 1706 2032 1779; baseline -0.004 -12"><span class='ocrx_word' id='word_1_98' title='bbox 438 1727 563 1767; x_wconf 87' lang='lat' dir='ltr'><strong>osse</strong></span> <span class='ocrx_word' id='word_1_99' title='bbox 587 1711 810 1766; x_wconf 83' lang='lat' dir='ltr'><strong>durius?</strong></span> <span class='ocrx_word' id='word_1_100' title='bbox 836 1709 905 1765; x_wconf 85' lang='lat' dir='ltr'><strong>Et</strong></span> <span class='ocrx_word' id='word_1_101' title='bbox 944 1719 1119 1763; x_wconf 88' lang='lat' dir='ltr'><strong>tamen</strong></span> <span class='ocrx_word' id='word_1_102' title='bbox 1150 1708 1196 1762; x_wconf 89' lang='lat' dir='ltr'><strong>si</strong></span> <span class='ocrx_word' id='word_1_103' title='bbox 1239 1708 1358 1779; x_wconf 90' lang='lat' dir='ltr'><strong>quis</strong></span> <span class='ocrx_word' id='word_1_104' title='bbox 1393 1723 1545 1779; x_wconf 73' lang='lat' dir='ltr'><strong>teque</strong></span> <span class='ocrx_word' id='word_1_105' title='bbox 1573 1707 1738 1762; x_wconf 89' lang='lat' dir='ltr'><strong>durus</strong></span> <span class='ocrx_word' id='word_1_106' title='bbox 1763 1709 1836 1762; x_wconf 88' lang='lat' dir='ltr'><strong>sit</strong></span> <span class='ocrx_word' id='word_1_107' title='bbox 1873 1715 1927 1760; x_wconf 86' lang='lat' dir='ltr'><strong>et</strong></span> <span class='ocrx_word' id='word_1_108' title='bbox 1959 1706 2032 1761; x_wconf 87' lang='lat' dir='ltr'><strong>ri-</strong></span> 
     </span>
    </p>
   </div>
   <div class='ocr_carea' id='block_1_16' title="bbox 440 1798 2029 1873">
    <p class='ocr_par' dir='ltr' id='par_1_16' title="bbox 440 1798 2029 1873">
     <span class='ocr_line' id='line_1_16' title="bbox 440 1798 2029 1873; baseline -0.003 -16"><span class='ocrx_word' id='word_1_109' title='bbox 440 1802 594 1873; x_wconf 88' lang='lat' dir='ltr'><strong>gidus</strong></span> <span class='ocrx_word' id='word_1_110' title='bbox 619 1816 683 1856; x_wconf 91' lang='lat' dir='ltr'><strong>ac</strong></span> <span class='ocrx_word' id='word_1_111' title='bbox 711 1799 1054 1871; x_wconf 62' lang='lat' dir='ltr'><strong>praefractus,</strong></span> <span class='ocrx_word' id='word_1_112' title='bbox 1081 1807 1258 1853; x_wconf 90' lang='lat' dir='ltr'><strong>tamen</strong></span> <span class='ocrx_word' id='word_1_113' title='bbox 1304 1799 1448 1853; x_wconf 92' lang='lat' dir='ltr'><strong>illum</strong></span> <span class='ocrx_word' id='word_1_114' title='bbox 1496 1798 1647 1853; x_wconf 83' lang='lat' dir='ltr'><strong>facile</strong></span> <span class='ocrx_word' id='word_1_115' title='bbox 1689 1798 1911 1865; x_wconf 89' lang='lat' dir='ltr'><strong>vicerit,</strong></span> <span class='ocrx_word' id='word_1_116' title='bbox 1941 1798 2029 1867; x_wconf 92' lang='lat' dir='ltr'><strong>qui</strong></span> 
     </span>
    </p>
   </div>
   <div class='ocr_carea' id='block_1_17' title="bbox 441 1889 2031 1959">
    <p class='ocr_par' dir='ltr' id='par_1_17' title="bbox 441 1889 2031 1959">
     <span class='ocr_line' id='line_1_17' title="bbox 441 1889 2031 1959; baseline -0.003 -11"><span class='ocrx_word' id='word_1_117' title='bbox 441 1901 719 1949; x_wconf 85' lang='lat' dir='ltr'><strong>mansuete</strong></span> <span class='ocrx_word' id='word_1_118' title='bbox 744 1900 951 1947; x_wconf 83' lang='lat' dir='ltr'><strong>tractet.</strong></span> <span class='ocrx_word' id='word_1_119' title='bbox 981 1892 1058 1945; x_wconf 83' lang='lat' dir='ltr'><strong>Ac</strong></span> <span class='ocrx_word' id='word_1_120' title='bbox 1082 1904 1287 1957; x_wconf 84' lang='lat' dir='ltr'><strong>rursus,</strong></span> <span class='ocrx_word' id='word_1_121' title='bbox 1310 1889 1585 1959; x_wconf 73' lang='lat' dir='ltr'><strong>Responsio</strong></span> <span class='ocrx_word' id='word_1_122' title='bbox 1612 1890 1859 1944; x_wconf 84' lang='lat' dir='ltr'><strong>submissa</strong></span> <span class='ocrx_word' id='word_1_123' title='bbox 1888 1906 2031 1944; x_wconf 79' lang='lat' dir='ltr'><strong>auer-</strong></span> 
     </span>
    </p>
   </div>
   <div class='ocr_carea' id='block_1_18' title="bbox 441 1979 2025 2051">
    <p class='ocr_par' dir='ltr' id='par_1_18' title="bbox 441 1979 2025 2051">
     <span class='ocr_line' id='line_1_18' title="bbox 441 1979 2025 2051; baseline -0.002 -15"><span class='ocrx_word' id='word_1_124' title='bbox 441 1985 499 2037; x_wconf 86' lang='lat' dir='ltr'><strong>tit</strong></span> <span class='ocrx_word' id='word_1_125' title='bbox 525 1984 629 2037; x_wconf 87' lang='lat' dir='ltr'><strong>iras</strong></span> <span class='ocrx_word' id='word_1_126' title='bbox 669 1982 853 2051; x_wconf 78' lang='lat' dir='ltr'><strong>(Prov.</strong></span> <span class='ocrx_word' id='word_1_127' title='bbox 885 1982 971 2036; x_wconf 75' lang='grc'><strong>15.</strong></span> <span class='ocrx_word' id='word_1_128' title='bbox 997 1980 1076 2051; x_wconf 91' lang='grc'><strong>1).</strong></span> <span class='ocrx_word' id='word_1_129' title='bbox 1108 1979 1257 2035; x_wconf 89' lang='lat' dir='ltr'><strong>Unde</strong></span> <span class='ocrx_word' id='word_1_130' title='bbox 1282 1980 1446 2049; x_wconf 89' lang='lat' dir='ltr'><strong>liquet</strong></span> <span class='ocrx_word' id='word_1_131' title='bbox 1468 1989 1526 2033; x_wconf 90' lang='lat' dir='ltr'><strong>ut</strong></span> <span class='ocrx_word' id='word_1_132' title='bbox 1553 1980 1724 2034; x_wconf 88' lang='lat' dir='ltr'><strong>hostis</strong></span> <span class='ocrx_word' id='word_1_133' title='bbox 1746 1979 1983 2035; x_wconf 88' lang='lat' dir='ltr'><strong>irritetur</strong></span> <span class='ocrx_word' id='word_1_134' title='bbox 2009 2021 2025 2047; x_wconf 93' lang='lat'><strong>,</strong></span> 
     </span>
    </p>
   </div>
   <div class='ocr_carea' id='block_1_19' title="bbox 441 2070 2029 2141">
    <p class='ocr_par' dir='ltr' id='par_1_19' title="bbox 441 2070 2029 2141">
     <span class='ocr_line' id='line_1_19' title="bbox 441 2070 2029 2141; baseline -0.003 -12"><span class='ocrx_word' id='word_1_135' title='bbox 441 2082 534 2129; x_wconf 89' lang='lat' dir='ltr'><strong>aut</strong></span> <span class='ocrx_word' id='word_1_136' title='bbox 559 2072 932 2128; x_wconf 89' lang='lat' dir='ltr'><strong>reconcilietur</strong></span> <span class='ocrx_word' id='word_1_137' title='bbox 954 2112 971 2138; x_wconf 87' lang='lat'><strong>,</strong></span> <span class='ocrx_word' id='word_1_138' title='bbox 1002 2070 1170 2141; x_wconf 90' lang='lat' dir='ltr'><strong>magis</strong></span> <span class='ocrx_word' id='word_1_139' title='bbox 1200 2070 1251 2125; x_wconf 92' lang='lat' dir='ltr'><strong>in</strong></span> <span class='ocrx_word' id='word_1_140' title='bbox 1274 2078 1362 2125; x_wconf 88' lang='lat' dir='ltr'><strong>tua</strong></span> <span class='ocrx_word' id='word_1_141' title='bbox 1392 2078 1652 2140; x_wconf 89' lang='lat' dir='ltr'><strong>potestate</strong></span> <span class='ocrx_word' id='word_1_142' title='bbox 1677 2084 1799 2125; x_wconf 88' lang='lat' dir='ltr'><strong>esse</strong></span> <span class='ocrx_word' id='word_1_143' title='bbox 1820 2110 1840 2138; x_wconf 88' lang='lat'><strong>,</strong></span> <span class='ocrx_word' id='word_1_144' title='bbox 1870 2085 2029 2140; x_wconf 87' lang='lat' dir='ltr'><strong>quam</strong></span> 
     </span>
    </p>
   </div>
   <div class='ocr_carea' id='block_1_20' title="bbox 443 2160 2029 2232">
    <p class='ocr_par' dir='ltr' id='par_1_20' title="bbox 443 2160 2029 2232">
     <span class='ocr_line' id='line_1_20' title="bbox 443 2160 2029 2232; baseline -0.003 -13"><span class='ocrx_word' id='word_1_145' title='bbox 443 2166 602 2220; x_wconf 91' lang='lat' dir='ltr'><strong>illius.</strong></span> <span class='ocrx_word' id='word_1_146' title='bbox 622 2164 735 2219; x_wconf 84' lang='lat' dir='ltr'><strong>Non</strong></span> <span class='ocrx_word' id='word_1_147' title='bbox 761 2163 906 2219; x_wconf 89' lang='lat' dir='ltr'><strong>enim</strong></span> <span class='ocrx_word' id='word_1_148' title='bbox 927 2162 981 2216; x_wconf 95' lang='lat' dir='ltr'><strong>in</strong></span> <span class='ocrx_word' id='word_1_149' title='bbox 1009 2163 1073 2217; x_wconf 91' lang='lat' dir='ltr'><strong>iis</strong></span> <span class='ocrx_word' id='word_1_150' title='bbox 1090 2162 1178 2232; x_wconf 88' lang='lat' dir='ltr'><strong>qui</strong></span> <span class='ocrx_word' id='word_1_151' title='bbox 1207 2162 1283 2216; x_wconf 91' lang='lat' dir='ltr'><strong>ira</strong></span> <span class='ocrx_word' id='word_1_152' title='bbox 1307 2162 1562 2217; x_wconf 83' lang='lat' dir='ltr'><strong>commoti</strong></span> <span class='ocrx_word' id='word_1_153' title='bbox 1580 2170 1725 2227; x_wconf 90' lang='lat' dir='ltr'><strong>sunt,</strong></span> <span class='ocrx_word' id='word_1_154' title='bbox 1743 2160 1835 2216; x_wconf 90' lang='lat' dir='ltr'><strong>sed</strong></span> <span class='ocrx_word' id='word_1_155' title='bbox 1858 2160 1910 2215; x_wconf 91' lang='lat' dir='ltr'><strong>in</strong></span> <span class='ocrx_word' id='word_1_156' title='bbox 1928 2175 2029 2215; x_wconf 90' lang='lat' dir='ltr'><strong>no-</strong></span> 
     </span>
    </p>
   </div>
   <div class='ocr_carea' id='block_1_21' title="bbox 444 2250 2029 2323">
    <p class='ocr_par' dir='ltr' id='par_1_21' title="bbox 444 2250 2029 2323">
     <span class='ocr_line' id='line_1_21' title="bbox 444 2250 2029 2323; baseline -0.003 -12"><span class='ocrx_word' id='word_1_157' title='bbox 444 2254 526 2311; x_wconf 93' lang='lat' dir='ltr'><strong>bis</strong></span> <span class='ocrx_word' id='word_1_158' title='bbox 552 2256 712 2309; x_wconf 89' lang='lat' dir='ltr'><strong>situm</strong></span> <span class='ocrx_word' id='word_1_159' title='bbox 732 2262 843 2321; x_wconf 89' lang='lat' dir='ltr'><strong>est,</strong></span> <span class='ocrx_word' id='word_1_160' title='bbox 880 2263 939 2308; x_wconf 93' lang='lat' dir='ltr'><strong>ut</strong></span> <span class='ocrx_word' id='word_1_161' title='bbox 965 2254 1050 2308; x_wconf 90' lang='lat' dir='ltr'><strong>vel</strong></span> <span class='ocrx_word' id='word_1_162' title='bbox 1076 2253 1441 2323; x_wconf 88' lang='lat' dir='ltr'><strong>exstinguatur</strong></span> <span class='ocrx_word' id='word_1_163' title='bbox 1466 2252 1679 2307; x_wconf 89' lang='lat' dir='ltr'><strong>illorum</strong></span> <span class='ocrx_word' id='word_1_164' title='bbox 1708 2252 1808 2316; x_wconf 88' lang='lat' dir='ltr'><strong>ira,</strong></span> <span class='ocrx_word' id='word_1_165' title='bbox 1835 2252 1920 2306; x_wconf 89' lang='lat' dir='ltr'><strong>vel</strong></span> <span class='ocrx_word' id='word_1_166' title='bbox 1961 2250 2029 2306; x_wconf 89' lang='lat' dir='ltr'><strong>ad</strong></span> 
     </span>
    </p>
   </div>
   <div class='ocr_carea' id='block_1_22' title="bbox 441 2341 2027 2417">
    <p class='ocr_par' dir='ltr' id='par_1_22' title="bbox 441 2341 2027 2417">
     <span class='ocr_line' id='line_1_22' title="bbox 441 2341 2027 2417; baseline -0.003 -15"><span class='ocrx_word' id='word_1_167' title='bbox 441 2347 616 2417; x_wconf 78' lang='lat' dir='ltr'><strong>majus</strong></span> <span class='ocrx_word' id='word_1_168' title='bbox 655 2346 887 2400; x_wconf 89' lang='lat' dir='ltr'><strong>irritetur</strong></span> <span class='ocrx_word' id='word_1_169' title='bbox 924 2342 1249 2401; x_wconf 76' lang='lat' dir='ltr'><strong>incendium.</strong></span> <span class='ocrx_word' id='word_1_170' title='bbox 1282 2343 1348 2398; x_wconf 87' lang='lat' dir='ltr'><strong>Et</strong></span> <span class='ocrx_word' id='word_1_171' title='bbox 1394 2342 1496 2398; x_wconf 88' lang='lat' dir='ltr'><strong>hoc</strong></span> <span class='ocrx_word' id='word_1_172' title='bbox 1545 2344 1671 2398; x_wconf 89' lang='lat' dir='ltr'><strong>item</strong></span> <span class='ocrx_word' id='word_1_173' title='bbox 1718 2342 1807 2413; x_wconf 88' lang='lat' dir='ltr'><strong>qui</strong></span> <span class='ocrx_word' id='word_1_174' title='bbox 1851 2341 2027 2413; x_wconf 90' lang='lat' dir='ltr'><strong>priora</strong></span> 
     </span>
    </p>
   </div>
   <div class='ocr_carea' id='block_1_23' title="bbox 442 2430 2025 2506">
    <p class='ocr_par' dir='ltr' id='par_1_23' title="bbox 442 2430 2025 2506">
     <span class='ocr_line' id='line_1_23' title="bbox 442 2430 2025 2506; baseline -0.004 -13"><span class='ocrx_word' id='word_1_175' title='bbox 442 2437 594 2503; x_wconf 80' lang='lat' dir='ltr'><strong>dixit,</strong></span> <span class='ocrx_word' id='word_1_176' title='bbox 619 2430 843 2506; x_wconf 85' lang='lat' dir='ltr'><strong>simplici</strong></span> <span class='ocrx_word' id='word_1_177' title='bbox 873 2436 1159 2491; x_wconf 87' lang='lat' dir='ltr'><strong>declaravit</strong></span> <span class='ocrx_word' id='word_1_178' title='bbox 1185 2435 1449 2505; x_wconf 86' lang='lat' dir='ltr'><strong>exemplo.</strong></span> <span class='ocrx_word' id='word_1_179' title='bbox 1474 2434 1621 2489; x_wconf 87' lang='lat' dir='ltr'><strong>Sicut</strong></span> <span class='ocrx_word' id='word_1_180' title='bbox 1641 2434 1808 2501; x_wconf 88' lang='lat' dir='ltr'><strong>enim,</strong></span> <span class='ocrx_word' id='word_1_181' title='bbox 1832 2434 2025 2504; x_wconf 90' lang='lat' dir='ltr'><strong>inquit,</strong></span> 
     </span>
    </p>
   </div>
   <div class='ocr_carea' id='block_1_24' title="bbox 442 2524 2025 2595">
    <p class='ocr_par' dir='ltr' id='par_1_24' title="bbox 442 2524 2025 2595">
     <span class='ocr_line' id='line_1_24' title="bbox 442 2524 2025 2595; baseline -0.004 -10"><span class='ocrx_word' id='word_1_182' title='bbox 442 2530 488 2585; x_wconf 87' lang='lat' dir='ltr'><strong>si</strong></span> <span class='ocrx_word' id='word_1_183' title='bbox 531 2528 773 2585; x_wconf 77' lang='lat' dir='ltr'><strong>insuliles</strong></span> <span class='ocrx_word' id='word_1_184' title='bbox 800 2528 853 2583; x_wconf 89' lang='lat' dir='ltr'><strong>in</strong></span> <span class='ocrx_word' id='word_1_185' title='bbox 901 2527 1184 2583; x_wconf 88' lang='lat' dir='ltr'><strong>scintillam</strong></span> <span class='ocrx_word' id='word_1_186' title='bbox 1231 2526 1406 2595; x_wconf 90' lang='lat' dir='ltr'><strong>ignis,</strong></span> <span class='ocrx_word' id='word_1_187' title='bbox 1437 2526 1637 2581; x_wconf 87' lang='lat' dir='ltr'><strong>excitas</strong></span> <span class='ocrx_word' id='word_1_188' title='bbox 1681 2524 2025 2579; x_wconf 89' lang='lat' dir='ltr'><strong>incendium:</strong></span> 
     </span>
    </p>
   </div>
   <div class='ocr_carea' id='block_1_25' title="bbox 440 2614 2027 2687">
    <p class='ocr_par' dir='ltr' id='par_1_25' title="bbox 440 2614 2027 2687">
     <span class='ocr_line' id='line_1_25' title="bbox 440 2614 2027 2687; baseline -0.001 -14"><span class='ocrx_word' id='word_1_189' title='bbox 440 2631 623 2675; x_wconf 90' lang='lat' dir='ltr'><strong>contra</strong></span> <span class='ocrx_word' id='word_1_190' title='bbox 650 2660 665 2683; x_wconf 87' lang='lat'><strong>,</strong></span> <span class='ocrx_word' id='word_1_191' title='bbox 698 2619 743 2673; x_wconf 90' lang='lat' dir='ltr'><strong>si</strong></span> <span class='ocrx_word' id='word_1_192' title='bbox 784 2619 1001 2687; x_wconf 89' lang='lat' dir='ltr'><strong>inspuas</strong></span> <span class='ocrx_word' id='word_1_193' title='bbox 1024 2657 1037 2680; x_wconf 88' lang='lat'><strong>,</strong></span> <span class='ocrx_word' id='word_1_194' title='bbox 1067 2616 1360 2686; x_wconf 89' lang='lat' dir='ltr'><strong>exstinguis</strong></span> <span class='ocrx_word' id='word_1_195' title='bbox 1384 2657 1399 2682; x_wconf 92' lang='lat'><strong>,</strong></span> <span class='ocrx_word' id='word_1_196' title='bbox 1432 2626 1484 2671; x_wconf 91' lang='lat' dir='ltr'><strong>et</strong></span> <span class='ocrx_word' id='word_1_197' title='bbox 1513 2626 1797 2684; x_wconf 85' lang='lat' dir='ltr'><strong>utrumque</strong></span> <span class='ocrx_word' id='word_1_198' title='bbox 1835 2614 1927 2669; x_wconf 91' lang='lat' dir='ltr'><strong>tibi</strong></span> <span class='ocrx_word' id='word_1_199' title='bbox 1972 2614 2027 2671; x_wconf 91' lang='lat' dir='ltr'><strong>in</strong></span> 
     </span>
    </p>
   </div>
   <div class='ocr_carea' id='block_1_26' title="bbox 442 2704 2030 2780">
    <p class='ocr_par' dir='ltr' id='par_1_26' title="bbox 442 2704 2030 2780">
     <span class='ocr_line' id='line_1_26' title="bbox 442 2704 2030 2780; baseline -0.004 -16"><span class='ocrx_word' id='word_1_200' title='bbox 442 2725 601 2765; x_wconf 89' lang='lat' dir='ltr'><strong>manu</strong></span> <span class='ocrx_word' id='word_1_201' title='bbox 629 2717 711 2764; x_wconf 77' lang='lat' dir='ltr'><strong>est</strong></span> <span class='ocrx_word' id='word_1_202' title='bbox 737 2707 1011 2780; x_wconf 67' lang='lat' dir='ltr'><strong>(quoniam</strong></span> <span class='ocrx_word' id='word_1_203' title='bbox 1044 2705 1340 2777; x_wconf 86' lang='lat' dir='ltr'><strong>Utrumque,</strong></span> <span class='ocrx_word' id='word_1_204' title='bbox 1373 2704 1565 2775; x_wconf 90' lang='lat' dir='ltr'><strong>inquit,</strong></span> <span class='ocrx_word' id='word_1_205' title='bbox 1595 2720 1658 2759; x_wconf 63' lang='lat' dir='ltr'><strong>ex</strong></span> <span class='ocrx_word' id='word_1_206' title='bbox 1683 2721 1770 2758; x_wconf 88' lang='lat' dir='ltr'><strong>ore</strong></span> <span class='ocrx_word' id='word_1_207' title='bbox 1798 2713 1883 2757; x_wconf 83' lang='lat' dir='ltr'><strong>tuo</strong></span> <span class='ocrx_word' id='word_1_208' title='bbox 1902 2720 2030 2776; x_wconf 83' lang='lat' dir='ltr'><strong>pro-</strong></span> 
     </span>
    </p>
   </div>
   <div class='ocr_carea' id='block_1_27' title="bbox 439 2794 2030 2874">
    <p class='ocr_par' dir='ltr' id='par_1_27' title="bbox 439 2794 2030 2874">
     <span class='ocr_line' id='line_1_27' title="bbox 439 2794 2030 2874; baseline -0.006 -16"><span class='ocrx_word' id='word_1_209' title='bbox 439 2802 681 2873; x_wconf 81' lang='lat' dir='ltr'><strong>ﬁciscitur</strong></span> <span class='ocrx_word' id='word_1_210' title='bbox 707 2800 894 2874; x_wconf 80' lang='lat' dir='ltr'><strong>[Eccli.</strong></span> <span class='ocrx_word' id='word_1_211' title='bbox 915 2799 1007 2855; x_wconf 84' lang='grc'><strong>28.</strong></span> <span class='ocrx_word' id='word_1_212' title='bbox 1038 2798 1128 2871; x_wconf 60' lang='lat' dir='ltr'><strong>li]</strong></span> <span class='ocrx_word' id='word_1_213' title='bbox 1146 2801 1165 2868; x_wconf 92' lang='lat'><strong>)</strong></span> <span class='ocrx_word' id='word_1_214' title='bbox 1185 2816 1199 2853; x_wconf 91' lang='lat'><strong>:</strong></span> <span class='ocrx_word' id='word_1_215' title='bbox 1217 2798 1294 2853; x_wconf 90' lang='lat' dir='ltr'><strong>sic</strong></span> <span class='ocrx_word' id='word_1_216' title='bbox 1314 2806 1371 2870; x_wconf 84' lang='lat' dir='ltr'><strong>et</strong></span> <span class='ocrx_word' id='word_1_217' title='bbox 1400 2798 1451 2851; x_wconf 91' lang='lat' dir='ltr'><strong>in</strong></span> <span class='ocrx_word' id='word_1_218' title='bbox 1478 2797 1754 2852; x_wconf 86' lang='lat' dir='ltr'><strong>inimicitia</strong></span> <span class='ocrx_word' id='word_1_219' title='bbox 1782 2797 1833 2851; x_wconf 93' lang='lat' dir='ltr'><strong>in</strong></span> <span class='ocrx_word' id='word_1_220' title='bbox 1857 2794 2030 2866; x_wconf 88' lang='lat' dir='ltr'><strong>proxi-</strong></span> 
     </span>
    </p>
   </div>
   <div class='ocr_carea' id='block_1_28' title="bbox 442 2887 2029 2958">
    <p class='ocr_par' dir='ltr' id='par_1_28' title="bbox 442 2887 2029 2958">
     <span class='ocr_line' id='line_1_28' title="bbox 442 2887 2029 2958; baseline -0.005 -8"><span class='ocrx_word' id='word_1_221' title='bbox 442 2910 584 2950; x_wconf 89' lang='lat' dir='ltr'><strong>mum</strong></span> <span class='ocrx_word' id='word_1_222' title='bbox 606 2933 620 2957; x_wconf 91' lang='lat'><strong>,</strong></span> <span class='ocrx_word' id='word_1_223' title='bbox 639 2892 684 2946; x_wconf 90' lang='lat' dir='ltr'><strong>si</strong></span> <span class='ocrx_word' id='word_1_224' title='bbox 702 2892 911 2945; x_wconf 78' lang='lat' dir='ltr'><strong>inﬂatos</strong></span> <span class='ocrx_word' id='word_1_225' title='bbox 932 2905 994 2945; x_wconf 90' lang='lat' dir='ltr'><strong>ac</strong></span> <span class='ocrx_word' id='word_1_226' title='bbox 1012 2888 1266 2943; x_wconf 81' lang='lat' dir='ltr'><strong>vecordes</strong></span> <span class='ocrx_word' id='word_1_227' title='bbox 1284 2889 1808 2958; x_wconf 80' lang='lat' dir='ltr'><strong>ingerassermones,</strong></span> <span class='ocrx_word' id='word_1_228' title='bbox 1826 2887 2029 2942; x_wconf 83' lang='lat' dir='ltr'><strong>exeitas</strong></span> 
     </span>
    </p>
   </div>
   <div class='ocr_carea' id='block_1_29' title="bbox 443 2976 2027 3056">
    <p class='ocr_par' dir='ltr' id='par_1_29' title="bbox 443 2976 2027 3056">
     <span class='ocr_line' id='line_1_29' title="bbox 443 2976 2027 3056; baseline -0.004 -17"><span class='ocrx_word' id='word_1_229' title='bbox 443 2984 617 3056; x_wconf 80' lang='lat' dir='ltr'><strong>ignem</strong></span> <span class='ocrx_word' id='word_1_230' title='bbox 648 2983 789 3036; x_wconf 89' lang='lat' dir='ltr'><strong>illius</strong></span> <span class='ocrx_word' id='word_1_231' title='bbox 809 3022 823 3045; x_wconf 94' lang='lat'><strong>,</strong></span> <span class='ocrx_word' id='word_1_232' title='bbox 855 2979 1103 3036; x_wconf 88' lang='lat' dir='ltr'><strong>accendis</strong></span> <span class='ocrx_word' id='word_1_233' title='bbox 1127 2979 1389 3033; x_wconf 87' lang='lat' dir='ltr'><strong>carbones</strong></span> <span class='ocrx_word' id='word_1_234' title='bbox 1413 2994 1427 3030; x_wconf 93' lang='lat'><strong>:</strong></span> <span class='ocrx_word' id='word_1_235' title='bbox 1452 2977 1535 3032; x_wconf 89' lang='lat' dir='ltr'><strong>sin</strong></span> <span class='ocrx_word' id='word_1_236' title='bbox 1566 2978 1722 3031; x_wconf 84' lang='lat' dir='ltr'><strong>mites</strong></span> <span class='ocrx_word' id='word_1_237' title='bbox 1751 2991 1814 3030; x_wconf 89' lang='lat' dir='ltr'><strong>ac</strong></span> <span class='ocrx_word' id='word_1_238' title='bbox 1839 2976 2027 3032; x_wconf 78' lang='lat' dir='ltr'><strong>mode-</strong></span> 
     </span>
    </p>
   </div>
   <div class='ocr_carea' id='block_1_30' title="bbox 442 3067 2025 3139">
    <p class='ocr_par' dir='ltr' id='par_1_30' title="bbox 442 3067 2025 3139">
     <span class='ocr_line' id='line_1_30' title="bbox 442 3067 2025 3139; baseline -0.004 -11"><span class='ocrx_word' id='word_1_239' title='bbox 442 3083 587 3129; x_wconf 83' lang='lat' dir='ltr'><strong>ratos</strong></span> <span class='ocrx_word' id='word_1_240' title='bbox 634 3072 922 3127; x_wconf 82' lang='lat' dir='ltr'><strong>admoveas</strong></span> <span class='ocrx_word' id='word_1_241' title='bbox 964 3084 1239 3125; x_wconf 91' lang='lat' dir='ltr'><strong>sermones</strong></span> <span class='ocrx_word' id='word_1_242' title='bbox 1268 3109 1283 3135; x_wconf 94' lang='lat'><strong>,</strong></span> <span class='ocrx_word' id='word_1_243' title='bbox 1324 3068 1628 3139; x_wconf 88' lang='lat' dir='ltr'><strong>priusquam</strong></span> <span class='ocrx_word' id='word_1_244' title='bbox 1676 3067 2025 3135; x_wconf 87' lang='lat' dir='ltr'><strong>exardescat,</strong></span> 
     </span>
    </p>
   </div>
   <div class='ocr_carea' id='block_1_31' title="bbox 440 3158 2028 3230">
    <p class='ocr_par' dir='ltr' id='par_1_31' title="bbox 440 3158 2028 3230">
     <span class='ocr_line' id='line_1_31' title="bbox 440 3158 2028 3230; baseline -0.003 -11"><span class='ocrx_word' id='word_1_245' title='bbox 440 3165 575 3219; x_wconf 87' lang='lat' dir='ltr'><strong>iram</strong></span> <span class='ocrx_word' id='word_1_246' title='bbox 601 3177 812 3218; x_wconf 89' lang='lat' dir='ltr'><strong>omnem</strong></span> <span class='ocrx_word' id='word_1_247' title='bbox 840 3160 1177 3217; x_wconf 78' lang='lat' dir='ltr'><strong>exstinxeris.</strong></span> <span class='ocrx_word' id='word_1_248' title='bbox 1200 3158 1277 3215; x_wconf 88' lang='lat' dir='ltr'><strong>Ne</strong></span> <span class='ocrx_word' id='word_1_249' title='bbox 1303 3159 1505 3214; x_wconf 81' lang='lat' dir='ltr'><strong>dixeris</strong></span> <span class='ocrx_word' id='word_1_250' title='bbox 1536 3159 1694 3230; x_wconf 78' lang='lat' dir='ltr'><strong>igitur</strong></span> <span class='ocrx_word' id='word_1_251' title='bbox 1718 3175 1731 3214; x_wconf 90' lang='lat'><strong>:</strong></span> <span class='ocrx_word' id='word_1_252' title='bbox 1756 3158 1880 3214; x_wconf 65' lang='lat' dir='ltr'><strong>[hec</strong></span> <span class='ocrx_word' id='word_1_253' title='bbox 1906 3174 2028 3230; x_wconf 85' lang='lat' dir='ltr'><strong>pas-</strong></span> 
     </span>
    </p>
   </div>
   <div class='ocr_carea' id='block_1_32' title="bbox 441 3250 2027 3321">
    <p class='ocr_par' dir='ltr' id='par_1_32' title="bbox 441 3250 2027 3321">
     <span class='ocr_line' id='line_1_32' title="bbox 441 3250 2027 3321; baseline -0.004 -9"><span class='ocrx_word' id='word_1_254' title='bbox 441 3272 534 3313; x_wconf 89' lang='lat' dir='ltr'><strong>sus</strong></span> <span class='ocrx_word' id='word_1_255' title='bbox 559 3271 700 3321; x_wconf 86' lang='lat' dir='ltr'><strong>sum,</strong></span> <span class='ocrx_word' id='word_1_256' title='bbox 730 3263 820 3309; x_wconf 91' lang='lat' dir='ltr'><strong>aut</strong></span> <span class='ocrx_word' id='word_1_257' title='bbox 841 3255 955 3309; x_wconf 82' lang='lat' dir='ltr'><strong>haec</strong></span> <span class='ocrx_word' id='word_1_258' title='bbox 982 3252 1191 3317; x_wconf 91' lang='lat' dir='ltr'><strong>audivi,</strong></span> <span class='ocrx_word' id='word_1_259' title='bbox 1215 3266 1335 3306; x_wconf 91' lang='lat' dir='ltr'><strong>cum</strong></span> <span class='ocrx_word' id='word_1_260' title='bbox 1363 3250 1477 3306; x_wconf 73' lang='lat' dir='ltr'><strong>hmc</strong></span> <span class='ocrx_word' id='word_1_261' title='bbox 1500 3251 1678 3305; x_wconf 86' lang='lat' dir='ltr'><strong>omnia</strong></span> <span class='ocrx_word' id='word_1_262' title='bbox 1707 3250 1815 3306; x_wconf 90' lang='lat' dir='ltr'><strong>sint</strong></span> <span class='ocrx_word' id='word_1_263' title='bbox 1841 3251 1892 3305; x_wconf 94' lang='lat' dir='ltr'><strong>in</strong></span> <span class='ocrx_word' id='word_1_264' title='bbox 1939 3259 2027 3305; x_wconf 91' lang='lat' dir='ltr'><strong>tua</strong></span> 
     </span>
    </p>
   </div>
   <div class='ocr_carea' id='block_1_33' title="bbox 442 3342 2025 3418">
    <p class='ocr_par' dir='ltr' id='par_1_33' title="bbox 442 3342 2025 3418">
     <span class='ocr_line' id='line_1_33' title="bbox 442 3342 2025 3418; baseline -0.004 -14"><span class='ocrx_word' id='word_1_265' title='bbox 442 3358 723 3418; x_wconf 86' lang='lat' dir='ltr'><strong>potestate.</strong></span> <span class='ocrx_word' id='word_1_266' title='bbox 757 3346 869 3401; x_wconf 80' lang='lat' dir='ltr'><strong>Hoc</strong></span> <span class='ocrx_word' id='word_1_267' title='bbox 893 3344 1035 3400; x_wconf 90' lang='lat' dir='ltr'><strong>enim</strong></span> <span class='ocrx_word' id='word_1_268' title='bbox 1066 3351 1221 3414; x_wconf 90' lang='lat' dir='ltr'><strong>pacto</strong></span> <span class='ocrx_word' id='word_1_269' title='bbox 1244 3344 1377 3398; x_wconf 91' lang='lat' dir='ltr'><strong>iram</strong></span> <span class='ocrx_word' id='word_1_270' title='bbox 1404 3343 1562 3398; x_wconf 89' lang='lat' dir='ltr'><strong>veluti</strong></span> <span class='ocrx_word' id='word_1_271' title='bbox 1592 3342 1875 3397; x_wconf 90' lang='lat' dir='ltr'><strong>scintillam</strong></span> <span class='ocrx_word' id='word_1_272' title='bbox 1900 3383 1917 3410; x_wconf 94' lang='lat'><strong>,</strong></span> <span class='ocrx_word' id='word_1_273' title='bbox 1940 3342 2025 3398; x_wconf 91' lang='lat' dir='ltr'><strong>vel</strong></span> 
     </span>
    </p>
   </div>
   <div class='ocr_carea' id='block_1_34' title="bbox 440 3432 2021 3507">
    <p class='ocr_par' dir='ltr' id='par_1_34' title="bbox 440 3432 2021 3507">
     <span class='ocr_line' id='line_1_34' title="bbox 440 3432 2021 3507; baseline -0.003 -13"><span class='ocrx_word' id='word_1_274' title='bbox 440 3437 779 3507; x_wconf 79' lang='lat' dir='ltr'><strong>exstinguere</strong></span> <span class='ocrx_word' id='word_1_275' title='bbox 820 3434 904 3490; x_wconf 88' lang='lat' dir='ltr'><strong>vel</strong></span> <span class='ocrx_word' id='word_1_276' title='bbox 929 3433 1244 3499; x_wconf 85' lang='lat' dir='ltr'><strong>accendere,</strong></span> <span class='ocrx_word' id='word_1_277' title='bbox 1275 3432 1613 3503; x_wconf 78' lang='lat' dir='ltr'><strong>furoremque</strong></span> <span class='ocrx_word' id='word_1_278' title='bbox 1638 3433 1721 3488; x_wconf 89' lang='lat' dir='ltr'><strong>vel</strong></span> <span class='ocrx_word' id='word_1_279' title='bbox 1754 3432 1986 3489; x_wconf 89' lang='lat' dir='ltr'><strong>excitare</strong></span> <span class='ocrx_word' id='word_1_280' title='bbox 2007 3474 2021 3500; x_wconf 88' lang='lat'><strong>,</strong></span> 
     </span>
    </p>
   </div>
   <div class='ocr_carea' id='block_1_35' title="bbox 440 3523 2028 3594">
    <p class='ocr_par' dir='ltr' id='par_1_35' title="bbox 440 3523 2028 3594">
     <span class='ocr_line' id='line_1_35' title="bbox 440 3523 2028 3594; baseline -0.001 -14"><span class='ocrx_word' id='word_1_281' title='bbox 440 3531 523 3586; x_wconf 87' lang='lat' dir='ltr'><strong>vel</strong></span> <span class='ocrx_word' id='word_1_282' title='bbox 540 3539 725 3585; x_wconf 89' lang='lat' dir='ltr'><strong>contra</strong></span> <span class='ocrx_word' id='word_1_283' title='bbox 746 3527 933 3585; x_wconf 86' lang='lat' dir='ltr'><strong>sedare</strong></span> <span class='ocrx_word' id='word_1_284' title='bbox 953 3568 968 3594; x_wconf 87' lang='lat'><strong>,</strong></span> <span class='ocrx_word' id='word_1_285' title='bbox 991 3526 1044 3582; x_wconf 91' lang='lat' dir='ltr'><strong>iu</strong></span> <span class='ocrx_word' id='word_1_286' title='bbox 1072 3534 1124 3582; x_wconf 89' lang='lat' dir='ltr'><strong>te</strong></span> <span class='ocrx_word' id='word_1_287' title='bbox 1151 3526 1313 3582; x_wconf 88' lang='lat' dir='ltr'><strong>situm</strong></span> <span class='ocrx_word' id='word_1_288' title='bbox 1330 3533 1432 3581; x_wconf 91' lang='lat' dir='ltr'><strong>est.</strong></span> <span class='ocrx_word' id='word_1_289' title='bbox 1459 3524 1590 3580; x_wconf 89' lang='lat' dir='ltr'><strong>Cum</strong></span> <span class='ocrx_word' id='word_1_290' title='bbox 1617 3523 1815 3580; x_wconf 87' lang='lat' dir='ltr'><strong>videris</strong></span> <span class='ocrx_word' id='word_1_291' title='bbox 1856 3525 2028 3580; x_wconf 88' lang='lat' dir='ltr'><strong>inimi-</strong></span> 
     </span>
    </p>
   </div>
   <div class='ocr_carea' id='block_1_36' title="bbox 438 3614 2031 3685">
    <p class='ocr_par' dir='ltr' id='par_1_36' title="bbox 438 3614 2031 3685">
     <span class='ocr_line' id='line_1_36' title="bbox 438 3614 2031 3685; baseline -0.002 -12"><span class='ocrx_word' id='word_1_292' title='bbox 438 3635 582 3685; x_wconf 88' lang='lat' dir='ltr'><strong>cum,</strong></span> <span class='ocrx_word' id='word_1_293' title='bbox 609 3618 695 3674; x_wconf 84' lang='lat' dir='ltr'><strong>vel</strong></span> <span class='ocrx_word' id='word_1_294' title='bbox 723 3618 769 3673; x_wconf 88' lang='lat' dir='ltr'><strong>si</strong></span> <span class='ocrx_word' id='word_1_295' title='bbox 799 3618 851 3672; x_wconf 91' lang='lat' dir='ltr'><strong>in</strong></span> <span class='ocrx_word' id='word_1_296' title='bbox 881 3626 1113 3672; x_wconf 84' lang='lat' dir='ltr'><strong>mentem</strong></span> <span class='ocrx_word' id='word_1_297' title='bbox 1136 3616 1312 3671; x_wconf 81' lang='lat' dir='ltr'><strong>veniat</strong></span> <span class='ocrx_word' id='word_1_298' title='bbox 1336 3631 1494 3685; x_wconf 89' lang='lat' dir='ltr'><strong>quam</strong></span> <span class='ocrx_word' id='word_1_299' title='bbox 1516 3614 1679 3670; x_wconf 85' lang='lat' dir='ltr'><strong>multa</strong></span> <span class='ocrx_word' id='word_1_300' title='bbox 1708 3624 1817 3669; x_wconf 91' lang='lat' dir='ltr'><strong>tum</strong></span> <span class='ocrx_word' id='word_1_301' title='bbox 1846 3614 2031 3670; x_wconf 84' lang='lat' dir='ltr'><strong>audie-</strong></span> 
     </span>
    </p>
   </div>
   <div class='ocr_carea' id='block_1_37' title="bbox 439 3706 2025 3779">
    <p class='ocr_par' dir='ltr' id='par_1_37' title="bbox 439 3706 2025 3779">
     <span class='ocr_line' id='line_1_37' title="bbox 439 3706 2025 3779; baseline 0 -17"><span class='ocrx_word' id='word_1_302' title='bbox 439 3713 550 3775; x_wconf 84' lang='lat' dir='ltr'><strong>ris,</strong></span> <span class='ocrx_word' id='word_1_303' title='bbox 579 3720 686 3764; x_wconf 91' lang='lat' dir='ltr'><strong>tum</strong></span> <span class='ocrx_word' id='word_1_304' title='bbox 732 3722 1013 3779; x_wconf 85' lang='lat' dir='ltr'><strong>perpessus</strong></span> <span class='ocrx_word' id='word_1_305' title='bbox 1050 3708 1124 3762; x_wconf 88' lang='lat' dir='ltr'><strong>sis</strong></span> <span class='ocrx_word' id='word_1_306' title='bbox 1165 3707 1387 3761; x_wconf 85' lang='lat' dir='ltr'><strong>molesta</strong></span> <span class='ocrx_word' id='word_1_307' title='bbox 1417 3747 1432 3772; x_wconf 91' lang='lat'><strong>,</strong></span> <span class='ocrx_word' id='word_1_308' title='bbox 1464 3706 1545 3762; x_wconf 89' lang='lat' dir='ltr'><strong>fac</strong></span> <span class='ocrx_word' id='word_1_309' title='bbox 1570 3707 1808 3762; x_wconf 88' lang='lat' dir='ltr'><strong>omnium</strong></span> <span class='ocrx_word' id='word_1_310' title='bbox 1834 3706 2025 3762; x_wconf 89' lang='lat' dir='ltr'><strong>horum</strong></span> 
     </span>
    </p>
   </div>
   <div class='ocr_carea' id='block_1_38' title="bbox 440 3797 2028 3866">
    <p class='ocr_par' dir='ltr' id='par_1_38' title="bbox 440 3797 2028 3866">
     <span class='ocr_line' id='line_1_38' title="bbox 440 3797 2028 3866; baseline 0 -11"><span class='ocrx_word' id='word_1_311' title='bbox 440 3802 801 3866; x_wconf 80' lang='lat' dir='ltr'><strong>obliviscaris;</strong></span> <span class='ocrx_word' id='word_1_312' title='bbox 826 3801 1030 3856; x_wconf 91' lang='lat' dir='ltr'><strong>etiamsi</strong></span> <span class='ocrx_word' id='word_1_313' title='bbox 1060 3798 1377 3861; x_wconf 89' lang='lat' dir='ltr'><strong>recorderis,</strong></span> <span class='ocrx_word' id='word_1_314' title='bbox 1406 3806 1580 3853; x_wconf 90' lang='lat' dir='ltr'><strong>tamen</strong></span> <span class='ocrx_word' id='word_1_315' title='bbox 1604 3797 1689 3853; x_wconf 85' lang='lat' dir='ltr'><strong>fac</strong></span> <span class='ocrx_word' id='word_1_316' title='bbox 1726 3813 1787 3852; x_wconf 90' lang='lat' dir='ltr'><strong>ea</strong></span> <span class='ocrx_word' id='word_1_317' title='bbox 1814 3799 2028 3855; x_wconf 87' lang='lat' dir='ltr'><strong>diabolo</strong></span> 
     </span>
    </p>
   </div>
   <div class='ocr_carea' id='block_1_39' title="bbox 442 3888 2025 3960">
    <p class='ocr_par' dir='ltr' id='par_1_39' title="bbox 442 3888 2025 3960">
     <span class='ocr_line' id='line_1_39' title="bbox 442 3888 2025 3960; baseline -0.001 -14"><span class='ocrx_word' id='word_1_318' title='bbox 442 3891 691 3960; x_wconf 73' lang='lat' dir='ltr'><strong>imputes.</strong></span> <span class='ocrx_word' id='word_1_319' title='bbox 714 3891 919 3958; x_wconf 74' lang='lat' dir='ltr'><strong>Collige</strong></span> <span class='ocrx_word' id='word_1_320' title='bbox 948 3906 1074 3945; x_wconf 90' lang='lat' dir='ltr'><strong>vero</strong></span> <span class='ocrx_word' id='word_1_321' title='bbox 1108 3890 1152 3945; x_wconf 88' lang='lat' dir='ltr'><strong>si</strong></span> <span class='ocrx_word' id='word_1_322' title='bbox 1182 3888 1308 3960; x_wconf 90' lang='lat' dir='ltr'><strong>quid</strong></span> <span class='ocrx_word' id='word_1_323' title='bbox 1335 3905 1585 3959; x_wconf 86' lang='lat' dir='ltr'><strong>umquam</strong></span> <span class='ocrx_word' id='word_1_324' title='bbox 1615 3889 1917 3944; x_wconf 85' lang='lat' dir='ltr'><strong>humaniter</strong></span> <span class='ocrx_word' id='word_1_325' title='bbox 1944 3890 2025 3945; x_wconf 90' lang='lat' dir='ltr'><strong>vel</strong></span> 
     </span>
    </p>
   </div>
   <div class='ocr_carea' id='block_1_40' title="bbox 440 3982 2022 4039">
    <p class='ocr_par' dir='ltr' id='par_1_40' title="bbox 440 3982 2022 4039">
     <span class='ocr_line' id='line_1_40' title="bbox 440 3982 2022 4039; baseline 0 -1"><span class='ocrx_word' id='word_1_326' title='bbox 440 3984 572 4038; x_wconf 67' lang='lat' dir='ltr'><strong>dixit</strong></span> <span class='ocrx_word' id='word_1_327' title='bbox 601 3982 681 4037; x_wconf 75' lang='lat' dir='ltr'><strong>Vcl</strong></span> <span class='ocrx_word' id='word_1_328' title='bbox 710 3984 849 4038; x_wconf 86' lang='lat' dir='ltr'><strong>fecit.</strong></span> <span class='ocrx_word' id='word_1_329' title='bbox 880 3983 933 4039; x_wconf 91' lang='lat' dir='ltr'><strong>Si</strong></span> <span class='ocrx_word' id='word_1_330' title='bbox 972 3985 1023 4037; x_wconf 94' lang='lat' dir='ltr'><strong>in</strong></span> <span class='ocrx_word' id='word_1_331' title='bbox 1050 3982 1241 4037; x_wconf 92' lang='lat' dir='ltr'><strong>horum</strong></span> <span class='ocrx_word' id='word_1_332' title='bbox 1269 3982 1637 4038; x_wconf 85' lang='lat' dir='ltr'><strong>recordatione</strong></span> <span class='ocrx_word' id='word_1_333' title='bbox 1663 3992 2022 4038; x_wconf 88' lang='lat' dir='ltr'><strong>commoratus</strong></span> 
     </span>
    </p>
   </div>
   <div class='ocr_carea' id='block_1_41' title="bbox 443 4072 2023 4141">
    <p class='ocr_par' dir='ltr' id='par_1_41' title="bbox 443 4072 2023 4141">
     <span class='ocr_line' id='line_1_41' title="bbox 443 4072 2023 4141; baseline 0.001 -14"><span class='ocrx_word' id='word_1_334' title='bbox 443 4077 605 4130; x_wconf 82' lang='lat' dir='ltr'><strong>fueris</strong></span> <span class='ocrx_word' id='word_1_335' title='bbox 624 4118 638 4141; x_wconf 93' lang='lat'><strong>,</strong></span> <span class='ocrx_word' id='word_1_336' title='bbox 661 4076 809 4129; x_wconf 83' lang='lat' dir='ltr'><strong>Ocius</strong></span> <span class='ocrx_word' id='word_1_337' title='bbox 838 4075 1104 4130; x_wconf 85' lang='lat' dir='ltr'><strong>dissolch</strong></span> <span class='ocrx_word' id='word_1_338' title='bbox 1141 4073 1492 4128; x_wconf 84' lang='lat' dir='ltr'><strong>inimicitiam.</strong></span> <span class='ocrx_word' id='word_1_339' title='bbox 1525 4072 1677 4139; x_wconf 84' lang='lat' dir='ltr'><strong>Quod</strong></span> <span class='ocrx_word' id='word_1_340' title='bbox 1706 4072 1749 4127; x_wconf 88' lang='lat' dir='ltr'><strong>si</strong></span> <span class='ocrx_word' id='word_1_341' title='bbox 1780 4082 1863 4128; x_wconf 89' lang='lat' dir='ltr'><strong>est</strong></span> <span class='ocrx_word' id='word_1_342' title='bbox 1905 4074 2023 4128; x_wconf 82' lang='lat' dir='ltr'><strong>ani-</strong></span> 
     </span>
    </p>
   </div>
   <div class='ocr_carea' id='block_1_42' title="bbox 443 4164 2025 4236">
    <p class='ocr_par' dir='ltr' id='par_1_42' title="bbox 443 4164 2025 4236">
     <span class='ocr_line' id='line_1_42' title="bbox 443 4164 2025 4236; baseline 0 -15"><span class='ocrx_word' id='word_1_343' title='bbox 443 4182 562 4221; x_wconf 80' lang='lat' dir='ltr'><strong>ntus</strong></span> <span class='ocrx_word' id='word_1_344' title='bbox 604 4169 748 4221; x_wconf 83' lang='lat' dir='ltr'><strong>illum</strong></span> <span class='ocrx_word' id='word_1_345' title='bbox 789 4167 1031 4222; x_wconf 90' lang='lat' dir='ltr'><strong>incusare</strong></span> <span class='ocrx_word' id='word_1_346' title='bbox 1060 4208 1076 4233; x_wconf 92' lang='lat'><strong>,</strong></span> <span class='ocrx_word' id='word_1_347' title='bbox 1123 4180 1352 4236; x_wconf 87' lang='lat' dir='ltr'><strong>eumque</strong></span> <span class='ocrx_word' id='word_1_348' title='bbox 1395 4164 1486 4219; x_wconf 92' lang='lat' dir='ltr'><strong>illo</strong></span> <span class='ocrx_word' id='word_1_349' title='bbox 1528 4165 1911 4236; x_wconf 78' lang='lat' dir='ltr'><strong>expostulare:</strong></span> <span class='ocrx_word' id='word_1_350' title='bbox 1946 4165 2025 4221; x_wconf 89' lang='lat' dir='ltr'><strong>fac</strong></span> 
     </span>
    </p>
   </div>
   <div class='ocr_carea' id='block_1_43' title="bbox 443 4255 2025 4327">
    <p class='ocr_par' dir='ltr' id='par_1_43' title="bbox 443 4255 2025 4327">
     <span class='ocr_line' id='line_1_43' title="bbox 443 4255 2025 4327; baseline 0.001 -16"><span class='ocrx_word' id='word_1_351' title='bbox 443 4256 587 4326; x_wconf 81' lang='lat' dir='ltr'><strong>prius</strong></span> <span class='ocrx_word' id='word_1_352' title='bbox 612 4255 828 4327; x_wconf 64' lang='lat' dir='ltr'><strong>altjicias</strong></span> <span class='ocrx_word' id='word_1_353' title='bbox 852 4256 1013 4311; x_wconf 88' lang='lat' dir='ltr'><strong>animi</strong></span> <span class='ocrx_word' id='word_1_354' title='bbox 1049 4264 1249 4311; x_wconf 90' lang='lat' dir='ltr'><strong>motum</strong></span> <span class='ocrx_word' id='word_1_355' title='bbox 1270 4297 1285 4321; x_wconf 94' lang='lat'><strong>,</strong></span> <span class='ocrx_word' id='word_1_356' title='bbox 1310 4255 1548 4326; x_wconf 87' lang='lat' dir='ltr'><strong>iramque</strong></span> <span class='ocrx_word' id='word_1_357' title='bbox 1591 4257 1897 4327; x_wconf 80' lang='lat' dir='ltr'><strong>exstinguas</strong></span> <span class='ocrx_word' id='word_1_358' title='bbox 1919 4298 1934 4323; x_wconf 89' lang='lat'><strong>,</strong></span> <span class='ocrx_word' id='word_1_359' title='bbox 1962 4271 2025 4312; x_wconf 86' lang='lat' dir='ltr'><strong>ac</strong></span> 
     </span>
    </p>
   </div>
   <div class='ocr_carea' id='block_1_44' title="bbox 443 4348 2024 4420">
    <p class='ocr_par' dir='ltr' id='par_1_44' title="bbox 443 4348 2024 4420">
     <span class='ocr_line' id='line_1_44' title="bbox 443 4348 2024 4420; baseline 0.003 -19"><span class='ocrx_word' id='word_1_360' title='bbox 443 4358 554 4403; x_wconf 90' lang='lat' dir='ltr'><strong>tum</strong></span> <span class='ocrx_word' id='word_1_361' title='bbox 582 4363 702 4402; x_wconf 92' lang='lat' dir='ltr'><strong>cum</strong></span> <span class='ocrx_word' id='word_1_362' title='bbox 734 4348 823 4402; x_wconf 91' lang='lat' dir='ltr'><strong>illo</strong></span> <span class='ocrx_word' id='word_1_363' title='bbox 844 4349 1121 4420; x_wconf 76' lang='lat' dir='ltr'><strong>expostula</strong></span> <span class='ocrx_word' id='word_1_364' title='bbox 1147 4389 1162 4415; x_wconf 92' lang='lat'><strong>,</strong></span> <span class='ocrx_word' id='word_1_365' title='bbox 1194 4357 1302 4402; x_wconf 89' lang='lat' dir='ltr'><strong>tum</strong></span> <span class='ocrx_word' id='word_1_366' title='bbox 1329 4363 1525 4418; x_wconf 85' lang='lat' dir='ltr'><strong>argue,</strong></span> <span class='ocrx_word' id='word_1_367' title='bbox 1552 4358 1605 4403; x_wconf 93' lang='lat' dir='ltr'><strong>et</strong></span> <span class='ocrx_word' id='word_1_368' title='bbox 1644 4348 1798 4404; x_wconf 82' lang='lat' dir='ltr'><strong>facile</strong></span> <span class='ocrx_word' id='word_1_369' title='bbox 1827 4351 2024 4419; x_wconf 90' lang='lat' dir='ltr'><strong>poteris</strong></span> 
     </span>
    </p>
   </div>
   <div class='ocr_carea' id='block_1_45' title="bbox 446 4439 2024 4511">
    <p class='ocr_par' dir='ltr' id='par_1_45' title="bbox 446 4439 2024 4511">
     <span class='ocr_line' id='line_1_45' title="bbox 446 4439 2024 4511; baseline 0.003 -19"><span class='ocrx_word' id='word_1_370' title='bbox 446 4441 677 4497; x_wconf 87' lang='lat' dir='ltr'><strong>vincere.</strong></span> <span class='ocrx_word' id='word_1_371' title='bbox 723 4439 997 4511; x_wconf 90' lang='lat' dir='ltr'><strong>Siquidem</strong></span> <span class='ocrx_word' id='word_1_372' title='bbox 1026 4441 1103 4495; x_wconf 87' lang='lat' dir='ltr'><strong>ira</strong></span> <span class='ocrx_word' id='word_1_373' title='bbox 1127 4440 1385 4496; x_wconf 87' lang='lat' dir='ltr'><strong>commoti</strong></span> <span class='ocrx_word' id='word_1_374' title='bbox 1417 4440 1546 4495; x_wconf 85' lang='lat' dir='ltr'><strong>nihil</strong></span> <span class='ocrx_word' id='word_1_375' title='bbox 1584 4441 1699 4495; x_wconf 88' lang='lat' dir='ltr'><strong>sani</strong></span> <span class='ocrx_word' id='word_1_376' title='bbox 1733 4443 2024 4510; x_wconf 88' lang='lat' dir='ltr'><strong>poterimus</strong></span> 
     </span>
    </p>
   </div>
   <div class='ocr_carea' id='block_1_46' title="bbox 442 4532 2023 4603">
    <p class='ocr_par' dir='ltr' id='par_1_46' title="bbox 442 4532 2023 4603">
     <span class='ocr_line' id='line_1_46' title="bbox 442 4532 2023 4603; baseline 0.003 -18"><span class='ocrx_word' id='word_1_377' title='bbox 442 4548 692 4600; x_wconf 87' lang='lat' dir='ltr'><strong>umquam</strong></span> <span class='ocrx_word' id='word_1_378' title='bbox 718 4532 800 4586; x_wconf 86' lang='lat' dir='ltr'><strong>vel</strong></span> <span class='ocrx_word' id='word_1_379' title='bbox 826 4532 1005 4587; x_wconf 84' lang='lat' dir='ltr'><strong>dicere</strong></span> <span class='ocrx_word' id='word_1_380' title='bbox 1023 4572 1038 4597; x_wconf 89' lang='lat'><strong>,</strong></span> <span class='ocrx_word' id='word_1_381' title='bbox 1065 4532 1152 4586; x_wconf 88' lang='lat' dir='ltr'><strong>vel</strong></span> <span class='ocrx_word' id='word_1_382' title='bbox 1182 4533 1369 4588; x_wconf 82' lang='lat' dir='ltr'><strong>audire</strong></span> <span class='ocrx_word' id='word_1_383' title='bbox 1398 4549 1411 4585; x_wconf 90' lang='lat'><strong>:</strong></span> <span class='ocrx_word' id='word_1_384' title='bbox 1445 4532 1539 4588; x_wconf 88' lang='lat' dir='ltr'><strong>sed</strong></span> <span class='ocrx_word' id='word_1_385' title='bbox 1565 4548 1594 4587; x_wconf 89' lang='lat' dir='ltr'><strong>a</strong></span> <span class='ocrx_word' id='word_1_386' title='bbox 1627 4534 2023 4603; x_wconf 87' lang='lat' dir='ltr'><strong>perturbatione</strong></span> 
     </span>
    </p>
   </div>
   <div class='ocr_carea' id='block_1_47' title="bbox 442 4622 2017 4693">
    <p class='ocr_par' dir='ltr' id='par_1_47' title="bbox 442 4622 2017 4693">
     <span class='ocr_line' id='line_1_47' title="bbox 442 4622 2017 4693; baseline 0 -15"><span class='ocrx_word' id='word_1_387' title='bbox 442 4622 613 4686; x_wconf 85' lang='lat' dir='ltr'><strong>liberi,</strong></span> <span class='ocrx_word' id='word_1_388' title='bbox 646 4637 744 4678; x_wconf 89' lang='lat' dir='ltr'><strong>nec</strong></span> <span class='ocrx_word' id='word_1_389' title='bbox 774 4622 873 4692; x_wconf 84' lang='lat' dir='ltr'><strong>ipsi</strong></span> <span class='ocrx_word' id='word_1_390' title='bbox 902 4623 1120 4677; x_wconf 89' lang='lat' dir='ltr'><strong>verbum</strong></span> <span class='ocrx_word' id='word_1_391' title='bbox 1146 4624 1391 4691; x_wconf 79' lang='lat' dir='ltr'><strong>asperius</strong></span> <span class='ocrx_word' id='word_1_392' title='bbox 1418 4638 1667 4692; x_wconf 79' lang='lat' dir='ltr'><strong>umquam</strong></span> <span class='ocrx_word' id='word_1_393' title='bbox 1693 4624 2017 4693; x_wconf 87' lang='lat' dir='ltr'><strong>emittenms,</strong></span> 
     </span>
    </p>
   </div>
   <div class='ocr_carea' id='block_1_48' title="bbox 441 4712 2017 4783">
    <p class='ocr_par' dir='ltr' id='par_1_48' title="bbox 441 4712 2017 4783">
     <span class='ocr_line' id='line_1_48' title="bbox 441 4712 2017 4783; baseline -0.001 -14"><span class='ocrx_word' id='word_1_394' title='bbox 441 4730 538 4769; x_wconf 91' lang='lat' dir='ltr'><strong>uec</strong></span> <span class='ocrx_word' id='word_1_395' title='bbox 568 4714 685 4769; x_wconf 88' lang='lat' dir='ltr'><strong>aliis</strong></span> <span class='ocrx_word' id='word_1_396' title='bbox 710 4712 903 4769; x_wconf 85' lang='lat' dir='ltr'><strong>acerbe</strong></span> <span class='ocrx_word' id='word_1_397' title='bbox 932 4713 1296 4783; x_wconf 78' lang='lat' dir='ltr'><strong>loquentibus.</strong></span> <span class='ocrx_word' id='word_1_398' title='bbox 1324 4714 1512 4769; x_wconf 82' lang='lat' dir='ltr'><strong>eodem</strong></span> <span class='ocrx_word' id='word_1_399' title='bbox 1542 4714 1700 4769; x_wconf 87' lang='lat' dir='ltr'><strong>modo</strong></span> <span class='ocrx_word' id='word_1_400' title='bbox 1723 4716 2017 4771; x_wconf 83' lang='lat' dir='ltr'><strong>audiemus.</strong></span> 
     </span>
    </p>
   </div>
   <div class='ocr_carea' id='block_1_49' title="bbox 439 4802 2017 4875">
    <p class='ocr_par' dir='ltr' id='par_1_49' title="bbox 439 4802 2017 4875">
     <span class='ocr_line' id='line_1_49' title="bbox 439 4802 2017 4875; baseline 0 -15"><span class='ocrx_word' id='word_1_401' title='bbox 439 4803 621 4874; x_wconf 81' lang='lat' dir='ltr'><strong>Neque</strong></span> <span class='ocrx_word' id='word_1_402' title='bbox 640 4803 782 4859; x_wconf 89' lang='lat' dir='ltr'><strong>enim</strong></span> <span class='ocrx_word' id='word_1_403' title='bbox 810 4803 921 4872; x_wconf 89' lang='lat' dir='ltr'><strong>ipsa</strong></span> <span class='ocrx_word' id='word_1_404' title='bbox 948 4802 1165 4871; x_wconf 89' lang='lat' dir='ltr'><strong>perinde</strong></span> <span class='ocrx_word' id='word_1_405' title='bbox 1193 4811 1379 4857; x_wconf 89' lang='lat' dir='ltr'><strong>natura</strong></span> <span class='ocrx_word' id='word_1_406' title='bbox 1403 4816 1591 4858; x_wconf 90' lang='lat' dir='ltr'><strong>eorum</strong></span> <span class='ocrx_word' id='word_1_407' title='bbox 1611 4819 1729 4875; x_wconf 84' lang='lat' dir='ltr'><strong>qua:</strong></span> <span class='ocrx_word' id='word_1_408' title='bbox 1749 4805 2017 4872; x_wconf 89' lang='lat' dir='ltr'><strong>dicuntur,</strong></span> 
     </span>
    </p>
   </div>
   <div class='ocr_carea' id='block_1_50' title="bbox 437 4892 2051 4968">
    <p class='ocr_par' dir='ltr' id='par_1_50' title="bbox 437 4892 2051 4968">
     <span class='ocr_line' id='line_1_50' title="bbox 437 4892 2051 4968; baseline 0.001 -19"><span class='ocrx_word' id='word_1_409' title='bbox 437 4907 595 4968; x_wconf 87' lang='lat' dir='ltr'><strong>atque</strong></span> <span class='ocrx_word' id='word_1_410' title='bbox 638 4898 849 4951; x_wconf 89' lang='lat' dir='ltr'><strong>animus</strong></span> <span class='ocrx_word' id='word_1_411' title='bbox 876 4892 1000 4948; x_wconf 90' lang='lat' dir='ltr'><strong>odio</strong></span> <span class='ocrx_word' id='word_1_412' title='bbox 1040 4902 1330 4964; x_wconf 86' lang='lat' dir='ltr'><strong>occupatus</strong></span> <span class='ocrx_word' id='word_1_413' title='bbox 1376 4908 1473 4949; x_wconf 89' lang='lat' dir='ltr'><strong>nos</strong></span> <span class='ocrx_word' id='word_1_414' title='bbox 1512 4909 1830 4965; x_wconf 76' lang='lat' dir='ltr'><strong>exasperare</strong></span> <span class='ocrx_word' id='word_1_415' title='bbox 1860 4898 2051 4951; x_wconf 86' lang='lat' dir='ltr'><strong>solet.-</strong></span> 
     </span>
    </p>
   </div>
   <div class='ocr_carea' id='block_1_51' title="bbox 440 4985 2018 5057">
    <p class='ocr_par' dir='ltr' id='par_1_51' title="bbox 440 4985 2018 5057">
     <span class='ocr_line' id='line_1_51' title="bbox 440 4985 2018 5057; baseline 0.001 -16"><span class='ocrx_word' id='word_1_416' title='bbox 440 4987 767 5057; x_wconf 80' lang='lat' dir='ltr'><strong>Frequenter</strong></span> <span class='ocrx_word' id='word_1_417' title='bbox 792 4987 932 5041; x_wconf 88' lang='lat' dir='ltr'><strong>enim</strong></span> <span class='ocrx_word' id='word_1_418' title='bbox 963 4985 1040 5050; x_wconf 89' lang='lat' dir='ltr'><strong>lit,</strong></span> <span class='ocrx_word' id='word_1_419' title='bbox 1070 4994 1126 5039; x_wconf 92' lang='lat' dir='ltr'><strong>ut</strong></span> <span class='ocrx_word' id='word_1_420' title='bbox 1150 5000 1268 5039; x_wconf 88' lang='lat' dir='ltr'><strong>cum</strong></span> <span class='ocrx_word' id='word_1_421' title='bbox 1296 4985 1481 5041; x_wconf 89' lang='lat' dir='ltr'><strong>eadem</strong></span> <span class='ocrx_word' id='word_1_422' title='bbox 1508 4987 1745 5041; x_wconf 89' lang='lat' dir='ltr'><strong>convicia</strong></span> <span class='ocrx_word' id='word_1_423' title='bbox 1774 4988 2018 5043; x_wconf 58' lang='lat' dir='ltr'><strong>autimas</strong></span> 
     </span>
    </p>
   </div>
   <div class='ocr_carea' id='block_1_52' title="bbox 438 5076 2017 5152">
    <p class='ocr_par' dir='ltr' id='par_1_52' title="bbox 438 5076 2017 5152">
     <span class='ocr_line' id='line_1_52' title="bbox 438 5076 2017 5152; baseline 0.003 -21"><span class='ocrx_word' id='word_1_424' title='bbox 438 5079 505 5133; x_wconf 88' lang='lat' dir='ltr'><strong>ab</strong></span> <span class='ocrx_word' id='word_1_425' title='bbox 526 5078 710 5133; x_wconf 81' lang='lat' dir='ltr'><strong>amicis</strong></span> <span class='ocrx_word' id='word_1_426' title='bbox 721 5078 1023 5145; x_wconf 87' lang='lat' dir='ltr'><strong>jocantibus</strong></span> <span class='ocrx_word' id='word_1_427' title='bbox 1046 5076 1313 5132; x_wconf 81' lang='lat' dir='ltr'><strong>lacetiisvc</strong></span> <span class='ocrx_word' id='word_1_428' title='bbox 1334 5076 1656 5145; x_wconf 80' lang='lat' dir='ltr'><strong>ludentibus,</strong></span> <span class='ocrx_word' id='word_1_429' title='bbox 1678 5087 1768 5133; x_wconf 88' lang='lat' dir='ltr'><strong>aut</strong></span> <span class='ocrx_word' id='word_1_430' title='bbox 1787 5095 1816 5133; x_wconf 90' lang='lat' dir='ltr'><strong>a</strong></span> <span class='ocrx_word' id='word_1_431' title='bbox 1841 5081 2017 5152; x_wconf 86' lang='lat' dir='ltr'><strong>pueris</strong></span> 
     </span>
    </p>
   </div>
   <div class='ocr_carea' id='block_1_53' title="bbox 440 5168 2017 5239">
    <p class='ocr_par' dir='ltr' id='par_1_53' title="bbox 440 5168 2017 5239">
     <span class='ocr_line' id='line_1_53' title="bbox 440 5168 2017 5239; baseline 0.002 -16"><span class='ocrx_word' id='word_1_432' title='bbox 440 5169 694 5239; x_wconf 81' lang='lat' dir='ltr'><strong>parvulis,</strong></span> <span class='ocrx_word' id='word_1_433' title='bbox 718 5184 821 5222; x_wconf 88' lang='lat' dir='ltr'><strong>non</strong></span> <span class='ocrx_word' id='word_1_434' title='bbox 846 5169 1016 5223; x_wconf 90' lang='lat' dir='ltr'><strong>solum</strong></span> <span class='ocrx_word' id='word_1_435' title='bbox 1039 5168 1235 5223; x_wconf 87' lang='lat' dir='ltr'><strong>nullam</strong></span> <span class='ocrx_word' id='word_1_436' title='bbox 1265 5168 1558 5224; x_wconf 82' lang='lat' dir='ltr'><strong>sentiamus</strong></span> <span class='ocrx_word' id='word_1_437' title='bbox 1579 5168 1898 5234; x_wconf 83' lang='lat' dir='ltr'><strong>molestiam,</strong></span> <span class='ocrx_word' id='word_1_438' title='bbox 1924 5186 2017 5226; x_wconf 82' lang='lat' dir='ltr'><strong>ne-</strong></span> 
     </span>
    </p>
   </div>
   <div class='ocr_carea' id='block_1_54' title="bbox 436 5259 2015 5340">
    <p class='ocr_par' dir='ltr' id='par_1_54' title="bbox 436 5259 2015 5340">
     <span class='ocr_line' id='line_1_54' title="bbox 436 5259 2015 5340; baseline 0.001 -25"><span class='ocrx_word' id='word_1_439' title='bbox 436 5276 540 5329; x_wconf 84' lang='lat' dir='ltr'><strong>quc</strong></span> <span class='ocrx_word' id='word_1_440' title='bbox 561 5274 959 5340; x_wconf 83' lang='lat' dir='ltr'><strong>exaspercmur,</strong></span> <span class='ocrx_word' id='word_1_441' title='bbox 987 5260 1081 5315; x_wconf 91' lang='lat' dir='ltr'><strong>sed</strong></span> <span class='ocrx_word' id='word_1_442' title='bbox 1108 5259 1377 5316; x_wconf 86' lang='lat' dir='ltr'><strong>rideamus</strong></span> <span class='ocrx_word' id='word_1_443' title='bbox 1402 5260 1561 5315; x_wconf 90' lang='lat' dir='ltr'><strong>etiam</strong></span> <span class='ocrx_word' id='word_1_444' title='bbox 1581 5301 1597 5329; x_wconf 92' lang='lat'><strong>,</strong></span> <span class='ocrx_word' id='word_1_445' title='bbox 1629 5269 1788 5331; x_wconf 90' lang='lat' dir='ltr'><strong>atque</strong></span> <span class='ocrx_word' id='word_1_446' title='bbox 1812 5261 2015 5317; x_wconf 87' lang='lat' dir='ltr'><strong>exhila-</strong></span> 
     </span>
    </p>
   </div>
   <div class='ocr_carea' id='block_1_55' title="bbox 436 5349 2011 5419">
    <p class='ocr_par' dir='ltr' id='par_1_55' title="bbox 436 5349 2011 5419">
     <span class='ocr_line' id='line_1_55' title="bbox 436 5349 2011 5419; baseline -0.001 -12"><span class='ocrx_word' id='word_1_447' title='bbox 436 5364 741 5417; x_wconf 88' lang='lat' dir='ltr'><strong>temur,eo</strong></span> <span class='ocrx_word' id='word_1_448' title='bbox 791 5349 930 5419; x_wconf 88' lang='lat' dir='ltr'><strong>quod</strong></span> <span class='ocrx_word' id='word_1_449' title='bbox 978 5350 1063 5403; x_wconf 88' lang='lat' dir='ltr'><strong>illa</strong></span> <span class='ocrx_word' id='word_1_450' title='bbox 1124 5365 1229 5405; x_wconf 89' lang='lat' dir='ltr'><strong>non</strong></span> <span class='ocrx_word' id='word_1_451' title='bbox 1279 5349 1555 5405; x_wconf 83' lang='lat' dir='ltr'><strong>audiamus</strong></span> <span class='ocrx_word' id='word_1_452' title='bbox 1601 5351 1763 5406; x_wconf 89' lang='lat' dir='ltr'><strong>animi</strong></span> <span class='ocrx_word' id='word_1_453' title='bbox 1820 5351 2011 5407; x_wconf 86' lang='lat' dir='ltr'><strong>affectu</strong></span> 
     </span>
    </p>
   </div>
   <div class='ocr_carea' id='block_1_56' title="bbox 434 5441 2011 5513">
    <p class='ocr_par' dir='ltr' id='par_1_56' title="bbox 434 5441 2011 5513">
     <span class='ocr_line' id='line_1_56' title="bbox 434 5441 2011 5513; baseline 0.002 -19"><span class='ocrx_word' id='word_1_454' title='bbox 434 5450 922 5511; x_wconf 84' lang='lat' dir='ltr'><strong>corruptu,neqne</strong></span> <span class='ocrx_word' id='word_1_455' title='bbox 964 5449 1141 5495; x_wconf 86' lang='lat' dir='ltr'><strong>mente</strong></span> <span class='ocrx_word' id='word_1_456' title='bbox 1188 5441 1263 5494; x_wconf 89' lang='lat' dir='ltr'><strong>ira</strong></span> <span class='ocrx_word' id='word_1_457' title='bbox 1314 5452 1701 5513; x_wconf 67' lang='lat' dir='ltr'><strong>prmoccupata.</strong></span> <span class='ocrx_word' id='word_1_458' title='bbox 1732 5441 1917 5497; x_wconf 89' lang='lat' dir='ltr'><strong>ltidetn</strong></span> <span class='ocrx_word' id='word_1_459' title='bbox 1960 5443 2011 5497; x_wconf 90' lang='lat' dir='ltr'><strong>in</strong></span> 
     </span>
    </p>
   </div>
   <div class='ocr_carea' id='block_1_57' title="bbox 436 5532 2010 5605">
    <p class='ocr_par' dir='ltr' id='par_1_57' title="bbox 436 5532 2010 5605">
     <span class='ocr_line' id='line_1_57' title="bbox 436 5532 2010 5605; baseline 0 -16"><span class='ocrx_word' id='word_1_460' title='bbox 436 5533 686 5597; x_wconf 79' lang='lat' dir='ltr'><strong>inimicis,</strong></span> <span class='ocrx_word' id='word_1_461' title='bbox 710 5533 752 5587; x_wconf 90' lang='lat' dir='ltr'><strong>si</strong></span> <span class='ocrx_word' id='word_1_462' title='bbox 781 5532 1106 5590; x_wconf 75' lang='lat' dir='ltr'><strong>exstinxeris</strong></span> <span class='ocrx_word' id='word_1_463' title='bbox 1137 5533 1288 5599; x_wconf 87' lang='lat' dir='ltr'><strong>iram,</strong></span> <span class='ocrx_word' id='word_1_464' title='bbox 1316 5534 1359 5588; x_wconf 91' lang='lat' dir='ltr'><strong>si</strong></span> <span class='ocrx_word' id='word_1_465' title='bbox 1390 5534 1571 5589; x_wconf 91' lang='lat' dir='ltr'><strong>odium</strong></span> <span class='ocrx_word' id='word_1_466' title='bbox 1602 5534 1846 5605; x_wconf 84' lang='lat' dir='ltr'><strong>ejeceris,</strong></span> <span class='ocrx_word' id='word_1_467' title='bbox 1877 5535 2010 5589; x_wconf 87' lang='lat' dir='ltr'><strong>nihil</strong></span> 
     </span>
    </p>
   </div>
   <div class='ocr_carea' id='block_1_58' title="bbox 437 5622 1750 5694">
    <p class='ocr_par' dir='ltr' id='par_1_58' title="bbox 437 5622 1750 5694">
     <span class='ocr_line' id='line_1_58' title="bbox 437 5622 1750 5694; baseline 0 -15"><span class='ocrx_word' id='word_1_468' title='bbox 437 5625 720 5679; x_wconf 85' lang='lat' dir='ltr'><strong>verborum</strong></span> <span class='ocrx_word' id='word_1_469' title='bbox 746 5639 864 5693; x_wconf 80' lang='lat' dir='ltr'><strong>qua:</strong></span> <span class='ocrx_word' id='word_1_470' title='bbox 887 5622 1133 5679; x_wconf 91' lang='lat' dir='ltr'><strong>dicuntur</strong></span> <span class='ocrx_word' id='word_1_471' title='bbox 1160 5635 1210 5679; x_wconf 91' lang='lat' dir='ltr'><strong>te</strong></span> <span class='ocrx_word' id='word_1_472' title='bbox 1241 5626 1429 5694; x_wconf 87' lang='lat' dir='ltr'><strong>poterit</strong></span> <span class='ocrx_word' id='word_1_473' title='bbox 1460 5625 1750 5682; x_wconf 77' lang='lat' dir='ltr'><strong>oﬂ‘endere.</strong></span> 
     </span>
    </p>
   </div>
   <div class='ocr_carea' id='block_1_59' title="bbox 506 5713 2006 5787">
    <p class='ocr_par' dir='ltr' id='par_1_59' title="bbox 506 5713 2006 5787">
     <span class='ocr_line' id='line_1_59' title="bbox 506 5713 2006 5787; baseline 0.003 -17"><span class='ocrx_word' id='word_1_474' title='bbox 506 5715 559 5771; x_wconf 88' lang='lat'><strong>8.</strong></span> <span class='ocrx_word' id='word_1_475' title='bbox 595 5713 810 5787; x_wconf 82' lang='lat' dir='ltr'><strong>Dignior</strong></span> <span class='ocrx_word' id='word_1_476' title='bbox 833 5716 1068 5787; x_wconf 70' lang='lat' dir='ltr'><strong>lacrytrtis</strong></span> <span class='ocrx_word' id='word_1_477' title='bbox 1087 5716 1173 5786; x_wconf 80' lang='lat' dir='ltr'><strong>qui</strong></span> <span class='ocrx_word' id='word_1_478' title='bbox 1188 5716 1311 5787; x_wconf 79' lang='lat' dir='ltr'><strong>facit</strong></span> <span class='ocrx_word' id='word_1_479' title='bbox 1332 5717 1807 5787; x_wconf 83' lang='lat' dir='ltr'><strong>injuriam.-—-Quid</strong></span> <span class='ocrx_word' id='word_1_480' title='bbox 1829 5728 2006 5775; x_wconf 85' lang='lat' dir='ltr'><strong>autem</strong></span> 
     </span>
    </p>
   </div>
   <div class='ocr_carea' id='block_1_60' title="bbox 438 5807 2001 5881">
    <p class='ocr_par' dir='ltr' id='par_1_60' title="bbox 438 5807 2001 5881">
     <span class='ocr_line' id='line_1_60' title="bbox 438 5807 2001 5881; baseline 0.001 -16"><span class='ocrx_word' id='word_1_481' title='bbox 438 5807 627 5881; x_wconf 83' lang='lat' dir='ltr'><strong>loquor</strong></span> <span class='ocrx_word' id='word_1_482' title='bbox 672 5808 739 5864; x_wconf 90' lang='lat' dir='ltr'><strong>de</strong></span> <span class='ocrx_word' id='word_1_483' title='bbox 791 5808 1017 5864; x_wconf 74' lang='lat' dir='ltr'><strong>verbis?</strong></span> <span class='ocrx_word' id='word_1_484' title='bbox 1053 5808 1132 5864; x_wconf 83' lang='lat' dir='ltr'><strong>Ne</strong></span> <span class='ocrx_word' id='word_1_485' title='bbox 1182 5807 1317 5866; x_wconf 80' lang='lat' dir='ltr'><strong>facta</strong></span> <span class='ocrx_word' id='word_1_486' title='bbox 1369 5808 1583 5880; x_wconf 88' lang='lat' dir='ltr'><strong>quidem</strong></span> <span class='ocrx_word' id='word_1_487' title='bbox 1642 5812 2001 5881; x_wconf 89' lang='lat' dir='ltr'><strong>otl&#39;cndcrint,</strong></span> 
     </span>
    </p>
   </div>
   <div class='ocr_carea' id='block_1_61' title="bbox 1433 397 2663 461">
    <p class='ocr_par' dir='ltr' id='par_1_61' title="bbox 1433 397 2663 461">
     <span class='ocr_line' id='line_1_61' title="bbox 1433 397 2663 461; baseline -0.004 0"><span class='ocrx_word' id='word_1_488' title='bbox 1433 406 1522 461; x_wconf 86' lang='lat' dir='ltr'><strong>DE</strong></span> <span class='ocrx_word' id='word_1_489' title='bbox 1566 404 1820 460; x_wconf 73' lang='lat' dir='ltr'><strong>DAVle</strong></span> <span class='ocrx_word' id='word_1_490' title='bbox 1860 403 1948 459; x_wconf 83' lang='lat' dir='ltr'><strong>ET</strong></span> <span class='ocrx_word' id='word_1_491' title='bbox 1986 400 2212 459; x_wconf 75' lang='lat' dir='ltr'><strong>SAULE</strong></span> <span class='ocrx_word' id='word_1_492' title='bbox 2252 397 2535 459; x_wconf 67' lang='lat' dir='ltr'><strong>HOMILIA</strong></span> <span class='ocrx_word' id='word_1_493' title='bbox 2580 401 2663 457; x_wconf 88' lang='lat' dir='ltr'><strong>Ill.</strong></span> 
     </span>
    </p>
   </div>
   <div class='ocr_carea' id='block_1_62' title="bbox 3604 405 3716 459">
    <p class='ocr_par' dir='ltr' id='par_1_62' title="bbox 3604 405 3716 459">
     <span class='ocr_line' id='line_1_62' title="bbox 3604 405 3716 459; baseline -0.018 -1"><span class='ocrx_word' id='word_1_494' title='bbox 3604 405 3716 459; x_wconf 78' lang='lat'><strong>706</strong></span> 
     </span>
    </p>
   </div>
   <div class='ocr_carea' id='block_1_63' title="bbox 2137 516 3722 589">
    <p class='ocr_par' dir='ltr' id='par_1_63' title="bbox 2137 516 3722 589">
     <span class='ocr_line' id='line_1_63' title="bbox 2137 516 3722 589; baseline 0.005 -20"><span class='ocrx_word' id='word_1_495' title='bbox 2137 516 2587 586; x_wconf 87' lang='lat' dir='ltr'><strong>quemadmodum</strong></span> <span class='ocrx_word' id='word_1_496' title='bbox 2630 532 2729 571; x_wconf 88' lang='lat' dir='ltr'><strong>nec</strong></span> <span class='ocrx_word' id='word_1_497' title='bbox 2767 517 2979 571; x_wconf 74' lang='lat' dir='ltr'><strong>beatum</strong></span> <span class='ocrx_word' id='word_1_498' title='bbox 3020 516 3160 572; x_wconf 89' lang='lat' dir='ltr'><strong>lnmc</strong></span> <span class='ocrx_word' id='word_1_499' title='bbox 3199 517 3487 589; x_wconf 81' lang='lat' dir='ltr'><strong>quidquam</strong></span> <span class='ocrx_word' id='word_1_500' title='bbox 3533 519 3722 577; x_wconf 80' lang='lat' dir='ltr'><strong>horum</strong></span> 
     </span>
    </p>
   </div>
   <div class='ocr_carea' id='block_1_64' title="bbox 2137 608 3726 680">
    <p class='ocr_par' dir='ltr' id='par_1_64' title="bbox 2137 608 3726 680">
     <span class='ocr_line' id='line_1_64' title="bbox 2137 608 3726 680; baseline 0.002 -16"><span class='ocrx_word' id='word_1_501' title='bbox 2137 608 2359 664; x_wconf 72' lang='lat' dir='ltr'><strong>offendit</strong></span> <span class='ocrx_word' id='word_1_502' title='bbox 2388 624 2404 666; x_wconf 83' lang='lat'><strong>:</strong></span> <span class='ocrx_word' id='word_1_503' title='bbox 2434 609 2527 663; x_wconf 89' lang='lat' dir='ltr'><strong>sed</strong></span> <span class='ocrx_word' id='word_1_504' title='bbox 2568 624 2691 663; x_wconf 90' lang='lat' dir='ltr'><strong>cum</strong></span> <span class='ocrx_word' id='word_1_505' title='bbox 2722 609 2927 663; x_wconf 78' lang='lat' dir='ltr'><strong>videret</strong></span> <span class='ocrx_word' id='word_1_506' title='bbox 2966 609 3236 662; x_wconf 77' lang='lat' dir='ltr'><strong>inimicum</strong></span> <span class='ocrx_word' id='word_1_507' title='bbox 3262 608 3519 664; x_wconf 87' lang='lat' dir='ltr'><strong>adversus</strong></span> <span class='ocrx_word' id='word_1_508' title='bbox 3558 610 3726 680; x_wconf 83' lang='lat' dir='ltr'><strong>ipsius</strong></span> 
     </span>
    </p>
   </div>
   <div class='ocr_carea' id='block_1_65' title="bbox 2137 698 3724 770">
    <p class='ocr_par' dir='ltr' id='par_1_65' title="bbox 2137 698 3724 770">
     <span class='ocr_line' id='line_1_65' title="bbox 2137 698 3724 770; baseline 0.003 -17"><span class='ocrx_word' id='word_1_509' title='bbox 2137 699 2555 755; x_wconf 88' lang='lat' dir='ltr'><strong>incolumitatem</strong></span> <span class='ocrx_word' id='word_1_510' title='bbox 2590 709 2875 764; x_wconf 88' lang='lat' dir='ltr'><strong>armatum,</strong></span> <span class='ocrx_word' id='word_1_511' title='bbox 2903 698 3165 770; x_wconf 80' lang='lat' dir='ltr'><strong>bujusque</strong></span> <span class='ocrx_word' id='word_1_512' title='bbox 3194 700 3361 770; x_wconf 89' lang='lat' dir='ltr'><strong>gratia</strong></span> <span class='ocrx_word' id='word_1_513' title='bbox 3387 698 3517 754; x_wconf 87' lang='lat' dir='ltr'><strong>nihil</strong></span> <span class='ocrx_word' id='word_1_514' title='bbox 3547 702 3724 757; x_wconf 83' lang='lat' dir='ltr'><strong>inten-</strong></span> 
     </span>
    </p>
   </div>
   <div class='ocr_carea' id='block_1_66' title="bbox 2138 794 3723 864">
    <p class='ocr_par' dir='ltr' id='par_1_66' title="bbox 2138 794 3723 864">
     <span class='ocr_line' id='line_1_66' title="bbox 2138 794 3723 864; baseline 0.001 -17"><span class='ocrx_word' id='word_1_515' title='bbox 2138 802 2302 848; x_wconf 89' lang='lat' dir='ltr'><strong>tatum</strong></span> <span class='ocrx_word' id='word_1_516' title='bbox 2332 794 2745 864; x_wconf 87' lang='lat' dir='ltr'><strong>relinquentem,</strong></span> <span class='ocrx_word' id='word_1_517' title='bbox 2773 808 2877 847; x_wconf 93' lang='lat' dir='ltr'><strong>non</strong></span> <span class='ocrx_word' id='word_1_518' title='bbox 2904 794 3079 847; x_wconf 90' lang='lat' dir='ltr'><strong>solum</strong></span> <span class='ocrx_word' id='word_1_519' title='bbox 3103 807 3206 858; x_wconf 84' lang='lat' dir='ltr'><strong>non</strong></span> <span class='ocrx_word' id='word_1_520' title='bbox 3238 802 3319 848; x_wconf 91' lang='lat' dir='ltr'><strong>est</strong></span> <span class='ocrx_word' id='word_1_521' title='bbox 3340 802 3686 863; x_wconf 88' lang='lat' dir='ltr'><strong>exasperatus</strong></span> <span class='ocrx_word' id='word_1_522' title='bbox 3705 835 3723 862; x_wconf 91' lang='lat'><strong>,</strong></span> 
     </span>
    </p>
   </div>
   <div class='ocr_carea' id='block_1_67' title="bbox 2136 884 3726 955">
    <p class='ocr_par' dir='ltr' id='par_1_67' title="bbox 2136 884 3726 955">
     <span class='ocr_line' id='line_1_67' title="bbox 2136 884 3726 955; baseline 0.001 -16"><span class='ocrx_word' id='word_1_523' title='bbox 2136 901 2323 939; x_wconf 90' lang='lat' dir='ltr'><strong>verum</strong></span> <span class='ocrx_word' id='word_1_524' title='bbox 2351 885 2519 954; x_wconf 86' lang='lat' dir='ltr'><strong>magis</strong></span> <span class='ocrx_word' id='word_1_525' title='bbox 2564 886 2701 939; x_wconf 88' lang='lat' dir='ltr'><strong>illius</strong></span> <span class='ocrx_word' id='word_1_526' title='bbox 2740 884 2967 939; x_wconf 90' lang='lat' dir='ltr'><strong>iudnluit</strong></span> <span class='ocrx_word' id='word_1_527' title='bbox 2993 884 3148 938; x_wconf 89' lang='lat' dir='ltr'><strong>malis</strong></span> <span class='ocrx_word' id='word_1_528' title='bbox 3177 899 3192 938; x_wconf 91' lang='lat'><strong>:</strong></span> <span class='ocrx_word' id='word_1_529' title='bbox 3220 899 3328 955; x_wconf 90' lang='lat' dir='ltr'><strong>quo</strong></span> <span class='ocrx_word' id='word_1_530' title='bbox 3354 884 3726 940; x_wconf 86' lang='lat' dir='ltr'><strong>vehementius</strong></span> 
     </span>
    </p>
   </div>
   <div class='ocr_carea' id='block_1_68' title="bbox 2137 974 3727 1045">
    <p class='ocr_par' dir='ltr' id='par_1_68' title="bbox 2137 974 3727 1045">
     <span class='ocr_line' id='line_1_68' title="bbox 2137 974 3727 1045; baseline 0.002 -16"><span class='ocrx_word' id='word_1_531' title='bbox 2137 975 2485 1031; x_wconf 88' lang='lat' dir='ltr'><strong>insidiabatur</strong></span> <span class='ocrx_word' id='word_1_532' title='bbox 2511 976 2618 1043; x_wconf 85' lang='lat' dir='ltr'><strong>ille,</strong></span> <span class='ocrx_word' id='word_1_533' title='bbox 2643 976 2743 1030; x_wconf 91' lang='lat' dir='ltr'><strong>hoc</strong></span> <span class='ocrx_word' id='word_1_534' title='bbox 2772 976 3061 1045; x_wconf 87' lang='lat' dir='ltr'><strong>impensius</strong></span> <span class='ocrx_word' id='word_1_535' title='bbox 3081 990 3203 1031; x_wconf 90' lang='lat' dir='ltr'><strong>cum</strong></span> <span class='ocrx_word' id='word_1_536' title='bbox 3224 974 3458 1031; x_wconf 81' lang='lat' dir='ltr'><strong>deﬂevit.</strong></span> <span class='ocrx_word' id='word_1_537' title='bbox 3495 976 3727 1032; x_wconf 75' lang='lat' dir='ltr'><strong>Noverat</strong></span> 
     </span>
    </p>
   </div>
   <div class='ocr_carea' id='block_1_69' title="bbox 2136 1066 3723 1138">
    <p class='ocr_par' dir='ltr' id='par_1_69' title="bbox 2136 1066 3723 1138">
     <span class='ocr_line' id='line_1_69' title="bbox 2136 1066 3723 1138; baseline 0.002 -18"><span class='ocrx_word' id='word_1_538' title='bbox 2136 1066 2310 1131; x_wconf 91' lang='lat' dir='ltr'><strong>enim,</strong></span> <span class='ocrx_word' id='word_1_539' title='bbox 2344 1076 2602 1133; x_wconf 90' lang='lat' dir='ltr'><strong>noverat,</strong></span> <span class='ocrx_word' id='word_1_540' title='bbox 2634 1068 2887 1137; x_wconf 85' lang='lat' dir='ltr'><strong>inquam,</strong></span> <span class='ocrx_word' id='word_1_541' title='bbox 2910 1076 3057 1121; x_wconf 90' lang='lat' dir='ltr'><strong>certo</strong></span> <span class='ocrx_word' id='word_1_542' title='bbox 3087 1109 3102 1131; x_wconf 92' lang='lat'><strong>,</strong></span> <span class='ocrx_word' id='word_1_543' title='bbox 3135 1082 3240 1122; x_wconf 89' lang='lat' dir='ltr'><strong>non</strong></span> <span class='ocrx_word' id='word_1_544' title='bbox 3263 1083 3384 1122; x_wconf 90' lang='lat' dir='ltr'><strong>cum</strong></span> <span class='ocrx_word' id='word_1_545' title='bbox 3410 1068 3500 1138; x_wconf 93' lang='lat' dir='ltr'><strong>qui</strong></span> <span class='ocrx_word' id='word_1_546' title='bbox 3526 1068 3723 1138; x_wconf 87' lang='lat' dir='ltr'><strong>patitur</strong></span> 
     </span>
    </p>
   </div>
   <div class='ocr_carea' id='block_1_70' title="bbox 2137 1157 3711 1233">
    <p class='ocr_par' dir='ltr' id='par_1_70' title="bbox 2137 1157 3711 1233">
     <span class='ocr_line' id='line_1_70' title="bbox 2137 1157 3711 1233; baseline 0.004 -22"><span class='ocrx_word' id='word_1_547' title='bbox 2137 1157 2407 1228; x_wconf 90' lang='lat' dir='ltr'><strong>injuriam,</strong></span> <span class='ocrx_word' id='word_1_548' title='bbox 2435 1158 2528 1213; x_wconf 92' lang='lat' dir='ltr'><strong>sed</strong></span> <span class='ocrx_word' id='word_1_549' title='bbox 2552 1159 2641 1233; x_wconf 90' lang='lat' dir='ltr'><strong>qui</strong></span> <span class='ocrx_word' id='word_1_550' title='bbox 2675 1160 2816 1226; x_wconf 88' lang='lat' dir='ltr'><strong>facit,</strong></span> <span class='ocrx_word' id='word_1_551' title='bbox 2852 1160 3099 1231; x_wconf 82' lang='lat' dir='ltr'><strong>lacrymis</strong></span> <span class='ocrx_word' id='word_1_552' title='bbox 3122 1176 3183 1215; x_wconf 87' lang='lat' dir='ltr'><strong>ac</strong></span> <span class='ocrx_word' id='word_1_553' title='bbox 3210 1162 3458 1216; x_wconf 89' lang='lat' dir='ltr'><strong>lamentis</strong></span> <span class='ocrx_word' id='word_1_554' title='bbox 3482 1177 3603 1217; x_wconf 86' lang='lat' dir='ltr'><strong>esse</strong></span> <span class='ocrx_word' id='word_1_555' title='bbox 3623 1162 3711 1217; x_wconf 91' lang='lat' dir='ltr'><strong>di-</strong></span> 
     </span>
    </p>
   </div>
   <div class='ocr_carea' id='block_1_71' title="bbox 2135 1250 3725 1322">
    <p class='ocr_par' dir='ltr' id='par_1_71' title="bbox 2135 1250 3725 1322">
     <span class='ocr_line' id='line_1_71' title="bbox 2135 1250 3725 1322; baseline 0.003 -19"><span class='ocrx_word' id='word_1_556' title='bbox 2135 1263 2297 1319; x_wconf 84' lang='lat' dir='ltr'><strong>gnum</strong></span> <span class='ocrx_word' id='word_1_557' title='bbox 2331 1288 2347 1317; x_wconf 94' lang='lat'><strong>,</strong></span> <span class='ocrx_word' id='word_1_558' title='bbox 2382 1259 2439 1303; x_wconf 93' lang='lat' dir='ltr'><strong>ut</strong></span> <span class='ocrx_word' id='word_1_559' title='bbox 2471 1250 2560 1320; x_wconf 92' lang='lat' dir='ltr'><strong>qui</strong></span> <span class='ocrx_word' id='word_1_560' title='bbox 2598 1250 2751 1304; x_wconf 67' lang='lat' dir='ltr'><strong>laedat</strong></span> <span class='ocrx_word' id='word_1_561' title='bbox 2776 1252 3032 1321; x_wconf 84' lang='lat' dir='ltr'><strong>seipsum.</strong></span> <span class='ocrx_word' id='word_1_562' title='bbox 3067 1251 3189 1306; x_wconf 91' lang='lat' dir='ltr'><strong>Ideo</strong></span> <span class='ocrx_word' id='word_1_563' title='bbox 3221 1251 3375 1321; x_wconf 85' lang='lat' dir='ltr'><strong>longa</strong></span> <span class='ocrx_word' id='word_1_564' title='bbox 3411 1252 3549 1322; x_wconf 89' lang='lat' dir='ltr'><strong>apud</strong></span> <span class='ocrx_word' id='word_1_565' title='bbox 3576 1253 3725 1307; x_wconf 89' lang='lat' dir='ltr'><strong>illum</strong></span> 
     </span>
    </p>
   </div>
   <div class='ocr_carea' id='block_1_72' title="bbox 2137 1342 3723 1414">
    <p class='ocr_par' dir='ltr' id='par_1_72' title="bbox 2137 1342 3723 1414">
     <span class='ocr_line' id='line_1_72' title="bbox 2137 1342 3723 1414; baseline 0.003 -18"><span class='ocrx_word' id='word_1_566' title='bbox 2137 1342 2478 1397; x_wconf 84' lang='lat' dir='ltr'><strong>excusatione</strong></span> <span class='ocrx_word' id='word_1_567' title='bbox 2508 1352 2590 1397; x_wconf 89' lang='lat' dir='ltr'><strong>est</strong></span> <span class='ocrx_word' id='word_1_568' title='bbox 2617 1359 2740 1397; x_wconf 71' lang='lat' dir='ltr'><strong>usus</strong></span> <span class='ocrx_word' id='word_1_569' title='bbox 2761 1385 2776 1409; x_wconf 91' lang='lat'><strong>,</strong></span> <span class='ocrx_word' id='word_1_570' title='bbox 2805 1359 2904 1398; x_wconf 85' lang='lat' dir='ltr'><strong>nec.</strong></span> <span class='ocrx_word' id='word_1_571' title='bbox 2927 1344 3072 1413; x_wconf 90' lang='lat' dir='ltr'><strong>prius</strong></span> <span class='ocrx_word' id='word_1_572' title='bbox 3098 1342 3331 1410; x_wconf 86' lang='lat' dir='ltr'><strong>destitit,</strong></span> <span class='ocrx_word' id='word_1_573' title='bbox 3361 1359 3519 1414; x_wconf 90' lang='lat' dir='ltr'><strong>quam</strong></span> <span class='ocrx_word' id='word_1_574' title='bbox 3538 1354 3591 1399; x_wconf 92' lang='lat' dir='ltr'><strong>et</strong></span> <span class='ocrx_word' id='word_1_575' title='bbox 3622 1343 3723 1400; x_wconf 83' lang='lat' dir='ltr'><strong>ho-</strong></span> 
     </span>
    </p>
   </div>
   <div class='ocr_carea' id='block_1_73' title="bbox 2137 1436 3727 1507">
    <p class='ocr_par' dir='ltr' id='par_1_73' title="bbox 2137 1436 3727 1507">
     <span class='ocr_line' id='line_1_73' title="bbox 2137 1436 3727 1507; baseline 0.003 -20"><span class='ocrx_word' id='word_1_576' title='bbox 2137 1442 2273 1488; x_wconf 90' lang='lat' dir='ltr'><strong>stem</strong></span> <span class='ocrx_word' id='word_1_577' title='bbox 2309 1444 2669 1491; x_wconf 89' lang='lat' dir='ltr'><strong>commoveret</strong></span> <span class='ocrx_word' id='word_1_578' title='bbox 2697 1436 2762 1490; x_wconf 91' lang='lat' dir='ltr'><strong>ad</strong></span> <span class='ocrx_word' id='word_1_579' title='bbox 2802 1437 3197 1492; x_wconf 88' lang='lat' dir='ltr'><strong>excusationem</strong></span> <span class='ocrx_word' id='word_1_580' title='bbox 3227 1451 3348 1491; x_wconf 91' lang='lat' dir='ltr'><strong>cum</strong></span> <span class='ocrx_word' id='word_1_581' title='bbox 3390 1438 3638 1507; x_wconf 80' lang='lat' dir='ltr'><strong>lacrymis</strong></span> <span class='ocrx_word' id='word_1_582' title='bbox 3662 1452 3727 1492; x_wconf 88' lang='lat' dir='ltr'><strong>ac</strong></span> 
     </span>
    </p>
   </div>
   <div class='ocr_carea' id='block_1_74' title="bbox 2139 1528 3727 1600">
    <p class='ocr_par' dir='ltr' id='par_1_74' title="bbox 2139 1528 3727 1600">
     <span class='ocr_line' id='line_1_74' title="bbox 2139 1528 3727 1600; baseline 0.001 -17"><span class='ocrx_word' id='word_1_583' title='bbox 2139 1529 2408 1583; x_wconf 82' lang='lat' dir='ltr'><strong>lamentis.</strong></span> <span class='ocrx_word' id='word_1_584' title='bbox 2454 1528 2803 1600; x_wconf 87' lang='lat' dir='ltr'><strong>Posteaquam</strong></span> <span class='ocrx_word' id='word_1_585' title='bbox 2830 1530 2970 1585; x_wconf 90' lang='lat' dir='ltr'><strong>enim</strong></span> <span class='ocrx_word' id='word_1_586' title='bbox 3000 1529 3227 1599; x_wconf 85' lang='lat' dir='ltr'><strong>ploravit</strong></span> <span class='ocrx_word' id='word_1_587' title='bbox 3257 1544 3549 1600; x_wconf 84' lang='lat' dir='ltr'><strong>vocemque</strong></span> <span class='ocrx_word' id='word_1_588' title='bbox 3574 1544 3727 1584; x_wconf 85' lang='lat' dir='ltr'><strong>ama-</strong></span> 
     </span>
    </p>
   </div>
   <div class='ocr_carea' id='block_1_75' title="bbox 2136 1618 3730 1690">
    <p class='ocr_par' dir='ltr' id='par_1_75' title="bbox 2136 1618 3730 1690">
     <span class='ocr_line' id='line_1_75' title="bbox 2136 1618 3730 1690; baseline 0.002 -19"><span class='ocrx_word' id='word_1_589' title='bbox 2136 1632 2250 1671; x_wconf 90' lang='lat' dir='ltr'><strong>ram</strong></span> <span class='ocrx_word' id='word_1_590' title='bbox 2292 1618 2469 1673; x_wconf 89' lang='lat' dir='ltr'><strong>emisit</strong></span> <span class='ocrx_word' id='word_1_591' title='bbox 2499 1660 2516 1687; x_wconf 92' lang='lat'><strong>,</strong></span> <span class='ocrx_word' id='word_1_592' title='bbox 2562 1629 2909 1690; x_wconf 90' lang='lat' dir='ltr'><strong>posteaquam</strong></span> <span class='ocrx_word' id='word_1_593' title='bbox 2949 1619 3093 1675; x_wconf 90' lang='lat' dir='ltr'><strong>clare</strong></span> <span class='ocrx_word' id='word_1_594' title='bbox 3126 1620 3342 1689; x_wconf 87' lang='lat' dir='ltr'><strong>cjulavit</strong></span> <span class='ocrx_word' id='word_1_595' title='bbox 3374 1661 3390 1686; x_wconf 95' lang='lat'><strong>,</strong></span> <span class='ocrx_word' id='word_1_596' title='bbox 3429 1619 3556 1689; x_wconf 88' lang='lat' dir='ltr'><strong>quid</strong></span> <span class='ocrx_word' id='word_1_597' title='bbox 3586 1620 3730 1675; x_wconf 86' lang='lat' dir='ltr'><strong>dicat</strong></span> 
     </span>
    </p>
   </div>
   <div class='ocr_carea' id='block_1_76' title="bbox 2135 1707 3726 1780">
    <p class='ocr_par' dir='ltr' id='par_1_76' title="bbox 2135 1707 3726 1780">
     <span class='ocr_line' id='line_1_76' title="bbox 2135 1707 3726 1780; baseline 0.003 -20"><span class='ocrx_word' id='word_1_598' title='bbox 2135 1707 2280 1761; x_wconf 87' lang='lat' dir='ltr'><strong>audi.</strong></span> <span class='ocrx_word' id='word_1_599' title='bbox 2301 1708 2497 1763; x_wconf 70' lang='lat' dir='ltr'><strong>Iustior</strong></span> <span class='ocrx_word' id='word_1_600' title='bbox 2523 1718 2577 1762; x_wconf 89' lang='lat' dir='ltr'><strong>tu</strong></span> <span class='ocrx_word' id='word_1_601' title='bbox 2598 1726 2678 1763; x_wconf 88' lang='lat' dir='ltr'><strong>me</strong></span> <span class='ocrx_word' id='word_1_602' title='bbox 2698 1726 2749 1763; x_wconf 87' lang='lat' dir='ltr'><strong>es</strong></span> <span class='ocrx_word' id='word_1_603' title='bbox 2770 1751 2784 1775; x_wconf 94' lang='lat'><strong>,</strong></span> <span class='ocrx_word' id='word_1_604' title='bbox 2802 1709 3042 1780; x_wconf 85' lang='lat' dir='ltr'><strong>quoniam</strong></span> <span class='ocrx_word' id='word_1_605' title='bbox 3057 1721 3109 1763; x_wconf 90' lang='lat' dir='ltr'><strong>tu</strong></span> <span class='ocrx_word' id='word_1_606' title='bbox 3128 1711 3251 1763; x_wconf 85' lang='lat' dir='ltr'><strong>mihi</strong></span> <span class='ocrx_word' id='word_1_607' title='bbox 3275 1711 3548 1765; x_wconf 81' lang='lat' dir='ltr'><strong>retribuisti</strong></span> <span class='ocrx_word' id='word_1_608' title='bbox 3568 1710 3726 1776; x_wconf 82' lang='lat' dir='ltr'><strong>bona,</strong></span> 
     </span>
    </p>
   </div>
   <div class='ocr_carea' id='block_1_77' title="bbox 2134 1800 3731 1873">
    <p class='ocr_par' dir='ltr' id='par_1_77' title="bbox 2134 1800 3731 1873">
     <span class='ocr_line' id='line_1_77' title="bbox 2134 1800 3731 1873; baseline 0.001 -19"><span class='ocrx_word' id='word_1_609' title='bbox 2134 1815 2226 1869; x_wconf 83' lang='lat' dir='ltr'><strong>ego</strong></span> <span class='ocrx_word' id='word_1_610' title='bbox 2254 1814 2370 1853; x_wconf 80' lang='lat' dir='ltr'><strong>vero</strong></span> <span class='ocrx_word' id='word_1_611' title='bbox 2415 1800 2623 1854; x_wconf 81' lang='lat' dir='ltr'><strong>retribui</strong></span> <span class='ocrx_word' id='word_1_612' title='bbox 2670 1801 2757 1855; x_wconf 85' lang='lat' dir='ltr'><strong>tibi</strong></span> <span class='ocrx_word' id='word_1_613' title='bbox 2788 1801 2922 1854; x_wconf 82' lang='lat' dir='ltr'><strong>mala</strong></span> <span class='ocrx_word' id='word_1_614' title='bbox 2949 1801 3025 1873; x_wconf 94' lang='grc'><strong>(1.</strong></span> <span class='ocrx_word' id='word_1_615' title='bbox 3054 1800 3182 1872; x_wconf 77' lang='lat' dir='ltr'><strong>Reg.</strong></span> <span class='ocrx_word' id='word_1_616' title='bbox 3209 1800 3301 1855; x_wconf 75' lang='grc'><strong>24.</strong></span> <span class='ocrx_word' id='word_1_617' title='bbox 3326 1801 3438 1872; x_wconf 86' lang='grc'><strong>18).</strong></span> <span class='ocrx_word' id='word_1_618' title='bbox 3485 1800 3645 1856; x_wconf 79' lang='lat' dir='ltr'><strong>Vides</strong></span> <span class='ocrx_word' id='word_1_619' title='bbox 3673 1811 3731 1855; x_wconf 88' lang='lat' dir='ltr'><strong>ut</strong></span> 
     </span>
    </p>
   </div>
   <div class='ocr_carea' id='block_1_78' title="bbox 2136 1893 3725 1965">
    <p class='ocr_par' dir='ltr' id='par_1_78' title="bbox 2136 1893 3725 1965">
     <span class='ocr_line' id='line_1_78' title="bbox 2136 1893 3725 1965; baseline 0.002 -20"><span class='ocrx_word' id='word_1_620' title='bbox 2136 1904 2290 1946; x_wconf 89' lang='lat' dir='ltr'><strong>suam</strong></span> <span class='ocrx_word' id='word_1_621' title='bbox 2317 1893 2481 1961; x_wconf 88' lang='lat' dir='ltr'><strong>ipsius</strong></span> <span class='ocrx_word' id='word_1_622' title='bbox 2508 1893 2724 1947; x_wconf 87' lang='lat' dir='ltr'><strong>damnat</strong></span> <span class='ocrx_word' id='word_1_623' title='bbox 2756 1893 3011 1947; x_wconf 81' lang='lat' dir='ltr'><strong>malitiam</strong></span> <span class='ocrx_word' id='word_1_624' title='bbox 3036 1935 3051 1957; x_wconf 91' lang='lat'><strong>,</strong></span> <span class='ocrx_word' id='word_1_625' title='bbox 3078 1907 3140 1946; x_wconf 88' lang='lat' dir='ltr'><strong>ae</strong></span> <span class='ocrx_word' id='word_1_626' title='bbox 3165 1893 3293 1962; x_wconf 89' lang='lat' dir='ltr'><strong>justi</strong></span> <span class='ocrx_word' id='word_1_627' title='bbox 3318 1894 3565 1947; x_wconf 89' lang='lat' dir='ltr'><strong>virtutem</strong></span> <span class='ocrx_word' id='word_1_628' title='bbox 3589 1910 3725 1965; x_wconf 78' lang='lat' dir='ltr'><strong>pra:-</strong></span> 
     </span>
    </p>
   </div>
   <div class='ocr_carea' id='block_1_79' title="bbox 2134 1980 3723 2052">
    <p class='ocr_par' dir='ltr' id='par_1_79' title="bbox 2134 1980 3723 2052">
     <span class='ocr_line' id='line_1_79' title="bbox 2134 1980 3723 2052; baseline 0.002 -17"><span class='ocrx_word' id='word_1_629' title='bbox 2134 1980 2293 2047; x_wconf 89' lang='lat' dir='ltr'><strong>dicat,</strong></span> <span class='ocrx_word' id='word_1_630' title='bbox 2324 1983 2575 2052; x_wconf 88' lang='lat' dir='ltr'><strong>nulloque</strong></span> <span class='ocrx_word' id='word_1_631' title='bbox 2594 1991 2818 2051; x_wconf 87' lang='lat' dir='ltr'><strong>cogente</strong></span> <span class='ocrx_word' id='word_1_632' title='bbox 2847 1982 3019 2051; x_wconf 90' lang='lat' dir='ltr'><strong>ipsum</strong></span> <span class='ocrx_word' id='word_1_633' title='bbox 3047 1982 3271 2052; x_wconf 77' lang='lat' dir='ltr'><strong>purgat?</strong></span> <span class='ocrx_word' id='word_1_634' title='bbox 3295 1981 3441 2037; x_wconf 86' lang='lat' dir='ltr'><strong>Idem</strong></span> <span class='ocrx_word' id='word_1_635' title='bbox 3462 1992 3517 2038; x_wconf 90' lang='lat' dir='ltr'><strong>tu</strong></span> <span class='ocrx_word' id='word_1_636' title='bbox 3546 1982 3723 2038; x_wconf 90' lang='lat' dir='ltr'><strong>f..cito.</strong></span> 
     </span>
    </p>
   </div>
   <div class='ocr_carea' id='block_1_80' title="bbox 2132 2073 3723 2142">
    <p class='ocr_par' dir='ltr' id='par_1_80' title="bbox 2132 2073 3723 2142">
     <span class='ocr_line' id='line_1_80' title="bbox 2132 2073 3723 2142; baseline 0.001 -14"><span class='ocrx_word' id='word_1_637' title='bbox 2132 2073 2262 2128; x_wconf 87' lang='lat' dir='ltr'><strong>Cum</strong></span> <span class='ocrx_word' id='word_1_638' title='bbox 2294 2073 2465 2129; x_wconf 75' lang='lat' dir='ltr'><strong>hosﬁs</strong></span> <span class='ocrx_word' id='word_1_639' title='bbox 2493 2073 2777 2129; x_wconf 70' lang='lat' dir='ltr'><strong>olfendcrit</strong></span> <span class='ocrx_word' id='word_1_640' title='bbox 2804 2074 2856 2129; x_wconf 88' lang='lat' dir='ltr'><strong>in</strong></span> <span class='ocrx_word' id='word_1_641' title='bbox 2901 2089 3089 2128; x_wconf 88' lang='lat' dir='ltr'><strong>manus</strong></span> <span class='ocrx_word' id='word_1_642' title='bbox 3118 2084 3234 2128; x_wconf 87' lang='lat' dir='ltr'><strong>tuas</strong></span> <span class='ocrx_word' id='word_1_643' title='bbox 3257 2116 3273 2142; x_wconf 95' lang='lat'><strong>,</strong></span> <span class='ocrx_word' id='word_1_644' title='bbox 3318 2075 3427 2129; x_wconf 92' lang='lat' dir='ltr'><strong>noli</strong></span> <span class='ocrx_word' id='word_1_645' title='bbox 3467 2090 3723 2131; x_wconf 85' lang='lat' dir='ltr'><strong>accusare</strong></span> 
     </span>
    </p>
   </div>
   <div class='ocr_carea' id='block_1_81' title="bbox 2134 2162 3725 2235">
    <p class='ocr_par' dir='ltr' id='par_1_81' title="bbox 2134 2162 3725 2235">
     <span class='ocr_line' id='line_1_81' title="bbox 2134 2162 3725 2235; baseline 0.003 -20"><span class='ocrx_word' id='word_1_646' title='bbox 2134 2162 2304 2225; x_wconf 90' lang='lat' dir='ltr'><strong>illum,</strong></span> <span class='ocrx_word' id='word_1_647' title='bbox 2336 2162 2430 2217; x_wconf 87' lang='lat' dir='ltr'><strong>sed</strong></span> <span class='ocrx_word' id='word_1_648' title='bbox 2470 2162 2643 2233; x_wconf 90' lang='lat' dir='ltr'><strong>ipsum</strong></span> <span class='ocrx_word' id='word_1_649' title='bbox 2696 2178 2882 2234; x_wconf 82' lang='lat' dir='ltr'><strong>purga,</strong></span> <span class='ocrx_word' id='word_1_650' title='bbox 2930 2173 2986 2218; x_wconf 93' lang='lat' dir='ltr'><strong>ut</strong></span> <span class='ocrx_word' id='word_1_651' title='bbox 3016 2164 3163 2218; x_wconf 90' lang='lat' dir='ltr'><strong>illum</strong></span> <span class='ocrx_word' id='word_1_652' title='bbox 3215 2166 3477 2235; x_wconf 90' lang='lat' dir='ltr'><strong>perpellas</strong></span> <span class='ocrx_word' id='word_1_653' title='bbox 3526 2166 3593 2220; x_wconf 89' lang='lat' dir='ltr'><strong>ad</strong></span> <span class='ocrx_word' id='word_1_654' title='bbox 3641 2166 3725 2220; x_wconf 91' lang='lat' dir='ltr'><strong>sui</strong></span> 
     </span>
    </p>
   </div>
   <div class='ocr_carea' id='block_1_82' title="bbox 2134 2252 3723 2324">
    <p class='ocr_par' dir='ltr' id='par_1_82' title="bbox 2134 2252 3723 2324">
     <span class='ocr_line' id='line_1_82' title="bbox 2134 2252 3723 2324; baseline 0.003 -17"><span class='ocrx_word' id='word_1_655' title='bbox 2134 2252 2303 2323; x_wconf 89' lang='lat' dir='ltr'><strong>ipsius</strong></span> <span class='ocrx_word' id='word_1_656' title='bbox 2330 2254 2852 2309; x_wconf 89' lang='lat' dir='ltr'><strong>condemnationem.</strong></span> <span class='ocrx_word' id='word_1_657' title='bbox 2886 2254 3017 2308; x_wconf 82' lang='lat' dir='ltr'><strong>Nam</strong></span> <span class='ocrx_word' id='word_1_658' title='bbox 3054 2254 3099 2309; x_wconf 90' lang='lat' dir='ltr'><strong>si</strong></span> <span class='ocrx_word' id='word_1_659' title='bbox 3140 2270 3239 2310; x_wconf 93' lang='lat' dir='ltr'><strong>nos</strong></span> <span class='ocrx_word' id='word_1_660' title='bbox 3266 2270 3599 2324; x_wconf 88' lang='lat' dir='ltr'><strong>accusemus,</strong></span> <span class='ocrx_word' id='word_1_661' title='bbox 3627 2272 3723 2312; x_wconf 84' lang='lat' dir='ltr'><strong>ex-</strong></span> 
     </span>
    </p>
   </div>
   <div class='ocr_carea' id='block_1_83' title="bbox 2137 2344 3727 2415">
    <p class='ocr_par' dir='ltr' id='par_1_83' title="bbox 2137 2344 3727 2415">
     <span class='ocr_line' id='line_1_83' title="bbox 2137 2344 3727 2415; baseline 0.003 -16"><span class='ocrx_word' id='word_1_662' title='bbox 2137 2354 2452 2415; x_wconf 88' lang='lat' dir='ltr'><strong>asperatur:</strong></span> <span class='ocrx_word' id='word_1_663' title='bbox 2480 2345 2562 2399; x_wconf 87' lang='lat' dir='ltr'><strong>sin</strong></span> <span class='ocrx_word' id='word_1_664' title='bbox 2601 2359 2700 2400; x_wconf 88' lang='lat' dir='ltr'><strong>nos</strong></span> <span class='ocrx_word' id='word_1_665' title='bbox 2725 2344 3179 2411; x_wconf 82' lang='lat' dir='ltr'><strong>excusaverimus,</strong></span> <span class='ocrx_word' id='word_1_666' title='bbox 3213 2345 3304 2400; x_wconf 88' lang='lat' dir='ltr'><strong>ille</strong></span> <span class='ocrx_word' id='word_1_667' title='bbox 3328 2347 3588 2403; x_wconf 89' lang='lat' dir='ltr'><strong>reveritus</strong></span> <span class='ocrx_word' id='word_1_668' title='bbox 3625 2362 3727 2404; x_wconf 84' lang='lat' dir='ltr'><strong>no-</strong></span> 
     </span>
    </p>
   </div>
   <div class='ocr_carea' id='block_1_84' title="bbox 2131 2436 3725 2505">
    <p class='ocr_par' dir='ltr' id='par_1_84' title="bbox 2131 2436 3725 2505">
     <span class='ocr_line' id='line_1_84' title="bbox 2131 2436 3725 2505; baseline 0.004 -15"><span class='ocrx_word' id='word_1_669' title='bbox 2131 2444 2296 2490; x_wconf 89' lang='lat' dir='ltr'><strong>stram</strong></span> <span class='ocrx_word' id='word_1_670' title='bbox 2324 2436 2706 2491; x_wconf 87' lang='lat' dir='ltr'><strong>humanitatem</strong></span> <span class='ocrx_word' id='word_1_671' title='bbox 2732 2476 2746 2497; x_wconf 89' lang='lat'><strong>.</strong></span> <span class='ocrx_word' id='word_1_672' title='bbox 2776 2450 2901 2490; x_wconf 87' lang='lat' dir='ltr'><strong>mox</strong></span> <span class='ocrx_word' id='word_1_673' title='bbox 2928 2436 3161 2505; x_wconf 90' lang='lat' dir='ltr'><strong>seipsum</strong></span> <span class='ocrx_word' id='word_1_674' title='bbox 3182 2436 3579 2493; x_wconf 87' lang='lat' dir='ltr'><strong>condemnabit.</strong></span> <span class='ocrx_word' id='word_1_675' title='bbox 3608 2438 3725 2496; x_wconf 82' lang='lat' dir='ltr'><strong>Hoc</strong></span> 
     </span>
    </p>
   </div>
   <div class='ocr_carea' id='block_1_85' title="bbox 2132 2526 3727 2599">
    <p class='ocr_par' dir='ltr' id='par_1_85' title="bbox 2132 2526 3727 2599">
     <span class='ocr_line' id='line_1_85' title="bbox 2132 2526 3727 2599; baseline 0.006 -21"><span class='ocrx_word' id='word_1_676' title='bbox 2132 2533 2288 2594; x_wconf 90' lang='lat' dir='ltr'><strong>pacto</strong></span> <span class='ocrx_word' id='word_1_677' title='bbox 2316 2526 2475 2581; x_wconf 90' lang='lat' dir='ltr'><strong>simul</strong></span> <span class='ocrx_word' id='word_1_678' title='bbox 2504 2534 2557 2582; x_wconf 79' lang='lat' dir='ltr'><strong>ct</strong></span> <span class='ocrx_word' id='word_1_679' title='bbox 2586 2526 2887 2597; x_wconf 86' lang='lat' dir='ltr'><strong>redargutio</strong></span> <span class='ocrx_word' id='word_1_680' title='bbox 2919 2527 2975 2581; x_wconf 89' lang='lat' dir='ltr'><strong>lit</strong></span> <span class='ocrx_word' id='word_1_681' title='bbox 2994 2543 3184 2583; x_wconf 90' lang='lat' dir='ltr'><strong>carens</strong></span> <span class='ocrx_word' id='word_1_682' title='bbox 3210 2529 3533 2599; x_wconf 90' lang='lat' dir='ltr'><strong>suspicione,</strong></span> <span class='ocrx_word' id='word_1_683' title='bbox 3558 2540 3614 2587; x_wconf 90' lang='lat' dir='ltr'><strong>et</strong></span> <span class='ocrx_word' id='word_1_684' title='bbox 3634 2532 3727 2589; x_wconf 91' lang='lat' dir='ltr'><strong>ille</strong></span> 
     </span>
    </p>
   </div>
   <div class='ocr_carea' id='block_1_86' title="bbox 2131 2615 3725 2682">
    <p class='ocr_par' dir='ltr' id='par_1_86' title="bbox 2131 2615 3725 2682">
     <span class='ocr_line' id='line_1_86' title="bbox 2131 2615 3725 2682; baseline 0.007 -15"><span class='ocrx_word' id='word_1_685' title='bbox 2131 2629 2346 2669; x_wconf 91' lang='lat' dir='ltr'><strong>omnem</strong></span> <span class='ocrx_word' id='word_1_686' title='bbox 2371 2616 2517 2670; x_wconf 91' lang='lat' dir='ltr'><strong>exuit</strong></span> <span class='ocrx_word' id='word_1_687' title='bbox 2545 2615 2825 2671; x_wconf 88' lang='lat' dir='ltr'><strong>malitiam.</strong></span> <span class='ocrx_word' id='word_1_688' title='bbox 2869 2615 3024 2682; x_wconf 89' lang='lat' dir='ltr'><strong>Quod</strong></span> <span class='ocrx_word' id='word_1_689' title='bbox 3053 2625 3109 2672; x_wconf 91' lang='lat' dir='ltr'><strong>et</strong></span> <span class='ocrx_word' id='word_1_690' title='bbox 3138 2617 3223 2673; x_wconf 88' lang='lat' dir='ltr'><strong>hic</strong></span> <span class='ocrx_word' id='word_1_691' title='bbox 3248 2619 3460 2676; x_wconf 87' lang='lat' dir='ltr'><strong>evenit:</strong></span> <span class='ocrx_word' id='word_1_692' title='bbox 3487 2636 3611 2677; x_wconf 92' lang='lat' dir='ltr'><strong>cum</strong></span> <span class='ocrx_word' id='word_1_693' title='bbox 3642 2631 3725 2677; x_wconf 85' lang='lat' dir='ltr'><strong>ta-</strong></span> 
     </span>
    </p>
   </div>
   <div class='ocr_carea' id='block_1_87' title="bbox 2132 2704 3714 2778">
    <p class='ocr_par' dir='ltr' id='par_1_87' title="bbox 2132 2704 3714 2778">
     <span class='ocr_line' id='line_1_87' title="bbox 2132 2704 3714 2778; baseline 0.006 -20"><span class='ocrx_word' id='word_1_694' title='bbox 2132 2713 2220 2758; x_wconf 91' lang='lat' dir='ltr'><strong>cet</strong></span> <span class='ocrx_word' id='word_1_695' title='bbox 2249 2704 2292 2759; x_wconf 92' lang='lat' dir='ltr'><strong>is</strong></span> <span class='ocrx_word' id='word_1_696' title='bbox 2318 2705 2406 2775; x_wconf 89' lang='lat' dir='ltr'><strong>qui</strong></span> <span class='ocrx_word' id='word_1_697' title='bbox 2435 2704 2655 2759; x_wconf 83' lang='lat' dir='ltr'><strong>all‘cctus</strong></span> <span class='ocrx_word' id='word_1_698' title='bbox 2693 2714 2805 2759; x_wconf 92' lang='lat' dir='ltr'><strong>erat</strong></span> <span class='ocrx_word' id='word_1_699' title='bbox 2832 2705 3025 2777; x_wconf 86' lang='lat' dir='ltr'><strong>injuria</strong></span> <span class='ocrx_word' id='word_1_700' title='bbox 3049 2747 3064 2771; x_wconf 91' lang='lat'><strong>,</strong></span> <span class='ocrx_word' id='word_1_701' title='bbox 3109 2706 3154 2761; x_wconf 87' lang='lat' dir='ltr'><strong>is</strong></span> <span class='ocrx_word' id='word_1_702' title='bbox 3183 2708 3274 2778; x_wconf 91' lang='lat' dir='ltr'><strong>qui</strong></span> <span class='ocrx_word' id='word_1_703' title='bbox 3304 2707 3507 2765; x_wconf 84' lang='lat' dir='ltr'><strong>fecerat</strong></span> <span class='ocrx_word' id='word_1_704' title='bbox 3545 2711 3714 2768; x_wconf 87' lang='lat' dir='ltr'><strong>multa</strong></span> 
     </span>
    </p>
   </div>
   <div class='ocr_carea' id='block_1_88' title="bbox 2130 2796 3721 2870">
    <p class='ocr_par' dir='ltr' id='par_1_88' title="bbox 2130 2796 3721 2870">
     <span class='ocr_line' id='line_1_88' title="bbox 2130 2796 3721 2870; baseline 0.005 -19"><span class='ocrx_word' id='word_1_705' title='bbox 2130 2810 2257 2851; x_wconf 89' lang='lat' dir='ltr'><strong>cum</strong></span> <span class='ocrx_word' id='word_1_706' title='bbox 2298 2796 2633 2851; x_wconf 89' lang='lat' dir='ltr'><strong>vehementia</strong></span> <span class='ocrx_word' id='word_1_707' title='bbox 2662 2797 2896 2866; x_wconf 88' lang='lat' dir='ltr'><strong>seipsum</strong></span> <span class='ocrx_word' id='word_1_708' title='bbox 2926 2807 3161 2853; x_wconf 89' lang='lat' dir='ltr'><strong>accusat.</strong></span> <span class='ocrx_word' id='word_1_709' title='bbox 3203 2798 3387 2870; x_wconf 84' lang='lat' dir='ltr'><strong>Neque</strong></span> <span class='ocrx_word' id='word_1_710' title='bbox 3415 2801 3557 2856; x_wconf 90' lang='lat' dir='ltr'><strong>enim</strong></span> <span class='ocrx_word' id='word_1_711' title='bbox 3587 2803 3721 2859; x_wconf 87' lang='lat' dir='ltr'><strong>sim-</strong></span> 
     </span>
    </p>
   </div>
   <div class='ocr_carea' id='block_1_89' title="bbox 2132 2886 3725 2957">
    <p class='ocr_par' dir='ltr' id='par_1_89' title="bbox 2132 2886 3725 2957">
     <span class='ocr_line' id='line_1_89' title="bbox 2132 2886 3725 2957; baseline 0.004 -17"><span class='ocrx_word' id='word_1_712' title='bbox 2132 2886 2339 2957; x_wconf 91' lang='lat' dir='ltr'><strong>pliciter</strong></span> <span class='ocrx_word' id='word_1_713' title='bbox 2365 2886 2518 2952; x_wconf 78' lang='lat' dir='ltr'><strong>dixit,</strong></span> <span class='ocrx_word' id='word_1_714' title='bbox 2549 2886 2741 2941; x_wconf 83' lang='lat' dir='ltr'><strong>Fecisti</strong></span> <span class='ocrx_word' id='word_1_715' title='bbox 2772 2886 2899 2941; x_wconf 90' lang='lat' dir='ltr'><strong>mihi</strong></span> <span class='ocrx_word' id='word_1_716' title='bbox 2930 2888 3089 2953; x_wconf 89' lang='lat' dir='ltr'><strong>bona,</strong></span> <span class='ocrx_word' id='word_1_717' title='bbox 3118 2889 3235 2956; x_wconf 91' lang='lat' dir='ltr'><strong>sed,</strong></span> <span class='ocrx_word' id='word_1_718' title='bbox 3268 2889 3571 2947; x_wconf 72' lang='lat' dir='ltr'><strong>Retribsistl</strong></span> <span class='ocrx_word' id='word_1_719' title='bbox 3598 2894 3725 2949; x_wconf 79' lang='lat' dir='ltr'><strong>mihi</strong></span> 
     </span>
    </p>
   </div>
   <div class='ocr_carea' id='block_1_90' title="bbox 2134 2975 3720 3050">
    <p class='ocr_par' dir='ltr' id='par_1_90' title="bbox 2134 2975 3720 3050">
     <span class='ocr_line' id='line_1_90' title="bbox 2134 2975 3720 3050; baseline 0.006 -19"><span class='ocrx_word' id='word_1_720' title='bbox 2134 2977 2301 3031; x_wconf 85' lang='lat' dir='ltr'><strong>bona:</strong></span> <span class='ocrx_word' id='word_1_721' title='bbox 2325 2975 2426 3031; x_wconf 91' lang='lat' dir='ltr'><strong>hoc</strong></span> <span class='ocrx_word' id='word_1_722' title='bbox 2454 2986 2556 3041; x_wconf 90' lang='lat' dir='ltr'><strong>est,</strong></span> <span class='ocrx_word' id='word_1_723' title='bbox 2586 2976 2691 3032; x_wconf 88' lang='lat' dir='ltr'><strong>Pro</strong></span> <span class='ocrx_word' id='word_1_724' title='bbox 2718 2977 2943 3044; x_wconf 89' lang='lat' dir='ltr'><strong>insidiis,</strong></span> <span class='ocrx_word' id='word_1_725' title='bbox 2966 2994 3063 3050; x_wconf 90' lang='lat' dir='ltr'><strong>pro</strong></span> <span class='ocrx_word' id='word_1_726' title='bbox 3092 2979 3268 3045; x_wconf 58' lang='lat' dir='ltr'><strong>caede,</strong></span> <span class='ocrx_word' id='word_1_727' title='bbox 3302 2996 3399 3050; x_wconf 92' lang='lat' dir='ltr'><strong>pro</strong></span> <span class='ocrx_word' id='word_1_728' title='bbox 3428 2984 3583 3039; x_wconf 89' lang='lat' dir='ltr'><strong>malis</strong></span> <span class='ocrx_word' id='word_1_729' title='bbox 3612 2983 3720 3040; x_wconf 87' lang='lat' dir='ltr'><strong>illis</strong></span> 
     </span>
    </p>
   </div>
   <div class='ocr_carea' id='block_1_91' title="bbox 2136 3060 3724 3147">
    <p class='ocr_par' dir='ltr' id='par_1_91' title="bbox 2136 3060 3724 3147">
     <span class='ocr_line' id='line_1_91' title="bbox 2136 3060 3724 3147; baseline 0.006 -23"><span class='ocrx_word' id='word_1_730' title='bbox 2136 3067 2431 3124; x_wconf 89' lang='lat' dir='ltr'><strong>innumeris</strong></span> <span class='ocrx_word' id='word_1_731' title='bbox 2454 3084 2643 3140; x_wconf 90' lang='lat' dir='ltr'><strong>magna</strong></span> <span class='ocrx_word' id='word_1_732' title='bbox 2670 3069 2799 3125; x_wconf 92' lang='lat' dir='ltr'><strong>mihi</strong></span> <span class='ocrx_word' id='word_1_733' title='bbox 2824 3072 3109 3143; x_wconf 89' lang='lat' dir='ltr'><strong>rependisti</strong></span> <span class='ocrx_word' id='word_1_734' title='bbox 3135 3071 3412 3129; x_wconf 83' lang='lat' dir='ltr'><strong>beneﬁcia.</strong></span> <span class='ocrx_word' id='word_1_735' title='bbox 3434 3060 3505 3130; x_wconf 77' lang='grc' dir='ltr'>Δί</span> <span class='ocrx_word' id='word_1_736' title='bbox 3524 3090 3624 3147; x_wconf 84' lang='lat' dir='ltr'><strong>ego</strong></span> <span class='ocrx_word' id='word_1_737' title='bbox 3653 3093 3724 3134; x_wconf 86' lang='lat' dir='ltr'><strong>ne</strong></span> 
     </span>
    </p>
   </div>
   <div class='ocr_carea' id='block_1_92' title="bbox 2136 3159 3727 3233">
    <p class='ocr_par' dir='ltr' id='par_1_92' title="bbox 2136 3159 3727 3233">
     <span class='ocr_line' id='line_1_92' title="bbox 2136 3159 3727 3233; baseline 0.004 -18"><span class='ocrx_word' id='word_1_738' title='bbox 2136 3159 2216 3215; x_wconf 83' lang='lat' dir='ltr'><strong>sic</strong></span> <span class='ocrx_word' id='word_1_739' title='bbox 2242 3159 2462 3231; x_wconf 91' lang='lat' dir='ltr'><strong>quidem</strong></span> <span class='ocrx_word' id='word_1_740' title='bbox 2492 3160 2663 3217; x_wconf 88' lang='lat' dir='ltr'><strong>factus</strong></span> <span class='ocrx_word' id='word_1_741' title='bbox 2705 3175 2824 3216; x_wconf 91' lang='lat' dir='ltr'><strong>sum</strong></span> <span class='ocrx_word' id='word_1_742' title='bbox 2869 3162 3060 3218; x_wconf 90' lang='lat' dir='ltr'><strong>melior</strong></span> <span class='ocrx_word' id='word_1_743' title='bbox 3086 3203 3101 3228; x_wconf 92' lang='lat'><strong>,</strong></span> <span class='ocrx_word' id='word_1_744' title='bbox 3130 3162 3223 3218; x_wconf 92' lang='lat' dir='ltr'><strong>sed</strong></span> <span class='ocrx_word' id='word_1_745' title='bbox 3251 3172 3372 3233; x_wconf 86' lang='lat' dir='ltr'><strong>post</strong></span> <span class='ocrx_word' id='word_1_746' title='bbox 3400 3165 3487 3220; x_wconf 92' lang='lat' dir='ltr'><strong>illa</strong></span> <span class='ocrx_word' id='word_1_747' title='bbox 3519 3175 3605 3221; x_wconf 87' lang='lat' dir='ltr'><strong>tua</strong></span> <span class='ocrx_word' id='word_1_748' title='bbox 3632 3168 3727 3223; x_wconf 81' lang='lat' dir='ltr'><strong>be-</strong></span> 
     </span>
    </p>
   </div>
   <div class='ocr_carea' id='block_1_93' title="bbox 2131 3250 3725 3327">
    <p class='ocr_par' dir='ltr' id='par_1_93' title="bbox 2131 3250 3725 3327">
     <span class='ocr_line' id='line_1_93' title="bbox 2131 3250 3725 3327; baseline 0.005 -21"><span class='ocrx_word' id='word_1_749' title='bbox 2131 3250 2341 3307; x_wconf 87' lang='lat' dir='ltr'><strong>nefacta</strong></span> <span class='ocrx_word' id='word_1_750' title='bbox 2364 3252 2698 3321; x_wconf 89' lang='lat' dir='ltr'><strong>perseveravi</strong></span> <span class='ocrx_word' id='word_1_751' title='bbox 2729 3252 2780 3307; x_wconf 91' lang='lat' dir='ltr'><strong>in</strong></span> <span class='ocrx_word' id='word_1_752' title='bbox 2808 3251 3008 3307; x_wconf 86' lang='lat' dir='ltr'><strong>malitia</strong></span> <span class='ocrx_word' id='word_1_753' title='bbox 3042 3268 3057 3306; x_wconf 90' lang='lat'><strong>:</strong></span> <span class='ocrx_word' id='word_1_754' title='bbox 3084 3262 3139 3307; x_wconf 92' lang='lat' dir='ltr'><strong>tu</strong></span> <span class='ocrx_word' id='word_1_755' title='bbox 3158 3268 3286 3309; x_wconf 85' lang='lat' dir='ltr'><strong>vero</strong></span> <span class='ocrx_word' id='word_1_756' title='bbox 3314 3269 3382 3310; x_wconf 91' lang='lat' dir='ltr'><strong>ne</strong></span> <span class='ocrx_word' id='word_1_757' title='bbox 3406 3256 3484 3309; x_wconf 89' lang='lat' dir='ltr'><strong>sic</strong></span> <span class='ocrx_word' id='word_1_758' title='bbox 3508 3255 3725 3327; x_wconf 87' lang='lat' dir='ltr'><strong>quidem</strong></span> 
     </span>
    </p>
   </div>
   <div class='ocr_carea' id='block_1_94' title="bbox 2130 3343 3718 3417">
    <p class='ocr_par' dir='ltr' id='par_1_94' title="bbox 2130 3343 3718 3417">
     <span class='ocr_line' id='line_1_94' title="bbox 2130 3343 3718 3417; baseline 0.003 -18"><span class='ocrx_word' id='word_1_759' title='bbox 2130 3358 2190 3399; x_wconf 88' lang='lat' dir='ltr'><strong>es</strong></span> <span class='ocrx_word' id='word_1_760' title='bbox 2216 3343 2542 3411; x_wconf 89' lang='lat' dir='ltr'><strong>immutatus,</strong></span> <span class='ocrx_word' id='word_1_761' title='bbox 2566 3344 2659 3399; x_wconf 92' lang='lat' dir='ltr'><strong>sed</strong></span> <span class='ocrx_word' id='word_1_762' title='bbox 2682 3352 2990 3400; x_wconf 90' lang='lat' dir='ltr'><strong>constanter</strong></span> <span class='ocrx_word' id='word_1_763' title='bbox 3016 3353 3164 3400; x_wconf 91' lang='lat' dir='ltr'><strong>tuum</strong></span> <span class='ocrx_word' id='word_1_764' title='bbox 3190 3345 3468 3403; x_wconf 86' lang='lat' dir='ltr'><strong>obtinuiin</strong></span> <span class='ocrx_word' id='word_1_765' title='bbox 3489 3363 3718 3417; x_wconf 89' lang='lat' dir='ltr'><strong>morem,</strong></span> 
     </span>
    </p>
   </div>
   <div class='ocr_carea' id='block_1_95' title="bbox 2131 3434 3715 3509">
    <p class='ocr_par' dir='ltr' id='par_1_95' title="bbox 2131 3434 3715 3509">
     <span class='ocr_line' id='line_1_95' title="bbox 2131 3434 3715 3509; baseline 0.004 -20"><span class='ocrx_word' id='word_1_766' title='bbox 2131 3448 2229 3489; x_wconf 89' lang='lat' dir='ltr'><strong>nos</strong></span> <span class='ocrx_word' id='word_1_767' title='bbox 2270 3435 2459 3490; x_wconf 89' lang='lat' dir='ltr'><strong>iterum</strong></span> <span class='ocrx_word' id='word_1_768' title='bbox 2502 3435 2596 3489; x_wconf 90' lang='lat' dir='ltr'><strong>tibi</strong></span> <span class='ocrx_word' id='word_1_769' title='bbox 2628 3435 2941 3491; x_wconf 87' lang='lat' dir='ltr'><strong>insidiantes</strong></span> <span class='ocrx_word' id='word_1_770' title='bbox 2979 3434 3252 3491; x_wconf 85' lang='lat' dir='ltr'><strong>beneficiis</strong></span> <span class='ocrx_word' id='word_1_771' title='bbox 3282 3452 3630 3509; x_wconf 91' lang='lat' dir='ltr'><strong>prosequens.</strong></span> <span class='ocrx_word' id='word_1_772' title='bbox 3656 3439 3715 3495; x_wconf 86' lang='lat' dir='ltr'><strong>In</strong></span> 
     </span>
    </p>
   </div>
   <div class='ocr_carea' id='block_1_96' title="bbox 2134 3523 3725 3603">
    <p class='ocr_par' dir='ltr' id='par_1_96' title="bbox 2134 3523 3725 3603">
     <span class='ocr_line' id='line_1_96' title="bbox 2134 3523 3725 3603; baseline 0.006 -25"><span class='ocrx_word' id='word_1_773' title='bbox 2134 3523 2281 3581; x_wconf 88' lang='lat' dir='ltr'><strong>hisce</strong></span> <span class='ocrx_word' id='word_1_774' title='bbox 2321 3526 2542 3597; x_wconf 81' lang='lat' dir='ltr'><strong>singulis</strong></span> <span class='ocrx_word' id='word_1_775' title='bbox 2571 3526 2787 3589; x_wconf 87' lang='lat' dir='ltr'><strong>verbis,</strong></span> <span class='ocrx_word' id='word_1_776' title='bbox 2828 3535 2957 3596; x_wconf 89' lang='lat' dir='ltr'><strong>quot</strong></span> <span class='ocrx_word' id='word_1_777' title='bbox 3003 3528 3216 3582; x_wconf 88' lang='lat' dir='ltr'><strong>coronis</strong></span> <span class='ocrx_word' id='word_1_778' title='bbox 3257 3528 3446 3601; x_wconf 87' lang='lat' dir='ltr'><strong>dignus</strong></span> <span class='ocrx_word' id='word_1_779' title='bbox 3476 3532 3725 3603; x_wconf 87' lang='lat' dir='ltr'><strong>apparuit</strong></span> 
     </span>
    </p>
   </div>
   <div class='ocr_carea' id='block_1_97' title="bbox 2134 3615 3711 3687">
    <p class='ocr_par' dir='ltr' id='par_1_97' title="bbox 2134 3615 3711 3687">
     <span class='ocr_line' id='line_1_97' title="bbox 2134 3615 3711 3687; baseline 0.008 -21"><span class='ocrx_word' id='word_1_780' title='bbox 2134 3615 2333 3670; x_wconf 83' lang='lat' dir='ltr'><strong>David?</strong></span> <span class='ocrx_word' id='word_1_781' title='bbox 2359 3619 2690 3687; x_wconf 81' lang='lat' dir='ltr'><strong>Quamquam</strong></span> <span class='ocrx_word' id='word_1_782' title='bbox 2717 3617 2861 3672; x_wconf 90' lang='lat' dir='ltr'><strong>enim</strong></span> <span class='ocrx_word' id='word_1_783' title='bbox 2891 3632 2952 3673; x_wconf 91' lang='lat' dir='ltr'><strong>os</strong></span> <span class='ocrx_word' id='word_1_784' title='bbox 2988 3617 3163 3675; x_wconf 73' lang='lat' dir='ltr'><strong>Saulis</strong></span> <span class='ocrx_word' id='word_1_785' title='bbox 3201 3620 3297 3673; x_wconf 87' lang='lat' dir='ltr'><strong>ista</strong></span> <span class='ocrx_word' id='word_1_786' title='bbox 3330 3620 3587 3687; x_wconf 88' lang='lat' dir='ltr'><strong>sonabat,</strong></span> <span class='ocrx_word' id='word_1_787' title='bbox 3617 3635 3711 3679; x_wconf 79' lang='lat' dir='ltr'><strong>sa-</strong></span> 
     </span>
    </p>
   </div>
   <div class='ocr_carea' id='block_1_98' title="bbox 2132 3704 3716 3775">
    <p class='ocr_par' dir='ltr' id='par_1_98' title="bbox 2132 3704 3716 3775">
     <span class='ocr_line' id='line_1_98' title="bbox 2132 3704 3716 3775; baseline 0.006 -16"><span class='ocrx_word' id='word_1_788' title='bbox 2132 3704 2326 3775; x_wconf 90' lang='lat' dir='ltr'><strong>pientia</strong></span> <span class='ocrx_word' id='word_1_789' title='bbox 2348 3714 2524 3762; x_wconf 89' lang='lat' dir='ltr'><strong>tamen</strong></span> <span class='ocrx_word' id='word_1_790' title='bbox 2545 3716 2600 3762; x_wconf 92' lang='lat' dir='ltr'><strong>et</strong></span> <span class='ocrx_word' id='word_1_791' title='bbox 2625 3723 2712 3763; x_wconf 87' lang='lat' dir='ltr'><strong>ars</strong></span> <span class='ocrx_word' id='word_1_792' title='bbox 2737 3707 2947 3763; x_wconf 88' lang='lat' dir='ltr'><strong>Davidis</strong></span> <span class='ocrx_word' id='word_1_793' title='bbox 2973 3724 3033 3763; x_wconf 88' lang='lat' dir='ltr'><strong>ea</strong></span> <span class='ocrx_word' id='word_1_794' title='bbox 3061 3709 3111 3763; x_wconf 92' lang='lat' dir='ltr'><strong>in</strong></span> <span class='ocrx_word' id='word_1_795' title='bbox 3138 3710 3375 3766; x_wconf 89' lang='lat' dir='ltr'><strong>animum</strong></span> <span class='ocrx_word' id='word_1_796' title='bbox 3401 3710 3542 3765; x_wconf 87' lang='lat' dir='ltr'><strong>illius</strong></span> <span class='ocrx_word' id='word_1_797' title='bbox 3567 3712 3716 3768; x_wconf 83' lang='lat' dir='ltr'><strong>insc-</strong></span> 
     </span>
    </p>
   </div>
   <div class='ocr_carea' id='block_1_99' title="bbox 2132 3798 3719 3875">
    <p class='ocr_par' dir='ltr' id='par_1_99' title="bbox 2132 3798 3719 3875">
     <span class='ocr_line' id='line_1_99' title="bbox 2132 3798 3719 3875; baseline 0.006 -27"><span class='ocrx_word' id='word_1_798' title='bbox 2132 3805 2302 3851; x_wconf 90' lang='lat' dir='ltr'><strong>verat.</strong></span> <span class='ocrx_word' id='word_1_799' title='bbox 2359 3798 2677 3853; x_wconf 82' lang='lat' dir='ltr'><strong>Reuuntiasti</strong></span> <span class='ocrx_word' id='word_1_800' title='bbox 2708 3840 2724 3865; x_wconf 92' lang='lat'><strong>,</strong></span> <span class='ocrx_word' id='word_1_801' title='bbox 2768 3799 2938 3870; x_wconf 89' lang='lat' dir='ltr'><strong>inquit</strong></span> <span class='ocrx_word' id='word_1_802' title='bbox 2967 3841 2982 3867; x_wconf 94' lang='lat'><strong>,</strong></span> <span class='ocrx_word' id='word_1_803' title='bbox 3024 3800 3148 3854; x_wconf 79' lang='lat' dir='ltr'><strong>mihi</strong></span> <span class='ocrx_word' id='word_1_804' title='bbox 3177 3800 3324 3855; x_wconf 75' lang='lat' dir='ltr'><strong>hodie</strong></span> <span class='ocrx_word' id='word_1_805' title='bbox 3347 3818 3461 3875; x_wconf 69' lang='lat' dir='ltr'><strong>quae</strong></span> <span class='ocrx_word' id='word_1_806' title='bbox 3484 3803 3611 3857; x_wconf 79' lang='lat' dir='ltr'><strong>mihi</strong></span> <span class='ocrx_word' id='word_1_807' title='bbox 3636 3808 3719 3875; x_wconf 78' lang='lat' dir='ltr'><strong>fe-</strong></span> 
     </span>
    </p>
   </div>
   <div class='ocr_carea' id='block_1_100' title="bbox 2130 3887 3717 3956">
    <p class='ocr_par' dir='ltr' id='par_1_100' title="bbox 2130 3887 3717 3956">
     <span class='ocr_line' id='line_1_100' title="bbox 2130 3887 3717 3956; baseline 0.006 -16"><span class='ocrx_word' id='word_1_808' title='bbox 2130 3887 2255 3941; x_wconf 83' lang='lat' dir='ltr'><strong>ceris</strong></span> <span class='ocrx_word' id='word_1_809' title='bbox 2303 3889 2432 3942; x_wconf 85' lang='lat' dir='ltr'><strong>bona</strong></span> <span class='ocrx_word' id='word_1_810' title='bbox 2460 3930 2475 3956; x_wconf 87' lang='lat'><strong>,</strong></span> <span class='ocrx_word' id='word_1_811' title='bbox 2522 3904 2640 3942; x_wconf 87' lang='lat' dir='ltr'><strong>cum</strong></span> <span class='ocrx_word' id='word_1_812' title='bbox 2681 3906 2759 3945; x_wconf 89' lang='lat' dir='ltr'><strong>me</strong></span> <span class='ocrx_word' id='word_1_813' title='bbox 2811 3889 3057 3944; x_wconf 86' lang='lat' dir='ltr'><strong>Dominus</strong></span> <span class='ocrx_word' id='word_1_814' title='bbox 3104 3889 3255 3946; x_wconf 79' lang='lat' dir='ltr'><strong>hodie</strong></span> <span class='ocrx_word' id='word_1_815' title='bbox 3316 3892 3613 3949; x_wconf 78' lang='lat' dir='ltr'><strong>concluserit</strong></span> <span class='ocrx_word' id='word_1_816' title='bbox 3660 3895 3717 3949; x_wconf 84' lang='lat' dir='ltr'><strong>in</strong></span> 
     </span>
    </p>
   </div>
   <div class='ocr_carea' id='block_1_101' title="bbox 2130 3978 3717 4053">
    <p class='ocr_par' dir='ltr' id='par_1_101' title="bbox 2130 3978 3717 4053">
     <span class='ocr_line' id='line_1_101' title="bbox 2130 3978 3717 4053; baseline 0.006 -22"><span class='ocrx_word' id='word_1_817' title='bbox 2130 3995 2311 4032; x_wconf 85' lang='lat' dir='ltr'><strong>manus</strong></span> <span class='ocrx_word' id='word_1_818' title='bbox 2332 3989 2466 4046; x_wconf 85' lang='lat' dir='ltr'><strong>tuas,</strong></span> <span class='ocrx_word' id='word_1_819' title='bbox 2487 3996 2575 4033; x_wconf 86' lang='lat' dir='ltr'><strong>nec</strong></span> <span class='ocrx_word' id='word_1_820' title='bbox 2591 3978 2835 4034; x_wconf 84' lang='lat' dir='ltr'><strong>occideris</strong></span> <span class='ocrx_word' id='word_1_821' title='bbox 2856 3997 2934 4035; x_wconf 86' lang='lat' dir='ltr'><strong>nte</strong></span> <span class='ocrx_word' id='word_1_822' title='bbox 2952 3981 3025 4052; x_wconf 91' lang='grc'><strong>(1.</strong></span> <span class='ocrx_word' id='word_1_823' title='bbox 3049 3981 3175 4053; x_wconf 83' lang='lat' dir='ltr'><strong>Reg.</strong></span> <span class='ocrx_word' id='word_1_824' title='bbox 3192 3980 3412 4053; x_wconf 61' lang='lat'><strong>24.19).</strong></span> <span class='ocrx_word' id='word_1_825' title='bbox 3433 3982 3512 4037; x_wconf 85' lang='lat' dir='ltr'><strong>En</strong></span> <span class='ocrx_word' id='word_1_826' title='bbox 3534 3998 3717 4040; x_wconf 81' lang='lat' dir='ltr'><strong>rursus</strong></span> 
     </span>
    </p>
   </div>
   <div class='ocr_carea' id='block_1_102' title="bbox 2130 4067 3715 4140">
    <p class='ocr_par' dir='ltr' id='par_1_102' title="bbox 2130 4067 3715 4140">
     <span class='ocr_line' id='line_1_102' title="bbox 2130 4067 3715 4140; baseline 0.005 -18"><span class='ocrx_word' id='word_1_827' title='bbox 2130 4067 2198 4123; x_wconf 90' lang='lat' dir='ltr'><strong>de</strong></span> <span class='ocrx_word' id='word_1_828' title='bbox 2226 4070 2389 4123; x_wconf 83' lang='lat' dir='ltr'><strong>altera</strong></span> <span class='ocrx_word' id='word_1_829' title='bbox 2419 4071 2539 4139; x_wconf 91' lang='lat' dir='ltr'><strong>ejus</strong></span> <span class='ocrx_word' id='word_1_830' title='bbox 2566 4070 2761 4124; x_wconf 89' lang='lat' dir='ltr'><strong>virtute</strong></span> <span class='ocrx_word' id='word_1_831' title='bbox 2802 4070 3073 4140; x_wconf 89' lang='lat' dir='ltr'><strong>perhibuit</strong></span> <span class='ocrx_word' id='word_1_832' title='bbox 3097 4072 3456 4128; x_wconf 87' lang='lat' dir='ltr'><strong>testimonium</strong></span> <span class='ocrx_word' id='word_1_833' title='bbox 3477 4114 3492 4139; x_wconf 93' lang='lat'><strong>,</strong></span> <span class='ocrx_word' id='word_1_834' title='bbox 3522 4073 3715 4131; x_wconf 77' lang='lat' dir='ltr'><strong>videli-</strong></span> 
     </span>
    </p>
   </div>
   <div class='ocr_carea' id='block_1_103' title="bbox 2130 4160 3719 4235">
    <p class='ocr_par' dir='ltr' id='par_1_103' title="bbox 2130 4160 3719 4235">
     <span class='ocr_line' id='line_1_103' title="bbox 2130 4160 3719 4235; baseline 0.004 -21"><span class='ocrx_word' id='word_1_835' title='bbox 2130 4169 2240 4225; x_wconf 91' lang='lat' dir='ltr'><strong>cet,</strong></span> <span class='ocrx_word' id='word_1_836' title='bbox 2268 4161 2409 4231; x_wconf 89' lang='lat' dir='ltr'><strong>quod</strong></span> <span class='ocrx_word' id='word_1_837' title='bbox 2442 4160 2807 4216; x_wconf 89' lang='lat' dir='ltr'><strong>bencmeritus</strong></span> <span class='ocrx_word' id='word_1_838' title='bbox 2827 4176 2933 4217; x_wconf 94' lang='lat' dir='ltr'><strong>non</strong></span> <span class='ocrx_word' id='word_1_839' title='bbox 2968 4162 3229 4229; x_wconf 89' lang='lat' dir='ltr'><strong>tacuerit,</strong></span> <span class='ocrx_word' id='word_1_840' title='bbox 3260 4177 3433 4235; x_wconf 90' lang='lat' dir='ltr'><strong>neque</strong></span> <span class='ocrx_word' id='word_1_841' title='bbox 3460 4163 3719 4221; x_wconf 88' lang='lat' dir='ltr'><strong>dissimu-</strong></span> 
     </span>
    </p>
   </div>
   <div class='ocr_carea' id='block_1_104' title="bbox 2130 4250 3715 4324">
    <p class='ocr_par' dir='ltr' id='par_1_104' title="bbox 2130 4250 3715 4324">
     <span class='ocr_line' id='line_1_104' title="bbox 2130 4250 3715 4324; baseline 0.003 -19"><span class='ocrx_word' id='word_1_842' title='bbox 2130 4250 2317 4305; x_wconf 90' lang='lat' dir='ltr'><strong>laverit</strong></span> <span class='ocrx_word' id='word_1_843' title='bbox 2347 4291 2361 4316; x_wconf 92' lang='lat'><strong>,</strong></span> <span class='ocrx_word' id='word_1_844' title='bbox 2408 4251 2502 4307; x_wconf 87' lang='lat' dir='ltr'><strong>sed</strong></span> <span class='ocrx_word' id='word_1_845' title='bbox 2556 4251 2820 4307; x_wconf 89' lang='lat' dir='ltr'><strong>accedens</strong></span> <span class='ocrx_word' id='word_1_846' title='bbox 2869 4253 3167 4309; x_wconf 86' lang='lat' dir='ltr'><strong>narraverit</strong></span> <span class='ocrx_word' id='word_1_847' title='bbox 3194 4268 3210 4311; x_wconf 85' lang='lat'><strong>:</strong></span> <span class='ocrx_word' id='word_1_848' title='bbox 3238 4267 3344 4308; x_wconf 91' lang='lat' dir='ltr'><strong>non</strong></span> <span class='ocrx_word' id='word_1_849' title='bbox 3386 4253 3601 4324; x_wconf 90' lang='lat' dir='ltr'><strong>quidem</strong></span> <span class='ocrx_word' id='word_1_850' title='bbox 3647 4256 3715 4310; x_wconf 89' lang='lat' dir='ltr'><strong>ad</strong></span> 
     </span>
    </p>
   </div>
   <div class='ocr_carea' id='block_1_105' title="bbox 2128 4341 3710 4414">
    <p class='ocr_par' dir='ltr' id='par_1_105' title="bbox 2128 4341 3710 4414">
     <span class='ocr_line' id='line_1_105' title="bbox 2128 4341 3710 4414; baseline 0.004 -18"><span class='ocrx_word' id='word_1_851' title='bbox 2128 4342 2541 4397; x_wconf 89' lang='lat' dir='ltr'><strong>ostentationem</strong></span> <span class='ocrx_word' id='word_1_852' title='bbox 2567 4382 2581 4405; x_wconf 94' lang='lat'><strong>,</strong></span> <span class='ocrx_word' id='word_1_853' title='bbox 2612 4341 2705 4397; x_wconf 90' lang='lat' dir='ltr'><strong>sed</strong></span> <span class='ocrx_word' id='word_1_854' title='bbox 2736 4342 2865 4412; x_wconf 89' lang='lat' dir='ltr'><strong>ipsis</strong></span> <span class='ocrx_word' id='word_1_855' title='bbox 2894 4342 3047 4397; x_wconf 87' lang='lat' dir='ltr'><strong>factis</strong></span> <span class='ocrx_word' id='word_1_856' title='bbox 3074 4343 3222 4398; x_wconf 90' lang='lat' dir='ltr'><strong>illum</strong></span> <span class='ocrx_word' id='word_1_857' title='bbox 3249 4343 3445 4399; x_wconf 87' lang='lat' dir='ltr'><strong>docere</strong></span> <span class='ocrx_word' id='word_1_858' title='bbox 3464 4345 3710 4414; x_wconf 77' lang='lat' dir='ltr'><strong>cupiens,</strong></span> 
     </span>
    </p>
   </div>
   <div class='ocr_carea' id='block_1_106' title="bbox 2127 4433 3713 4507">
    <p class='ocr_par' dir='ltr' id='par_1_106' title="bbox 2127 4433 3713 4507">
     <span class='ocr_line' id='line_1_106' title="bbox 2127 4433 3713 4507; baseline 0.001 -17"><span class='ocrx_word' id='word_1_859' title='bbox 2127 4449 2184 4490; x_wconf 90' lang='lat' dir='ltr'><strong>se</strong></span> <span class='ocrx_word' id='word_1_860' title='bbox 2205 4434 2272 4489; x_wconf 91' lang='lat' dir='ltr'><strong>de</strong></span> <span class='ocrx_word' id='word_1_861' title='bbox 2302 4448 2523 4490; x_wconf 90' lang='lat' dir='ltr'><strong>numero</strong></span> <span class='ocrx_word' id='word_1_862' title='bbox 2551 4448 2741 4489; x_wconf 90' lang='lat' dir='ltr'><strong>eorum</strong></span> <span class='ocrx_word' id='word_1_863' title='bbox 2767 4448 2887 4489; x_wconf 88' lang='lat' dir='ltr'><strong>esse</strong></span> <span class='ocrx_word' id='word_1_864' title='bbox 2914 4474 2929 4498; x_wconf 94' lang='lat'><strong>,</strong></span> <span class='ocrx_word' id='word_1_865' title='bbox 2974 4433 3063 4504; x_wconf 90' lang='lat' dir='ltr'><strong>qui</strong></span> <span class='ocrx_word' id='word_1_866' title='bbox 3093 4433 3204 4507; x_wconf 87' lang='lat' dir='ltr'><strong>regi</strong></span> <span class='ocrx_word' id='word_1_867' title='bbox 3244 4433 3383 4491; x_wconf 90' lang='lat' dir='ltr'><strong>bene</strong></span> <span class='ocrx_word' id='word_1_868' title='bbox 3408 4445 3664 4506; x_wconf 81' lang='lat' dir='ltr'><strong>cuperent</strong></span> <span class='ocrx_word' id='word_1_869' title='bbox 3693 4478 3713 4505; x_wconf 95' lang='lat'><strong>,</strong></span> 
     </span>
    </p>
   </div>
   <div class='ocr_carea' id='block_1_107' title="bbox 2127 4526 3713 4599">
    <p class='ocr_par' dir='ltr' id='par_1_107' title="bbox 2127 4526 3713 4599">
     <span class='ocr_line' id='line_1_107' title="bbox 2127 4526 3713 4599; baseline 0.003 -18"><span class='ocrx_word' id='word_1_870' title='bbox 2127 4527 2349 4597; x_wconf 89' lang='lat' dir='ltr'><strong>ejusque</strong></span> <span class='ocrx_word' id='word_1_871' title='bbox 2375 4526 2671 4583; x_wconf 88' lang='lat' dir='ltr'><strong>commodis</strong></span> <span class='ocrx_word' id='word_1_872' title='bbox 2699 4527 3068 4598; x_wconf 90' lang='lat' dir='ltr'><strong>prospicerent</strong></span> <span class='ocrx_word' id='word_1_873' title='bbox 3093 4568 3109 4595; x_wconf 95' lang='lat'><strong>,</strong></span> <span class='ocrx_word' id='word_1_874' title='bbox 3139 4540 3243 4582; x_wconf 91' lang='lat' dir='ltr'><strong>non</strong></span> <span class='ocrx_word' id='word_1_875' title='bbox 3263 4542 3450 4585; x_wconf 88' lang='lat' dir='ltr'><strong>eorum</strong></span> <span class='ocrx_word' id='word_1_876' title='bbox 3477 4529 3565 4599; x_wconf 90' lang='lat' dir='ltr'><strong>qui</strong></span> <span class='ocrx_word' id='word_1_877' title='bbox 3597 4540 3713 4585; x_wconf 84' lang='lat' dir='ltr'><strong>ten-</strong></span> 
     </span>
    </p>
   </div>
   <div class='ocr_carea' id='block_1_108' title="bbox 2124 4617 3715 4691">
    <p class='ocr_par' dir='ltr' id='par_1_108' title="bbox 2124 4617 3715 4691">
     <span class='ocr_line' id='line_1_108' title="bbox 2124 4617 3715 4691; baseline 0.003 -18"><span class='ocrx_word' id='word_1_878' title='bbox 2124 4618 2314 4675; x_wconf 88' lang='lat' dir='ltr'><strong>derent</strong></span> <span class='ocrx_word' id='word_1_879' title='bbox 2343 4617 2583 4674; x_wconf 90' lang='lat' dir='ltr'><strong>insidias.</strong></span> <span class='ocrx_word' id='word_1_880' title='bbox 2628 4618 2763 4673; x_wconf 84' lang='lat' dir='ltr'><strong>Tum</strong></span> <span class='ocrx_word' id='word_1_881' title='bbox 2809 4619 2953 4673; x_wconf 90' lang='lat' dir='ltr'><strong>enim</strong></span> <span class='ocrx_word' id='word_1_882' title='bbox 3000 4618 3078 4672; x_wconf 87' lang='lat' dir='ltr'><strong>fas</strong></span> <span class='ocrx_word' id='word_1_883' title='bbox 3122 4628 3205 4675; x_wconf 91' lang='lat' dir='ltr'><strong>est</strong></span> <span class='ocrx_word' id='word_1_884' title='bbox 3235 4622 3449 4691; x_wconf 69' lang='lat' dir='ltr'><strong>propria</strong></span> <span class='ocrx_word' id='word_1_885' title='bbox 3476 4636 3715 4678; x_wconf 85' lang='lat' dir='ltr'><strong>comme-</strong></span> 
     </span>
    </p>
   </div>
   <div class='ocr_carea' id='block_1_109' title="bbox 2125 4710 3706 4784">
    <p class='ocr_par' dir='ltr' id='par_1_109' title="bbox 2125 4710 3706 4784">
     <span class='ocr_line' id='line_1_109' title="bbox 2125 4710 3706 4784; baseline -0.001 -17"><span class='ocrx_word' id='word_1_886' title='bbox 2125 4729 2335 4768; x_wconf 87' lang='lat' dir='ltr'><strong>morare</strong></span> <span class='ocrx_word' id='word_1_887' title='bbox 2361 4713 2639 4779; x_wconf 88' lang='lat' dir='ltr'><strong>beneficia,</strong></span> <span class='ocrx_word' id='word_1_888' title='bbox 2670 4726 2790 4767; x_wconf 89' lang='lat' dir='ltr'><strong>cum</strong></span> <span class='ocrx_word' id='word_1_889' title='bbox 2817 4711 3038 4781; x_wconf 85' lang='lat' dir='ltr'><strong>insignis</strong></span> <span class='ocrx_word' id='word_1_890' title='bbox 3058 4710 3183 4769; x_wconf 88' lang='lat' dir='ltr'><strong>hinc</strong></span> <span class='ocrx_word' id='word_1_891' title='bbox 3203 4722 3449 4784; x_wconf 90' lang='lat' dir='ltr'><strong>speratur</strong></span> <span class='ocrx_word' id='word_1_892' title='bbox 3476 4714 3706 4769; x_wconf 88' lang='lat' dir='ltr'><strong>utilitas.</strong></span> 
     </span>
    </p>
   </div>
   <div class='ocr_carea' id='block_1_110' title="bbox 2123 4803 3712 4875">
    <p class='ocr_par' dir='ltr' id='par_1_110' title="bbox 2123 4803 3712 4875">
     <span class='ocr_line' id='line_1_110' title="bbox 2123 4803 3712 4875; baseline 0.001 -16"><span class='ocrx_word' id='word_1_893' title='bbox 2123 4805 2255 4859; x_wconf 86' lang='lat' dir='ltr'><strong>Nam</strong></span> <span class='ocrx_word' id='word_1_894' title='bbox 2308 4806 2518 4875; x_wconf 88' lang='lat' dir='ltr'><strong>quoties</strong></span> <span class='ocrx_word' id='word_1_895' title='bbox 2566 4804 2707 4858; x_wconf 85' lang='lat' dir='ltr'><strong>nulla</strong></span> <span class='ocrx_word' id='word_1_896' title='bbox 2756 4803 2875 4858; x_wconf 89' lang='lat' dir='ltr'><strong>data</strong></span> <span class='ocrx_word' id='word_1_897' title='bbox 2929 4806 3213 4861; x_wconf 89' lang='lat' dir='ltr'><strong>occasione</strong></span> <span class='ocrx_word' id='word_1_898' title='bbox 3266 4805 3433 4875; x_wconf 87' lang='lat' dir='ltr'><strong>jactat</strong></span> <span class='ocrx_word' id='word_1_899' title='bbox 3474 4805 3593 4875; x_wconf 87' lang='lat' dir='ltr'><strong>quis</strong></span> <span class='ocrx_word' id='word_1_900' title='bbox 3648 4821 3712 4862; x_wconf 92' lang='lat' dir='ltr'><strong>ae</strong></span> 
     </span>
    </p>
   </div>
   <div class='ocr_carea' id='block_1_111' title="bbox 2125 4894 3713 4967">
    <p class='ocr_par' dir='ltr' id='par_1_111' title="bbox 2125 4894 3713 4967">
     <span class='ocr_line' id='line_1_111' title="bbox 2125 4894 3713 4967; baseline 0.001 -17"><span class='ocrx_word' id='word_1_901' title='bbox 2125 4896 2381 4967; x_wconf 74' lang='lat' dir='ltr'><strong>prazdicat</strong></span> <span class='ocrx_word' id='word_1_902' title='bbox 2424 4910 2520 4950; x_wconf 83' lang='lat' dir='ltr'><strong>sua</strong></span> <span class='ocrx_word' id='word_1_903' title='bbox 2566 4896 2617 4949; x_wconf 91' lang='lat' dir='ltr'><strong>in</strong></span> <span class='ocrx_word' id='word_1_904' title='bbox 2655 4895 2819 4950; x_wconf 90' lang='lat' dir='ltr'><strong>alium</strong></span> <span class='ocrx_word' id='word_1_905' title='bbox 2856 4894 3113 4953; x_wconf 78' lang='lat' dir='ltr'><strong>beneﬁcia</strong></span> <span class='ocrx_word' id='word_1_906' title='bbox 3137 4936 3152 4962; x_wconf 89' lang='lat'><strong>,</strong></span> <span class='ocrx_word' id='word_1_907' title='bbox 3204 4895 3372 4951; x_wconf 90' lang='lat' dir='ltr'><strong>nihilo</strong></span> <span class='ocrx_word' id='word_1_908' title='bbox 3404 4895 3597 4951; x_wconf 91' lang='lat' dir='ltr'><strong>melior</strong></span> <span class='ocrx_word' id='word_1_909' title='bbox 3625 4906 3713 4953; x_wconf 89' lang='lat' dir='ltr'><strong>est</strong></span> 
     </span>
    </p>
   </div>
   <div class='ocr_carea' id='block_1_112' title="bbox 2122 4984 3709 5058">
    <p class='ocr_par' dir='ltr' id='par_1_112' title="bbox 2122 4984 3709 5058">
     <span class='ocr_line' id='line_1_112' title="bbox 2122 4984 3709 5058; baseline -0.001 -16"><span class='ocrx_word' id='word_1_910' title='bbox 2122 4987 2476 5058; x_wconf 70' lang='lat' dir='ltr'><strong>exprobrante</strong></span> <span class='ocrx_word' id='word_1_911' title='bbox 2508 5002 2524 5051; x_wconf 90' lang='lat'><strong>;</strong></span> <span class='ocrx_word' id='word_1_912' title='bbox 2572 4995 2823 5042; x_wconf 69' lang='lat' dir='ltr'><strong>cretentm</strong></span> <span class='ocrx_word' id='word_1_913' title='bbox 2852 4986 3066 5058; x_wconf 81' lang='lat' dir='ltr'><strong>quoties</strong></span> <span class='ocrx_word' id='word_1_914' title='bbox 3098 4985 3151 5041; x_wconf 91' lang='lat' dir='ltr'><strong>id</strong></span> <span class='ocrx_word' id='word_1_915' title='bbox 3186 4984 3348 5052; x_wconf 90' lang='lat' dir='ltr'><strong>facit,</strong></span> <span class='ocrx_word' id='word_1_916' title='bbox 3378 4993 3436 5041; x_wconf 89' lang='lat' dir='ltr'><strong>ut</strong></span> <span class='ocrx_word' id='word_1_917' title='bbox 3464 4986 3603 5042; x_wconf 89' lang='lat' dir='ltr'><strong>male</strong></span> <span class='ocrx_word' id='word_1_918' title='bbox 3632 4987 3709 5041; x_wconf 63' lang='lat' dir='ltr'><strong>af.</strong></span> 
     </span>
    </p>
   </div>
   <div class='ocr_carea' id='block_1_113' title="bbox 2123 5074 3708 5147">
    <p class='ocr_par' dir='ltr' id='par_1_113' title="bbox 2123 5074 3708 5147">
     <span class='ocr_line' id='line_1_113' title="bbox 2123 5074 3708 5147; baseline 0.001 -16"><span class='ocrx_word' id='word_1_919' title='bbox 2123 5079 2314 5134; x_wconf 89' lang='lat' dir='ltr'><strong>fectum</strong></span> <span class='ocrx_word' id='word_1_920' title='bbox 2342 5087 2395 5133; x_wconf 95' lang='lat' dir='ltr'><strong>et</strong></span> <span class='ocrx_word' id='word_1_921' title='bbox 2442 5092 2650 5147; x_wconf 89' lang='lat' dir='ltr'><strong>pravam</strong></span> <span class='ocrx_word' id='word_1_922' title='bbox 2691 5076 2759 5132; x_wconf 92' lang='lat' dir='ltr'><strong>de</strong></span> <span class='ocrx_word' id='word_1_923' title='bbox 2787 5075 2903 5147; x_wconf 88' lang='lat' dir='ltr'><strong>ipso</strong></span> <span class='ocrx_word' id='word_1_924' title='bbox 2945 5075 3250 5145; x_wconf 90' lang='lat' dir='ltr'><strong>opinionem</strong></span> <span class='ocrx_word' id='word_1_925' title='bbox 3282 5074 3567 5131; x_wconf 87' lang='lat' dir='ltr'><strong>habentem</strong></span> <span class='ocrx_word' id='word_1_926' title='bbox 3612 5075 3708 5133; x_wconf 84' lang='lat' dir='ltr'><strong>lle-</strong></span> 
     </span>
    </p>
   </div>
   <div class='ocr_carea' id='block_1_114' title="bbox 2120 5166 3706 5237">
    <p class='ocr_par' dir='ltr' id='par_1_114' title="bbox 2120 5166 3706 5237">
     <span class='ocr_line' id='line_1_114' title="bbox 2120 5166 3706 5237; baseline -0.001 -12"><span class='ocrx_word' id='word_1_927' title='bbox 2120 5180 2228 5225; x_wconf 90' lang='lat' dir='ltr'><strong>ctat</strong></span> <span class='ocrx_word' id='word_1_928' title='bbox 2257 5170 2309 5225; x_wconf 92' lang='lat' dir='ltr'><strong>in</strong></span> <span class='ocrx_word' id='word_1_929' title='bbox 2336 5169 2629 5233; x_wconf 86' lang='lat' dir='ltr'><strong>diversum,</strong></span> <span class='ocrx_word' id='word_1_930' title='bbox 2660 5169 2705 5224; x_wconf 85' lang='lat' dir='ltr'><strong>is</strong></span> <span class='ocrx_word' id='word_1_931' title='bbox 2727 5179 2781 5224; x_wconf 90' lang='lat' dir='ltr'><strong>et</strong></span> <span class='ocrx_word' id='word_1_932' title='bbox 2810 5178 3025 5224; x_wconf 87' lang='lat' dir='ltr'><strong>curator</strong></span> <span class='ocrx_word' id='word_1_933' title='bbox 3049 5178 3129 5224; x_wconf 89' lang='lat' dir='ltr'><strong>est</strong></span> <span class='ocrx_word' id='word_1_934' title='bbox 3155 5176 3208 5223; x_wconf 91' lang='lat' dir='ltr'><strong>et</strong></span> <span class='ocrx_word' id='word_1_935' title='bbox 3228 5166 3532 5224; x_wconf 77' lang='lat' dir='ltr'><strong>beneﬁcus:</strong></span> <span class='ocrx_word' id='word_1_936' title='bbox 3562 5166 3706 5237; x_wconf 86' lang='lat' dir='ltr'><strong>quod</strong></span> 
     </span>
    </p>
   </div>
   <div class='ocr_carea' id='block_1_115' title="bbox 2120 5257 3706 5329">
    <p class='ocr_par' dir='ltr' id='par_1_115' title="bbox 2120 5257 3706 5329">
     <span class='ocr_line' id='line_1_115' title="bbox 2120 5257 3706 5329; baseline -0.001 -13"><span class='ocrx_word' id='word_1_937' title='bbox 2120 5275 2249 5316; x_wconf 86' lang='lat' dir='ltr'><strong>sane</strong></span> <span class='ocrx_word' id='word_1_938' title='bbox 2290 5260 2416 5317; x_wconf 90' lang='lat' dir='ltr'><strong>fecit</strong></span> <span class='ocrx_word' id='word_1_939' title='bbox 2444 5258 2604 5314; x_wconf 85' lang='lat' dir='ltr'><strong>David</strong></span> <span class='ocrx_word' id='word_1_940' title='bbox 2628 5301 2642 5324; x_wconf 92' lang='lat'><strong>,</strong></span> <span class='ocrx_word' id='word_1_941' title='bbox 2675 5274 2780 5314; x_wconf 89' lang='lat' dir='ltr'><strong>non</strong></span> <span class='ocrx_word' id='word_1_942' title='bbox 2809 5275 2837 5313; x_wconf 90' lang='lat' dir='ltr'><strong>a</strong></span> <span class='ocrx_word' id='word_1_943' title='bbox 2869 5258 3032 5315; x_wconf 76' lang='lat' dir='ltr'><strong>Sanle</strong></span> <span class='ocrx_word' id='word_1_944' title='bbox 3057 5257 3284 5329; x_wconf 89' lang='lat' dir='ltr'><strong>gloriam</strong></span> <span class='ocrx_word' id='word_1_945' title='bbox 3312 5266 3535 5329; x_wconf 89' lang='lat' dir='ltr'><strong>captans</strong></span> <span class='ocrx_word' id='word_1_946' title='bbox 3562 5299 3577 5323; x_wconf 89' lang='lat'><strong>,</strong></span> <span class='ocrx_word' id='word_1_947' title='bbox 3609 5259 3706 5315; x_wconf 85' lang='lat' dir='ltr'><strong>sed</strong></span> 
     </span>
    </p>
   </div>
   <div class='ocr_carea' id='block_1_116' title="bbox 2121 5346 3705 5420">
    <p class='ocr_par' dir='ltr' id='par_1_116' title="bbox 2121 5346 3705 5420">
     <span class='ocr_line' id='line_1_116' title="bbox 2121 5346 3705 5420; baseline -0.001 -13"><span class='ocrx_word' id='word_1_948' title='bbox 2121 5352 2255 5407; x_wconf 88' lang='lat' dir='ltr'><strong>iram</strong></span> <span class='ocrx_word' id='word_1_949' title='bbox 2297 5351 2349 5407; x_wconf 92' lang='lat' dir='ltr'><strong>in</strong></span> <span class='ocrx_word' id='word_1_950' title='bbox 2396 5350 2483 5405; x_wconf 90' lang='lat' dir='ltr'><strong>illo</strong></span> <span class='ocrx_word' id='word_1_951' title='bbox 2527 5350 2815 5406; x_wconf 88' lang='lat' dir='ltr'><strong>radicatam</strong></span> <span class='ocrx_word' id='word_1_952' title='bbox 2853 5348 3082 5407; x_wconf 88' lang='lat' dir='ltr'><strong>evellere</strong></span> <span class='ocrx_word' id='word_1_953' title='bbox 3113 5346 3355 5405; x_wconf 87' lang='lat' dir='ltr'><strong>studens.</strong></span> <span class='ocrx_word' id='word_1_954' title='bbox 3386 5349 3561 5420; x_wconf 77' lang='lat' dir='ltr'><strong>Atque</strong></span> <span class='ocrx_word' id='word_1_955' title='bbox 3586 5347 3705 5405; x_wconf 88' lang='lat' dir='ltr'><strong>ideo</strong></span> 
     </span>
    </p>
   </div>
   <div class='ocr_carea' id='block_1_117' title="bbox 2120 5441 3706 5514">
    <p class='ocr_par' dir='ltr' id='par_1_117' title="bbox 2120 5441 3706 5514">
     <span class='ocr_line' id='line_1_117' title="bbox 2120 5441 3706 5514; baseline -0.001 -14"><span class='ocrx_word' id='word_1_956' title='bbox 2120 5444 2246 5500; x_wconf 75' lang='lat' dir='ltr'><strong>Satil</strong></span> <span class='ocrx_word' id='word_1_957' title='bbox 2286 5442 2605 5500; x_wconf 78' lang='lat' dir='ltr'><strong>collaudavit</strong></span> <span class='ocrx_word' id='word_1_958' title='bbox 2628 5457 2750 5499; x_wconf 88' lang='lat' dir='ltr'><strong>eum</strong></span> <span class='ocrx_word' id='word_1_959' title='bbox 2780 5484 2795 5509; x_wconf 92' lang='lat'><strong>,</strong></span> <span class='ocrx_word' id='word_1_960' title='bbox 2818 5441 2959 5514; x_wconf 89' lang='lat' dir='ltr'><strong>quod</strong></span> <span class='ocrx_word' id='word_1_961' title='bbox 2990 5450 3043 5497; x_wconf 88' lang='lat' dir='ltr'><strong>et</strong></span> <span class='ocrx_word' id='word_1_962' title='bbox 3062 5441 3423 5498; x_wconf 86' lang='lat' dir='ltr'><strong>benemeritus</strong></span> <span class='ocrx_word' id='word_1_963' title='bbox 3449 5450 3628 5507; x_wconf 83' lang='lat' dir='ltr'><strong>esset,</strong></span> <span class='ocrx_word' id='word_1_964' title='bbox 3650 5450 3706 5498; x_wconf 90' lang='lat' dir='ltr'><strong>et</strong></span> 
     </span>
    </p>
   </div>
   <div class='ocr_carea' id='block_1_118' title="bbox 2120 5538 2830 5592">
    <p class='ocr_par' dir='ltr' id='par_1_118' title="bbox 2120 5538 2830 5592">
     <span class='ocr_line' id='line_1_118' title="bbox 2120 5538 2830 5592; baseline -0.006 -1"><span class='ocrx_word' id='word_1_965' title='bbox 2120 5538 2303 5591; x_wconf 87' lang='lat' dir='ltr'><strong>merita</strong></span> <span class='ocrx_word' id='word_1_966' title='bbox 2340 5543 2830 5592; x_wconf 88' lang='lat' dir='ltr'><strong>commemorasset.</strong></span> 
     </span>
    </p>
   </div>
   <div class='ocr_carea' id='block_1_119' title="bbox 2188 5626 3699 5698">
    <p class='ocr_par' dir='ltr' id='par_1_119' title="bbox 2188 5626 3699 5698">
     <span class='ocr_line' id='line_1_119' title="bbox 2188 5626 3699 5698; baseline -0.001 -15"><span class='ocrx_word' id='word_1_967' title='bbox 2188 5628 2317 5683; x_wconf 78' lang='lat' dir='ltr'><strong>Tum</strong></span> <span class='ocrx_word' id='word_1_968' title='bbox 2350 5630 2565 5685; x_wconf 72' lang='lat' dir='ltr'><strong>niaxime</strong></span> <span class='ocrx_word' id='word_1_969' title='bbox 2606 5640 2739 5684; x_wconf 86' lang='lat' dir='ltr'><strong>certa</strong></span> <span class='ocrx_word' id='word_1_970' title='bbox 2763 5645 2853 5683; x_wconf 82' lang='lat' dir='ltr'><strong>nos</strong></span> <span class='ocrx_word' id='word_1_971' title='bbox 2883 5638 3083 5683; x_wconf 78' lang='lat' dir='ltr'><strong>manent</strong></span> <span class='ocrx_word' id='word_1_972' title='bbox 3114 5627 3253 5698; x_wconf 81' lang='lat' dir='ltr'><strong>apud</strong></span> <span class='ocrx_word' id='word_1_973' title='bbox 3278 5626 3442 5684; x_wconf 77' lang='lat' dir='ltr'><strong>Deum</strong></span> <span class='ocrx_word' id='word_1_974' title='bbox 3471 5628 3699 5695; x_wconf 64' lang='lat' dir='ltr'><strong>pruinis,</strong></span> 
     </span>
    </p>
   </div>
   <div class='ocr_carea' id='block_1_120' title="bbox 2116 5718 3701 5792">
    <p class='ocr_par' dir='ltr' id='par_1_120' title="bbox 2116 5718 3701 5792">
     <span class='ocr_line' id='line_1_120' title="bbox 2116 5718 3701 5792; baseline 0.001 -17"><span class='ocrx_word' id='word_1_975' title='bbox 2116 5738 2229 5776; x_wconf 78' lang='lat' dir='ltr'><strong>cum</strong></span> <span class='ocrx_word' id='word_1_976' title='bbox 2256 5720 2315 5774; x_wconf 83' lang='lat' dir='ltr'><strong>ab</strong></span> <span class='ocrx_word' id='word_1_977' title='bbox 2344 5721 2627 5777; x_wconf 78' lang='lat' dir='ltr'><strong>hominibus</strong></span> <span class='ocrx_word' id='word_1_978' title='bbox 2654 5730 2922 5792; x_wconf 77' lang='lat' dir='ltr'><strong>negantur.</strong></span> <span class='ocrx_word' id='word_1_979' title='bbox 2946 5750 3012 5761; x_wconf 89' lang='lat'><strong>--</strong></span> <span class='ocrx_word' id='word_1_980' title='bbox 3041 5719 3169 5775; x_wconf 86' lang='lat' dir='ltr'><strong>Dein</strong></span> <span class='ocrx_word' id='word_1_981' title='bbox 3200 5733 3323 5774; x_wconf 85' lang='lat' dir='ltr'><strong>cum</strong></span> <span class='ocrx_word' id='word_1_982' title='bbox 3342 5719 3469 5777; x_wconf 70' lang='lat' dir='ltr'><strong>Saﬁl</strong></span> <span class='ocrx_word' id='word_1_983' title='bbox 3496 5718 3701 5776; x_wconf 82' lang='lat' dir='ltr'><strong>referre</strong></span> 
     </span>
    </p>
   </div>
   <div class='ocr_carea' id='block_1_121' title="bbox 2118 5810 3698 5885">
    <p class='ocr_par' dir='ltr' id='par_1_121' title="bbox 2118 5810 3698 5885">
     <span class='ocr_line' id='line_1_121' title="bbox 2118 5810 3698 5885; baseline -0.003 -14"><span class='ocrx_word' id='word_1_984' title='bbox 2118 5817 2340 5884; x_wconf 82' lang='lat' dir='ltr'><strong>gratiam</strong></span> <span class='ocrx_word' id='word_1_985' title='bbox 2361 5814 2584 5885; x_wconf 89' lang='lat' dir='ltr'><strong>cupiens</strong></span> <span class='ocrx_word' id='word_1_986' title='bbox 2608 5853 2622 5877; x_wconf 86' lang='lat'><strong>,</strong></span> <span class='ocrx_word' id='word_1_987' title='bbox 2650 5827 2757 5868; x_wconf 89' lang='lat' dir='ltr'><strong>non</strong></span> <span class='ocrx_word' id='word_1_988' title='bbox 2787 5812 3057 5867; x_wconf 87' lang='lat' dir='ltr'><strong>inveniret</strong></span> <span class='ocrx_word' id='word_1_989' title='bbox 3082 5810 3247 5867; x_wconf 87' lang='lat' dir='ltr'><strong>ullam</strong></span> <span class='ocrx_word' id='word_1_990' title='bbox 3270 5825 3454 5881; x_wconf 83' lang='lat' dir='ltr'><strong>parem</strong></span> <span class='ocrx_word' id='word_1_991' title='bbox 3477 5852 3494 5881; x_wconf 93' lang='lat'><strong>,</strong></span> <span class='ocrx_word' id='word_1_992' title='bbox 3524 5810 3698 5879; x_wconf 71' lang='lat' dir='ltr'><strong>ipsum</strong></span> 
     </span>
    </p>
   </div>
  </div>
