4110 6214
532 301 632 352 ’70⁸7

506 953 634 1004 dis?
676 950 854 1020 Neque
901 953 1042 1005 enim
1085 951 1273 1020 Oppida
1319 951 1474 1004 modo
1519 962 1572 1004 et
1613 967 1861 1023 regnum,
1892 967 2071 1005 verum

505 1051 558 1092 et
610 1041 770 1093 vitam
816 1041 981 1108 ipsam
1039 1041 1260 1094 donarat
1307 1041 1378 1094 illi
1435 1041 1638 1094 David:
1671 1042 1756 1095 hic
1793 1057 1920 1095 vero
1965 1057 2069 1096 non

506 1131 729 1183 habebat
789 1131 1006 1183 alteram
1073 1131 1276 1192 vitam,
1333 1146 1490 1200 quam
1546 1131 1909 1199 rependeret:
1961 1147 2068 1186 co-

501 1239 601 1289 qne
628 1223 771 1275 illum
798 1222 995 1290 relegat
1024 1220 1087 1274 ad
1115 1222 1305 1286 Deum,
1336 1231 1388 1274 et
1415 1223 1481 1275 ab
1509 1222 1598 1275 illo
1624 1223 1810 1275 dandis
1840 1225 2067 1292 prrcmiis

499 1315 724 1365 honorat
756 1328 769 1366 :
821 1321 874 1366 et
905 1311 1041 1365 hunc
1073 1312 1290 1365 laudans
1314 1354 1328 1378 ,
1378 1322 1432 1367 et
1462 1315 1737 1367 universos
1766 1316 2013 1368 erudit-ns
2043 1358 2058 1381 ,

498 1412 604 1455 tum
632 1403 828 1471 majora
858 1403 1009 1456 nobis
1037 1403 1173 1470 apud
1209 1403 1370 1456 Deum
1395 1405 1608 1472 prmmia
1639 1409 1866 1474 reposita
1897 1423 2014 1460 esse
2044 1450 2058 1470 ,

492 1506 613 1545 eum
645 1507 740 1561 pro
785 1493 1075 1546 innumeris
1119 1493 1391 1547 beneficiis
1421 1495 1470 1548 in
1505 1495 1710 1550 hostem
1753 1499 1956 1552 collatis
1981 1499 2063 1552 di-

493 1598 642 1636 versa
688 1583 990 1651 recipimus.
1028 1582 1154 1638 Post
1196 1584 1311 1638 hmc
1338 1585 1448 1640 ait:
1489 1584 1617 1641 Ecce
1643 1604 1858 1658 agnosco
1882 1630 1896 1654 ,
1927 1591 2062 1658 quod

491 1689 704 1744 regnans
740 1675 968 1744 regnabis
987 1715 1003 1741 ,
1033 1673 1261 1744 quodque
1287 1691 1494 1746 regnum
1534 1675 1697 1731 Israel
1735 1681 2060 1733 constituetur

488 1761 540 1814 in
569 1778 721 1815 manu
753 1772 856 1827 tua,
885 1773 930 1817 et
951 1779 1083 1816 nunc
1096 1765 1219 1833 jura
1243 1765 1365 1818 mihi
1387 1782 1476 1834 per
1501 1765 1790 1834 Dominum,
1809 1769 2057 1838 quodnon

485 1852 759 1907 aboliturus
774 1855 840 1907 sis
859 1870 1020 1909 semen
1040 1869 1202 1907 meum
1223 1866 1332 1925 post
1356 1874 1452 1921 me,
1476 1873 1564 1910 nec
1581 1861 1860 1928 exstingues
1878 1876 2055 1914 nomen

485 1959 649 1997 meum
673 1945 734 1997 de
757 1945 904 1998 domo
929 1946 1085 2014 patris
1113 1948 1206 1999 mei
1228 1947 1245 2016 (
1277 1946 1411 2000 Ibid.
1445 1965 1491 2002 υ.
1520 1948 1606 2002 2L
1625 1949 1695 2002 22
1789 1949 1894 2005 Sed
1922 1951 2008 2005 dic
2035 1993 2049 2016 ,

483 2038 706 2089 obsecro
729 2077 744 2098 ,
795 2035 931 2090 unde
961 2035 1097 2090 i~tud
1126 2038 1229 2092 scis
1255 2039 1278 2092 ?
1305 2038 1473 2093 Penes
1502 2049 1555 2094 te
1581 2049 1705 2093 sunt
1732 2043 1995 2096 exercitus
2033 2085 2047 2110 ,

485 2141 645 2193 penes
677 2134 727 2179 te
744 2135 866 2178 sunt
892 2127 1147 2195 pecuni-at,
1178 2144 1346 2196 arma,
1373 2129 1636 2197 civitates,
1659 2131 1800 2202 equi,
1831 2133 2049 2200 milites,

484 2221 720 2274 breviter
751 2221 994 2275 universa
1026 2221 1102 2275 vis
1128 2232 1410 2291 apparatus
1436 2223 1562 2294 regii
1592 2242 1606 2281 :
1633 2223 1718 2279 hic
1745 2235 1928 2279 contra
1958 2227 2049 2281 de-

478 2326 652 2368 sertus
671 2329 734 2368 ac
760 2314 950 2380 nudus,
979 2329 1076 2369 nec
1099 2315 1364 2370 civitatem
1391 2358 1405 2382 ,
1439 2331 1537 2372 nec
1563 2317 1810 2385 domum,
1836 2333 1934 2373 nec
1965 2318 2044 2372 fa-

480 2405 676 2458 miliam
711 2404 933 2460 habens.
962 2404 1112 2460 Unde
1136 2406 1293 2474 igitur
1319 2447 1334 2472 ,
1362 2422 1544 2476 qureso
1573 2447 1589 2474 ,
1636 2409 1733 2462 ista
1762 2408 1994 2478 loqueris
2019 2410 2043 2463 ?

475 2492 735 2547 Nimirum
761 2510 824 2548 ex
855 2494 982 2562 ipsis
1014 2493 1220 2549 Davidis
1243 2495 1500 2550 moribus.
1518 2495 1698 2566 Neque
1715 2497 1858 2550 enim
1876 2495 2045 2550 nudus

474 2593 528 2637 ct
551 2583 766 2637 inermis
789 2598 852 2637 ac
876 2583 1116 2638 desertus
1141 2600 1228 2639 me
1247 2596 1526 2652 armatum,
1549 2597 1794 2657 tantaque
1819 2589 2043 2641 circum-

477 2672 722 2727 vallatum
750 2673 979 2741 potentia
1007 2685 1309 2743 superasset
1341 2717 1355 2741 ,
1385 2677 1484 2731 nisi
1514 2675 1678 2731 Deum
1711 2676 1928 2732 haberet
1948 2678 2040 2732 ad-

471 2770 702 2834 jutorem
735 2781 749 2831 ;
784 2779 945 2834 porro
963 2766 1051 2835 qui
1080 2765 1249 2822 Deum
1273 2767 1428 2823 habet
1458 2767 1717 2825 faventem
1744 2812 1758 2837 ,
1791 2770 2038 2826 omnibus

470 2865 554 2911 est
599 2857 886 2926 potentior.
920 2857 1080 2914 Vides
1121 2860 1186 2914 ad
1219 2870 1468 2930 quantam
1496 2862 1880 2932 philosophiam
1903 2861 2030 2918 Saul

470 2957 590 3016 post
617 2950 835 3005 insidias
860 2947 1120 3006 deductus
1161 2955 1233 3006 sit
1258 2954 1280 3004 ?
1310 2952 1459 3007 vides
1484 2953 1576 3022 qui
1606 2951 1717 3008 fieri
1744 2954 1906 3024 possit
1933 2995 1948 3022 ,
1981 2963 2037 3008 ut

471 3039 714 3094 inimicus
739 3055 949 3096 onmem
977 3051 1198 3111 exspuat
1224 3043 1476 3097 malitiam
1501 3085 1516 3112 ,
1538 3045 1946 3118 immutatusque
1967 3047 2033 3102 ad

468 3129 684 3182 meliora
711 3145 830 3184 sese
855 3132 1073 3199 recipiat
1097 3134 1122 3184 Ἰ

536 3219 588 3272 9.
621 3219 698 3274 Ne
716 3217 945 3276 velimus
972 3219 1151 3291 itaque
1179 3223 1246 3278 de
1274 3233 1457 3279 nostra
1483 3226 1656 3281 salute
1692 3224 2026 3294 deSpondcre

465 3309 716 3362 animum.
741 3309 1172 3382 Quandoquidem
1202 3315 1406 3370 etiamsi
1425 3316 1488 3369 ad
1520 3317 1628 3386 ipsa
1651 3318 1860 3370 malitia:
1883 3317 2032 3371 bara-

469 3399 580 3455 titra
618 3400 872 3456 fuerimus
899 3402 1132 3472 deducti,
1166 3405 1278 3460 fieri
1299 3417 1471 3474 potest
1495 3418 1551 3462 ut
1574 3423 1670 3462 nos
1716 3409 1858 3478 ipsos
1905 3411 2026 3466 inde

463 3508 787 3558 revocemus,
817 3503 871 3549 et
894 3509 1103 3549 omnem
1131 3495 1452 3566 deponamus
1478 3498 1749 3552 malitiam.

537 3583 741 3642 Ilostem
769 3585 898 3639 Snz'tl
947 3587 1065 3655 ﬁliis
1095 3598 1304 3642 tutorem
1338 3589 1578 3659 reliquit;
1603 3590 1654 3643 in
1697 3591 1828 3660 filios
1873 3592 2026 3647 [tostis

461 3674 720 3729 benevolus
753 3675 926 3729 Dauid.
948 3705 1018 3716 -—-
1043 3677 1300 3747 Deinceps
1342 3678 1467 3748 qttid
1488 3679 1604 3733 ait?
1634 3680 1762 3734 Jura
1792 3681 1915 3734 mihi
1942 3699 2029 3752 per

465 3765 640 3830 Deum,
673 3766 808 3835 quod
845 3784 944 3820 non
993 3769 1209 3823 ululebis
1261 3787 1423 3823 semen
1451 3787 1612 3822 meum
1646 3781 1756 3841 post
1791 3789 1885 3836 me,
1941 3789 2028 3826 nec

461 3856 738 3910 obliterubis
762 3875 939 3911 nomen
962 3876 1120 3912 meum
1148 3860 1210 3912 de
1237 3862 1382 3913 domo
1418 3861 1574 3928 patris
1597 3862 1709 3914 mei.
1759 3862 1868 3916 Rex
1915 3864 2023 3930 pri-

461 3956 635 4000 vatum
663 3956 852 4016 rogat:
888 3949 976 4016 qui
1006 3948 1300 4004 diademate
1341 3951 1544 4004 cinctus
1583 3960 1682 4015 est,
1737 3953 2026 4021 supplicem

457 4039 580 4105 agit,
610 4052 706 4107 pro
736 4038 854 4091 filiis
889 4039 999 4092 suis
1037 4041 1280 4094 obsecrat
1326 4043 1580 4095 exsulem.
1609 4041 1672 4094 Et
1712 4042 1810 4095 hoc
1858 4043 2025 4110 ipsum

456 4128 627 4196 arguit
651 4127 893 4181 virtutem
934 4129 1163 4196 Davidis,
1192 4130 1329 4199 quod
1360 4130 1524 4185 hostis
1545 4146 1703 4185 ausus
1726 4132 1794 4185 sit
1820 4131 1931 4184 haec
1958 4133 2024 4187 ab

457 4219 610 4274 hoste
637 4228 836 4289 petere.
865 4219 996 4274 Nam
1018 4221 1155 4290 quod
1191 4220 1562 4291 jusjurandum
1588 4224 1764 4293 exigit,
1811 4238 1914 4277 non
1957 4239 2022 4277 eo

457 4309 600 4377 facit,
627 4308 765 4379 quod
795 4309 997 4365 diffidat
1028 4311 1237 4365 Davidis
1263 4312 1519 4378 moribus,
1544 4312 1635 4366 sed
1679 4313 1816 4382 quod
1864 4328 2020 4381 repu-

457 4410 530 4454 tet
551 4410 678 4470 quot
703 4403 853 4455 malis
885 4403 1031 4455 illum
1059 4403 1338 4458 affecisset.
1362 4403 1492 4457 Jura
1520 4405 1662 4471 mihi,
1687 4415 1733 4458 te
1765 4421 1863 4458 non
1901 4404 2020 4458 abo-

456 4493 661 4544 liturum
707 4508 869 4544 seuten
897 4508 1059 4544 meum
1082 4503 1192 4560 post
1220 4509 1312 4545 me.
1344 4492 1559 4547 Hostem
1591 4494 1710 4547 filiis
1731 4495 1839 4548 suis
1860 4495 2021 4549 relin-

455 4582 568 4651 quit
584 4588 829 4644 tutorem,
856 4597 1105 4650 suamque
1129 4581 1327 4651 prolem
1352 4583 1402 4636 in
1426 4583 1562 4638 illius
1579 4585 1794 4652 deponit
1810 4600 2016 4653 manus,

455 4673 580 4726 dum
607 4670 689 4725 his
718 4672 891 4726 verbis
930 4671 1154 4726 filiorum
1174 4687 1235 4727 ac
1270 4673 1480 4728 Davidis
1507 4690 1691 4728 manus
1721 4677 2016 4746 apprehen-

457 4766 609 4831 dens,
642 4765 803 4818 Deum
841 4773 1166 4834 sequestrem
1209 4764 1423 4820 inducit.
1451 4765 1585 4833 Quid
1626 4767 1784 4836 igitur
1815 4768 2021 4822 David?

454 4860 590 4914 Num
621 4860 701 4915 vel
731 4860 912 4914 leviter
939 4858 1356 4914 dissimulatione
1377 4868 1428 4914 et
1449 4860 1613 4915 ironia
1638 4861 1703 4915 ad
1733 4861 1845 4916 lucc
1887 4877 2016 4916 usus

452 4953 573 5008 est?
597 4951 936 5024 Nequaquam
969 4969 980 5006 :
1010 4951 1100 5008 sed
1125 4952 1361 5022 protinus
1381 4953 1583 5020 annuit,
1607 4953 1852 5022 quodque
1874 4962 2017 5022 pete-

454 5047 606 5102 batur
623 5048 877 5102 concessit
899 5067 914 5111 1:
937 5063 997 5102 ac
1017 5055 1222 5102 mortuo
1239 5045 1416 5112 Saﬁle,
1442 5062 1544 5100 non
1572 5046 1730 5100 modo
1753 5062 1853 5099 non
1874 5048 2014 5100 occi-

451 5139 524 5192 dit
570 5137 712 5193 illius
735 5147 990 5208 posteros,
1023 5136 1114 5192 sed
1143 5147 1249 5191 tum
1273 5137 1418 5206 plura
1442 5137 1684 5206 prtestitit
1705 5153 1860 5206 quam
1902 5146 2017 5191 erat

453 5230 732 5296 pollicitus.
767 5229 1034 5299 Siquidem
1085 5228 1246 5283 filium
1267 5228 1400 5297 ejus,
1453 5243 1575 5283 cum
1612 5237 1754 5282 esset
1801 5229 2016 5282 claudus

449 5335 512 5372 ac
530 5319 721 5374 debilis
736 5319 1008 5388 cruribus(
1025 5316 1076 5371 2.
1096 5317 1223 5387 Reg.
1247 5318 1338 5385 9),
1368 5318 1417 5372 in
1441 5332 1591 5372 suam
1614 5319 1775 5388 ipsius
1796 5319 2010 5373 domum

454 5414 676 5475 induxit,
715 5425 929 5478 sumque
957 5424 1152 5463 mensm
1181 5409 1302 5463 fecit
1348 5409 1677 5478 participem,
1700 5424 1904 5463 summo
1955 5410 2015 5463 il-

455 5504 562 5556 lum
583 5501 783 5557 honore
801 5501 1062 5571 dignatus,
1095 5514 1190 5554 nec
1212 5500 1437 5557 erubuit.
1463 5515 1560 5555 nec
1585 5501 1880 5564 occultavit,
1917 5515 2014 5556 nec

453 5592 733 5648 arbitratus
753 5603 836 5646 est
857 5591 1051 5659 regiam
1077 5605 1310 5643 mensam
1327 5589 1710 5644 claudicatione
1733 5590 1879 5658 pueri
1923 5590 2014 5644 tle-

445 5679 850 5745 honestari,scd
873 5679 1106 5732 decorari
1127 5680 1298 5749 potius
1319 5694 1378 5733 ae.
1397 5681 1672 5735 lautiorem
1692 5681 1820 5735 fieri.
1846 5682 2011 5745 Quot-

1253 297 1305 349 S.
1347 295 1622 350 JO.\.\'.\'IS
1658 294 1838 348 CllﬂY
1854 289 2125 345 ςυετοιιε
2167 295 2476 382 ΑΙὶΟΙΙΙβΡ.
2519 301 3037 364 (ΣΟΝΒΤΛΝΠΧΟΡ.

527 414 686 464 0mm
719 411 789 464 illi
821 426 916 480 pro
947 424 1000 462 se
1043 409 1314 462 constituit
1350 409 1642 464 debitorem
1681 451 1696 475 ,
1736 409 1805 461 ita
1835 408 2085 476 loquens:

521 502 585 554 Si
611 503 824 554 inveniet
863 501 1043 561 aliquis
1083 500 1337 552 inimicum
1365 517 1507 552 suum
1542 501 1592 552 in
1619 501 1849 568 angustia
1880 541 1896 563 ,
1928 509 1973 552 et
2004 500 2082 550 di—

520 597 672 644 mittet
707 591 850 644 illum
877 591 927 643 in
962 591 1038 642 ria
1067 591 1195 642 bona
1226 631 1240 652 ,
1270 601 1315 642 et
1347 589 1590 643 Dominus
1619 590 1789 643 reddet
1818 589 1896 642 illi
1924 590 2076 652 bona,

515 679 931 751 quemadmodum
961 681 1120 750 fecisti
1151 691 1200 732 ttt
1227 681 1348 732 nti/ii
1377 680 1523 733 Itodie
1554 681 1640 751 (ι.
1669 680 1791 750 Reg.
1820 679 1909 734 Ἡ.
1941 679 2010 736 ΞΟ
2036 681 2075 749 ).

513 770 649 836 Quid
698 770 839 824 enim
882 779 1086 839 poterat
1144 768 1266 824 Saftl
1334 786 1594 837 ιριοιιειθ
1655 771 1870 839 dignum
1921 771 2080 825 meri-

511 864 577 915 tis
605 903 621 926 ,
667 861 869 914 etiamsi
925 876 1142 931 regnum
1186 861 1418 914 dedisset
1467 877 1586 915 cum
1645 861 1887 915 omnibus
1927 862 2077 931 oppi-

3656 321 3760 376 703

2193 417 2320 472 quot
2343 411 2483 464 enim
2511 427 2630 468 enm
2658 416 2745 469 illo
2781 418 3197 484 discumbebant,
3251 425 3466 480 abibant
3511 446 3755 501 magnam

2177 497 2534 577 philuSophim
2560 505 2851 561 doctrinam
2886 514 3216 580 consequuti.
3246 515 3379 570 Cum
3399 520 3541 573 enim
3597 497 3751 578 video

2185 599 2303 642 rent
2331 589 2502 645 Saulis
2527 595 2709 661 lilium,
2744 597 2883 651 illius
2906 601 2992 668 qui
3022 612 3161 654 tanta
3215 605 3349 658 mala
3381 618 3610 674 patrarat
3649 613 3752 665 ad-

2182 692 2365 730 versus
2394 680 2666 748 Davidem,
2695 695 2837 740 tanto
2859 688 2908 741 in
2929 688 3127 744 honore
3152 691 3330 746 haberi
3358 696 3498 763 apud
3543 699 3738 767 ipsum,

2179 768 2383 822 etiamsi
2414 771 2537 826 feris
2564 775 2807 829 omnibus
2833 776 3050 832 fuissent
3073 781 3403 850 immitiores,
3439 787 3635 853 pudore
3663 801 3745 842 ta-

2177 873 2297 911 men
2325 875 2385 914 ac
2434 861 2628 916 rubore
2666 879 2785 918 cum
2833 869 3074 922 omnibus
3122 871 3350 925 inimicis
3390 875 3628 930 redibant
3683 880 3736 933 in

2173 950 2414 1016 gratiam.
2471 951 2796 1022 Quamquam
2849 958 2891 1010 si
2940 959 3096 1011 etiam
3125 960 3236 1028 ipse
3269 961 3483 1018 aliunde
3534 965 3606 1019 illi
3660 979 3742 1022 c't-

2173 1037 2296 1091 bum
2385 1040 2495 1094 dari
2564 1043 2826 1111 jussisset,
2903 1058 3208 1118 certumque
3282 1052 3450 1106 victus
3525 1059 3738 1112 modum

2171 1130 2462 1186 ordinasset
2481 1173 2494 1194 ,
2522 1135 2674 1188 valde
2704 1153 2946 1207 magnum
2999 1148 3113 1193 erat
3140 1157 3153 1191 :
3183 1141 3275 1196 sed
3318 1144 3461 1198 illum
3490 1147 3552 1200 ad
3586 1162 3736 1204 suam

2168 1220 2332 1290 ipsius
2380 1239 2611 1279 mensam
2678 1229 2930 1296 recipere,
2982 1231 3187 1286 eximia:
3229 1242 3310 1286 est
3360 1236 3728 1306 philosomtiae.

2167 1311 2320 1364 Scitis
2347 1316 2599 1382 profecto,
2631 1334 2732 1370 non
2761 1334 2817 1371 es
2849 1337 2877 1372 e
2901 1320 3049 1373 facile
3076 1321 3305 1376 hostium
3330 1325 3462 1379 ﬁlios
3487 1327 3726 1397 diligere.

2165 1401 2298 1466 Quid
2315 1404 2424 1456 dixi
2446 1404 2661 1474 diligere
2675 1409 2700 1458 ’ξ
2718 1405 2830 1460 Νυιι
2854 1408 3049 1472 odisse,
3075 1424 3178 1462 non
3201 1414 3460 1482 persequi,
3485 1431 3732 1484 magnum

2162 1503 2260 1545 est.
2291 1494 2467 1562 Itaque
2501 1496 2648 1548 multi
2685 1497 2942 1551 defunctis
2970 1499 3215 1566 inimicis,
3237 1503 3286 1554 in
3313 1504 3516 1558 illorum
3536 1507 3730 1564 liberos

2162 1585 2312 1651 iram,
2335 1602 2492 1656 quam
2509 1588 2560 1641 in
2582 1603 2673 1644 eos
2696 1589 2976 1657 habebant,
2999 1591 3310 1647 effuderunt.
3329 1595 3398 1649 At
3415 1611 3516 1650 non
3544 1599 3611 1651 ita
3635 1615 3726 1669 ge-

2159 1693 2194 1730 n
2215 1691 2381 1731 ~rosus
2399 1692 2457 1730 ac
2472 1679 2834 1747 magnanimus
2849 1681 2966 1745 iste,
2991 1681 3084 1736 sed
3108 1691 3157 1736 et
3179 1683 3436 1739 viventem
3459 1687 3725 1743 inimicum

2157 1765 2473 1832 observavit,
2493 1776 2547 1821 et
2572 1768 2660 1823 illo
2687 1768 2953 1835 defuncto,
2977 1770 3393 1826 benevolentiam
3419 1790 3575 1843 quam
3598 1792 3724 1850 erga

2155 1857 2301 1911 illum
2341 1868 2576 1928 gesserat
2622 1859 2740 1914 ﬁliis
2763 1861 3017 1916 exhibuit.
3048 1862 3181 1927 Quid
3216 1863 3357 1917 illius
3390 1880 3570 1920 mensa
3597 1883 3723 1922 san-

2153 1949 2307 2016 ctius,
2340 1965 2493 2020 quam
2545 1952 2824 2021 cingebant
2872 1952 2963 2008 lilii
3011 1954 3195 2017 hostis,
3257 1955 3440 2023 hostis,
3486 1958 3714 2028 inquam,

2152 2040 2391 2095 occidere
2471 2043 2682 2096 conati?
2736 2042 2860 2112 quid
2922 2043 3010 2097 illo
3066 2045 3310 2099 convivio
3379 2048 3710 2116 spiritualius,

2151 2130 2202 2184 in
2277 2145 2381 2200 quo
2455 2139 2562 2185 tam
2634 2131 2813 2186 multa:
2882 2132 3218 2188 abundabant
3290 2134 3712 2192 benedictiones?

2149 2221 2332 2291 Angeli
2365 2221 2534 2290 potius
2559 2237 2714 2292 quam
2746 2222 2970 2278 hominis
2997 2226 3336 2279 coavocantis
3373 2237 3511 2281 erat.
3535 2228 3711 2295 Siqui-

2147 2311 2266 2366 dem
2293 2314 2488 2367 inimici
2519 2313 2653 2368 filios
2679 2316 2920 2386 amplecti
2946 2324 3000 2370 et
3041 2331 3240 2382 amare,
3271 2329 3320 2373 et
3366 2319 3503 2373 illius
3525 2319 3711 2384 filium,

2147 2404 2235 2473 qui
2265 2404 2416 2459 toties
2451 2404 2618 2474 ipsum
2668 2413 2922 2460 tentasset
2951 2421 2980 2460 e
3009 2407 3182 2460 medio
3208 2408 3408 2475 tollere,
3457 2418 3612 2478 atque
3660 2411 3712 2463 id

2145 2494 2368 2548 moliens
2392 2495 2704 2550 excessisset
2731 2511 2760 2550 e
2787 2496 2910 2560 vita,
2933 2495 2982 2550 id
3011 2495 3134 2551 facit
3158 2508 3211 2550 ut
3241 2499 3290 2551 in
3317 2499 3463 2552 illum
3490 2503 3712 2554 chorum

2143 2583 2420 2639 referatur.
2465 2585 2576 2640 Hoc
2607 2595 2658 2640 tu
2689 2602 2897 2657 quoque
2921 2587 3097 2652 facito,
3128 2589 3415 2655 carissime,
3444 2600 3496 2644 ct
3524 2593 3703 2646 vivetp

2143 2673 2273 2727 tium
2302 2681 2355 2727 et
2379 2684 2705 2729 mortuorum
2737 2677 2873 2732 filios
2899 2677 3073 2733 fovens
3100 2695 3113 2730 :
3144 2679 3424 2732 viventium
3453 2681 3665 2750 quidem
3684 2723 3705 2748 ,

2141 2771 2198 2818 ut
2221 2761 2320 2817 hoc
2337 2763 2492 2818 modo
2515 2775 2761 2835 parentes
2781 2766 2986 2821 illorum
3016 2768 3105 2822 tibi
3127 2768 3369 2822 concilies
3391 2785 3407 2822 :
3432 2768 3705 2824 defuncto-

2141 2867 2258 2907 rum
2300 2868 2428 2908 vero
2456 2853 2590 2909 filios
2638 2871 2850 2921 curans,
2877 2865 2931 2910 ut
2960 2872 2989 2910 a
3019 2857 3126 2911 Deo
3151 2858 3364 2910 multum
3410 2858 3501 2912 tibi
3545 2873 3706 2927 pares

2137 2941 2370 2996 favorem
2413 2943 2754 3015 plurimisque
2793 2946 3005 3000 coronis
3049 2945 3334 3012 decoreris,
3363 2955 3522 3016 utque
3541 2951 3700 3003 iuno-

2136 3047 2283 3088 mera
2309 3032 2375 3087 ab
2400 3033 2644 3088 omnibus
2673 3043 2790 3088 vota
2813 3049 3101 3105 precesque
3126 3038 3484 3106 consequaris,
3504 3053 3606 3092 non
3632 3039 3702 3093 ab

2137 3123 2203 3178 iis
2231 3132 2432 3178 tantum
2459 3125 2546 3193 qui
2578 3125 2678 3179 tuis
2697 3125 2969 3181 beneficiis
2992 3125 3155 3194 adiuti
3175 3136 3315 3192 sunt,
3337 3142 3516 3182 verum
3533 3128 3693 3182 etiam

2133 3215 2200 3268 ab
2228 3215 2288 3268 iis
2316 3215 2405 3283 qui
2458 3215 2715 3269 viderunt.
2747 3217 2856 3270 [loc
2884 3232 2976 3286 pro
3006 3227 3054 3271 te
3072 3217 3232 3272 stabit
3261 3219 3348 3272 illo
3374 3219 3477 3284 die,
3501 3221 3706 3288 magm-

2133 3318 2234 3372 que
2259 3305 2348 3356 tibi
2371 3304 2526 3358 futuri
2554 3315 2675 3358 sunt
2697 3308 2899 3375 patroni
2923 3308 2973 3360 in
2996 3307 3178 3376 judicii
3222 3318 3476 3377 tempore,
3517 3309 3700 3365 hostes

2131 3405 2222 3450 tuo
2262 3397 2516 3451 beneficio
2545 3398 2707 3467 adjuti
2738 3417 2750 3452 :
2779 3400 2939 3452 multa
2970 3408 3179 3468 peccata
3208 3401 3463 3470 espiabis,
3513 3409 3567 3455 et
3612 3417 3704 3456 re-

2132 3502 2316 3558 posces
2342 3489 2657 3544 mercedem.
2684 3492 2898 3545 Etiamsi
2933 3493 3203 3546 innumera
3229 3494 3552 3548 commiseris
3577 3508 3702 3562 pee-

2130 3591 2264 3646 cata,
2289 3581 2333 3634 si
2356 3579 2590 3649 proferas
2606 3581 2745 3635 illam
2768 3583 3146 3651 precationem.
3173 3599 3291 3653 quae
3315 3585 3446 3638 dicit
3470 3600 3482 3638 :
3508 3585 3699 3639 limit-

2133 3672 2218 3726 tite
2242 3672 2455 3726 inimicis
2483 3674 2655 3727 vestris
2680 3714 2693 3737 ,
2722 3683 2766 3726 et
2798 3673 2950 3726 Pater
2969 3684 3127 3728 vester
3150 3677 3363 3729 remittet
3394 3677 3528 3730 vobis
3573 3693 3692 3744 pec-

2131 3772 2244 3814 cata
2290 3766 2484 3830 vestra(
2506 3763 2687 3816 Matth.
2721 3764 2774 3817 6.
2805 3764 2906 3834 14)
2935 3781 2946 3816 :
2973 3765 3134 3818 multa
3155 3780 3275 3820 cum
3325 3766 3511 3820 fiducia
3554 3780 3702 3820 com-

2129 3852 2411 3906 missorum
2443 3854 2676 3906 omnium
2727 3854 3095 3910 remissionem
3149 3858 3492 3926 consequeris
3535 3867 3694 3927 atque

2131 3942 2215 3997 hic
2241 3945 2451 3998 interim
2491 3944 2623 3998 bona
2669 3959 2788 3999 cum
2830 3959 2923 4013 spe
2966 3948 3135 4011 vives,
3191 3946 3462 4001 habiturus
3514 3962 3701 4002 omnes

2126 4045 2364 4089 amanter
2384 4051 2504 4104 erga
2524 4045 2572 4089 te
2589 4034 2820 4090 affectos.
2839 4036 2968 4090 Cum
2979 4035 3118 4090 enim
3135 4037 3359 4090 viderint
3382 4046 3432 4091 te
3458 4038 3699 4092 inimicos

2127 4134 2178 4179 et
2209 4125 2539 4179 inimicorum
2566 4125 2700 4179 tilios
2731 4127 2810 4180 sic
2837 4127 3075 4196 diligere,
3101 4127 3187 4195 qui
3212 4125 3326 4180 fieri
3383 4128 3589 4194 poterit,
3637 4137 3698 4182 ut

2125 4231 2229 4270 non
2257 4216 2499 4271 affectent
2525 4217 2614 4271 tibi
2649 4218 2801 4272 amici
2826 4219 3001 4288 tuique
3029 4217 3247 4271 studiosi
3271 4218 3404 4282 fieri,
3435 4228 3484 4272 et
3516 4220 3693 4272 omnia

2128 4318 2212 4362 tua
2240 4323 2393 4362 causa
2427 4318 2533 4361 tum
2571 4307 2744 4362 facere
2791 4317 2900 4361 tum
2931 4308 3072 4377 pati?
3117 4307 3284 4362 Porro
3314 4324 3434 4362 cum
3490 4319 3692 4362 tantum

2126 4398 2263 4467 apud
2295 4399 2457 4452 Deum
2509 4398 2599 4451 tibi
2621 4413 2774 4467 pares
2799 4401 3048 4462 favorem,
3077 4413 3199 4452 eum
3225 4410 3442 4453 cunctos
3495 4399 3694 4454 habeas

2124 4491 2299 4544 omnia
2325 4491 2458 4544 bona
2483 4489 2573 4543 tibi
2597 4497 3015 4558 eompreeantes,
3041 4505 3202 4559 quam
3228 4504 3480 4544 sensurus
3499 4505 3558 4544 es
3578 4506 3695 4544 mo-

2124 4580 2349 4646 lestiam,
2371 4587 2460 4632 aut
2501 4578 2618 4648 quis
2671 4585 2722 4632 te
2749 4579 2910 4632 vitam
2936 4579 3076 4633 vivat
3114 4578 3439 4635 feliciorem?
3473 4578 3596 4634 [ire
3637 4579 3692 4634 in

2127 4673 2224 4726 hac
2249 4674 2352 4725 vita
2388 4686 2493 4726 non
2539 4680 2742 4726 tantum
2782 4671 3073 4735 laudemus,
3126 4686 3311 4725 verum
3359 4671 3520 4725 etiam
3570 4671 3694 4726 hinc

2123 4764 2320 4833 egressi
2347 4776 2639 4831 servemus,
2670 4777 2732 4817 ae
2759 4763 3159 4817 obambulantes
3184 4760 3426 4815 inimicos
3447 4775 3693 4828 perscru-

2129 4855 2269 4909 tandi
2290 4856 2473 4924 gratia,
2506 4869 2600 4910 eos
2626 4855 2777 4910 nobis
2799 4854 3226 4917 reconciliemus,
3255 4861 3308 4906 et
3355 4866 3420 4905 ex
3464 4851 3696 4905 inimicis

2121 4947 2357 5000 sinceros
2380 4945 2660 5001 reddamus
2685 4946 2903 4999 amicos.
2927 4943 3079 5010 Quod
3105 4942 3150 4998 si
3180 4942 3334 4996 etiam
3352 4941 3696 4996 excusatione

2124 5039 2278 5092 fuerit
2306 5036 2729 5106 opus,veniaque
2757 5036 2822 5088 ab
2848 5035 2975 5104 ipsis
3004 5032 3229 5102 petenda
3251 5031 3427 5095 fuerit,
3447 5045 3514 5085 ne
3541 5045 3694 5085 recu-

2121 5144 2318 5191 semus,
2350 5127 2510 5181 etiam
2557 5126 2602 5180 si
2650 5125 2747 5195 ipsi
2797 5123 3054 5180 fuerimus
3102 5122 3292 5190 injuria
3337 5120 3528 5175 allecti.
3579 5120 3696 5175 lloc

2122 5231 2275 5292 pacto
2316 5220 2578 5288 copiosior
2631 5218 2781 5273 nobis
2827 5217 2927 5271 erit
2953 5229 3179 5280 merces,
3214 5213 3315 5269 hoc
3351 5223 3502 5283 pacto
3523 5212 3699 5281 major

2123 5313 2329 5374 ﬁducia,
2368 5314 2467 5365 hoc
2499 5319 2650 5380 pacto
2678 5308 2928 5363 caelorum
2954 5321 3176 5376 regnum
3205 5304 3340 5359 haud
3368 5303 3528 5358 dubie
3555 5318 3696 5357 cono

2124 5419 2424 5472 sequemur,
2455 5402 2618 5472 gratia
2643 5410 2694 5455 et
2719 5399 2952 5455 bonitate
2977 5397 3184 5452 Domini
3214 5396 3378 5451 nostri
3395 5396 3519 5452 Jesu
3539 5395 3697 5451 Citri-

2126 5496 2212 5556 sri,
2242 5510 2360 5548 cum
2387 5510 2490 5562 quo
2520 5493 2658 5546 Patri
2685 5491 2836 5546 simul
2869 5501 2922 5546 et
2945 5501 3128 5546 sancto
3142 5489 3357 5560 Spiritui
3377 5488 3564 5559 gloria,
3594 5489 3694 5542 im-

2125 5587 2350 5658 perium,
2385 5587 2554 5641 honor
2583 5601 2720 5642 nune
2749 5595 2802 5642 et
2829 5600 3056 5656 semper,
3088 5592 3142 5640 et
3169 5584 3220 5638 in
3249 5583 3439 5639 smcula
3471 5580 3693 5636 smculo-

2119 5693 2258 5735 rum.
2289 5685 2474 5731 Amen.

1839 5865 2318 5887 ~—-.._.’-—~——~
