4134 6214
437 309 543 364 707

439 424 628 487 ἔδωκε,
650 425 744 478 καὶ
769 424 868 488 τὰς
896 425 1078 490 πόλεις
1106 425 1321 491 ἁπάσας
1347 446 1360 493 ;
1387 429 1460 482 Οὐ
1493 430 1600 503 γάρ
1622 433 1803 498 πόλεις
1829 435 2012 497 ἁπλῶς

441 509 533 561 καὶ
566 509 860 578 βασιλείαν,
897 509 1032 562 ἀλλά
1070 510 1162 563 καὶ
1187 511 1354 581 αὐτὴν
1382 514 1529 582 αὐτῴ
1555 516 1651 584 τὴν
1687 515 1862 586 ψυχὴν
1885 520 2012 586 ἐχα·

443 591 628 660 ρίσατο
644 593 671 643 6
691 592 851 645 Δαυῒδ
871 608 884 622 ’
914 586 1066 655 οὗτος
1089 593 1144 646 δέ
1168 593 1343 664 ψυχὴν
1370 595 1671 650 ἀντιδοῦναι
1700 598 1894 669 ἐτέραν
1915 599 2012 651 οὐκ

439 671 573 744 εἷχε.
608 675 708 728 Διά
736 675 890 729 τοῦτο
929 678 1088 730 αὐτὸν
1113 676 1188 748 τῷ
1226 678 1344 749 Θεῷ
1367 681 1745 752 παραπέμπει,
1782 683 1874 736 καλ⁴
1894 687 2013 749 ταῖς

439 755 650 809 ἐκεῖθεν
695 758 940 829 γεραίρει
988 758 1265 829 ἀμοιϐαῖς,
1322 761 1510 816 τοῦτόν
1547 764 1595 815 τ’
1644 766 1878 819 ἐπαινῶν
1919 765 2013 818 καὶ

439 840 708 894 παιδεύων
757 841 1022 908 ἅπαντας,
1058 845 1139 896 ὅτι
1171 847 1292 898 τότε
1326 846 1545 917 μείζους
1568 848 1697 918 ἡμῖν
1736 850 1885 920 παρά
1916 848 2009 902 τοῦ

437 921 572 975 Θεοῦ
595 925 864 978 κείσονται
886 925 942 977 αἱ
959 926 1272 989 ἀντιδόσεις,
1292 929 1417 982 ὅταν
1449 930 1616 1001 μυρία
1637 931 1762 994 τούς
1787 932 2012 1001 ἐχθροὺς

439 1005 622 1071 ἀγαθά
660 1008 1024 1076 ποιήσαντες,
1078 1009 1146 1062 τὰ
1194 1012 1410 1064 ἐναντία
1460 1013 1840 1084 ἀπολάϐωμεν.
1880 1011 2012 1069 Εἶτά

439 1105 624 1154 φησιν,
661 1091 740 1143 ὅτι
783 1090 938 1144 Ἰδοὺ
960 1091 1074 1162 ἐγὼ
1099 1093 1384 1161 γινώσκω,
1411 1094 1497 1147 ὅτι
1524 1097 1876 1159 ,βασιλεύων
1898 1099 2011 1163 ,βα-

439 1173 768 1239 σιλεύσεις,
794 1176 892 1228 καί
933 1176 1224 1242 στήσεται
1269 1178 1307 1245 ἡ
1337 1177 1630 1241 ,Βασιλεία
1668 1183 1901 1250 Ἰσραὴλ
1943 1184 2012 1235 ἐν

437 1255 590 1320 χειρί
617 1270 751 1308 σου.
772 1257 877 1308 Καὶ
911 1257 1026 1311 νῦν
1048 1259 1276 1328 ὅμοσόν
1295 1277 1398 1328 μοι
1442 1263 1590 1315 κατὰ
1615 1264 1719 1316 τοῦ
1766 1266 2007 1332 Κυρίου,

439 1334 590 1407 [782]
614 1339 712 1390 ἵνα
733 1338 818 1407 μὴ
841 1340 1283 1410 ἑξολοθρεύσῃς
1300 1341 1364 1395 τὸ
1391 1344 1630 1412 σπέρμα
1661 1364 1781 1414 μου
1818 1349 2012 1402 ὀπίσω

434 1437 570 1486 μου,
598 1421 796 1489 καὶμὴ
820 1425 1124 1492 ἀφανίσῃς
1152 1426 1214 1477 τὸ
1239 1426 1425 1494 ὄνομά
1443 1446 1563 1494 μου
1592 1429 1659 1481 ἐκ
1694 1430 1799 1483 τοῦ
1839 1432 2010 1486 οἴκου

438 1501 543 1553 τοῦ
593 1507 816 1572 πατρός
859 1523 999 1574 μου.
1037 1508 1143 1559 Καὶ
1183 1507 1343 1559 πόθεν
1378 1509 1683 1576 γινώσκεις,
1740 1513 1859 1565 εἰπέ
1899 1531 2008 1584 μοι,

435 1581 626 1650 τοῦτο;
655 1586 811 1667 Παρά
841 1589 922 1639 σοὶ
950 1588 1018 1640 τὰ
1049 1589 1386 1658 στρατόπεδα
1412 1633 1425 1655 ,
1458 1591 1610 1662 παρὰ
1657 1594 1738 1646 σοὶ
1775 1594 1844 1647 τὰ
1872 1581 2009 1667 χρή-

440 1681 606 1731 ματα,
633 1666 700 1719 τὰ
724 1667 884 1731 ὅπλα,
926 1671 981 1721 αἰ
1014 1670 1216 1734 πόλεις,
1258 1672 1306 1723 οἱ
1350 1673 1525 1738 ἵπποι,
1554 1676 1602 1727 οἱ
1658 1666 2006 1746 στρατιῶται,

437 1747 625 1800 ἅπασα
659 1750 760 1819 τῆς
789 1750 1071 1820 βασιλικῆς
1099 1757 1452 1826 παρασκευῆς
1481 1758 1512 1826 ή
1539 1757 1766 1828 δύναμις
1784 1777 1795 1790 ·
1855 1755 2011 1824 οὗτος

437 1829 491 1881 δὲ
524 1830 726 1901 ἔρημος
780 1835 874 1886 καὶ
902 1837 1126 1905 γυμνὸς,
1158 1838 1349 1902 ἄπολις
1396 1841 1488 1892 καὶ
1515 1841 1779 1907 ἀνέστιος,
1806 1843 2006 1908 ἄοικος.

439 1913 608 1998 Ιέόθεν
658 1912 750 1968 οὐν
779 1917 949 1972 ταῦτα
977 1919 1172 1987 λέγεις,
1225 1922 1346 1974 εἰπέ
1398 1941 1520 1992 μοι;
1566 1924 1685 1977 ’Λπ’
1714 1927 1875 1978 αὐτοῦ
1913 1929 2010 1998 μὲν

435 1987 528 2042 οὖν
574 1992 667 2045 τοῦ
700 1995 922 2064 τρόπου.
952 1998 1025 2049 υύ
1058 1999 1164 2069 γὰρ
1190 1999 1253 2052 ἂν
1276 2003 1303 2052 6
1327 1987 1532 2071 γυμνὸς
1563 2005 1655 2056 καὶ
1681 2005 1877 2069 ἄοπλος
1913 1987 2010 2060 καὶ

435 2073 640 2142 ἔρημος
668 2076 801 2146 ἐμοῦ
832 2077 923 2131 τοῦ
955 2080 1405 2152 καθωπλισμένον
1440 2085 1535 2137 κοιλ⁵
1554 2086 1825 2157 τοσαύτην
1849 2106 2007 2159 περι-

435 2155 766 2226 ϐεϐλημένοι)
831 2160 1057 2231 δύναμιν
1111 2165 1484 2234 περιεγένετο,
1533 2169 1582 2219 εἰ
1625 2169 1698 2237 μὴ
1739 2155 1828 2222 τδν
1879 2155 2011 2224 Θεὸν

435 2235 547 2308 εἶχε
582 2241 698 2310 μεθ’
723 2245 914 2296 ἐαυτοῦ
938 2262 950 2275 ·
984 2247 1011 2298 6
1061 2247 1118 2298 δὲ
1145 2248 1236 2300 τὸν
1291 2248 1423 2301 Θεὸν
1473 2235 1766 2319 ἔχωνίμεΨ
1794 2253 2012 2319 ἐαυτοῦ,

437 2323 652 2378 πάντων
687 2326 831 2378 ἐστὶν
865 2328 1224 2399 ἰσχυρότερος.
1262 2327 1414 2393 Εἶδες
1434 2327 1522 2383 οἷα
1569 2332 1849 2402 φιλοσοφεῖ
1875 2337 2012 2405 μετά

435 2403 532 2472 τὴν
561 2406 852 2478 ἐπιϐουλὴν
884 2410 913 2460 6
948 2410 1152 2475 Σαούλ;
1187 2407 1327 2475 εἶδες
1373 2412 1488 2475 πῶς
1526 2413 1748 2468 δυνατὸν
1794 2403 2010 2471 ἃπασαν

433 2488 744 2543 ἀποπτύσαι
783 2494 1044 2563 πονηρίαν
1071 2495 1164 2547 καὶ
1193 2495 1619 2565 μεταϐαλέσθαι,
1668 2497 1763 2552 καὶ
1792 2500 1926 2571 πρὸς
1950 2500 2012 2553 τὸ

435 2567 641 2637 βέλτιον
671 2573 981 2628 ἐπανελθεῖν
1003 2591 1018 2640 ;

504 2652 568 2704 θ’.
601 2654 688 2723 Μὴ
719 2655 896 2708 τοίνυν
913 2657 1429 2730 καταρρᾳθυμῶμεν
1456 2661 1552 2730 τῆς
1589 2662 1796 2718 ἑαυτῶν
1841 2680 2012 2734 σωτη-

435 2733 576 2804 ρίας.
593 2736 710 2789 Κᾶν
729 2737 836 2808 γὰρ
855 2740 989 2810 πρὸς
1015 2741 1153 2793 αὐτὰ
1171 2745 1585 2816 κατενεχθῶμεν
1601 2748 1699 2817 τῆς
1725 2747 1921 2810 κακίας
1947 2733 2014 2800 τά

435 2817 705 2888 βάραθρα,
736 2819 960 2873 δυνατὸν
990 2823 1216 2885 ἑαυτοὺς
1252 2827 1664 2896 ἀνακτήσασθαι
1702 2831 1886 2894 πάλιν,
1920 2831 2014 2884 καὶ

435 2899 686 2964 γενέσθαι
723 2899 982 2969 βελτίους,
1013 2906 1106 2957 καὶ
1151 2908 1333 2960 πᾶσαν
1362 2910 1660 2965 ἀποθέσθαι
1688 2913 1904 2966 κακίαν.

508 2978 636 3045 Εἶτα
665 2983 718 3034 τί
744 3001 943 3054 φησινς
980 2987 1246 3056 Ὄμοσόν
1283 3007 1387 3058 μοι
1430 2992 1580 3046 κατὰ
1608 2996 1716 3048 τοῦ
1767 2997 2010 3063 Κυρίου,

351 3065 353 3067 ’
435 3063 535 3115 ἵνα
565 3064 652 3132 μὴ
687 3065 1129 3139 ἐξολοθρεύσῃς
1161 3071 1226 3124 τὸ
1259 3073 1496 3144 σπέρμα
1511 3095 1630 3144 μου
1663 3079 1855 3132 ὀπίσω
1872 3095 2011 3146 μου,

435 3146 532 3198 καὶ
552 3146 638 3215 μὴ
678 3148 987 3218 ἀφανίσῃς
1023 3152 1088 3205 τὸ
1119 3152 1307 3222 ὄνομά
1328 3173 1443 3224 μου
1465 3159 1534 3211 ἐκ
1565 3159 1670 3213 τοῦ
1707 3161 1876 3214 οἴκου
1909 3159 2013 3214 τοῦ

433 3231 655 3316 πατρός
669 3249 809 3316 μου.
842 3233 1038 3305 Δέησιν
1069 3239 1097 3290 ό
1124 3237 1376 3305 βασιλεὺς
1399 3242 1477 3312 τῷ
1518 3242 1702 3316 ἰδιώτῃ
1725 3245 2011 3316 προσάγει,

433 3316 527 3399 καί
555 3315 839 3399 ἱκετηρίαν
869 3317 1079 3389 τίθησιν
1136 3321 1166 3372 6
1209 3322 1270 3375 τὸ
1313 3322 1552 3396 διάδημα
1615 3315 2009 3399 περικείμενος,

434 3398 576 3468 ὑπὲρ
597 3398 702 3451 τῶν
729 3399 933 3452 παίδων
949 3401 1056 3455 τῶν
1083 3403 1277 3458 ἑαυτοῦ
1301 3407 1633 3478 παρακαλῶν
1665 3410 1755 3464 τὸν
1775 3412 2009 3480 φυγάδα.

434 3482 544 3535 Καὶ
575 3483 734 3536 τοῦτο
761 3484 858 3555 τῆς
884 3484 978 3538 τοῦ
1008 3487 1172 3540 Δαυῒδ
1199 3489 1400 3560 ἀρετῆς
1428 3494 1748 3565 τεκμήριον,
1783 3495 1846 3549 τὸ
1884 3499 2013 3569 περὶ

430 3563 542 3617 τῶν
570 3564 827 3619 τοιούτων
858 3566 1126 3638 θαρρῆσαι
1148 3571 1238 3623 τὸν
1265 3572 1479 3644 ἐχθρόν.
1513 3563 1634 3630 Είδ’
1666 3578 1828 3648 ὅρκον
1855 3563 2014 3633 ἀπαι-

432 3651 534 3711 τεῖ,
569 3651 668 3702 οὐκ
697 3651 938 3703 ἀπιστῶν
986 3652 1065 3721 τῷ
1099 3656 1288 3724 τρόπῳ
1317 3659 1410 3710 τοῦ
1443 3660 1624 3723 Δαυῒδ,
1675 3663 1789 3714 ἀλλ’
1818 3665 2012 3719 ἐννοῶν

432 3732 534 3817 ϐσα
583 3732 663 3817 εἰς
712 3731 872 3817 αὐτὸν
913 3735 1206 3817 εἰργάσατο
1250 3740 1415 3794 κακά.
1484 3745 1741 3811 Ὄμοονόν
1762 3764 1884 3814 μοι,
1925 3747 2011 3817 μὴ

435 3811 729 3898 ἀφανίσαι
760 3813 826 3866 τὸ
864 3816 1101 3884 σπέρμα
1125 3836 1243 3887 μου
1271 3822 1462 3876 ὀπίσω
1495 3842 1636 3892 μου.
1687 3811 2012 3898 Ἐπίτροπον

435 3895 528 3947 τὸν
559 3894 814 3965 πολέμιον
843 3899 1242 3970 καταλιμπάνει
1278 3905 1386 3958 τῶν
1417 3907 1609 3961 ἐαυτοῦ
1643 3894 1883 3975 παίδων,
1921 3912 2014 3964 καὶ

435 3981 555 4064 ταῖς
573 3978 791 4064 ἐκείνου
822 3984 1027 4064 ,χερσὶν
1069 3984 1309 4055 ἐντίθησι
1357 3987 1426 4041 τὰ
1474 3989 1693 4059 ἔκγονα,
1734 3995 2014 4064 μονονουχὶ

435 4059 536 4130 τῆς
568 4059 746 4124 δεξιᾶς
774 4063 951 4117 αὐτῶν
994 4064 1289 4137 λαϐόμενος
1316 4070 1403 4123 διὰ
1433 4072 1539 4126 τῶν
1589 4059 1851 4144 ῥημάτων
1891 4059 2014 4130 τού--

439 4160 565 4225 των,
597 4145 691 4196 καὶ
717 4145 807 4199 τὸν
840 4146 972 4199 Θεὸν
1003 4150 1228 4221 μεσίτην
1254 4153 1510 4221 εἰσάγων.
1547 4157 1611 4208 Τί
1633 4154 1725 4211 οὖν
1753 4160 1782 4211 6
1810 4161 1970 4213 Δαυῖδ
1994 4176 2008 4225 ;

436 4220 583 4296 *Λρα
605 4227 708 4280 κᾶν
726 4231 919 4301 μικρὸν
947 4220 1308 4302 εἰρωνεύσατο
1330 4238 1465 4307 πρὸς
1491 4239 1662 4292 ταῦτα
1685 4258 1698 4307 ;
1725 4243 2006 4313 Οὐδαμῶς·

434 4307 553 4362 ἀλλ’
581 4309 780 4375 εὐθέως
818 4313 1094 4381 ἐπένευσε,
1128 4317 1221 4369 καὶ
1250 4320 1347 4390 τὴν
1372 4321 1529 4390 χάριν
1558 4322 1725 4377 ἔδωκε
1746 4341 1759 4354 ·
1802 4307 1893 4378 καί,
1917 4343 2007 4378 τε·

435 4389 795 4463 λευτήσαντος
849 4396 941 4449 τοῦ
977 4399 1149 4452 Σαοὺλ
1177 4440 1192 4464 ,
1227 4389 1490 4473 οὐγμόνον
1522 4406 1621 4458 οὐκ
1668 4407 2008 4477 ἀπέκτεινεν,

433 4475 702 4562 ἀλλὰᾼκαὶ
736 4479 918 4546 πλέον,
961 4478 1034 4538 ὧν
1067 4483 1402 4557 ὡμολόγησε,
1457 4488 1574 4540 τότε
1607 4491 1866 4562 παρέσχε.
1907 4475 2008 4547 Τὸν

433 4558 543 4629 γάρ
572 4559 790 4628 ἔκγονον
827 4563 917 4616 τὸν
946 4565 1156 4627 τούτου,
1190 4569 1360 4636 χωλὸν
1390 4571 1517 4624 ὄντα
1547 4575 1639 4626 καὶ
1668 4558 2012 4648 πεπηρωμέ-

433 4659 524 4695 νον
553 4643 613 4695 τὸ
635 4643 840 4706 σκέλος,
883 4647 962 4708 εἰς
989 4649 1086 4716 τὴν
1118 4651 1294 4704 οἰκίαν
1348 4654 1611 4722 εἰσήγαγε
1645 4656 1744 4727 τὴν
1795 4643 2008 4726 ἐαυτοῦ,

434 4726 526 4778 καὶ
558 4726 932 4796 ὁμοτράπεζον
971 4728 1216 4799 ἐποίησε,
1251 4733 1345 4786 καὶ
1389 4738 1486 4806 τῆς
1521 4726 1785 4812 μεγίστης
1810 4742 2011 4811 ἠξίωσε

430 4811 595 4877 τιμῆς
615 4809 744 4900 ζκαὶ
773 4811 872 4900 οὐκ
901 4810 1157 4882 ἠρυθρία,
1183 4815 1293 4866 οὐδ’
1321 4809 1885 4888 ἐνεκαλύπτετο,ὀύδὲ
1912 4828 2013 4900 τὴν

429 4889 708 4982 τράπεζαν
737 4893 955 4982 ἐνόμιζε
981 4899 1450 4982 Δκαταᾉισχυνθῆναι
1475 4903 1572 4974 τὴν
1621 4905 1907 4980 βασιλικὴν
1941 4889 2006 4982 τῇ

433 4973 679 5043 πηρώσει
709 4975 802 5028 τοῦ
837 4977 1023 5040 παιδός
1044 4995 1056 5008 ⁸
1090 4980 1203 5032 ἀλλ’
1260 4973 1726 5050 ἐνεκαλλωπίζετο
1764 4973 1874 5043 καῖ’
1921 4973 2009 5046 ἐνζ

435 5055 701 5126 ηϐρύνετο
729 5060 947 5128 μᾶλλον.
984 5063 1092 5114 Καὶ
1117 5064 1222 5134 γάρ
1248 5064 1475 5132 ἕκαστος
1503 5069 1611 5123 τῶν
1640 5073 2011 5129 συνδειπνούν-

431 5156 538 5191 των
560 5138 728 5208 αὐτῷ,
749 5144 988 5214 μεγάλην
1013 5145 1324 5216 φιλοσοφίας
1351 5148 1696 5208 διδασκαλίαν
1717 5156 2010 5225 λαμϐάνων

430 5220 618 5291 ἀπῄει.
645 5222 818 5293 Ὁρῶν
838 5225 943 5298 γὰρ
972 5229 1059 5282 τὸν
1090 5230 1308 5300 ἔκγονον
1325 5233 1416 5287 τοῦ
1435 5236 1626 5300 Σαοὺλ,
1654 5239 1746 5294 τοῦ
1769 5242 2006 5295 τοσαῦτα

1432 316 1518 372 DE
1558 315 1811 374 DAVIDE
1844 320 1931 374 ET
1961 320 2187 378 SAULE
2230 323 2515 382 HOMILIA
2559 328 2646 384 Ill.

3580 333 3685 385 7'98

2117 438 2262 492 κακὰ
2289 440 2668 512 ἐργασαμένου
2714 439 2806 494 τὸν
2832 439 3019 504 Δανῖδ,
3051 441 3319 512 τοσαύτης
3345 440 3687 496 ἀπολαύοντα

2116 524 2244 593 παρ’
2284 523 2430 594 αὐτῷ
2456 525 2642 594 τιμῆς,
2673 526 2722 576 εἰ
2757 525 2848 578 καὶ
2879 525 3094 578 πάντων
3118 523 3320 594 θηρίων
3353 523 3685 594 ἀγριώτερος

2114 601 2201 677 ἦν,
2243 607 2630 677 αἰσχυνόμενος
2681 609 2774 661 καὶ
2807 606 3071 678 ἐρυθριῶν
3102 605 3240 687 πρὸς
3287 605 3532 669 ἅπαντας
3562 609 3688 669 τοὺς

2115 690 2341 763 ἐχθροὺς
2373 691 2678 746 ἐσπένδετο.
2701 690 2892 744 Καίτοι
2920 693 2966 744 εἰ
2984 690 3076 743 καὶ
3107 688 3541 758 ἑτέρωθεναύτῷ
3564 706 3686 758 τρο-

2115 774 2220 843 φὴν
2249 773 2500 839 ἐπέταξε,
2530 775 2622 827 καὶ
2647 773 2948 844 σιτηρέσιον
2974 773 3139 843 ὥρισε
3166 772 3496 842 τεταγμένον
3531 772 3686 836 πολὺ,

2118 857 2263 928 μέγα
2287 853 2353 928 ἦν
2370 875 2382 888 ’
2417 858 2475 910 τὸ
2491 857 2546 910 δὲ
2568 859 2660 912 καὶ
2681 858 2760 921 είς
2791 856 2957 928 αὐτὴν
2984 855 3145 911 αὐτὸν
3178 857 3404 924 ἀγαγεῖν
3434 855 3532 924 τὴν
3553 854 3686 926 τρά-

2116 943 2288 1011 πεζαν
2318 941 2622 1014 ὑπερϐολὴν
2657 941 2771 1011 ἔχει
2801 941 3138 1010 φιλοσοφίας.
3175 939 3316 992 Ἴστε
3345 937 3454 1008 γὰρ
3493 938 3688 1006 δήπου,

2113 1025 2190 1087 ῶς
2218 1025 2278 1077 οὐ
2309 1025 2513 1096 0396690.
2534 1023 2766 1098 εὔπορον
2789 1023 3000 1094 ἐχθρῶν
3023 1023 3218 1087 παῖδας
3250 1020 3440 1091 φιλεῖν.
3463 1021 3528 1073 Τί
3547 1020 3689 1086 λέγω

2116 1110 2328 1179 φιλεῖν;
2374 1107 2456 1178 Μὴ
2507 1109 2683 1178 μισεῖν
2721 1108 2817 1178 μὲν
2857 1103 2971 1170 οὖν,
3031 1106 3152 1177 μηδ’
3190 1105 3454 1159 ἐλαύνειν.
3500 1102 3690 1156 Πολλοὶ

2113 1191 2244 1260 γοῦν
2284 1190 2430 1262 [785]
2465 1191 2558 1243 καὶ
2586 1189 3024 1259 τελευτησάντων
3057 1189 3163 1241 τῶν
3202 1187 3411 1258 ἐχθρῶν
3457 1186 3534 1250 εἰς
3563 1187 3691 1248 τοὺς

2113 1275 2309 1335 παῖδας
2340 1275 2463 1335 τοὺς
2493 1272 2713 1325 ἐκείνων
2743 1272 2840 1342 τὴν
2871 1271 3004 1340 πρὸς
3053 1271 3296 1333 ἐκείνους
3344 1271 3562 1338 ἀφῆκαν
3595 1267 3689 1338 6p-

2113 1358 2238 1426 γήν.
2287 1355 2424 1408 Ἀλλ’
2451 1355 2548 1424 οὐχ
2577 1355 2605 1406 ὁ
2629 1357 2872 1422 γενναῖος
2899 1349 3070 1417 οὗτος,
3113 1353 3244 1407 ἀλλὰ
3278 1353 3371 1406 καὶ
3394 1350 3570 1415 ζῶντα
3597 1350 3687 1403 τὸν

2115 1440 2372 1510 πολέμιον
2427 1439 2749 1509 διετήρησε,
2813 1437 2908 1490 καὶ
2946 1437 3270 1499 ἀπελθόντος
3305 1436 3532 1500 ἐκείνου,
3587 1433 3688 1504 τὴν

2116 1525 2242 1593 περὶ
2280 1523 2486 1574 ἐκείνου
2520 1520 2732 1574 εὔνοιαν
2771 1521 2848 1582 εἰς
2873 1521 2997 1582 τοὺς
3032 1521 3226 1581 παῖδας
3264 1519 3583 1601 ἐνεδείξατο.
3623 1517 3686 1566 Τί
3748 1599 3750 1601 _

2125 1609 2212 1676 τῆς
2235 1605 2512 1676 τραπέζης
2539 1607 2637 1674 τῆς
2663 1603 2868 1656 ἐκείνου
2896 1602 3214 1671 ἀγιώτερον,
3243 1602 3307 1672 ἣν
3338 1599 3532 1670 ἐχθροῦ
3560 1601 3686 1650 παῖ·

2114 1690 2203 1751 δες
2235 1688 2516 1748 ἐκύκλουν,
2543 1688 2636 1740 καὶ
2674 1686 2867 1757 ἐχθροῦ
2902 1687 3191 1755 σραγέωςς
3228 1685 3278 1738 τί
3316 1687 3416 1754 τῆς
3455 1683 3690 1751 εὐωχίας

2113 1770 2328 1841 ἐκείνης
2354 1768 2885 1839 πνευματικώτερον,
2918 1771 2974 1821 ἐν
3073 1766 3334 1821 τοσαῦται
3375 1766 3568 1837 ἔϐρυον
3599 1765 3690 1822 εὐο-

2112 1853 2318 1921 λογίαι;
2363 1853 2617 1920 Ἀγγέλου
2639 1851 2855 1920 μᾶλλον,
2890 1851 2922 1920 ἢ
2948 1850 3239 1916 ἀνθρώπου
3261 1847 3688 1938 συγκροτοῦντος

2110 1933 2195 2008 ἦν.
2241 1938 2312 1988 Τὸ
2343 1937 2448 2006 γὰρ
2476 1933 2814 1997 ἀσπάζεσθαι
2849 1935 2942 1986 καὶ
2985 1933 3156 2002 φιλεῖν
3194 1935 3319 1996 τοὺς
3361 1932 3553 1994 παῖδας
3593 1932 3687 1982 τοῦ

2115 2023 2374 2091 μυριάκις
2437 2019 2597 2071 αὐτὸν
2634 2017 2841 2072 ἀνελεῖν
2899 2018 3370 2088 ἐπιχειρήσαντος,
3405 2016 3498 2070 καὶ
3547 2013 3689 2067 οὐτω

2111 2105 2209 2174 τὴν
2240 2105 2383 2174 ζωὴν
2438 2102 2862 2166 καταλύσαντος,
2917 2103 2997 2162 εἰς
3053 2103 3257 2154 ἐκεῖνον
3308 2099 3470 2155 αὐτὸν
3515 2099 3688 2151 τελεῖν

2112 2189 2253 2238 ποιεῖ
2276 2185 2363 2237 τὸν
2388 2184 2564 2254 χορόν.
2600 2183 2768 2236 Τοῦτο
2789 2184 2880 2236 καὶ
2915 2185 2978 2238 σύ
3011 2184 3254 2255 ποίησον,
3287 2181 3562 2252 ἀγαπητέ,
3588 2181 3686 2235 καὶ

2113 2269 2329 2333 ζώντων
2362 2269 2456 2322 καὶ
2507 2267 2879 2321 τελευτώντων
2927 2267 3036 2320 τῶν
3087 2267 3296 2338 ἐχθρῶν
3325 2267 3445 2328 τοὺς
3494 2263 3687 2326 παῖδας

2113 2351 2426 2421 θεραπεύων
2450 2368 2463 2381 ·
2500 2350 2714 2415 ζώντων
2737 2352 2854 2421 μὲν,
2875 2351 2960 2404 ἵνα
2982 2349 3056 2420 τῷ
3078 2351 3264 2420 τρόπῳ
3289 2347 3462 2417 τούτῳ
3493 2346 3690 2398 κατα).-

2112 2436 2278 2506 λάξῃς
2305 2435 2482 2489 αὐτῶν
2507 2439 2630 2498 τοὺς
2654 2433 2893 2504 πατέρας
2918 2451 2930 2464 ·
2963 2431 3301 2486 ἀπελθόντων
3326 2431 3383 2484 δέ
3407 2431 3532 2491 τοὺς
3566 2430 3689 2480 παῖε

2111 2518 2206 2580 δας
2229 2517 2560 2587 θεραπεύων,
2597 2518 2681 2568 ἵνα
2717 2517 2865 2586 ποιρά
2892 2515 2984 2568 τοῦ
3011 2515 3145 2568 Θεοῦ
3177 2513 3377 2585 πολλὴν
3410 2510 3689 2579 ἐπισπάσῃ

2110 2600 2209 2671 τὴν
2235 2599 2467 2663 εὔνοιαν,
2524 2600 2617 2652 καὶ
2675 2599 2901 2670 μυρίους
2961 2597 3199 2669 ἀναδήσῃ
3229 2596 3545 2665 στεφάνους.
3597 2594 3691 2646 καὶ

2115 2683 2314 2754 μυρίας
2358 2681 2484 2754 δέξῃ
2516 2682 2664 2753 παρὰ
2707 2683 2924 2734 πάντων
2973 2680 3160 2750 εὐχὰς,
3191 2678 3310 2749 οὐχὶ
3342 2673 3541 2731 τῶνέῦ
3584 2693 3689 2729 πα-

2115 2768 2346 2836 σχόντων
2389 2767 2568 2834 μόνον,
2594 2765 2728 2818 ἀλλά
2786 2765 2880 2817 καὶ
2915 2764 3024 2817 τῶν
3073 2762 3346 2834 ὁρώντων.
3407 2759 3577 2814 Τοῦτό
3609 2775 3690 2812 σοι

2115 2849 2234 2902 κατ’
2271 2848 2483 2916 ἐκείνην
2517 2847 2881 2917 προστήσεται
2932 2845 3031 2915 τὴν
3065 2846 3299 2916 ἡμέραν,
3333 2845 3427 2897 καὶ
3467 2841 3689 2914 μεγάλοι

2118 2930 2406 3001 συνήγοροί
2456 2947 2551 2983 σου
2585 2932 2632 2982 εί
2674 2928 3126 2999 εὐεργετηθέντες
3170 2928 3356 2997 ἐχθροὶ
3413 2927 3552 2980 κατὰ
3599 2926 3690 2978 τὸν

2116 3013 2306 3083 καιρὸν
2344 3012 2444 3082 τῆς
2467 3011 2700 3082 κρίσεως
2729 3011 2960 3074 ἔσονται,
2995 3011 3087 3063 καὶ
3126 3009 3295 3062 πολλὰ
3325 3008 3548 3079 διαλύσῃ
3581 3008 3690 3060 τῶν

2115 3097 2546 3166 ἁμαρτημάτων,
2572 3095 2663 3146 καὶ
2691 3094 3010 3164 ἀπαιτήσεις
3032 3093 3120 3146 τὸν
3144 3092 3353 3163 μισθόν.
3381 3092 3498 3145 Κᾶν
3525 3094 3692 3162 μυρία

2115 3176 2596 3248 πεπλημμεληκὼς
2618 3172 2703 3249 ᾗς,
2738 3177 2833 3247 τὴν
2855 3176 3018 3247 εὐχὴν
3040 3176 3253 3245 ἐκείνην
3277 3175 3692 3244 προτεινόμενος

2114 3263 2210 3334 τὴν
2249 3263 2513 3330 λέγουσαν
2539 3301 2554 3324 ,
2603 3263 2804 3329 Ἅφετε
2856 3260 2978 3326 τοῖς
3014 3258 3248 3327 ἐχθροῖς
3291 3256 3478 3327 ὑμῶν,
3520 3256 3616 3310 καὶ
3657 3259 3691 3309 ὁ

2114 3347 2318 3415 Πατὴρ
2351 3345 2516 3415 ὑμῶν
2536 3345 2616 3413 ἀρ
2626 3344 2756 3412 ἡσει
2777 3343 2918 3413 ὑμῖν
2943 3359 3013 3397 ta
3036 3340 3477 3412 παραπτώματα
3501 3340 3689 3409 ὑμῶν,

2119 3432 2256 3504 μετά
2309 3430 2510 3500 πολλῆς
2560 3430 2658 3500 τῆς
2692 3428 3005 3500 παρρησίας
3037 3427 3134 3498 τὴν
3168 3425 3360 3494 ἄφεσιν
3399 3424 3543 3497 λήψῃ
3583 3424 3692 3477 τῶν

2114 3515 2518 3586 ἡμαρτημένων
2552 3513 2807 3567 ἁπάντων
2833 3552 2846 3575 ,
2884 3512 2979 3601 καὶ
3010 3509 3240 3601 ἐνταῦθα
3255 3510 3337 3601 Δδέ
3372 3508 3510 3601 μετά
3554 3523 3693 3601 χρῃ-

2116 3600 2246 3666 στῆς
2283 3597 2452 3667 βιώσῃ
2475 3598 2573 3666 τῆς
2602 3597 2834 3658 ἐλπίδος,
2864 3595 2958 3648 καλ,
3007 3595 3214 3654 πάντας
3255 3591 3396 3657 ἕξεις
3435 3590 3694 3655 εὐνοϊκῶς

2115 3679 2249 3749 πρὸς
2275 3680 2332 3730 σὲ
2354 3677 2749 3746 διακειμένους.
2772 3679 2834 3730 Οί
2852 3676 2958 3745 γὰρ
2976 3674 3208 3746 ὁρῶντες
3225 3674 3305 3726 ὅτι
3320 3674 3446 3735 τούς
3465 3671 3691 3743 ἐχθροὺς

2114 3761 2209 3813 καὶ
2240 3761 2364 3821 τούς
2394 3758 2619 3811 ἐκείνων
2655 3757 2846 3819 παῖδας
2879 3756 3019 3809 οὕτω
3051 3755 3244 3824 φιλεῖς,
3279 3753 3395 3816 πῶς
3416 3755 3513 3824 οὐχ
3543 3755 3694 3824 αἱρή-

2117 3858 2299 3896 σονται
2334 3840 2479 3910 φίλοι
2510 3840 2761 3907 γενέσθαι
2789 3839 2882 3891 καὶ
2910 3839 3223 3904 ἐπιτήδειοι,
3257 3837 3350 3890 καὶ
3376 3836 3532 3890 πάνθ’
3552 3837 3693 3908 ὐπέρ

2115 3925 2208 3979 σοῦ
2234 3926 2326 3978 καὶ
2356 3923 2579 3993 ποιῆσαι
2610 3923 2703 3976 καὶ
2730 3921 2922 3974 παθεῖν
2946 3937 2960 3987 ;
2993 3921 3160 3976 Ὅταν
3183 3916 3275 3975 οὖν
3293 3919 3560 3990 τοσαύτης
3592 3919 3693 3990 μὲν

2116 4008 2264 4079 παρὰ
2287 4007 2380 4060 τοῦ
2408 4005 2543 4060 Θεοῦ
2574 4009 2673 4071 τῆς
2709 4005 2920 4069 εὐνοίας
2953 4004 3255 4075 ἀπολαύῃς,
3291 4004 3435 4058 οὓτω
3466 4003 3522 4058 δὲ
3555 4005 3690 4057 πάν-

2114 4109 2214 4152 τας
2259 4089 2388 4160 ἔχῃς
2426 4087 2638 4155 τάγαθά
2672 4104 2754 4140 σοι
2802 4087 3222 4158 συνευχομένους
3281 4086 3518 4150 ἅπαντα,
3551 4086 3694 4148 τίνος

2118 4172 2353 4242 αἰσθήσῃ
2378 4170 2647 4242 λυπηροῦ,
2678 4171 2840 4224 τίνων
2867 4171 2909 4223 δ’
2940 4173 3000 4224 οὐ
3033 4171 3250 4241 βιώσεις
3282 4170 3694 4242 μακαριώτερον

2120 4255 2262 4325 βίον;
2297 4252 2482 4305 Ταῦτα
2540 4253 2614 4324 μὴ
2666 4253 2898 4308 ἐνταῦθα
2937 4253 3302 4324 θαυμάζωμεν
3331 4254 3511 4322 μόνον,
3558 4251 3694 4306 ἀλλὰ

2119 4338 2212 4389 καὶ
2258 4334 2564 4401 ἐξελθόντες
2611 4335 2989 4405 φυλάττωμεν,
3044 4337 3136 4388 καὶ
3172 4335 3566 4407 περιελθόντες,
3599 4336 3694 4388 καὶ

2116 4417 2592 4490 διερευνησάμενοι
2621 4420 2744 4481 τούς
2777 4419 3003 4489 ἐχθροὺς
3051 4418 3280 4482 ἕκαστος
3307 4419 3432 4481 τοὺς
3479 4418 3692 4482 ἐαυτοῦ,

2118 4501 2541 4570 καταλλάξωμεν
2573 4503 2702 4571 ἡμῖν
2727 4503 2960 4566 ἑαυτοῖς,
2999 4501 3091 4554 καὶ
3137 4501 3323 4571 φίλους
3376 4503 3694 4573 ποιήσωμεν

2115 4585 2391 4654 γνησίους.
2424 4584 2542 4638 Κᾶν
2587 4583 3028 4654 ἀπολογήσασθαι
3057 4584 3173 4656 δέῃ,
3221 4585 3316 4638 καὶ
3363 4585 3692 4656 συγγνώμην

2115 4668 2334 4739 αἰτῆσαι
2385 4667 2513 4738 παρ’
2550 4667 2792 4734 ἐκείνων,
2845 4669 2918 4739 μὴ
2959 4667 3371 4739 παραιτώμεθα,
3405 4670 3506 4723 κᾶν
3539 4668 3694 4721 αὐτοὶ

2115 4735 2262 4821 ὦμεν
2293 4735 2632 4820 ἧδικημένοι.
2667 4750 2822 4802 Οῦτω
2847 4735 3064 4820 ’μείζων
3091 4735 3226 4822 ἡμῖν’
3248 4755 3276 4805 6
3307 4752 3517 4821 μισθὸς,
3550 4750 3694 4804 οὕτω

2115 4835 2314 4887 πλείων
2350 4835 2380 4902 ἡ
2414 4833 2720 4905 παρρησία,
2759 4833 2899 4886 οὕτω
2935 4835 3033 4904 τῆς
3074 4835 3350 4903 βασιλείας
3395 4836 3502 4888 τῶν
3532 4836 3694 4904 οὐρα-

2114 4919 2218 4972 νῶν
2247 4915 2640 4986 ἐπιτευξόμεθα
2672 4918 2909 4982 πάντως,
2959 4921 3140 4991 χάριτι
3189 4920 3281 4972 καὶ
3316 4917 3693 4988 φιλανθρωπίᾳ

2113 5000 2206 5054 τοῦ
2244 4999 2451 5068 Κυρίου
2490 4999 2644 5068 ήμῶν
2685 5001 2858 5071 Ἰησοῦ
2879 5000 3135 5072 Χριστοῦ,
3166 5002 3283 5072 μεθ’
3318 4994 3378 5053 οὗ
3415 5000 3492 5070 τῷ
3519 4999 3693 5070 Πατρὶ

2116 5084 2231 5153 ἅμα
2257 5082 2334 5152 τῷ
2364 5081 2503 5152 ἁγίῳ
2534 5082 2808 5152 Πνεύματι
2829 5084 2976 5149 δόξα,
3012 5084 3233 5155 κράτος,
3279 5085 3413 5154 τιμή
3469 5083 3563 5138 νῦν
3597 5084 3692 5137 καὶ

2114 5167 2219 5233 ἀεὶ,
2256 5167 2347 5219 καὶ
2376 5169 2455 5229 εἰς
2479 5166 2606 5231 τοὺς
2648 5167 2850 5231 αἰῶνας
2877 5166 2984 5221 τῶν
3003 5167 3232 5222 αἰώνων.
3286 5167 3478 5239 Ἀμήν.
