4144 6556
1163 510 1232 568 IN
1267 507 1421 566 CAP.
1459 504 1648 564 XVIII.
1689 500 1932 560 GFNES.
1972 495 2208 557 IIONIL.
2246 488 2412 548 XLII.

1307 845 1835 943 HOMILIA
1904 841 2212 932 XLII.

362 1122 497 1182 Cum
533 1116 890 1176 surrexissent
918 1120 1100 1170 autem
1124 1109 1250 1175 viri,
1290 1107 1635 1176 respersi-unt
1658 1099 1717 1155 in
1747 1097 1938 1168 faciest
1971 1090 2324 1155 Sodomorum
2358 1096 2411 1145 et
2446 1084 2753 1147 Commius
2791 1078 2945 1155 (Gen.
2982 1077 3071 1136 i8.
3108 1075 3223 1150 I6).

254 1387 304 1445 ι.
332 1383 621 1443 Didicimus
646 1393 713 1437 ex
749 1375 1000 1433 hesterna
1028 1367 1283 1435 lectione,
1312 1360 1602 1429 carissimi,
1640 1355 1758 1413 exl-

184 1480 335 1539 niism
370 1474 497 1548 justi
534 1469 947 1543 hospitalitatem
975 1477 1117 1555 {age
1147 1470 1203 1555 et
1231 1474 1294 1516 ea
1322 1467 1443 1529 qua!
1463 1458 1761 1555 sequuntur

185 1576 485 1632 tractantes,
516 1561 676 1618 hodie
694 1561 965 1617 discamus
993 1551 1373 1624 benignitatem
1398 1554 1455 1603 et
1471 1551 1759 1632 commise-

189 1659 435 1717 rationem
451 1629 788 1725 patriarcha.
810 1642 1059 1703 Possedit
1082 1642 1228 1699 enim
1254 1637 1452 1695 eximie
1472 1635 1651 1725 justus
1672 1629 1764 1686 ille

192 1752 403 1807 virtutes
446 1721 655 1802 omnes.
702 1740 887 1810 Neque
930 1736 1099 1810 enim,
1123 1740 1328 1789 tantum
1364 1728 1502 1785 bene
1543 1721 1765 1779 aﬂectus

192 1850 303 1900 erat
325 1842 374 1896 in
403 1837 695 1909 proximos,
726 1809 900 1902 nei1ue
925 1809 1203 1897 hospitalis
1236 1829 1440 1878 tantum
1466 1813 1768 1909 etmiseri-

195 1948 331 1999 cors,
373 1906 466 1985 sed
496 1938 553 1984 et
576 1926 710 1981 alias
738 1923 963 1978 virtutes
988 1930 1179 1975 omnes
1203 1912 1436 1970 ubertim
1457 1906 1761 1999 exhibebat.

198 1995 328 2081 mi
359 2021 472 2076 sive
511 2014 820 2089 patientiam
861 2008 1116 2068 exhibere
1154 2018 1290 2076 opus
1317 2002 1409 2071 sit,
1435 1997 1683 2089 invenies
1699 1995 1769 2051 il-

198 2116 303 2172 lum
331 2112 380 2169 in
399 2087 669 2167 summum
688 2106 828 2162 illius
851 2100 1107 2160 verticem
1129 2108 1470 2170 progressum
1498 2109 1513 2148 :
1544 2091 1657 2147 sive
1670 2087 1772 2144 hu-

198 2204 463 2264 militatem
486 2199 747 2271 requiras,
776 2194 986 2252 videbis
1011 2201 1069 2249 et
1096 2192 1150 2247 in
1179 2191 1280 2245 hac
1306 2186 1440 2243 nulli
1467 2182 1769 2250 cedentem,

199 2295 290 2353 sed
308 2306 489 2349 omnes
509 2287 973 2347 transcendentem
997 2302 1011 2340 :
1040 2284 1156 2341 sive
1182 2280 1317 2338 ﬁdes
1341 2274 1663 2336 declaranda
1676 2273 1771 2342 sit,

199 2397 254 2445 et
278 2387 329 2442 in
362 2385 464 2440 hoc
508 2397 620 2453 pra:
647 2378 894 2436 omnibus
936 2376 1054 2433 aliis
1079 2373 1292 2431 laudem
1333 2370 1648 2427 merebitur.
1678 2366 1777 2423 Est

196 2476 335 2533 enim
360 2475 535 2530 anima
564 2472 680 2544 ejus
707 2471 881 2542 imago
907 2466 1151 2540 quadam
1180 2465 1435 2530 animata,
1464 2461 1646 2518 varios
1663 2459 1778 2515 vir—

203 2576 363 2624 tutum
386 2564 594 2621 colores
612 2562 665 2617 in
686 2576 745 2619 se
771 2568 1070 2617 «nutans.
1100 2557 1233 2626 Quae
1256 2555 1415 2627 igitur
1443 2553 1599 2610 nobis
1624 2559 1777 2623 post-

202 2656 301 2712 hac
325 2656 505 2711 relicta
543 2663 628 2711 est
654 2652 948 2718 excusatio,
990 2664 1112 2706 cum
1153 2662 1291 2704 unus
1340 2646 1503 2702 homo
1557 2649 1780 2700 cunctas

199 2747 254 2801 in
280 2759 338 2801 se
366 2745 587 2801 virtutes
614 2742 906 2814 possideat,
934 2754 1034 2796 nos
1060 2754 1190 2795 vero
1219 2739 1289 2793 ita
1316 2743 1568 2807 expertes
1593 2748 1779 2791 earum

201 2839 384 2904 simus,
417 2847 477 2893 ut
518 2845 588 2891 ne
634 2850 794 2891 unam
824 2832 1037 2905 quidem
1089 2844 1344 2887 exercere
1387 2826 1581 2900 iuvet?
1625 2824 1781 2896 Quod

197 2929 342 2985 enim
385 2942 489 2982 non
530 2925 650 2996 quia
702 2939 808 2979 non
842 2936 1142 2994 possumus,
1176 2919 1271 2975 sed
1300 2919 1420 2991 quia
1451 2919 1722 2985 nolumus,
1748 2930 1782 2972 a

202 3017 356 3074 bouis
400 3015 648 3072 omnibus
682 3015 852 3069 simus
879 3013 1056 3079 alieni,
1091 3010 1222 3067 illud
1254 3010 1538 3067 manifeste
1583 3010 1786 3087 indicat

196 3108 342 3181 quod
366 3107 515 3163 multi
539 3106 777 3177 ejusdem
802 3114 1007 3160 natura;
1037 3104 1282 3160 homines
1309 3103 1647 3158 inveniantur
1669 3101 1784 3157 vir-

204 3198 399 3254 tutibus
440 3196 736 3266 conspicui.
768 3196 836 3251 Et
861 3209 988 3250 vero
1015 3194 1153 3249 istud
1178 3196 1352 3264 ipsum
1384 3192 1525 3263 quod
1553 3192 1786 3263 patriar-

203 3288 322 3354 cha,
368 3288 458 3357 qui
503 3294 627 3341 ante
671 3287 860 3357 gratiae
911 3294 1119 3355 tempus
1160 3293 1215 3339 et
1251 3292 1374 3338 ante
1408 3283 1579 3353 legem
1610 3281 1728 3348 fuit,
1754 3296 1786 3337 a

205 3381 379 3449 seipse
402 3386 454 3433 et
478 3393 508 3431 a
536 3375 757 3432 scientia
786 3390 908 3447 qua
951 3382 1155 3430 natum
1183 3374 1340 3428 insita
1367 3382 1472 3439 est,
1499 3373 1552 3429 in
1581 3381 1785 3429 tantum

206 3469 443 3540 pervenit
466 3467 676 3522 virtutis
711 3464 1003 3536 fastigium,
1039 3464 1237 3521 suillcit
1261 3476 1319 3519 ut
1361 3478 1552 3520 omnes
1578 3473 1789 3520 nostras

204 3561 574 3618 excusationes
604 3556 817 3615 refutet.
851 3560 921 3613 At
950 3557 1086 3613 forte
1114 3558 1293 3612 dicent
1317 3556 1481 3627 aliqui
1514 3574 1529 3611 :
1564 3556 1657 3611 Vir
1701 3555 1790 3612 ille

205 3651 425 3708 multam
451 3665 482 3703 a
525 3649 635 3705 Deo
657 3650 882 3721 gratiam
910 3658 1273 3720 consequutus
1309 3657 1394 3703 est
1423 3689 1440 3713 ,
1471 3657 1527 3703 et
1551 3647 1788 3702 omnium

208 3743 462 3801 Dominus
484 3743 601 3813 ejus
625 3744 950 3814 singularem
977 3742 1158 3797 habuit
1186 3755 1391 3797 curam.
1423 3740 1623 3805 Etiam,
1655 3739 1709 3795 id
1736 3748 1793 3796 et

204 3851 306 3907 ego
331 3835 501 3891 fateor
545 3852 562 3889 :
612 3851 796 3891 verum
841 3835 945 3891 nisi
988 3836 1193 3906 primus
1232 3843 1291 3890 et
1318 3834 1434 3904 ipse
1462 3833 1604 3905 quod
1634 3848 1793 3889 suum

205 3936 321 3983 erat
361 3925 592 3992 fecisset,
641 3942 747 3982 non
774 3934 918 3981 tanta
958 3942 989 3980 a
1035 3927 1261 3981 Domino
1298 3926 1639 3981 obtinuisset.
1689 3924 1795 3980 Ea-

206 4025 426 4087 propter
450 4031 558 4071 non
585 4017 687 4071 hoc
711 4018 885 4072 solum
913 4016 1141 4087 respice,
1166 4016 1259 4072 sed
1283 4016 1335 4071 in
1362 4030 1683 4087 unoquoque
1712 4014 1795 4071 di-

206 4106 435 4177 ligenter
474 4107 711 4173 attende,
742 4107 1011 4178 quomodo
1055 4108 1286 4177 primum
1319 4107 1371 4163 in
1409 4105 1658 4162 omnibus
1682 4105 1795 4162 vir-

206 4198 340 4254 tutis
365 4213 477 4253 sua:
495 4199 1251 4269 experimentumcxhihuerit,
1274 4208 1434 4270 atque
1455 4200 1535 4255 sic
1552 4198 1793 4255 divinum

203 4290 463 4345 meruerit
491 4288 816 4360 praesidium.
860 4290 985 4347 Haec
1022 4305 1166 4362 sape
1192 4291 1344 4347 vobis
1384 4290 1791 4361 declaravimus,

203 4380 359 4436 illum
401 4394 613 4451 nempe,
639 4381 853 4452 quando
894 4396 933 4436 a
958 4383 1125 4453 patria
1155 4397 1251 4437 sua
1284 4382 1567 4454 migrabat,
1608 4398 1718 4438 non
1763 4397 1794 4436 a

200 4469 637 4542 monitoribus
674 4486 860 4527 semen
902 4471 1027 4528 lidei
1072 4471 1367 4543 accepisse,
1420 4472 1515 4527 scd
1554 4488 1585 4527 a
1613 4472 1796 4543 seipse

198 4560 364 4616 valde
395 4560 698 4632 religiosam
717 4572 878 4634 atque
905 4564 1047 4633 piam
1084 4572 1323 4620 mentem
1357 4563 1665 4620 exhibuisse
1693 4572 1711 4632 ς
1741 4574 1798 4622 et

198 4652 483 4709 hominem
512 4652 683 4721 illum,
713 4667 837 4710 cum
861 4670 1034 4724 nuper
1055 4668 1085 4709 a
1105 4653 1358 4711 Chaidzea
1389 4656 1681 4711 translatus
1706 4671 1797 4713 es-

194 4752 304 4805 set,
362 4744 557 4798 iterum
600 4744 778 4800 subito
821 4747 1031 4815 jussum
1066 4746 1171 4801 alio
1198 4761 1441 4817 pergere,
1487 4757 1541 4803 et
1565 4747 1798 4803 alienam

194 4843 409 4889 terram
423 4848 534 4889 suae
559 4834 833 4905 praeferre,
863 4850 969 4891 non
993 4838 1281 4893 ﬂuctuasse
1300 4837 1480 4893 animo
1498 4878 1514 4905 ,
1545 4854 1651 4893 non
1679 4838 1798 4894 dis-

189 4924 418 4986 tulisse,
449 4923 543 4980 sed
588 4925 769 4981 statim
794 4926 1051 4995 imperata
1091 4925 1283 4983 fecisse
1305 4969 1321 4995 ,
1355 4927 1511 4996 idque
1553 4944 1675 4984 cum
1705 4944 1801 4985 ne-

189 5014 600 5070 seimnbinam
625 5016 838 5071 errandi
860 5016 1067 5072 futurus
1091 5027 1233 5072 esset
1257 5018 1398 5083 finis,
1420 5028 1472 5073 et
1497 5020 1794 5085 festinasse,

190 5117 251 5164 et
280 5118 623 5177 properasse,
667 5116 725 5161 ut
751 5109 842 5178 qui
880 5108 933 5165 in
963 5109 1028 5163 iis
1051 5124 1170 5180 qua:
1198 5110 1354 5180 plane
1385 5111 1584 5166 incerta
1615 5122 1793 5180 erant,

196 5221 484 5282 tamquam
510 5221 655 5266 certa
696 5222 896 5275 essent,
927 5215 1235 5268 mandatum
1267 5213 1358 5269 Dei
1383 5210 1631 5268 omnibus
1654 5225 1791 5283 prtu-

188 5301 488 5358 l’erendum
510 5301 748 5357 duceret.

274 5494 522 5548 Faciem
546 5492 681 5558 quod
706 5490 759 5542 iu
785 5506 838 5542 se
867 5498 941 5542 est
982 5486 1115 5540 Deus
1132 5488 1381 5541 auxilium
1409 5504 1510 5542 non
1535 5499 1701 5557 negat.
1730 5516 1799 5529 —-

197 5587 403 5640 Vidisti
429 5581 699 5654 quomodo
728 5580 797 5635 ah
829 5580 979 5633 initio
1007 5596 1126 5650 quae
1170 5595 1199 5633 a
1230 5581 1516 5649 sanetipso
1545 5590 1697 5635 erant
1725 5589 1800 5635 at-

192 5674 417 5739 tuli-rit,
444 5681 500 5727 et
520 5678 800 5741 propterea
823 5667 1000 5723 divina
1027 5669 1267 5738 quotidie
1295 5669 1526 5724 ubertim
1552 5684 1798 5738 suscepe-

193 5768 268 5819 rit
292 5767 319 5820 ?
365 5764 577 5819 Eodem
620 5762 803 5824 modo,
842 5760 1042 5827 dilecti,
1071 5761 1233 5814 etiam
1264 5775 1380 5825 nos,
1406 5762 1449 5816 si
1483 5762 1807 5816 voluerimus

192 5872 444 5926 superna
497 5855 598 5909 frui
640 5853 833 5924 gratia,
882 5853 1151 5907 imitemur
1199 5854 1577 5922 patriarcltam,
1634 5864 1688 5907 et
1742 5869 1808 5909 ne

192 5960 534 6004 etinctcmur
589 5948 739 6002 obire
793 5946 1065 6011 virtutem,
1116 5945 1209 5999 sed
1258 5962 1683 6021 unamqnanmne
1742 5947 1809 5999 ita

1861 1367 2231 1420 exerceamus,
2259 1361 2318 1409 ut
2343 1352 2559 1409 oculum
2582 1354 2753 1421 illum,
2780 1347 2871 1424 qui
2897 1353 3061 1424 sopiri
3086 1353 3281 1424 nescit,
3319 1367 3453 1412 con-

1862 1444 2107 1499 ciliemus
2130 1443 2285 1499 nobis
2309 1442 2378 1497 ad
2405 1443 2711 1499 mercedem
2735 1441 3089 1499 tribuendam.
3121 1441 3339 1500 Etenim
3365 1444 3461 1515 qui

1863 1536 1965 1591 scit
1991 1548 2187 1591 arcana
2237 1537 2436 1590 mentis
2476 1544 2693 1600 nostrae,
2722 1549 2846 1590 cum
2876 1534 3069 1590 viderit
3092 1548 3281 1591 sanam
3306 1549 3461 1593 men-

1865 1632 1975 1682 tem
2020 1634 2282 1693 nostram,
2312 1633 2369 1682 et
2396 1640 2495 1681 nos
2522 1625 2706 1681 conari
2736 1634 2791 1681 et
2829 1626 2959 1683 eniti
2988 1626 3056 1681 ad
3096 1626 3311 1683 virtutis
3333 1641 3463 1685 cer-

1867 1721 2085 1789 tamina,
2112 1720 2293 1777 statim
2315 1729 2447 1776 nutu
2461 1719 2767 1776 etsubsidio
2791 1734 2889 1776 suo
2913 1734 3015 1776 nos
3038 1718 3275 1792 adjuvat,
3297 1720 3464 1779 simul

1865 1824 1921 1871 et
1959 1814 2172 1871 labores
2200 1822 2414 1871 nostros
2441 1812 2798 1880 imminuens,
2839 1822 2893 1869 et
2919 1812 3187 1871 inﬁrmam
3215 1822 3464 1872 naturam
3584 1878 3587 1879 ν

1867 1915 2109 1962 nostram
2134 1904 2417 1971 roborans,
2453 1904 2755 1975 uberesque
2800 1903 3183 1961 retributiones
3206 1902 3467 1977 suppedi-

1871 2007 2013 2055 tans.
2044 1997 2186 2055 Sane
2216 1997 2271 2054 in
2290 1996 2448 2069 Olym
2455 1996 2589 2068 picis
2611 1996 2994 2053 certaminibus
3012 1997 3325 2070 neutiquam
3341 1996 3467 2070 quis

1871 2091 1976 2147 tale
1995 2090 2123 2163 quid
2154 2090 2393 2147 inveniet
2418 2108 2434 2145 :
2465 2089 2562 2147 sed
2585 2096 2692 2146 stat
2718 2090 3035 2162 paadotriba,
3071 2090 3236 2163 ﬁtque
3255 2100 3469 2164 specta-

1873 2193 1957 2239 tor
1977 2191 2187 2240 tantum
2212 2182 2553 2248 certantium,
2584 2196 2758 2253 neque
2786 2182 2843 2237 in
2887 2182 2995 2238 ulla
3020 2196 3081 2238 re
3105 2192 3280 2254 potest
3308 2183 3470 2255 adju-

1872 2289 2019 2341 vare,
2048 2273 2144 2330 sed
2173 2282 2455 2345 exspectat
2499 2273 2675 2330 donec
2714 2274 2937 2330 victoria
2978 2272 3327 2331 declaretur:
3354 2275 3470 2333 Do-

1873 2368 2050 2423 minus
2094 2376 2276 2425 autem
2318 2374 2503 2424 noster
2540 2382 2647 2423 non
2692 2367 2787 2437 ita,
2836 2366 2933 2423 sed
2980 2367 3140 2423 simul
3188 2367 3473 2427 nobiscum

1873 2469 2064 2530 certat,
2105 2470 2162 2518 et
2207 2476 2423 2517 manum
2464 2461 2707 2532 porrigit,
2740 2470 2795 2516 et
2830 2460 2992 2517 simul
3019 2460 3386 2533 congreditur,
3417 2469 3476 2522 et

1874 2552 2026 2623 quasi
2049 2551 2287 2623 undique
2309 2551 2531 2608 enititur
2556 2560 2615 2607 ut
2647 2550 3013 2607 adversarium
3035 2560 3283 2622 nostrum
3311 2552 3472 2612 nobis

1879 2642 2072 2707 tradat,
2104 2642 2342 2714 nihilque
2382 2657 2491 2698 non
2535 2641 2665 2714 agit,
2714 2653 2962 2715 satagens
2990 2642 3129 2699 utin
3179 2644 3477 2705 certamine

1882 2735 2282 2807 praevaleamus,
2306 2744 2363 2791 et
2383 2735 2683 2801 vincamus,
2710 2750 2817 2806 quo
2841 2736 3003 2807 capiti
3043 2744 3229 2794 nostro
3249 2737 3474 2795 immer-

1881 2828 2185 2885 cescibilem
2209 2827 2451 2899 imponat
2487 2842 2764 2883 coronam.
2797 2828 3049 2882 Coronam
3077 2828 3245 2894 enim,
3282 2828 3479 2901 inquit,
3532 2883 3536 2889 .

1883 2921 2164 2992 gratiarum
2200 2918 2422 2991 accipies
2465 2920 2519 2974 in
2554 2919 2722 2990 capite
2750 2928 2836 2973 tuo
2865 2916 3051 2991 (Prov.
3083 2920 3135 2974 Ι.
3166 2916 3245 2983 9).
3277 2918 3398 2977 Iam
3424 2919 3482 2981 in

1886 3011 1993 3067 illis
2037 3009 2335 3082 Olympicis
2373 3010 2764 3067 certaminibus
2798 3024 2997 3067 corona
3042 3020 3166 3081 post
3197 3012 3484 3073 victoriam

1885 3102 2017 3158 nihil
2057 3101 2201 3157 aliud
2238 3110 2342 3170 est,
2372 3117 2536 3173 quam
2564 3103 2689 3158 folia
2720 3104 2878 3171 lauri,
2906 3117 3067 3174 quam
3105 3103 3398 3174 applaustts
3425 3114 3487 3164 οι

1885 3196 2203 3253 acclamatio
2228 3194 2396 3267 vulgi,
2417 3212 2538 3267 qua:
2567 3196 2747 3253 omnia
2776 3204 3063 3268 appetente
3088 3211 3313 3267 vespera
3340 3211 3487 3255 tuar-

1886 3294 2107 3342 eescunt
2129 3295 2183 3343 et
2210 3295 2474 3358 pereunt:
2504 3295 2560 3341 at
2584 3301 2781 3343 corona
2808 3301 2929 3357 quae
2950 3300 3046 3356 pro
3069 3285 3267 3344 virtute
3277 3297 3333 3345 et
3362 3288 3485 3359 ejus

1888 3376 2174 3433 sudoribus
2201 3376 2379 3445 datur,
2416 3376 2551 3433 nihil
2594 3376 2756 3434 habet
2788 3376 3066 3443 sensibile,
3096 3392 3271 3449 neque
3298 3381 3352 3435 in
3382 3379 3491 3443 hoc

1888 3467 2086 3521 seculo
2115 3466 2396 3522 nobiscum
2421 3467 2759 3533 dissolvitur,
2788 3467 2885 3523 sed
2915 3476 3171 3539 perpetua
3198 3479 3282 3525 est
3309 3479 3365 3527 et
3385 3470 3491 3527 im-

1890 3557 2154 3625 mortalis,
2196 3555 2498 3612 extendens
2534 3571 2593 3613 se
2643 3558 2699 3612 in
2748 3557 2928 3613 omnia
2979 3558 3197 3615 stt-cuia.
3243 3560 3311 3616 Et
3339 3560 3492 3619 labor

1892 3648 2106 3718 quidem
2148 3657 2232 3705 est
2265 3648 2418 3719 parvi
2445 3651 2705 3720 temporis
2733 3666 2750 3715 ;
2779 3665 2990 3707 merces
3016 3660 3195 3709 autem
3244 3653 3492 3712 laborum

1893 3737 2055 3793 linem
2095 3753 2203 3794 non
2231 3737 2412 3805 habet,
2452 3753 2627 3811 neque
2656 3740 2800 3796 cedit
2830 3742 3078 3813 tempori,
3125 3757 3301 3814 neque
3342 3760 3493 3802 mar-

1894 3832 2079 3888 cescit.
2109 3831 2180 3887 Et
2218 3840 2277 3887 ut
2303 3832 2546 3900 discetis,
2593 3846 2723 3889 ecce
2763 3843 2897 3903 quat
2933 3834 3061 3889 anni
3093 3837 3491 3906 prmtericrtmt,

1894 3923 2436 3994 quotgcnerationes,
2461 3938 2491 3978 a
2517 3937 2623 3993 quo
2650 3922 2947 3992 patriarcha
2980 3924 3067 3980 hic
3097 3924 3151 3980 in
3182 3926 3319 3983 vivis
3346 3926 3448 3984 fuit
3474 3946 3492 3984 :

1895 4022 1951 4069 et
1972 4013 2111 4068 sicut
2126 4011 2245 4069 heri
2267 4021 2323 4068 et
2350 4012 2531 4077 hodie,
2560 4013 2631 4067 ita
2654 4012 2857 4084 fulgent
2894 4014 3011 4084 ejus
3039 4030 3136 4085 pro
3166 4016 3361 4072 virtute
3387 4032 3490 4075 co-

1897 4118 2067 4172 ronae,
2099 4109 2155 4159 et
2179 4117 2352 4175 usque
2375 4102 2443 4158 ad
2481 4104 3002 4162 consummationem
3027 4106 3209 4162 saeculi
3242 4108 3496 4167 omnibus

1895 4198 1987 4270 qui
2032 4205 2179 4254 recte
2227 4196 2467 4269 sapiunt,
2497 4206 2869 4269 argumentum
2898 4206 2984 4255 est
3024 4200 3292 4256 sermonis
3317 4211 3374 4257 et
3394 4199 3496 4258 do-

1898 4288 2104 4344 ctrina.

1967 4379 2026 4434 2.
2054 4377 2287 4434 Facilius
2308 4380 2569 4433 medemur
2589 4380 2777 4435 anima
2798 4420 2813 4445 ,
2844 4396 2999 4449 quam
3023 4382 3253 4452 corpori.
3279 4386 3493 4443 morbis.

1898 4501 1971 4514 -—-
1999 4470 2230 4527 Proinde
2244 4472 2368 4543 quia
2397 4469 2522 4525 talis
2543 4478 2628 4526 est
2652 4471 2826 4527 virtus
2848 4472 3002 4542 justi,
3035 4474 3102 4529 ad
3130 4476 3499 4535 aemulandum

1902 4563 2053 4618 illum
2101 4562 2557 4633 expcrgiscamur,
2606 4569 2663 4617 et
2698 4563 2782 4616 vel
2825 4576 2950 4620 sero
2999 4562 3213 4621 tandem
3258 4576 3498 4624 nostram

1905 4660 2264 4725 agnoscentes
2304 4650 2662 4719 nobilitatem,
2705 4652 3060 4723 patriarcham
3124 4655 3415 4725 imitemur,
3448 4670 3505 4716 et

1902 4747 1970 4803 de
1999 4746 2169 4802 salute
2199 4753 2382 4801 nostra
2422 4745 2743 4815 cogitemus,
2776 4745 2943 4800 multa
2990 4744 3227 4802 adhibita
3271 4748 3500 4821 diligen-

1904 4837 1999 4904 tia,
2030 4846 2089 4890 ut
2116 4850 2221 4890 non
2253 4835 2426 4890 solum
2456 4849 2653 4905 corpus
2682 4851 2872 4891 sanum
2898 4837 2987 4901 sit,
3018 4836 3112 4893 sed
3135 4845 3189 4893 ct
3215 4849 3272 4892 ut
3294 4838 3499 4897 diversi

1903 4931 2097 4985 animm
2114 4928 2286 4985 morbi
2313 4936 2585 4984 curentur.
2624 4926 2758 4981 Nam
2780 4928 2825 4982 si
2848 4925 3174 4983 voluerimus
3186 4928 3355 4986 sobrii
3383 4946 3505 4988 esse

1903 5038 1967 5078 ac
1982 5022 2184 5093 vigiles,
2202 5019 2411 5077 facilius
2426 5021 2646 5075 morbos
2664 5020 2857 5075 animae
2874 5034 3034 5090 quam
3055 5021 3298 5091 corporis
3311 5037 3503 5079 emen-

1902 5112 2171 5168 dabimus.
2220 5110 2355 5167 Nam
2381 5111 2594 5182 quoties
2624 5124 2725 5166 nos
2752 5110 2967 5166 aii'ectio
2995 5111 3260 5182 quaxpiam
3291 5123 3509 5185 pertur-

1906 5207 2017 5272 bat,
2050 5206 2103 5281 si.
2122 5205 2449 5260 voluerimus
2490 5205 2575 5273 pia
2625 5204 2984 5274 religiosaque
3025 5214 3206 5261 mente
3262 5209 3504 5278 cogitare

1900 5298 2159 5368 judicium
2188 5296 2293 5351 diei
2341 5296 2487 5352 illius
2521 5295 2797 5361 terribilis,
2840 5305 2895 5351 et
2937 5308 3043 5351 non
3080 5296 3148 5351 ad
3176 5306 3500 5369 praesentem

1904 5390 2234 5461 voluptatem
2268 5396 2536 5459 spectare,
2585 5387 2680 5442 sed
2722 5386 2791 5442 ad
2814 5388 3083 5443 cruciatus
3118 5404 3257 5461 quos
3288 5402 3510 5464 propter

1910 5482 2059 5537 illam
2079 5479 2329 5543 feremus,
2359 5480 2539 5535 statim
2568 5478 2639 5535 ab
2656 5479 2836 5534 anima
2864 5488 3048 5535 nostra
3080 5482 3284 5538 resiliet
3301 5493 3357 5539 et
3374 5499 3510 5542 avo-

1907 5572 2058 5627 labit.
2102 5570 2399 5641 Eapropter
2427 5585 2497 5625 ne
2539 5568 2713 5625 simus
2740 5569 3097 5640 negligentes,
3135 5572 3229 5627 sed
3276 5574 3511 5632 scientes

1909 5675 2136 5732 agonem
2163 5676 2283 5715 esse
2322 5668 2379 5715 ct
2406 5670 2705 5725 certamen,
2736 5668 2793 5714 ut
2835 5659 2888 5713 in
2916 5660 3104 5729 proelio
3133 5661 3378 5718 hostibus
3408 5681 3512 5721 nos

1908 5755 2226 5825 objiciamus
2267 5761 2517 5823 oportet,
2548 5752 2789 5823 quatidie
2830 5763 3144 5821 renovetur,
3178 5768 3239 5809 ac
3265 5756 3506 5825 vigorem

1906 5848 2195 5917 juvenilem
2242 5847 2465 5903 reciniat
2496 5848 2707 5901 animus
2750 5855 2951 5906 noster.
3003 5858 3062 5902 ut
3106 5862 3339 5916 superno
3385 5850 3510 5904 freti

1916 5938 2182 6017 prmsidifjg
2216 5938 2366 6005 {nam
2398 5936 2554 6007 hujus
2588 5925 2789 6002 bcsiim,
2818 5928 3148 5993 insidiaturis
3174 5938 3292 5990 dico
3316 5938 3513 5993 salutis
