4124 6500
670 452 775 510 387

675 578 889 635 nostrm,
912 574 1072 638 caput
1104 566 1283 633 statim
1320 577 1597 623 conterere
1635 567 1921 624 valeamus.
1949 566 2067 637 Ipse
2092 566 2235 623 enim

676 658 934 714 Dominus
962 655 1113 713 nobis
1129 657 1397 729 promisit,
1419 656 1603 712 dicens
1630 672 1645 710 :
1677 656 1811 711 Ecce
1841 656 1956 711 dedi
1981 656 2118 711 vobis
2143 671 2239 725 po-

672 758 892 803 testatem
919 747 1147 801 ealcandi
1166 763 1319 817 super
1345 756 1595 817 serpentes
1613 755 1661 799 el
1686 748 1993 816 scorpiones,
2021 755 2071 801 et
2087 763 2242 816 super

669 855 865 893 onmem
893 839 1121 892 virtutem
1148 838 1340 892 inimici
1367 838 1517 909 (Luc.
1552 837 1639 892 10.
1671 838 1784 909 i9).
1816 839 2100 911 \‘igilemus
2136 839 2238 909 igi-

661 940 775 995 tur,
806 931 1047 990 obsecro.
1080 937 1137 983 ut
1171 928 1392 999 vestigia
1418 928 1572 999 hujus
1612 929 1925 998 patriarchae
1954 937 2242 1001 sequentes

663 1020 732 1075 ad
778 1019 1026 1075 virtutem
1064 1020 1417 1075 exercendam
1452 1060 1469 1087 ,
1512 1019 1726 1076 easdem
1770 1033 1997 1076 coronas
2045 1018 2239 1076 mereri

661 1111 952 1180 possimus,
976 1121 1031 1167 et
1055 1109 1119 1166 ad
1142 1112 1260 1181 ejus
1296 1113 1444 1167 sinus
1481 1111 1776 1184 pervenire,
1809 1120 1861 1166 et
1886 1110 2119 1182 ellugere
2148 1126 2240 1182 ge-

663 1199 858 1257 hennae
888 1216 1121 1271 pmnam,
1146 1212 1202 1257 et
1243 1203 1457 1273 assequi
1504 1203 1643 1257 bona
1671 1202 1759 1258 illa
1791 1201 2091 1258 inell'abilia.
2124 1202 2236 1260 Ve-

556 1282 561 1287 !
662 1307 783 1347 rum
809 1302 867 1347 ut
904 1292 1130 1362 amplior
1172 1292 1263 1347 llat
1302 1302 1479 1348 vestra
1526 1293 1817 1360 mmulatio,
1855 1301 1911 1349 et
1955 1294 2124 1365 magis
2166 1293 2236 1349 ad

662 1383 975 1439 imitandum
1004 1384 1143 1439 hunc
1156 1382 1354 1454 justum
1375 1398 1470 1439 vos
1496 1399 1853 1454 provocemus
1882 1402 1896 1438 :
1919 1400 2020 1455 age
2043 1385 2233 1441 iterum

657 1490 723 1532 ex
746 1477 963 1533 historia
984 1476 1124 1533 illius
1143 1492 1262 1532 eum
1281 1487 1457 1533 vestra
1483 1477 1707 1533 caritate
1735 1477 2123 1548 colloquentes,
2147 1493 2231 1533 se-

658 1569 874 1637 quentia
907 1568 1294 1639 aggrediamur.
1328 1567 1487 1639 lgitur
1516 1578 1633 1639 post
1663 1569 1861 1639 largam
1883 1568 2026 1624 illam
2052 1568 2235 1640 hospi-

655 1661 939 1727 talitatem,
971 1676 1129 1731 quam
1156 1661 1391 1715 exercuit
1411 1701 1424 1724 ,
1458 1677 1561 1715 non
1596 1660 1797 1716 lautitia
1818 1661 1902 1716 vel
1932 1660 2234 1731 multiplici-

654 1759 769 1807 tate
793 1751 1110 1806 ferculorum
1136 1792 1151 1815 ,
1184 1750 1275 1805 sed
1304 1747 1577 1806 alacritate
1602 1759 1656 1806 et
1697 1751 2013 1806 liberalitate
2039 1750 2231 1806 meritis

656 1841 991 1906 aestimatam,
1022 1840 1199 1895 statim
1226 1839 1595 1910 hospitalitatis
1623 1840 1923 1897 mercedem
1948 1841 2175 1897 obtinuit
2212 1859 2226 1895 :

655 1940 711 1987 et
736 1930 919 1986 didicit
942 1931 1183 2001 quisnam
1215 1946 1448 2001 pmseus
1492 1931 1582 1987 ille
1607 1941 1781 1997 esset,
1804 1940 1859 1988 et
1880 1940 2076 2003 quanta
2116 1932 2231 2001 ejus

656 2022 847 2077 virtus.
877 2022 1128 2077 Abiturus
1156 2022 1300 2077 illinc
1324 2021 1392 2077 ad
1419 2021 1771 2077 subvertenda
1804 2020 2033 2076 Sodoma
2054 2021 2233 2092 sequi-

656 2121 742 2167 tur
764 2111 1057 2182 patriarcha
1082 2152 1098 2177 ,
1128 2121 1184 2167 et
1225 2111 1443 2168 honoris
1480 2126 1639 2168 causa
1676 2113 1993 2177 comitatur,
2036 2112 2227 2182 inquit.

656 2200 788 2257 Vide
816 2200 1023 2255 Domini
1040 2201 1375 2255 clementiam
1402 2210 1457 2256 et
1484 2210 1680 2272 quanta
1702 2200 2225 2279 benignitateindnl-

652 2296 933 2364 gentiaqne
953 2307 1099 2359 usus,
1123 2292 1287 2347 simul
1302 2294 1445 2361 justo
1467 2292 1725 2349 honorem
1755 2293 2029 2363 impendit,
2049 2304 2103 2349 ct
2118 2294 2227 2349 vir-

654 2393 820 2441 tutcm
847 2384 901 2439 in
938 2384 1113 2439 anima
1150 2384 1268 2454 ejus
1306 2384 1558 2440 latentem
1595 2384 1845 2456 detegere
1896 2386 2079 2441 voluit.
2135 2387 2222 2443 l6.

653 2476 777 2533 Cum
802 2476 1133 2531 surrexissent
1148 2486 1332 2543 autem,
1364 2476 1552 2545 inquit,
1578 2476 1697 2544 uiri,
1726 2486 2047 2548 respexerunt
2072 2479 2123 2532 in
2140 2483 2228 2550 fo-

651 2568 775 2622 oiem
806 2566 1143 2623 Sodomorum
1168 2577 1215 2622 et
1240 2565 1554 2622 Gomorrlus.

723 2660 862 2715 Deus
880 2660 1136 2714 Abraham
1147 2659 1474 2713 consiliorum
1494 2674 1700 2713 suorum
1710 2658 2002 2729 participat.
2024 2660 2227 2729 Quanto

650 2751 841 2807 honore
854 2751 1053 2821 justum
1070 2750 1310 2821 dignatur
1327 2747 1485 2804 Deus.
1508 2776 1582 2790 —
1610 2749 1685 2805 De
1702 2750 1905 2819 angelis
1929 2750 2078 2806 dicit.
2092 2750 2224 2807 Nam

653 2843 742 2899 hic
763 2843 987 2915 quidem
1005 2841 1058 2897 in
1089 2841 1429 2898 tabernaculo
1454 2839 1705 2908 Abrahae,
1746 2850 1802 2897 et
1830 2842 2023 2912 angeli,
2048 2850 2104 2898 et
2130 2858 2224 2898 eo-

652 2949 770 2989 rum
799 2932 1053 2988 Domious
1080 2948 1177 3005 per
1190 2932 1331 2988 idem
1360 2941 1569 3001 tempus
1596 2933 1692 2987 visi
1710 2940 1832 2988 sunt
1854 2949 1868 2986 :
1893 2942 2075 3003 postea
2098 2948 2225 2989 vero

653 3023 730 3078 llli
769 3023 983 3095 quidem
1014 3031 1071 3078 ut
1098 3022 1325 3078 ministri
1354 3023 1499 3077 missi
1543 3030 1669 3077 sunt
1712 3021 1781 3077 ad
1822 3023 2225 3079 subversloncm

652 3115 860 3170 illarum
912 3114 1201 3181 civitatum,
1253 3113 1367 3183 ipse
1409 3122 1587 3168 autem
1638 3112 1891 3168 Dominus
1930 3114 2143 3179 mansit,
2175 3126 2229 3168 et

652 3205 803 3275 quasi
822 3205 1023 3259 amicus
1051 3204 1222 3259 amico
1243 3203 1389 3273 justo
1415 3202 1840 3259 communicabat
1866 3218 2110 3273 quaenam
2151 3201 2229 3257 fa-

660 3305 844 3351 cturus
870 3302 1031 3351 esset.
1057 3292 1211 3351 Unde
1252 3292 1356 3348 illis
1392 3292 1666 3363 profectis,
1704 3294 1789 3349 l7.
1828 3293 1991 3360 Dixit,
2036 3295 2224 3364 inquit,

653 3384 908 3441 Dominus
936 3399 954 3438 :
1000 3382 1121 3438 Non
1156 3382 1327 3437 celabo
1352 3382 1607 3437 Abraham
1634 3398 1847 3453 pateram
1890 3399 2072 3448 meum,
2117 3398 2230 3452 qua:

652 3494 741 3549 ego
760 3479 962 3548 faciant.
990 3475 1176 3548 Magna
1203 3474 1295 3530 Dei
1324 3473 1668 3545 indulgentia,
1698 3483 1753 3529 et
1775 3486 1986 3529 omnem
2024 3486 2232 3530 sermo-

653 3585 775 3626 nem
814 3584 1072 3639 superans
1094 3567 1237 3639 justo
1287 3567 1458 3623 honor
1482 3565 1791 3622 exhibetur.
1836 3564 1970 3621 Vide
2000 3579 2229 3636 namque

648 3674 758 3731 quo
794 3668 949 3732 pacto
982 3660 1155 3731 ipsum
1194 3658 1495 3728 alloquatur
1536 3655 1689 3725 quasi
1732 3654 1895 3712 homo
1932 3654 2226 3725 hominem,

650 3752 1032 3811 demonstrans
1058 3749 1232 3815 nobis,
1262 3758 1461 3821 quanto
1487 3748 1689 3804 honore
1714 3749 1960 3819 dignetur
1987 3748 2230 3803 homines

655 3842 847 3898 virtute
868 3840 1136 3910 prmditos.
1159 3840 1222 3894 Et
1242 3850 1297 3894 ut
1322 3854 1390 3895 ne
1408 3848 1561 3910 putes
1585 3839 1843 3893 honorem
1867 3848 2069 3893 tantum
2082 3838 2229 3907 justo

653 3947 967 3989 emicessum
979 3932 1145 3988 solius
1166 3929 1359 3988 divina:
1388 3944 1508 3987 esse
1535 3930 1805 3995 bonitatis,
1827 3929 1946 3985 vide
1965 3928 2232 3999 quomodo

653 4023 831 4081 divina
860 4023 1130 4095 Scriptura
1174 4023 1361 4080 doceat
1407 4038 1530 4091 nos,
1558 4022 1729 4092 ipsum
1757 4022 1857 4077 sibi
1887 4021 1982 4093 ipsi
2014 4022 2246 4077 honoris-

659 4117 825 4173 iulsse
855 4126 1128 4172 auctorem
1146 4158 1161 4183 ,
1203 4114 1466 4171 mandatis
1492 4128 1684 4184 nempe
1711 4112 1905 4168 divinis
1932 4128 2119 4183 magna
2146 4127 2234 4168 se-

653 4207 878 4265 dulitate
907 4207 1284 4277 obsequutum.
1310 4207 1597 4275 Postquam
1624 4203 1768 4258 enim
1799 4202 1931 4257 dixit
1960 4220 1972 4255 :
2005 4202 2125 4256 Non
2142 4219 2228 4257 ce-

654 4298 770 4354 labo
795 4298 1051 4353 Abraham
1072 4314 1283 4365 puerum
1310 4312 1492 4361 meum,
1522 4310 1637 4366 qua:
1660 4311 1751 4366 ego
1773 4294 1980 4365 faciam,
2007 4308 2113 4348 non
2126 4304 2235 4348 sta-

651 4390 748 4445 tim
790 4389 920 4445 dicit
947 4386 1073 4458 quid
1116 4385 1349 4441 futurum
1392 4385 1459 4440 sit
1494 4404 1507 4440 :
1552 4398 1885 4455 consequens
1912 4385 2053 4439 enim
2093 4392 2230 4451 erat,

658 4489 715 4535 nt
737 4493 961 4551 pergens
984 4478 1184 4532 diceret
1201 4491 1260 4531 se
1288 4480 1626 4532 incensurum
1649 4474 1901 4531 Sodoma.
1925 4474 1995 4528 At
2020 4475 2232 4543 dignum

657 4578 758 4637 cst,
786 4577 844 4623 ut
867 4582 1043 4639 neque
1071 4566 1200 4621 illud
1239 4574 1617 4637 praetereamus
1651 4584 1664 4618 :
1698 4579 1871 4634 neque
1895 4566 2036 4620 enim
2064 4566 2231 4637 sylla-

658 4663 799 4724 bam,
853 4673 1029 4729 neque
1070 4655 1275 4727 apicem
1318 4658 1371 4711 in
1419 4656 1595 4711 divina
1641 4654 1913 4724 Scriptura
1965 4656 2234 4722 praeterire

657 4757 885 4821 Oportet.
931 4748 1154 4816 Quanta
1201 4747 1343 4801 enim
1368 4745 1638 4817 dignitatis
1673 4760 1792 4801 esse
1833 4752 1984 4813 putas
2016 4746 2061 4797 id
2092 4746 2232 4813 quod

659 4840 808 4901 dicit,
837 4840 1091 4893 Abraham
1116 4853 1328 4908 puerum
1357 4836 1757 4906 nteanthuanti
1772 4836 1994 4890 allectus
2014 4836 2031 4888 ‘?
2053 4840 2232 4905 quanti

662 4930 902 4985 amoris?
930 4929 1039 4985 lloc
1064 4929 1207 4983 enim
1240 4928 1569 4997 potissimum
1592 4937 1856 4982 monstrat
1880 4927 2125 4983 eximiam
2155 4929 2233 4981 di-

661 5023 915 5093 gnitatem
941 5032 995 5076 et
1015 5020 1271 5075 honorem
1298 5020 1437 5087 justo
1459 5019 1773 5075 exhibitum.
1801 5019 2001 5073 Deinde
2024 5019 2074 5072 id
2096 5020 2235 5088 quod

661 5113 926 5177 dicebam,
956 5120 1231 5183 postquam
1263 5111 1415 5176 dixit,
1451 5110 1567 5165 Non
1595 5111 1764 5165 celabo
1794 5127 1811 5165 :
1839 5126 1941 5165 non
1968 5112 2237 5165 statimar-

664 5206 766 5259 fert
789 5214 843 5259 et
867 5202 993 5257 dicit
1021 5202 1162 5271 quod
1187 5213 1299 5257 erat
1331 5203 1558 5257 futurum
1585 5221 1597 5265 ;
1633 5204 1725 5257 sed
1754 5203 1912 5272 quid?
1956 5203 2017 5257 lit
2060 5202 2233 5257 disca-

664 5290 781 5351 tuus
809 5313 911 5351 non
959 5297 1157 5366 absque
1196 5312 1373 5359 causa,
1410 5310 1578 5364 neque
1616 5306 1816 5350 temere
1843 5296 2002 5349 Deum
2036 5306 2237 5350 tantum

663 5405 787 5461 erga
834 5391 979 5444 illum
1014 5388 1287 5442 declarare
1314 5388 1566 5452 studium,
1611 5389 1775 5456 inquit
1808 5407 1817 5439 :
1854 5388 1935 5441 l8.
1986 5390 2239 5442 .tbrahum

665 5491 831 5534 autem
854 5482 1052 5547 futurus
1080 5487 1147 5529 est
1192 5481 1241 5529 in
1277 5488 1470 5547 gentem
1500 5493 1729 5547 magnam
1770 5488 1812 5529 et
1843 5480 2071 5539 multum,
2108 5492 2150 5531 et
2186 5482 2241 5532 in

665 5573 775 5638 ipso
812 5572 1164 5625 benedicentur
1191 5586 1360 5623 omnes
1389 5580 1559 5641 gentes
1597 5582 1759 5624 tet-rte.
1796 5570 1879 5625 19.
1934 5571 2065 5623 .Vovi
2111 5574 2240 5625 enim

670 5668 802 5733 quod
824 5668 1089 5717 constituet
1113 5662 1231 5728 ﬁliis
1258 5674 1302 5714 et
1324 5664 1495 5716 domui
1516 5677 1622 5715 sum
1643 5674 1747 5729 post
1778 5680 1848 5721 se.
1880 5676 1923 5717 et
1962 5668 2240 5717 rustodimt

666 5758 780 5809 vias
822 5758 1023 5811 Domini
1062 5757 1176 5822 Dei,
1222 5766 1273 5807 ut
1320 5758 1505 5826 faciant
1531 5758 1781 5825 justitiam
1823 5758 2159 5826 etjutlwinm,
2194 5771 2241 5809 nt

665 5854 891 5907 oddnatt
920 5851 1161 5905 Dominus
1181 5866 1330 5920 super
1354 5851 1610 5903 Abraham
1638 5852 1804 5902 omnia
1828 5865 2150 5917 qumwmquc
2169 5856 2241 5904 lo-

1408 449 1466 509 8.
1503 449 1780 512 JOANNIS
1813 447 2279 509 CﬂRYSOS‘I‘Olﬂ
2319 450 2631 510 A‘BClllEP.
2673 452 3204 514 COXSTANTINOP.

3821 459 3917 518 383

2351 576 2540 635 quatas
2560 578 2633 623 est
2656 570 2725 623 ad
2749 585 2883 625 am.
2912 570 3090 641 Papae,
3119 579 3315 642 quanta
3342 570 3684 644 benignitatis
3713 569 3917 631 Domini

2350 657 2686 726 magnitudo!
2716 658 2974 728 Quoniam
2995 671 3178 731 postea
3204 662 3516 719 inducturus
3531 673 3647 721 erat
3660 666 3918 723 excidium

2348 745 2725 811 Sodomorum,
2773 765 2913 806 nunc
2961 752 3107 821 prius
3148 754 3507 823 patriarcham
3555 754 3623 809 ad
3677 754 3917 813 ﬁduciam

2346 837 2604 904 concitat,
2631 836 2787 893 simul
2811 839 3138 909 pollicensei
3159 842 3589 899 benedictionem
3612 846 3910 909 maximam.

2348 928 2625 999 ipsumque
2666 929 2717 982 in
2758 943 3003 999 magnam
3044 931 3435 988 multitudinem
3476 934 3710 990 futurum
3758 948 3916 991 esse:

2344 1015 2545 1073 docens
2588 1034 2710 1073 eum
2762 1020 2904 1090 quod
2952 1020 3255 1078 mercedem
3293 1022 3434 1079 hanc
3467 1024 3569 1094 piae
3595 1041 3706 1082 sua
3732 1026 3918 1083 mentis

2342 1119 2660 1179 accepturus
2705 1110 2795 1165 sit.
2839 1111 3023 1184 Cogita
3065 1113 3208 1168 enim
3248 1122 3445 1183 quanta
3494 1114 3564 1170 sit
3610 1116 3916 1185 patriarcha

2342 1200 2531 1267 virtus,
2569 1202 2784 1272 quando
2811 1203 2951 1259 Deus
2971 1203 3099 1261 dicit
3124 1220 3143 1261 :
3171 1204 3294 1261 Scio
3318 1207 3454 1260 enim
3480 1212 3617 1279 quod
3658 1205 3917 1265 constituet

2339 1290 2731 1362 [iliissuispost
2767 1293 3912 1370 se,eteustodientuiasDomiaiDei.lagna

2338 1382 2455 1441 hare
2470 1395 2555 1442 est
2572 1386 2781 1442 virtutis
2802 1386 3071 1443 accessio:
3093 1401 3200 1443 non
3225 1388 3370 1445 enim
3396 1396 3597 1446 tantum
3620 1388 3915 1447 mercedem

2331 1476 2531 1547 accipit
2552 1476 2674 1547 quia
2695 1477 2811 1549 ipse
2836 1477 2971 1534 bene
2989 1478 3131 1549 egit;
3158 1478 3257 1536 sed
3282 1488 3339 1536 et
3361 1480 3487 1551 quia
3512 1483 3765 1552 praecepit
3784 1482 3916 1537 natis

2334 1566 2471 1634 suis,
2502 1567 2674 1639 largas
2701 1567 3077 1625 retributiones
3117 1570 3329 1642 accipit,
3370 1570 3532 1642 idque
3558 1572 3750 1629 merito
3792 1589 3810 1628 :
3839 1571 3913 1629 si-

2335 1656 2549 1727 quidem
2594 1658 2710 1729 ipse
2746 1659 2995 1716 omnibus
3032 1659 3286 1732 deinceps
3323 1661 3581 1733 magister
3631 1672 3687 1718 et
3734 1660 3916 1719 doctor

2332 1750 2522 1805 erasit.
2540 1750 2600 1807 ιε
2622 1752 2764 1808 enim
2787 1752 2876 1823 qui
2900 1752 3219 1824 principium
3250 1754 3455 1825 prabet
3478 1768 3543 1809 ac
3562 1754 3731 1821 initia,
3757 1755 3914 1811 etiam

2334 1854 2519 1896 eorum
2552 1856 2672 1913 quas
2688 1851 2869 1911 postea
2886 1842 3019 1898 llunt
3036 1852 3221 1899 auctor
3253 1853 3360 1899 est.

2405 1930 2459 1986 3.
2498 1931 2566 1986 Et
2588 1930 2710 1988 vide
2738 1931 2946 1988 Domini
2976 1932 3287 1989 bonitatem.
3310 1932 3429 1990 Non
3453 1934 3626 1991 solum
3654 1949 3753 2008 pro
3780 1948 3914 2006 prte-

2334 2020 2489 2076 terita
2520 2022 2736 2089 virtute,
2763 2022 2857 2079 sed
2883 2031 2941 2079 et
2968 2037 3065 2094 pro
3092 2022 3269 2079 futura
3300 2024 3501 2093 justum
3522 2033 3908 2083 remuneratur.

2333 2108 2455 2166 Scio
2480 2111 2635 2177 enim,
2660 2112 2857 2183 inquit,
2880 2114 3017 2183 quod
3039 2113 3305 2168 constituet
3330 2114 3451 2184 ﬁliis
3472 2116 3602 2170 suis.
3631 2113 3911 2183 Quoniam,

2332 2201 2532 2272 inquit,
2586 2204 2817 2273 prznovi
2839 2203 2970 2272 justi
2996 2213 3254 2269 mentem,
3295 2203 3497 2259 idcirco
3525 2206 3913 2261 remuneratio-

2333 2290 2489 2348 nibus
2517 2292 2804 2362 praerenio.
2832 2292 2943 2349 Scit
2985 2294 3128 2349 enim
3168 2293 3347 2350 abdita
3386 2295 3565 2350 cordis
3606 2297 3812 2365 nostri,
3860 2305 3914 2353 et

2331 2383 2545 2449 quando
2585 2385 2742 2441 videt.
2767 2385 3111 2442 consulentes
3141 2396 3197 2441 ut
3220 2395 3433 2457 oportet
3474 2402 3537 2443 ac
3579 2401 3762 2443 sanam
3806 2404 3915 2458 pra

2327 2489 2390 2529 se
2418 2473 2650 2531 ferentes
2673 2485 2930 2542 mentem,
2960 2491 3176 2532 manum
3204 2476 3445 2548 porrigit,
3477 2486 3532 2532 et
3557 2486 3680 2533 ante
3705 2478 3915 2534 labores

2330 2566 2634 2623 mercedem
2666 2566 2869 2634 tribuit,
2919 2568 3209 2625 alacriores
3256 2569 3356 2623 bac
3395 2568 3599 2625 ratione
3630 2568 3910 2625 efﬁciens:

2330 2656 2384 2712 id
2420 2658 2561 2727 quod
2610 2659 2664 2713 in
2704 2658 2864 2729 justis
2904 2661 3151 2715 omnibus
3178 2659 3290 2716 ﬁeri
3318 2659 3573 2716 invenies.
3622 2659 3754 2715 Nam
3793 2675 3911 2715 cum

2330 2747 2464 2802 sciat
2484 2746 2897 2805 imbecillitatem
2922 2748 3169 2805 humanm
3194 2758 3418 2818 naturae,
3436 2760 3496 2806 ut
3522 2765 3629 2806 non
3659 2752 3713 2807 in
3735 2750 3914 2806 arduis

2332 2836 2494 2893 homo
2511 2838 2747 2893 animum
2772 2839 3117 2908 despondeat,
3137 2840 3277 2896 inter
3296 2840 3643 2896 laborandum
3667 2841 3738 2897 ita
3759 2855 3915 2898 suum

2328 2927 2584 2986 auxilium
2619 2937 2675 2984 et
2701 2930 3161 2985 reniunerationes
3185 2931 3405 3001 prabet,
3450 2939 3508 2987 ut
3530 2940 3588 3005 et
3611 2931 3760 2987 labor
3786 2932 3913 2987 sub-

2330 3022 2556 3085 levetur,
2606 3030 2661 3075 et
2708 3018 2883 3073 fervor
2924 3028 3149 3074 crescat.
3205 3018 3341 3075 Noui
3364 3023 3519 3087 enim,
3546 3022 3736 3090 inquit,
3779 3024 3915 3091 quod

2330 3115 2593 3169 constituet
2619 3112 2739 3179 ﬁliis
2765 3112 2888 3169 suis.
2917 3120 2963 3165 et
2984 3113 3269 3166 custodierat
3289 3112 3399 3167 uias
3430 3113 3635 3167 Domini
3656 3112 3770 3167 Dei.
3798 3112 3914 3168 Non

2330 3204 2500 3258 solum
2527 3203 2595 3258 de
2621 3202 2738 3273 ipso
2758 3200 3019 3273 prmdicit,
3035 3200 3329 3264 Constituet.
3357 3202 3448 3259 sed
3470 3213 3524 3258 ct
3542 3202 3612 3259 de
3635 3202 3753 3258 llliis
3776 3202 3914 3273 ejm,

2329 3293 2620 3351 Custodient
2644 3295 2755 3349 vias
2787 3292 2988 3348 Domini
3016 3292 3133 3359 Dei,
3178 3293 3321 3349 Isaac
3346 3304 3399 3349 et
3428 3294 3591 3349 Jacob
3619 3294 3912 3351 insinuans.

2342 3385 2461 3440 Vitis
2506 3384 2729 3449 Domini,
2777 3383 2877 3438 hoc
2903 3392 3006 3449 est,
3056 3384 3384 3441 mandataet
3411 3395 3695 3456 praecepta.
3745 3385 3812 3441 Ut
3838 3391 3921 3457 [o-

2331 3476 2487 3542 ciant,
2529 3476 2716 3544 inquit,
2734 3474 2987 3545 judicium
3018 3483 3068 3529 et
3085 3476 3340 3544 justitiam
3373 3493 3386 3530 :
3420 3474 3550 3531 nihil
3587 3476 3920 3545 prmiorendo

2329 3566 2563 3637 iustitiae,
2614 3574 2669 3622 ct
2710 3565 2937 3623 vivendo
2983 3566 3115 3622 citra
3157 3580 3371 3623 omnem
3412 3565 3744 3637 iujustitiam.
3791 3566 3921 3622 llos:

2333 3660 2478 3716 enim
2516 3659 2752 3715 maxima
2778 3660 2945 3717 virtus
2970 3670 3054 3717 est
3081 3678 3095 3713 :
3126 3670 3407 3730 prepterea
3444 3654 3711 3737 eveniet}
3738 3660 3919 3714 omniia

2333 3765 2453 3821 qua:
2494 3751 2747 3821 loquutus
2774 3760 2857 3805 est
2879 3750 2929 3806 ei
2958 3749 3232 3805 Dominus.
3262 3749 3465 3819 Opinor
3489 3757 3667 3804 autem
3693 3760 3745 3803 et
3771 3748 3919 3803 aliud

2334 3841 2588 3911 quiddam
2622 3841 2942 3912 signiﬁcem,
2966 3854 3094 3896 cum
3132 3840 3263 3894 dicit
3290 3857 3303 3892 :
3332 3840 3589 3893 Ali-altam
3630 3850 3796 3894 autem
3820 3843 3917 3911 [a-

2334 3941 2480 3987 ttmts
2503 3942 2574 3986 est
2606 3933 2657 3986 in
2696 3941 2893 4002 gentem
2930 3946 3169 4001 magnam
3196 3941 3243 3984 et
3274 3932 3486 3985 multum
3517 3946 3536 3985 :
3559 3931 3708 4000 quasi
3736 3930 3919 3987 dicat:

2333 4024 2415 4079 Tu
2442 4023 2657 4094 quidem
2684 4023 2774 4093 qui
2799 4022 3051 4078 virtutem
3080 4020 3419 4090 amplexaris,
3451 4030 3505 4075 et
3532 4021 3667 4076 meis
3704 4022 3919 4078 obtem-

2337 4130 2493 4187 peres
2523 4116 2819 4185 praeceptis,
2842 4114 3302 4181 obedientiamque
3327 4127 3433 4182 pne
3464 4121 3516 4167 te
3545 4111 3668 4175 l'ers,
3705 4112 3758 4167 in
3786 4126 3922 4182 gen-

2340 4220 2447 4265 tem
2485 4222 2731 4278 magnam
2768 4220 2823 4261 et
2847 4207 3068 4261 multam
3093 4205 3198 4260 eris
3230 4224 3241 4257 :
3270 4204 3414 4273 impii
3441 4214 3617 4258 autem
3644 4204 3721 4259 illi
3749 4204 3926 4260 Sodo-

2338 4314 2549 4353 morum
2608 4297 2881 4367 rcgionem
2930 4293 3282 4349 inhabitantes
3322 4293 3656 4361 disperibunt
3705 4306 3918 4350 omnes.

2334 4389 2471 4445 Nam
2509 4389 2647 4445 sicut
2690 4390 2857 4443 virtus
2894 4386 3082 4441 salutis
3108 4400 3267 4440 causa
3292 4394 3376 4439 est
3408 4400 3526 4440 eam
3554 4384 3921 4453 operantibus,

2339 4482 2412 4536 ita
2436 4490 2488 4536 et
2513 4481 2709 4535 malitia
2736 4479 2999 4534 interitus.
3028 4476 3196 4532 Porro
3226 4483 3504 4547 postquam
3533 4474 3922 4531 benedictioni-

2340 4574 2439 4628 bus
2466 4584 2519 4628 et
2549 4572 2789 4628 laudibus
2815 4569 3061 4625 ﬁduciam
3080 4569 3337 4638 majorem
3365 4566 3566 4620 addidit
3591 4566 3757 4634 justo,
3782 4566 3923 4621 inci-

2339 4666 2413 4735 pit
2452 4664 2504 4719 id
2548 4663 2688 4734 quod
2731 4664 2971 4717 dicturus
3015 4668 3150 4725 erat,
3182 4669 3235 4713 et
3258 4658 3332 4711 ait
3357 4675 3371 4711 :
3398 4657 3488 4711 20.
3523 4656 3725 4712 Clamor
3752 4658 3929 4713 Sodo-

2341 4772 2535 4810 morum
2582 4764 2627 4809 et
2674 4753 2970 4809 Comorrhc
3007 4749 3366 4820 multiplicatus
3401 4758 3477 4803 est
3517 4749 3655 4817 apud
3698 4765 3811 4815 me,
3873 4758 3927 4804 es

2342 4856 2542 4914 peccata
2566 4858 2737 4897 eorum
2762 4857 2945 4912 magna
2960 4839 3124 4894 valde.
3146 4838 3235 4893 2|.
3256 4837 3383 4894 Cum
3410 4838 3563 4910 igitur
3592 4837 3921 4905 descendere,

2341 4938 2511 4989 videbo
2534 4944 2705 4988 utrum‘
2722 4936 2871 5003 juxta
2895 4933 3166 4985 clamorem
3190 4930 3437 5000 ipsorum,
3472 4930 3558 4999 qui
3584 4930 3653 4983 ad
3672 4946 3750 4984 me
3768 4930 3926 4998 venit,

2346 5028 2633 5095 per/icium,
2677 5042 2761 5077 nec
2807 5041 2884 5085 ne,
2940 5033 2993 5075 ut
3039 5025 3214 5076 sciam.
3263 5020 3540 5075 Terribilia
3586 5021 3767 5075 verba.
3806 5019 3933 5075 ςια-

2344 5137 2472 5185 mor,
2527 5118 2719 5184 inquit,
2771 5116 3109 5168 Sodomorum
3151 5124 3195 5163 et
3238 5110 3550 5165 (Ionian-lim.
3581 5110 3835 5179 Quamvis
3875 5121 3934 5167 et

2345 5211 2457 5262 alia:
2508 5208 2744 5259 civitates
2788 5203 2943 5256 simul
2994 5204 3267 5271 perierint,
3320 5201 3412 5255 sed
3449 5201 3567 5269 quia
3599 5203 3679 5255 hic
3713 5201 3934 5258 fuerunt

2349 5304 2624 5357 clariores.
2677 5302 2814 5364 ipsas
2853 5296 3027 5348 solum
3062 5295 3515 5348 commemoravit.
3556 5293 3936 5364 .llultiplicatns

2342 5404 2413 5446 est
2440 5396 2573 5457 apud
2605 5405 2697 5450 me,
2732 5400 2773 5438 ιι
2804 5398 3006 5453 peccata
3034 5401 3204 5437 eorum
3231 5400 3413 5453 magna
3444 5384 3603 5438 valde.
3636 5384 3765 5441 Vide
3791 5402 3932 5454 quo-

2348 5486 2502 5535 ῖηοιὶη
2530 5482 2663 5533 mnia
2691 5487 3090 5531 euocarentur.
3122 5474 3234 5528 Non
3260 5476 3430 5528 solum
3466 5491 3651 5544 magna
3681 5484 3764 5530 est
3794 5476 3937 5529 llltti-

2352 5574 2515 5626 titndo
2580 5572 2859 5631 clamoris,
2908 5567 3001 5621 sed
3055 5568 3213 5620 etiam
3246 5566 3535 5633 iujustitize.
3592 5566 3726 5621 Nam
3772 5566 3937 5635 illud,

2350 5666 2547 5717 Clamor
2590 5662 2926 5721 Sodomorum
2974 5668 3016 5711 et
3059 5658 3356 5711 Gomorrltte
3406 5659 3764 5727 multiplicatus
3813 5670 3936 5727 est,

2350 5771 2533 5823 opnmr
2572 5756 2902 5822 signiﬁcare.
2936 5752 3075 5819 ipsos
3106 5766 3225 5802 cum
3267 5749 3598 5804 inenarrabili
3628 5760 3683 5805 et
3720 5752 3941 5806 veniam

2352 5849 2546 5902 nullam
2592 5832 2830 5899 merente
2875 5843 3147 5912 iniquitate
3194 5843 3383 5897 multas
3432 5844 3589 5897 etiam
3646 5844 3940 5913 ininstttias
