4124 6474
318 524 452 579 alias
503 521 813 580 esbiltuisse
843 538 857 577 :
886 529 941 579 et
973 520 1327 578 insurresisse
1354 517 1683 592 potentiores
1714 526 1904 574 contra

319 612 687 681 Invalidiores,
737 612 1059 683 ditioresque
1102 621 1288 668 contra
1334 625 1615 682 pauperes.
1678 606 1909 665 Proinde

317 718 426 759 non
455 703 651 770 solum,
692 703 881 774 inquit,
925 717 1150 773 magnus
1192 711 1309 757 erat
1353 702 1596 771 planctus
1635 699 1906 766 clamoris,

318 790 417 848 sed
438 802 493 848 et
521 802 736 863 peccata
760 794 999 863 ipsorum
1025 805 1133 846 non
1162 791 1398 862 vulgaria
1442 789 1611 857 fuere,
1658 788 1754 845 sed
1796 803 1910 843 ma-

314 895 445 953 gna,
491 891 650 953 atque
693 882 947 952 ingentia.
997 880 1273 937 Insolitum
1313 881 1459 937 enim
1483 878 1777 951 iniquitatis
1801 892 1909 933 mo-

315 970 449 1026 dum
486 970 953 1041 excogitaverunt,
982 978 1040 1027 et
1080 970 1285 1027 alienas
1332 979 1386 1027 et
1429 969 1644 1025 illicitas
1681 967 1906 1023 coeundi

315 1061 467 1133 leges
513 1062 847 1119 invenerunt.
894 1064 1071 1133 Atque
1109 1072 1254 1119 tanta
1298 1071 1416 1118 erat
1456 1060 1671 1117 malitia:
1717 1061 1909 1132 procli-

312 1155 475 1221 vitas,
524 1162 582 1209 ut
620 1169 811 1210 omnes
856 1155 1001 1211 omni
1044 1156 1186 1210 malo
1232 1154 1587 1225 replerentur,
1628 1164 1681 1209 et
1707 1152 1906 1208 nullam

313 1252 507 1315 postea
556 1246 945 1302 correctionem
991 1245 1371 1313 admitterent,
1432 1247 1682 1317 dignique
1727 1255 1907 1301 essent

312 1328 424 1405 qui
464 1337 675 1406 penitus
713 1334 1058 1392 abolerentur
1098 1355 1114 1392 :
1160 1352 1335 1408 neque
1385 1337 1532 1392 enim
1584 1337 1905 1393 incurabiles

310 1426 527 1482 illorum
553 1428 722 1483 morbi
752 1428 991 1485 medicos
1014 1427 1276 1485 ferebant.
1303 1429 1495 1484 Postea
1520 1428 1719 1484 docens
1746 1443 1906 1483 omne

310 1518 592 1576 hominum
620 1536 809 1592 genus,
853 1522 979 1578 licet
1006 1538 1197 1593 magna
1227 1520 1386 1577 valde
1412 1532 1469 1577 et
1496 1522 1768 1592 explorata
1799 1520 1905 1575 sint

313 1623 551 1681 peccata,
578 1625 683 1666 non
704 1622 859 1668 antea
889 1621 1065 1668 tamen
1088 1612 1535 1683 pronuntiandam
1559 1612 1903 1678 sententiam,

310 1718 471 1771 quam
516 1704 811 1760 manifesta:
858 1705 1200 1775 probationes
1241 1704 1447 1772 adsint,
1492 1704 1664 1775 inquit
1713 1721 1727 1758 :
1770 1702 1900 1758 Cum

308 1795 634 1863 ducendae,
682 1797 857 1851 videbo
912 1807 1080 1851 utrum
1113 1799 1269 1868 juxta
1317 1797 1588 1851 clamorem
1636 1796 1860 1865 ipsorum
1884 1834 1900 1860 ,

309 1888 400 1956 qui
443 1887 511 1940 ad
556 1903 637 1942 nte
678 1888 829 1954 venit,
867 1888 1150 1959 perficiant,
1196 1902 1369 1952 necne,
1421 1896 1474 1940 ut
1502 1887 1680 1940 sciam.

386 1978 508 2032 Non
554 1989 671 2034 sunt
722 1980 901 2033 auditu
948 1981 1057 2033 solo
1101 1978 1475 2033 condemnandi
1522 1978 1615 2031 rei.
1658 2006 1731 2017 â€”
1768 1976 1904 2043 Quid

310 2068 416 2123 sibi
462 2069 593 2134 vult,
633 2078 688 2125 et
733 2084 830 2125 cur
874 2084 1179 2124 sermonem
1229 2084 1385 2124 suum
1429 2070 1498 2123 ita
1548 2068 1905 2140 attemperat?

310 2158 441 2213 Cum
467 2160 786 2225 descendere,
822 2160 1010 2229 inquit,
1059 2160 1253 2214 videbo.
1283 2160 1547 2231 Numquid
1586 2160 1653 2215 de
1693 2161 1811 2215 loco
1851 2162 1903 2215 in

311 2247 488 2303 locum
535 2251 725 2305 transit
776 2250 1145 2306 universorum
1192 2250 1489 2306 Dominus?
1558 2251 1731 2306 Absit.
1786 2251 1902 2307 Non

310 2338 417 2396 hoc
456 2336 557 2396 sibi
604 2342 752 2407 vult;
806 2341 901 2397 sed
951 2350 1006 2395 ut
1054 2341 1184 2409 dixi,
1216 2340 1464 2397 crassiori
1515 2354 1765 2398 sermme
1806 2357 1904 2397 nos

310 2431 590 2487 instituere
632 2433 812 2501 cupit,
872 2447 1061 2503 magna
1114 2446 1248 2501 opus
1293 2445 1415 2486 esse
1460 2431 1729 2501 diligentia
1784 2448 1797 2484 :
1850 2440 1904 2487 et

310 2536 420 2577 non
478 2522 658 2578 auditu
713 2525 829 2578 solo
894 2534 1201 2593 peccatores
1260 2523 1697 2579 condemnandos
1742 2538 1899 2593 esse,

310 2628 487 2684 neque
514 2615 832 2669 sententiam
862 2613 1153 2680 ferendam,
1200 2614 1312 2669 nisi
1358 2614 1726 2683 comprobatio
1755 2630 1897 2686 pra:-

308 2703 486 2760 cedat.
542 2704 834 2760 Audiamus
860 2705 974 2760 haec
999 2719 1207 2760 omnes.
1236 2704 1351 2761 Non
1380 2705 1524 2761 enim
1552 2707 1727 2761 solum
1754 2707 1787 2761 ii
1813 2708 1902 2776 qui

313 2808 415 2864 pro
440 2792 693 2849 tribunali
732 2795 940 2861 sedent,
984 2796 1278 2852 observare
1307 2796 1447 2851 hanc
1481 2797 1655 2867 legem
1681 2797 1898 2864 debent,

312 2887 409 2944 sed
440 2898 495 2943 et
524 2888 702 2943 nullus
741 2904 992 2960 umquam
1022 2888 1091 2945 ob
1118 2888 1315 2944 nudam
1355 2892 1750 2946 accusationem
1775 2906 1902 2960 pro-

312 2979 513 3035 simum
546 2980 886 3037 condemnet.
938 2980 1142 3036 Idcirco
1175 2982 1321 3036 enim
1345 2988 1399 3036 et
1428 2990 1547 3051 post
1572 2981 1687 3036 haec
1714 2982 1902 3037 beatus

310 3069 488 3126 lloses
522 3070 721 3143 Spiritu
752 3081 938 3127 sancto
966 3069 1177 3125 amatus
1200 3070 1481 3135 admonet,
1527 3071 1714 3127 dicens
1741 3088 1757 3124 :
1791 3072 1897 3125 Au-

309 3163 474 3217 ditum
507 3179 692 3217 vanum
731 3180 795 3218 ne
837 3162 1059 3234 accipias
1107 3161 1323 3234 (Exod.
1348 3162 1440 3217 23.
1469 3163 1495 3217 1
1520 3160 1565 3231 ).
1607 3161 1676 3216 Et
1717 3162 1903 3219 beatus

310 3251 529 3319 Paulus,
582 3253 845 3319 scribens,
892 3252 1158 3308 clamabat
1190 3270 1204 3306 :
1234 3250 1312 3305 Tu
1352 3260 1521 3307 autem
1571 3268 1666 3306 cun
1694 3254 1903 3323 judicas

310 3345 520 3414 fratrem
547 3353 690 3397 tuum
736 3342 913 3413 (Rom.
943 3343 1029 3397 l4.
1059 3342 1191 3411 10)?
1217 3341 1460 3397 Christus
1503 3358 1716 3413 quoque
1759 3358 1900 3413 pra:-

308 3432 515 3503 cipiens
555 3432 828 3501 discipulis
854 3434 986 3497 suis,
1018 3441 1072 3486 et
1095 3432 1295 3487 docens
1323 3430 1632 3485 Iudaeorum
1660 3433 1902 3486 multitu-

309 3523 513 3589 dinem,
557 3524 761 3580 scribas
796 3538 1007 3590 eorum,
1038 3532 1093 3578 et
1122 3522 1442 3588 Pharismos,
1480 3521 1671 3589 Nolite,
1710 3524 1900 3594 inquit,

307 3613 563 3685 iudicare,
602 3627 656 3670 ut
694 3632 796 3670 non
819 3615 1124 3687 judicentini
1165 3614 1380 3688 (Matth.
1414 3616 1467 3669 7.
1502 3616 1573 3686 l).
1599 3614 1707 3670 Cur
1734 3618 1898 3682 enim,

310 3705 503 3778 inquit,
549 3716 675 3763 ante
718 3715 927 3777 tempus
965 3707 1174 3763 invadis
1215 3706 1412 3778 judicis
1442 3707 1568 3777 jus?
1610 3723 1708 3764 cur
1758 3723 1899 3778 prce-

311 3799 466 3855 venis
492 3799 632 3854 diem
660 3799 809 3855 illum
839 3797 1166 3855 terribilem?
1198 3798 1289 3854 Vis
1309 3798 1473 3868 judex
1503 3800 1671 3855 esse?
1716 3798 1900 3855 Judica

312 3890 681 3959 temetipsum,
720 3899 781 3945 et
805 3898 893 3945 tua
920 3889 1134 3945 deticta.
1162 3889 1349 3945 Nullus
1373 3900 1455 3945 est
1480 3891 1571 3961 qui
1595 3898 1758 3946 vetet.
1814 3890 1903 3946 Sic

312 3980 459 4035 enim
498 3989 557 4035 et
594 3991 810 4050 peccata
840 3990 925 4035 tua
952 3980 1284 4047 emendabis,
1313 3989 1368 4037 et
1396 3981 1527 4037 nihil
1556 3998 1629 4037 ex.
1668 3981 1771 4037 hoc
1821 3985 1902 4037 in-

312 4069 580 4126 commodi
618 4070 817 4141 capies.
846 4070 999 4140 Quod
1028 4070 1075 4125 si
1101 4071 1302 4127 relictis
1327 4071 1488 4127 rebus
1512 4071 1617 4127 tuis
1649 4072 1805 4128 sedes
1832 4072 1901 4127 ad

310 4158 657 4231 jndicandum
690 4159 846 4227 alios,
894 4159 1127 4230 majores
1153 4168 1207 4215 te
1233 4160 1327 4215 tibi
1357 4160 1457 4230 ipsi
1482 4160 1735 4231 colligere
1774 4176 1904 4231 pec-

314 4256 556 4305 catorum
587 4250 825 4307 sarcinas
850 4264 956 4306 non
984 4250 1171 4306 sentis.
1202 4250 1427 4316 Idcirco,
1458 4250 1706 4317 obsecro,
1738 4250 1904 4323 fugia-

316 4352 436 4395 mus
458 4341 675 4394 omnino
696 4355 731 4395 a
754 4339 1172 4396 condemnandis
1198 4340 1339 4395 aliis.
1381 4339 1515 4395 Nam
1551 4342 1651 4397 etsi
1676 4340 1905 4411 judicia-

315 4432 411 4488 Ï„á½·Ï‰
441 4432 716 4501 potestatis
752 4446 859 4487 non
896 4431 972 4486 sis
1014 4431 1314 4502 particeps,
1373 4440 1607 4489 attamen
1651 4434 1903 4503 judieasti

318 4529 521 4587 mente,
546 4528 601 4575 et
626 4529 846 4591 peccato
886 4519 1055 4575 fecisti
1092 4530 1143 4577 te
1167 4521 1479 4590 obnoxium,
1520 4523 1735 4593 quando
1762 4525 1904 4579 nulla

316 4609 772 4665 demonstratione
807 4619 1058 4679 accepta,
1107 4610 1203 4665 sed
1243 4626 1616 4681 smpenumero
1656 4612 1769 4668 sola
1813 4628 1903 4669 su-

316 4703 578 4774 spicione,
598 4711 654 4758 et
670 4702 813 4757 tenui
840 4704 1179 4758 accusatione
1202 4703 1549 4760 condemnas.
1568 4704 1906 4776 Quapropter

317 4794 511 4851 beatus
544 4793 711 4850 David
739 4794 1001 4850 clamabat
1037 4794 1220 4850 dicens
1264 4813 1277 4849 :
1312 4794 1671 4850 Detmhentem
1715 4806 1905 4853 secreto

319 4888 552 4959 proximo
588 4902 701 4950 suo,
742 4887 877 4941 hunc
915 4887 1245 4958 persequebar
1282 4887 1455 4958 (Psal.
1503 4887 1625 4944 100.
1662 4886 1737 4958 5).

390 4977 445 5032 Î¹.
485 4975 677 5031 Aliena
700 4979 853 5047 fama
877 4976 1205 5046 parcendum.
1227 5006 1300 5016 â€”
1316 4975 1503 5032 Vidisti
1528 4977 1738 5033 virtutis
1767 4978 1907 5033 emi-

318 5067 554 5123 nentiam
574 5068 599 5119 ?
630 5066 747 5121 Non
772 5067 946 5122 solum
976 5082 1079 5120 non
1102 5066 1391 5136 recipiebat
1419 5083 1537 5137 quae
1564 5067 1901 5135 dicebantur,

319 5155 419 5213 sed
445 5165 500 5211 et
517 5155 765 5227 abigebat
790 5155 1054 5210 volentem
1074 5156 1222 5211 fratri
1252 5171 1350 5212 suo
1373 5156 1709 5213 maledicere.
1742 5158 1909 5230 Igitur

318 5250 366 5305 si
413 5258 468 5304 et
513 5262 612 5304 nos
656 5254 875 5318 peccata
916 5256 1097 5302 nostra
1131 5248 1450 5305 imminuere
1476 5250 1747 5317 volumus,
1803 5250 1908 5305 hoc

320 5338 557 5395 maxime
596 5338 837 5393 omnium
882 5352 1179 5405 servemus,
1221 5354 1321 5394 nec
1359 5338 1780 5396 condemnemus
1804 5341 1907 5395 fra-

322 5439 437 5486 tres
459 5438 690 5493 nostros,
720 5442 893 5498 neque
917 5427 1202 5484 detrahere
1226 5429 1501 5498 cupientes
1527 5430 1906 5487 admittamus:

322 5522 436 5578 imo
460 5520 751 5577 secundum
777 5520 1087 5589 prophetam
1108 5519 1402 5590 abigamus,
1429 5529 1483 5576 et
1512 5522 1730 5577 omnino
1758 5536 1910 5577 aver-

327 5626 526 5670 satur.
549 5611 663 5667 Hoc
679 5611 824 5667 enim
852 5610 1042 5680 opinor
1059 5620 1115 5666 et
1142 5610 1456 5681 prophetam
1488 5611 1687 5668 Mesem
1708 5612 1911 5668 insinu-

314 5713 441 5771 are,
477 5714 601 5758 cum
636 5700 797 5758 dicit:
825 5699 1067 5755 Auditum
1110 5717 1293 5755 canunt
1333 5716 1395 5755 ne
1426 5702 1676 5772 acceperis
1714 5700 1912 5772 (Exod.

328 5797 433 5856 23o
465 5789 543 5865 l).
578 5790 779 5851 Etbac
810 5789 878 5851 de
910 5791 1273 5850 causaetiam
1315 5805 1462 5849 nunc
1497 5791 1755 5851 Dominus
1803 5798 1913 5847 tam

1337 405 1403 462 IN
1439 403 1589 464 CAP.
1631 397 1817 459 XVIII.
1858 396 2101 458 GENES.
2134 395 2365 453 IlOMIL.
2404 394 2566 453 XLII.

3484 393 3599 451 590

2015 528 2199 570 crasso
2243 529 2492 571 sermone
2548 529 2677 571 usus
2722 523 2806 571 cst
2860 514 2918 572 in
2962 514 3246 573 utilitatem
3309 516 3606 573 animamus

2012 616 2337 661 nostrarum.
2367 605 2503 662 Dicit
2522 608 2667 662 enim
2700 623 2716 661 :
2744 606 2872 661 Cum
2894 606 3202 663 descendere
3223 607 3617 674 autau,sidebo.

2010 695 2121 751 Cur
2168 696 2354 752 enim?
2396 695 2532 751 Num
2592 695 2897 752 nesciebat?
2953 696 3303 768 ignorabatne
3358 708 3608 769 peccato-

2011 802 2131 842 rum
2174 787 2640 858 magnitudinem?
2680 802 2748 842 an
2785 787 3059 844 nesciebat
3100 788 3282 861 lapsos
3308 791 3605 846 correctio-

2012 891 2135 932 nem
2164 892 2273 932 non
2298 878 2688 946 susceptums?
2730 878 2903 934 Absit.
2949 879 3147 935 Verum
3188 881 3341 953 quasi
3386 881 3604 937 satisfa-

2010 968 2243 1025 ctionem
2270 969 2553 1040 quamdam
2590 970 2744 1025 aï¬‚'ert
2791 972 2856 1027 iis
2893 972 2982 1042 qui
3008 972 3233 1043 posthac
3265 973 3609 1045 impudenter

2010 1074 2265 1117 accusare
2314 1063 2521 1130 volent,
2574 1072 2629 1119 et
2655 1064 3001 1119 monstrando
3026 1079 3211 1120 eorum
3250 1066 3603 1136 pervicaciam

2009 1161 2064 1207 et
2100 1154 2309 1209 virtutis
2343 1155 2619 1226 penuriam
2640 1196 2656 1222 ,
2708 1164 2853 1209 tanta
2884 1171 3011 1211 usus
3042 1166 3124 1213 est
3148 1160 3421 1229 patientia.
3466 1160 3601 1217 Por-

2012 1246 2167 1301 tassis
2193 1255 2371 1301 autem
2401 1262 2508 1302 non
2536 1255 2756 1317 propter
2779 1248 2881 1303 hoc
2905 1248 3101 1315 solum,
3151 1250 3248 1306 sed
3290 1260 3346 1306 et
3372 1260 3430 1306 ut
3458 1252 3607 1321 justo

2009 1337 2165 1392 detur
2190 1339 2402 1393 occasio
2426 1338 2733 1394 declarandi
2772 1349 3003 1394 mentem
3039 1355 3190 1395 suam
3223 1341 3609 1399 misericordia

2009 1430 2244 1500 plenam,
2292 1439 2344 1485 et
2371 1430 2509 1485 bene
2532 1431 2587 1485 in
2612 1430 2745 1485 alios
2774 1430 3040 1486 affectam.
3085 1433 3278 1503 Angeli
3321 1434 3498 1503 enim,
3546 1444 3608 1493 ut

2008 1520 2141 1586 dixi,
2190 1520 2433 1583 abierant
2480 1522 2537 1577 in
2581 1520 2814 1577 Sodoma
2866 1522 3443 1593 (v.22):patriarcba
3479 1540 3608 1582 vero

2008 1612 2189 1668 stabit
2235 1628 2417 1667 coram
2463 1612 2691 1667 Domino
2735 1630 2749 1666 :
2796 1612 2886 1668 23.
2934 1613 3001 1667 Et
3046 1623 3101 1667 ut
3146 1616 3607 1685 appropinquavit,

2009 1702 2198 1771 inquit,
2222 1702 2502 1769 Abraham,
2542 1703 2670 1756 dixit
2698 1719 2717 1756 :
2746 1701 3012 1772 Numquid
3032 1705 3209 1774 perdes
3230 1706 3383 1759 simul
3406 1707 3608 1775 justum

2009 1807 2133 1845 cunt
2160 1792 2341 1858 impio,
2388 1801 2434 1845 et
2473 1792 2569 1846 erit
2586 1793 2761 1863 justus
2801 1793 2929 1846 sicut
2967 1794 3201 1862 impius?
3237 1795 3282 1850 ÎŸ
3328 1796 3457 1864 justi
3506 1796 3606 1851 viri

2009 1879 2291 1935 ï¬duciam!
2326 1882 2453 1947 imo,
2499 1899 2533 1936 Î¿
2576 1893 2769 1953 quanta
2812 1885 2974 1937 animi
3016 1887 3443 1941 commiseratio!
3472 1903 3605 1957 quo-

2007 1972 2170 2026 modo
2212 1974 2692 2028 commiserationis
2722 1974 2980 2029 ebrietate
3008 1986 3257 2045 gravatus
3285 1978 3452 2032 nescit
3476 1979 3603 2048 quid

2008 2062 2169 2116 dicat.
2206 2062 2272 2117 Et
2301 2063 2593 2118 OSIendens
2622 2063 2798 2118 divina
2828 2064 3131 2135 Scriptum,
3188 2068 3361 2134 ipsum
3412 2085 3606 2141 magno

2010 2154 2201 2210 timore
2221 2164 2275 2210 et
2305 2166 2538 2211 tremore
2564 2170 2751 2225 preces
2778 2155 3032 2222 fundere,
3063 2158 3137 2212 ait
3166 2175 3179 2211 :
3216 2158 3285 2213 Ut
3324 2164 3603 2231 apprOpinâ€”

2007 2245 2177 2315 quarit
2215 2248 2491 2312 Abraham,
2536 2248 2666 2302 dixit
2692 2263 2715 2326 Î¾
2740 2246 3007 2318 Numquid
3033 2252 3211 2321 perdes
3239 2252 3393 2305 simul
3405 2255 3606 2322 justum

2007 2352 2121 2389 cum
2144 2337 2495 2408 impio?Qu3d
2525 2337 2674 2403 facis,
2707 2354 2739 2393 Î¿
2763 2339 2918 2423 beate
2944 2341 3277 2410 patriarcha?
3304 2344 3441 2411 Quid
3471 2360 3606 2415 opus

2009 2428 2171 2483 habet
2210 2438 2297 2485 tua
2336 2432 2715 2503 deprecatione
2746 2434 3021 2499 Dominus,
3076 2444 3134 2489 ut
3174 2453 3242 2493 ne
3278 2438 3381 2493 hoc
3411 2439 3605 2495 faciat?

2009 2519 2207 2577 Verum
2248 2514 2315 2578 ne
2355 2524 2455 2579 hoc
2498 2525 2797 2595 cogitemus
2833 2540 2980 2581 :non
3022 2528 3165 2582 enim
3193 2529 3344 2599 quasi
3375 2530 3605 2586 Domino

2010 2610 2113 2667 hoc
2142 2610 2343 2666 facturo
2376 2611 2522 2681 dicit,
2566 2614 2660 2669 sed
2690 2616 2813 2683 quia
2846 2615 3127 2671 manifeste
3166 2629 3387 2693 propter
3418 2620 3601 2677 fratris

2009 2700 2175 2755 filium
2203 2699 2383 2756 dicere
2406 2716 2513 2757 non
2542 2702 2810 2771 audebat,
2856 2719 3170 2761 communes
3213 2721 3311 2776 pro
3351 2708 3606 2765 omnibus

2006 2790 2181 2847 fundit
2222 2806 2430 2863 preces,
2472 2795 2657 2850 volens
2694 2810 2816 2851 cum
2864 2797 2984 2852 aliis
3028 2806 3083 2853 et
3134 2796 3277 2854 hunc
3342 2814 3600 2866 servare,

2005 2893 2063 2940 et
2109 2898 2232 2941 cum
2268 2884 2371 2941 hoc
2398 2886 2560 2943 etiam
2589 2888 2722 2943 alios
2752 2888 2961 2958 eripere
2990 2906 3004 2943 :
3039 2888 3331 2960 incipitque
3366 2894 3603 2962 patroci-

2008 2975 2146 3041 nari,
2194 2990 2256 3030 ac
2303 2976 2430 3030 dicit
2476 2993 2489 3031 :
2539 2975 2631 3033 24.
2662 2976 2724 3033 Si
2754 2978 2944 3051 fuerint
2979 2981 3347 3051 quinquaginta
3373 2983 3508 3053 justi
3551 2984 3605 3039 iu

2007 3065 2224 3133 civitate,
2269 3084 2388 3120 num
2414 3066 2594 3125 perdes
2632 3083 2715 3123 eos
2731 3069 2757 3121 ?
2782 3067 2905 3122 Non
2924 3087 3103 3139 parces
3146 3074 3237 3126 toti
3261 3072 3372 3128 loco
3398 3084 3605 3145 prapter

2006 3157 2370 3227 quinquaginta
2399 3158 2600 3225 justas,
2630 3159 2673 3213 si
2712 3159 2899 3213 inventi
2940 3162 3132 3231 fuerint
3166 3162 3217 3216 in
3247 3165 3349 3218 ea?
3372 3164 3462 3220 25.
3490 3164 3603 3221 Nec

2006 3262 2258 3315 quaquam
2303 3249 2462 3319 facies
2498 3250 2709 3305 uerbum
2760 3250 2875 3316 hoc,
2921 3260 2973 3304 ut
3018 3252 3223 3309 occidas
3251 3254 3454 3325 justum
3491 3274 3606 3312 cuna

2006 3336 2190 3409 impio,
2238 3346 2284 3391 et
2312 3339 2375 3392 sit
2387 3340 2565 3411 justus
2586 3341 2715 3395 sicut
2742 3341 2950 3410 impius.
2988 3340 3349 3413 Nequaquam.
3384 3346 3488 3414 Qui
3513 3349 3607 3419 ju-

2007 3427 2146 3480 dicas
2182 3444 2381 3481 onmem
2404 3438 2611 3495 terram,
2648 3446 2747 3484 non
2776 3432 2933 3500 facies
2966 3432 3271 3500 judicium?
3308 3433 3442 3491 Vide
3472 3452 3605 3506 quo-

2008 3517 2167 3571 modo
2212 3527 2268 3571 et
2304 3518 2355 3571 in
2409 3517 2511 3574 hac
2553 3522 2797 3574 oratione
2829 3534 2981 3574 suam
3022 3522 3343 3592 religiosam
3363 3535 3419 3580 et
3461 3528 3603 3597 piam

2007 3617 2242 3665 mentem
2290 3610 2566 3675 declarat,
2622 3620 2676 3665 et
2716 3610 2953 3681 iudicem
2994 3616 3172 3669 omnis
3222 3624 3380 3672 terra:
3431 3618 3606 3675 conli-

2009 3707 2170 3766 tetur,
2243 3710 2599 3771 precaturque
2646 3716 2714 3757 ne
2761 3711 2946 3773 pereat
2986 3703 3164 3772 justus
3208 3720 3331 3761 cum
3380 3708 3606 3777 injusto.

2009 3791 2196 3848 Postea
2228 3794 2373 3849 mitis
2398 3803 2454 3849 et
2491 3793 2755 3865 benignus
2802 3795 3059 3851 Dominus
3106 3799 3295 3853 annuit
3339 3800 3604 3869 petitioni,

2008 3890 2063 3939 et
2111 3882 2242 3938 dicit
2282 3901 2296 3938 :
2348 3882 2509 3940 Facio
2554 3883 2606 3939 id
2645 3884 2771 3955 quid
2796 3884 2997 3950 dixisti,
3028 3894 3082 3941 et
3110 3888 3314 3959 accipio
3338 3899 3482 3945 tuam
3511 3905 3609 3962 pe-

2012 3974 2273 4029 titionem.
2317 3973 2408 4030 26.
2462 3973 2525 4031 Si
2584 3976 2904 4030 invenientur
2957 3976 3327 4049 quinquaginta
3374 3980 3510 4051 justi
3550 3981 3609 4037 in

2009 4067 2226 4133 civitate,
2272 4076 2482 4137 propter
2508 4066 2627 4123 illos
2678 4084 2887 4139 parcant
2929 4070 3021 4124 toti
3060 4070 3194 4127 loco.
3258 4072 3407 4129 Dabo
3456 4073 3561 4132 hoc
3585 4116 3604 4143 ,

2010 4158 2199 4229 inquit,
2242 4160 2622 4230 quinquaginta
2640 4160 2824 4230 justis,
2854 4160 2901 4216 si
2930 4161 3135 4217 inventi
3158 4161 3381 4230 fuerint,
3404 4175 3459 4221 et
3483 4166 3607 4223 aliis

2008 4251 2233 4305 salutem
2284 4251 2626 4319 impertiam,
2683 4261 2739 4307 et
2780 4252 3093 4323 petitionem
3144 4262 3288 4310 tuam
3346 4257 3603 4328 implebo.

2013 4339 2209 4397 Verum
2264 4340 2539 4397 videamus
2572 4342 2774 4412 justum
2827 4342 3014 4410 illum,
3073 4346 3346 4413 quomodo
3390 4359 3607 4421 arrepta

2012 4430 2228 4498 fiducia,
2261 4440 2315 4486 ct
2338 4430 2515 4502 agnita
2542 4431 2827 4487 clementia
2869 4431 3002 4499 Dei,
3052 4433 3243 4489 iterum
3278 4435 3437 4492 aliam
3467 4440 3607 4507 peti-

2012 4522 2214 4578 tionem
2260 4521 2435 4587 affert,
2482 4527 2536 4577 et
2578 4522 2749 4591 inquit
2798 4539 2813 4575 :
2856 4522 2947 4577 27.
2997 4521 3156 4577 Nunc
3195 4526 3326 4596 carpi
3363 4526 3503 4598 loqui
3539 4529 3613 4583 ad

2012 4612 2290 4667 Dominum
2338 4628 2526 4674 meum,
2561 4626 2656 4682 ego
2700 4621 2869 4665 autem
2918 4628 3031 4666 sunt
3077 4622 3212 4669 terra
3254 4625 3304 4670 et
3329 4617 3480 4674 cinis.
3529 4618 3610 4675 Nc

2012 4713 2185 4773 putes,
2236 4702 2425 4772 inquit,
2482 4701 2736 4767 Domine,
2787 4716 2875 4757 me
2922 4702 3170 4774 ignorare
3212 4706 3500 4777 meipsum,
3556 4721 3613 4765 et

2014 4791 2313 4865 transgredi
2362 4807 2669 4847 mensuram
2695 4832 2711 4857 ,
2767 4799 2829 4847 et
2876 4800 3020 4846 tanta
3065 4793 3139 4848 uti
3195 4793 3409 4853 ï¬ducia.
3481 4798 3611 4855 Scio

2013 4887 2180 4951 enim,
2230 4898 2318 4938 me
2366 4892 2565 4938 terram
2604 4896 2726 4938 esse
2778 4890 2835 4938 et
2876 4883 3113 4940 cinerem
3146 4886 3279 4942 :sed
3325 4886 3464 4943 sicut
3508 4887 3613 4946 hoc

2013 4974 2145 5040 scio,
2176 4982 2230 5029 et
2254 4971 2535 5028 manifeste
2562 4972 2696 5037 scio,
2726 4971 2797 5027 ita
2827 4987 3004 5043 neque
3038 4974 3168 5030 illud
3196 4976 3403 5047 ignoro,
3428 4980 3617 5050 copia.

2015 5078 2131 5121 sam
2172 5078 2292 5119 esse
2334 5074 2440 5117 tum
2468 5062 2769 5118 clementia:
2794 5063 3235 5133 magnitudinem,
3278 5074 3334 5121 et
3372 5075 3427 5123 te
3472 5069 3585 5124 divi
3611 5100 3625 5109 -

2018 5163 2124 5210 tem
2175 5167 2295 5209 esse
2349 5152 2617 5216 bonitate,
2672 5152 2916 5220 velleque
2943 5166 3134 5208 omnes
3163 5154 3406 5211 homines
3430 5157 3624 5213 salvos

2018 5246 2154 5301 fieri.
2204 5242 2337 5298 Nam
2381 5258 2516 5314 quos
2553 5258 2618 5299 es
2669 5242 2837 5298 nihilo
2863 5244 3178 5314 produxisti,
3216 5246 3488 5316 quomodo
3546 5247 3623 5302 fa-

2018 5346 2135 5393 ctos
2166 5335 2444 5406 perderes,
2482 5334 2584 5389 nisi
2624 5348 2813 5405 magna
2864 5344 3009 5390 esset
3050 5346 3393 5405 peccatorum
3418 5340 3623 5409 copim?

2018 5428 2221 5483 Idcirco
2256 5428 2450 5482 iterum
2480 5440 2578 5481 oro
2602 5435 2655 5481 et
2682 5440 2894 5495 precor,
2926 5426 3017 5481 28.
3058 5427 3122 5482 Si
3156 5429 3420 5497 pauciores
3458 5433 3613 5501 quin-

2019 5519 2261 5590 quaginta
2312 5517 2503 5571 inoenti
2546 5517 2756 5588 fuerint,
2788 5525 2835 5570 et
2870 5516 3210 5587 quadraginta
3251 5518 3473 5589 quinque
3526 5524 3609 5593 fu-

2022 5610 2152 5665 erint
2196 5610 2251 5665 in
2298 5609 2499 5663 civitate
2534 5608 2686 5679 justi,
2734 5624 2835 5661 non
2865 5607 3407 5663 saiosbiscivitatent?
3431 5608 3502 5664 Et
3530 5614 3624 5667 div

2019 5699 2097 5753 xit
2144 5714 2163 5753 :
2204 5696 2266 5754 Si
2301 5695 2490 5753 inventi
2510 5690 2700 5770 fuerint
2728 5697 3070 5769 quadraginta
3106 5699 3345 5770 quinque,
3368 5715 3469 5755 non
3495 5719 3615 5771 per-

2026 5793 2165 5847 dant.
2208 5791 2338 5861 Quis
2375 5806 2474 5865 pro
2508 5784 2761 5865 dignilate
2786 5790 3070 5848 Dominum
3097 5791 3346 5849 omnium
3367 5790 3637 5861 laudat-ig
