4144 6472
595 351 691 413 59!
1300 341 1359 402 8.
1397 339 1672 400 JOANNIS
1710 329 2182 395 CIIRYSOSTOII
2219 329 2536 392 anetum
2574 333 3110 393 CONSTANTINOP.
3739 344 3847 403 δοκι

593 474 665 528 ob
707 475 908 526 tantam
951 459 1259 536 patientiam
1300 466 1460 532 atque
1505 455 1882 527 indulgentiam
1913 471 1928 509 :
1954 450 2038 509 vel
2083 448 2170 520 ju-

593 571 736 616 stum
761 557 976 615 beatum
1000 551 1322 624 przedlcarit,
1345 556 1487 612 tanta
1517 547 1799 621 praeditum
1829 541 2052 600 fiducia?
2075 539 2168 598 αθ.

597 650 667 705 Et
711 649 924 720 adjecit,
971 645 1162 717 inquit.
1207 644 1350 698 ultra
1370 641 1525 712 loqui,
1571 647 1621 696 et
1659 640 1838 694 dixit:
1884 638 1946 692 Si
1985 634 2172 691 inventi

596 743 781 811 fuerint
805 740 872 794 ibi
900 733 1279 810 quadraginta?
1323 730 1390 788 Et
1418 732 1544 787 dixit
1590 746 1610 787 :
1649 730 1768 785 Non
1797 728 2004 801 perdam
2048 741 2171 797 pro-

597 845 706 906 pter
754 829 1105 905 quadraginta.
1157 811 1294 882 Exin
1336 825 1488 896 quasi
1535 823 1795 880 reveritus
1844 817 2168 876 inen'abllem

595 927 690 982 Dei
738 923 1040 995 patientiam
1081 920 1277 992 justus,
1327 926 1384 973 et
1425 915 1618 971 timens
1642 928 1710 969 ne
1738 912 1877 968 forte
1904 907 2170 982 precando

594 1017 836 1072 videatur
880 1011 1262 1069 transcendere
1288 1009 1527 1076 modum,
1559 1006 1686 1063 dicit
1716 1023 1732 1061 :
1759 1004 1848 1062 30.
1881 1000 2166 1074 Nunquid,

595 1105 833 1174 Domine,
872 1104 920 1159 si
955 1104 1133 1176 loquar
1172 1119 1194 1158 :
1241 1100 1303 1158 Si
1345 1099 1534 1156 inserui
1579 1097 1766 1170 fuerint
1803 1094 1874 1150 ibi
1923 1091 2171 1176 triginta!

593 1197 729 1265 Quia
769 1205 1011 1267 paratum
1052 1193 1255 1250 invenit
1295 1189 1363 1247 a'd
1403 1186 1823 1246 misericordiam
1843 1227 1859 1251 ,
1916 1197 2024 1239 non
2056 1181 2169 1252 iam

593 1289 846 1360 paulatim
887 1285 1156 1352 diminuit,
1205 1288 1377 1354 neque
1420 1280 1656 1353 quinque
1693 1278 1868 1348 justas
1896 1271 2167 1339 detrahit,

592 1381 687 1440 sed
737 1379 945 1447 decem,
1002 1386 1055 1436 et
1104 1377 1184 1434 sic
1223 1373 1390 1432 affert.
1422 1370 1778 1445 patrocinium
1817 1385 1831 1424 :
1879 1367 1943 1423 Si
1985 1367 2171 1422 inperiti

594 1476 779 1547 fuerint
806 1475 916 1529 illic
935 1471 1141 1543 triginta
1161 1468 1189 1524 1
1213 1465 1283 1523 Et
1307 1466 1437 1522 dixit
1460 1481 1479 1520 :
1501 1462 1623 1520 Non
1643 1462 1875 1534 perdant,
1901 1460 1946 1515 si
1965 1458 2168 1514 basene-

593 1567 690 1619 rint
715 1566 819 1620 illic
860 1562 1088 1634 triginta.
1130 1556 1510 1616 Animadverte
1535 1560 1733 1627 quanta
1757 1551 1889 1624 justi
1914 1557 2168 1607 constan-

594 1657 664 1710 tia
690 1672 707 1721 ;
755 1654 907 1726 quasi
934 1655 1048 1724 ipse
1077 1650 1215 1706 foret
1242 1646 1505 1705 obnoxius
1529 1644 1832 1708 sententiae,
1856 1643 1928 1698 ita
1962 1642 2173 1710 eripere

595 1745 770 1801 studet
816 1759 851 1798 a
895 1745 1050 1814 pinna
1081 1734 1475 1797 Sodomitarum
1501 1745 1733 1807 gentem.
1761 1735 1849 1791 31.
1902 1734 1973 1788 Et
2000 1732 2168 1800 dixit,

593 1833 830 1899 quoniam
857 1839 1061 1902 possunt
1081 1830 1218 1900 loqui
1243 1829 1313 1884 ad
1337 1825 1611 1884 Dominum
1645 1842 1665 1882 :
1690 1825 1753 1882 Si
1775 1825 1960 1880 inventi
1984 1824 2172 1897 fuerint

594 1925 663 1979 ibi
687 1922 905 1995 viginti?
951 1919 1022 1976 Et
1063 1919 1191 1974 dixit
1242 1933 1262 1974 :
1303 1916 1425 1974 Non
1471 1917 1679 1990 perdam
1737 1925 1942 1987 propter
1972 1915 2166 1988 viginti.

595 2014 819 2071 Omnem
848 2025 1147 2068 sermonem
1177 2008 1504 2067 transcendit
1544 2017 1600 2066 et
1641 2023 1854 2065 omnem
1893 2008 2172 2080 cogitatio-

595 2118 719 2158 nem
747 2101 954 2158 Domini
979 2101 1207 2156 bonitas.
1237 2099 1367 2170 Quis
1395 2101 1535 2155 enim
1562 2109 1822 2162 nostrum,
1861 2099 1950 2169 qui
1979 2098 2033 2152 in
2060 2111 2174 2152 me-

592 2193 687 2250 dia
726 2191 1052 2248 inﬁnitarum
1099 2190 1360 2246 malorum
1405 2203 1700 2255 versamur,
1747 2187 1910 2243 vellet
1953 2186 2172 2243 terendo

593 2282 910 2341 sententiam
939 2289 1126 2339 contra
1153 2281 1426 2352 proximos
1455 2287 1604 2336 tanta
1632 2280 1710 2335 uti
1735 2277 2062 2350 indulgentia
2086 2285 2173 2334 at-

592 2386 700 2444 que
719 2368 996 2427 clementia
1011 2371 1038 2425 t

663 2462 719 2518 5.
758 2459 1137 2517 Verumtamen
1159 2462 1336 2530 justus
1363 2460 1454 2516 ille
1489 2459 1677 2515 videns
1701 2457 1914 2514 divitias
1935 2457 2173 2514 clemen-

592 2551 680 2604 tia:
711 2548 824 2618 Dei,
851 2563 957 2604 non
975 2551 1233 2614 subsistit,
1257 2549 1349 2606 sed
1371 2551 1564 2606 iterum
1583 2550 1711 2605 dicit
1734 2569 1748 2605 :
1770 2550 1860 2605 '52.
1886 2550 2171 2620 Numquid,

591 2640 812 2695 Domine
833 2681 849 2707 ,
880 2641 923 2694 si
952 2641 1129 2712 loquar
1157 2641 1324 2694 adhuc
1351 2640 1544 2695 semel?
1571 2640 1703 2696 Nam
1746 2641 1867 2711 quia
1895 2641 2175 2698 ineﬂ‘abilis

595 2741 713 2786 erat
748 2730 1048 2796 tolerantia,
1077 2739 1292 2800 propter
1316 2731 1418 2787 hoc
1457 2731 1717 2788 reveritus
1740 2747 1807 2787 ne
1834 2742 1890 2788 et
1931 2733 2172 2803 indigna-

599 2822 797 2876 tionem
822 2821 1077 2876 adversus
1103 2829 1417 2878 semoveret
1432 2823 1548 2892 ejus
1572 2822 1662 2891 qui
1691 2824 1993 2894 rogabatur,
2021 2823 2171 2880 dicit:

603 2911 890 2984 Numquid,
918 2911 1175 2966 Domine?
1201 2912 1335 2967 Num
1359 2913 1695 2969 temerarium
1721 2915 1967 2985 quiddam
1994 2916 2173 2972 facio?

598 3000 727 3057 dicit
757 3019 770 3054 :
799 3016 925 3056 num
969 3001 1349 3072 impudentiam
1391 3019 1503 3075 prae
1546 3019 1634 3059 me
1675 3005 1828 3062 ierat
1875 3021 2000 3060 num
2038 3021 2174 3076 apus

599 3090 1043 3147 eondemnatioue
1072 3090 1288 3161 dignum
1316 3093 1471 3156 facio,
1496 3092 1540 3147 si
1558 3093 1743 3162 loquar
1768 3094 1943 3150 adhuc
1967 3095 2174 3151 semel?

593 3181 700 3235 Pro
721 3195 909 3248 magna
923 3188 975 3234 et
994 3181 1330 3237 inenarrabili
1343 3183 1577 3238 bonitate
1590 3198 1678 3238 tua
1688 3197 1860 3240 aanue
1875 3200 2032 3240 unam
2053 3201 2172 3242 ora-

591 3275 787 3328 tionem
803 3273 1027 3342 aceipito
1045 3288 1075 3327 a
1086 3273 1262 3339 me,Si
1277 3285 1441 3329 autent
1460 3277 1642 3330 inventi
1652 3276 1840 3346 [uerint
1857 3276 1964 3332 illic
1977 3278 2176 3333 decem?

587 3363 655 3417 Et
680 3363 811 3418 dixit
829 3379 849 3416 :
879 3362 1000 3417 Non
1021 3363 1230 3433 perdam
1244 3374 1448 3436 prapter
1467 3367 1656 3420 decem.
1675 3366 1742 3422 Et
1771 3368 1890 3437 quia
1913 3369 2064 3437 prius
2085 3369 2172 3424 di-

588 3457 670 3510 xit
702 3474 716 3510 :
745 3456 926 3510 Adhuc
949 3457 1101 3511 semel
1127 3459 1349 3528 loquar?
1376 3460 1464 3515 35.
1487 3458 1642 3528 Abiit,
1700 3462 1891 3532 inquit,
1923 3461 2170 3518 Dominus

589 3558 852 3618 postquam
871 3559 1145 3604 cessauerat
1165 3551 1300 3622 loqui
1318 3550 1570 3619 Abrahae;
1592 3562 1636 3607 et
1661 3552 1917 3607 Abraham
1947 3571 2171 3611 reversus

587 3641 729 3694 estin
765 3639 929 3695 locum
957 3658 1122 3696 suum.
1147 3643 1363 3698 Vidistis
1392 3644 1675 3698 Dominum
1710 3644 1777 3699 ad
1815 3655 2051 3700 nostram
2081 3648 2170 3700 in-

586 3730 887 3785 ﬁrmitatem
917 3747 977 3788 se
1009 3733 1402 3790 demittentem?
1439 3735 1646 3791 vidistis
1665 3746 1718 3791 et
1741 3738 2008 3808 justierga
2037 3739 2169 3795 alios

584 3820 870 3875 allectum?
918 3821 1174 3877 didicistis
1217 3832 1413 3892 quanta
1439 3825 1519 3897 vis
1556 3827 1624 3880 sit
1653 3842 1838 3881 eorum
1867 3830 1954 3897 qui
1994 3831 2163 3884 virtu-

562 3920 693 3965 -tem
719 3913 1010 3967 exercent?
1034 3913 1090 3968 Si
1116 3914 1257 3968 enim
1289 3896 1494 3971 inventi
1515 3916 1728 3981 fuerint,
1759 3896 1948 3989 inquit,
1979 3921 2163 3976 decem

580 3999 739 4066 justi,
791 4009 1008 4071 propter
1059 4003 1181 4057 illos
1215 4005 1460 4061 omnibus
1513 4009 1879 4065 remissionem
1927 4014 2165 4067 concedo

590 4098 954 4160 peccatorum.
986 4091 1100 4146 Non
1126 4093 1263 4149 bene
1289 4095 1548 4160 dicebam,
1569 4099 1685 4154 haec
1705 4103 1881 4155 omnia
1909 4101 2046 4158 facta
2072 4119 2161 4159 es-

586 4196 667 4246 se,
700 4190 759 4236 ut
789 4183 930 4237 nulla
956 4193 1140 4253 postea
1169 4187 1500 4256 relinquatur
1530 4189 1868 4259 impudenter
1898 4193 2162 4263 loquenti-

580 4273 682 4329 bus
708 4275 1100 4331 contradicendi
1128 4279 1375 4332 occasio?
1401 4278 1534 4335 Sunt
1549 4281 1689 4336 enim
1707 4282 1859 4336 multi
1885 4284 2159 4341 insanien-

582 4365 732 4430 tium,
763 4367 854 4437 qui
901 4366 1091 4422 infreni
1142 4368 1316 4438 lingua
1340 4378 1395 4425 et
1440 4371 1834 4441 reprehendere
1873 4383 1927 4429 et
1977 4375 2156 4433 dicere

579 4457 778 4512 audent
811 4475 826 4512 :
868 4458 1044 4525 Quare
1091 4459 1308 4515 incensa
1349 4471 1472 4517 sunt
1516 4462 1784 4519 Sodoma?
1812 4465 1868 4522 Si
1895 4469 2156 4536 patienter

580 4547 788 4602 tulisset
828 4562 921 4602 eos
971 4548 1256 4616 Dominus,
1309 4551 1442 4607 forte
1485 4555 1854 4623 pmnitentiam
1899 4561 2149 4629 egissent.

581 4639 806 4709 Propter
835 4639 936 4695 hoc
961 4641 1191 4696 ostendit
1209 4642 1300 4696 tibi
1333 4645 1579 4714 nequitia:
1605 4651 2050 4717 exsuperantiam;
2080 4653 2151 4707 ita

577 4731 714 4785 utin
747 4739 888 4785 tanta
927 4731 1263 4788 multitudine
1311 4744 1451 4788 tanta
1489 4735 1699 4792 virtutis
1728 4740 1942 4807 penuria
1972 4741 2147 4809 fuerit,

571 4829 635 4877 ut
663 4820 767 4874 alio
791 4821 1019 4890 quodam
1061 4823 1263 4878 diluvio
1290 4825 1568 4896 indigeret,
1612 4838 1667 4884 et
1710 4831 1865 4899 quale
1906 4832 2054 4902 prius
2096 4836 2147 4889 in

580 4909 775 4967 mundo
811 4909 927 4964 iuit.
962 4911 1065 4967 Sed
1117 4914 1237 4983 quia
1260 4916 1541 4984 promissio
1563 4918 1655 4973 Dei
1690 4931 1793 4988 est,
1840 4931 1893 4976 ut
1925 4938 2030 4978 non
2071 4927 2152 4981 ul-

577 5008 654 5054 tra
683 5001 787 5056 tale
822 5001 1077 5058 inferatur
1116 5007 1456 5075 supplicium,
1486 5021 1766 5081 propterea
1793 5016 1956 5072 alium
1974 5032 2145 5087 pinna:

572 5091 790 5145 modum
817 5093 1100 5162 excogitat,
1127 5094 1282 5149 simul
1304 5097 1371 5152 de
1395 5099 1499 5156 illis
1525 5117 1708 5171 pmnas
1729 5119 1948 5161 sumens
1973 5116 2026 5162 et
2047 5125 2146 5179 po-

573 5181 732 5235 steris
761 5183 1007 5238 omnibus
1040 5195 1348 5254 perpetuam
1377 5192 1615 5258 prtebens
1644 5195 1960 5255 doctrinam.
2001 5202 2146 5269 Quae

571 5272 713 5326 niam
733 5274 872 5328 enim
895 5285 1095 5331 naturae
1115 5278 1257 5347 leges
1283 5281 1672 5352 subverterant,
1719 5299 1773 5345 et
1813 5293 2015 5348 alienos
2040 5296 2114 5350 illi

568 5363 809 5460 citusque
831 5369 1197 5438 excogitarant
1221 5374 1412 5440 coitus,
1437 5376 1635 5433 idcirco
1653 5382 1918 5440 insolitum
1939 5391 2142 5460 suppli-

569 5454 638 5508 cii
686 5455 903 5511 modum
934 5459 1139 5515 induxit
1181 5474 1402 5534 propter
1448 5467 1661 5526 illorum
1688 5454 2057 5546 iniquitatem;
2086 5493 2142 5538 et

570 5554 726 5600 terra:
747 5545 949 5602 viscera
980 5549 1181 5606 inutilia
1211 5553 1458 5623 reddens,
1491 5569 1543 5614 et
1571 5560 1757 5619 relicto
1779 5545 2003 5634 posteris
2024 5586 2139 5628 mo-

2278 461 2406 520 gere
2430 447 2614 506 videre
2644 450 2812 520 ipsam
2843 461 3037 508 terram
3058 494 3072 519 ,
3101 459 3159 507 ut
3193 451 3264 506 ita
3290 450 3462 508 dicam
3481 493 3498 520 ,
3538 452 3856 510 clamantem

2275 550 2331 597 et
2356 541 2728 599 ostendentem
2757 544 2999 614 supplicii
3018 546 3236 614 vestigia
3253 553 3375 615 past
3401 553 3508 600 tam
3535 545 3731 602 multos
3755 558 3856 602 an-

2274 648 2396 702 nos,
2429 636 2580 705 quasi
2611 635 2725 691 heri
2770 637 2854 692 vel
2895 637 3055 693 hodie
3092 638 3348 706 impressa
3379 653 3394 692 :
3439 649 3547 694 tam
3579 622 3858 695 manifesta

2274 726 2572 781 ostenditur
2600 727 2912 800 indignatio.
2937 729 3059 784 Ideo
3080 730 3326 798 obsecro,
3345 739 3404 786 ut
3430 730 3588 786 alieni
3615 730 3857 801 supplicii

2273 817 2518 888 exemplo
2551 833 2647 872 nos
2663 819 3002 889 eaSIige‘mur.

2349 907 2450 964 Hic
2465 910 2670 982 impune
2687 920 2943 981 peccantes
2958 913 3186 968 acerbius
3207 911 3540 982 punienturin
3561 911 3719 968 altera
3735 913 3863 980 vita;

2275 999 2546 1068 proborum
2574 1017 2728 1055 causa
2768 1002 2906 1057 Deus
2935 1003 3180 1072 patienter
3203 1006 3303 1075 fert
3333 1013 3725 1074 peccatores.—-
3751 1002 3859 1060 Sed

2273 1089 2410 1146 torte
2449 1091 2645 1148 dixerit
2683 1093 2874 1163 aliquis
2903 1112 2916 1147 :
2949 1093 3088 1163 Quid
3115 1094 3280 1165 ergo?
3307 1109 3402 1151 cur
3429 1095 3502 1150 illi
3539 1111 3726 1166 pmnas
3761 1097 3860 1153 de-

2273 1181 2489 1237 derunt?
2511 1197 2691 1239 nonne
2715 1193 2840 1240 sunt
2864 1185 3027 1240 etiam
3047 1198 3188 1240 nunc
3217 1185 3369 1240 multi
3388 1185 3478 1256 qui
3498 1185 3687 1242 eadem
3708 1201 3862 1242 com-

2271 1272 2489 1328 mittunt
2508 1273 2732 1340 scelera,
2766 1288 2940 1343 neque
2969 1283 3144 1330 tamen
3164 1274 3492 1345 puniuntur?
3519 1275 3698 1331 Etiam
3725 1294 3741 1332 :
3764 1276 3860 1332 sed

2273 1363 2378 1420 hoc
2415 1363 2748 1435 potissimum
2776 1365 3036 1437 majorem
3066 1380 3280 1437 penam
3317 1366 3625 1422 conciliabit
3655 1367 3722 1422 iis
3769 1367 3861 1438 qui

2274 1453 2398 1508 talia
2422 1454 2793 1525 perpetrant‘.
2814 1455 3039 1524 Quando
3063 1456 3209 1513 enim
3233 1470 3341 1512 non
3364 1458 3687 1527 castigamur
3701 1472 3768 1514 ex
3795 1457 3865 1514 iis

2273 1557 2392 1611 quae
2415 1542 2520 1598 illis
2537 1544 2879 1612 acciderunt,
2904 1554 2960 1601 et
2983 1559 3086 1602 nec
3122 1545 3394 1618 quidpiam
3424 1546 3578 1603 nobis
3620 1548 3865 1619 provenit

2273 1631 2406 1688 lucri
2431 1646 2498 1689 ex
2520 1634 2771 1705 patientia
2783 1635 2899 1701 Dei,
2930 1635 3102 1707 cngita
3126 1637 3396 1706 quomodo
3422 1637 3571 1693 illum
3601 1637 3866 1694 inexstin-

2274 1725 2527 1795 guibilem
2554 1727 2731 1798 ignem
2761 1727 3130 1784 vehementius
3151 1728 3553 1800 nobismetipsis
3583 1729 3868 1786 succendi-

2275 1831 2413 1884 mus,
2464 1825 2521 1873 et
2563 1817 2816 1873 acerbum
2861 1833 3098 1875 vermem
3143 1833 3413 1890 paramus.
3458 1820 3863 1890 Verumtamen,

2275 1907 2398 1978 quia
2418 1917 2636 1980 propter
2656 1909 2879 1980 gratiam
2909 1909 3006 1967 Dei
3032 1920 3157 1967 sunt
3196 1920 3254 1967 et
3301 1925 3444 1967 nunc
3471 1912 3624 1967 multi
3666 1913 3868 1970 virtute

2275 1999 2503 2069 praediti,
2535 2002 2625 2071 qui
2674 2000 2889 2071 placare
2926 2011 3150 2073 possunt
3188 2003 3504 2069 Dominum,
3551 2004 3690 2059 sicut
3739 2013 3868 2062 tune

2275 2089 2572 2159 patriarcha
2604 2107 2617 2143 :
2651 2092 2857 2146 tametsi
2885 2107 3003 2158 nos,
3035 2106 3157 2147 cum
3188 2107 3290 2148 nos
3317 2093 3463 2164 ipsos
3502 2095 3863 2164 attendimus,

2275 2185 2331 2235 et
2356 2189 2592 2234 nostram
2622 2180 2861 2236 videmus
2885 2181 3166 2252 desidiam,
3198 2191 3447 2254 putamus
3475 2186 3666 2241 miram
3691 2187 3864 2242 virtu-

2278 2271 2345 2325 tis
2368 2270 2647 2326 raritatem
2675 2289 2688 2326 :
2716 2281 2951 2330 attamen
2980 2282 3200 2343 propter
3230 2273 3446 2330 illarum
3477 2275 3752 2344 virtutem,
3777 2291 3865 2332 er-

2277 2376 2342 2434 ga
2363 2362 2496 2418 alios
2523 2363 2663 2419 Deus
2704 2365 3010 2435 patientiam
3049 2364 3284 2421 exhibet.
3317 2364 3387 2420 Et
3412 2373 3470 2420 ut
3503 2367 3643 2424 scias
3679 2367 3865 2425 talium

2278 2455 2552 2513 hominum
2616 2457 2807 2514 fiducia
2855 2459 3010 2515 nobis
3050 2458 3142 2514 Dei
3201 2457 3512 2528 patientiam
3562 2460 3862 2532 conciliari,

2277 2546 2399 2600 audi
2436 2562 2502 2602 ex
2555 2547 2654 2602 hac
2701 2549 2814 2618 ipsa
2858 2548 3099 2616 historia,
3130 2550 3258 2618 quid
3302 2549 3446 2606 dicat
3492 2552 3810 2620 patriarchae
3845 2569 3861 2607 :

2278 2637 2342 2694 Si
2370 2639 2538 2694 decem
2574 2639 2738 2711 justas
2781 2641 3015 2696 inuenero
3038 2683 3053 2707 ,
3087 2658 3189 2696 non
3239 2643 3448 2712 perdant
3482 2644 3752 2699 civitatem.
3798 2645 3865 2703 Et

2278 2728 2402 2799 quid
2432 2729 2552 2784 dico
2578 2729 2761 2786 decem
2788 2731 2999 2800 justas?
3027 2731 3212 2788 Nullus
3237 2733 3484 2790 inventus
3512 2735 3619 2790 illie
3662 2736 3730 2790 ab
3759 2735 3864 2792 inl-

2278 2819 2478 2888 quitate
2519 2821 2743 2886 alienus,
2776 2821 2879 2878 nisi
2903 2822 3050 2878 solus
3077 2819 3388 2893 Latiustus,
3418 2834 3472 2880 et
3506 2826 3622 2895 ejus
3645 2827 3764 2883 dum
3794 2825 3862 2882 ll-

2278 2911 2382 2966 liat.
2415 2910 2563 2968 Uxor
2590 2911 2736 2967 enim
2769 2924 2986 2984 propter
3014 2913 3185 2985 ipsum
3228 2915 3366 2972 forte
3395 2931 3610 2986 pinnam
3633 2918 3862 2975 civitatis

2277 3000 2479 3072 effugit,
2505 3011 2690 3073 postea
2716 3012 2893 3060 tamen
2911 3019 3127 3075 pinnam
3143 3004 3287 3062 dedit
3300 3005 3522 3077 ignavia:
3546 3022 3677 3063 suae.
3709 3007 3862 3066 Nune

2277 3100 2454 3148 autem
2489 3103 2710 3164 propter
2748 3095 3069 3152 ineffabilem
3099 3096 3195 3152 Dei
3233 3097 3693 3166 misericordiam,
3737 3101 3859 3170 quia

2278 3187 2446 3256 pietas
2477 3187 2864 3243 incrementum
2909 3188 3158 3259 sumpsit,
3204 3191 3355 3244 multi
3385 3191 3544 3246 etiam
3587 3193 3639 3246 in
3670 3193 3861 3250 mediis

2275 3279 2578 3334 civitatibus
2605 3281 2828 3334 latentes
2863 3290 3087 3350 possunt
3126 3280 3337 3350 placare
3364 3282 3551 3345 Deum,
3581 3292 3636 3337 et
3668 3283 3757 3337 alii
3807 3283 3859 3341 in

2275 3370 2544 3424 montibus
2568 3378 2621 3425 et
2639 3370 2926 3440 speluncis,
2957 3385 3351 3442 paucorumque
3381 3373 3547 3428 virtus
3574 3374 3861 3433 multorum

2275 3468 2453 3530 tegere
2470 3462 2609 3516 valet
2627 3461 2905 3516 malitiam.
2932 3461 3091 3516 Multa
3117 3463 3259 3517 enim
3280 3463 3488 3518 Domini
3520 3464 3726 3518 bonitas
3749 3475 3856 3534 est,

2275 3561 2327 3605 et
2352 3568 2492 3622 saepe
2540 3553 2676 3606 solet
2694 3553 2854 3606 etiam
2880 3561 3096 3622 propter
3122 3568 3320 3622 paucos
3351 3553 3532 3608 multis
3556 3554 3684 3610 dare
3710 3555 3858 3610 salu-

2276 3652 2401 3698 tem.
2443 3644 2510 3698 Et
2536 3643 2660 3714 quid
2704 3643 2843 3708 dico,
2899 3655 3118 3715 propter
3160 3659 3359 3714 paucos
3403 3645 3616 3714 justas?
3670 3646 3852 3717 Saepe,

2272 3737 2483 3806 quando
2508 3752 2612 3790 non
2639 3736 2886 3791 inventus
2910 3747 2992 3791 est
3023 3738 3075 3790 in
3107 3737 3355 3806 praesenti
3392 3740 3490 3790 vita
3505 3738 3699 3805 justus,
3733 3752 3857 3808 pro-

2272 3839 2390 3898 pter
2427 3829 2797 3886 del'unetorum
2822 3832 3106 3897 virtutem,
3148 3830 3435 3884 viventium
3476 3831 3762 3885 miseretur
3801 3840 3857 3887 et

2270 3936 2450 3975 curam
2480 3921 2638 3977 habet
2663 3938 2676 3973 :
2703 3921 2842 3976 unde
2859 3922 3051 3976 clamat
3071 3921 3253 3976 dicens
3276 3938 3288 3974 :
3312 3920 3584 3992 Protegam
3605 3923 3855 3977 civitatem

2269 4013 2399 4066 lianc
2445 4023 2646 4082 prapter
2675 4030 2771 4074 me,
2809 4022 2856 4066 et
2901 4023 3106 4083 propter
3152 4012 3317 4066 Dauid
3349 4029 3560 4081 puerum
3603 4029 3766 4067 meum
3798 4014 3855 4081 (4

2267 4101 2397 4173 Reg.
2428 4102 2513 4155 19.
2546 4103 2681 4171 54);
2725 4104 2874 4171 quasi
2904 4102 3106 4157 diceret
3136 4119 3150 4154 :
3184 4102 3333 4156 Licet
3373 4102 3470 4172 ipsi
3504 4102 3702 4173 indigni
3745 4105 3856 4159 sint

2266 4194 2354 4262 qui
2380 4202 2680 4256 serventur,
2702 4202 2755 4246 et
2781 4193 2978 4247 nullam
3006 4193 3190 4247 salutis
3218 4192 3448 4247 habeant
3477 4195 3851 4250 occasionem:

2265 4300 2448 4339 verum
2475 4285 2597 4354 quia
2628 4285 2813 4339 solitus
2853 4298 2969 4337 sum
3012 4283 3427 4339 misericorditer
3475 4300 3655 4354 agere.
3696 4294 3753 4340 et
3780 4288 3850 4342 ad

2263 4374 2623 4429 miserandum
2674 4384 2949 4444 promptus
2973 4391 3088 4428 sum
3116 4386 3169 4429 et
3191 4374 3258 4428 ad
3293 4375 3624 4444 eripiendum
3654 4392 3683 4430 e
3710 4377 3852 4432 cala-

2262 4467 2550 4532 mitatibus,
2585 4475 2800 4536 prapter
2817 4468 3100 4535 meipsum,
3121 4474 3177 4521 et
3191 4475 3409 4536 prapter
3428 4482 3651 4538 puerum
3669 4483 3847 4526 meum

2262 4557 2427 4613 David
2460 4569 2731 4627 protegam
2758 4575 2770 4609 :
2794 4567 2848 4612 et
2868 4557 2958 4627 qui
2994 4566 3117 4613 ante
3145 4564 3223 4612 tot
3262 4571 3430 4613 annos
3457 4573 3487 4612 e
3514 4559 3619 4613 vita
3647 4563 3849 4631 migra.

2258 4650 2350 4714 vit,
2388 4647 2474 4702 hic
2500 4656 2684 4703 auctor
2712 4657 2795 4704 est
2821 4648 3005 4704 salutis
3034 4648 3099 4703 iis
3123 4650 3210 4718 qui
3238 4664 3332 4703 sua
3357 4663 3476 4703 sese
3504 4650 3847 4718 perdiderant

2257 4740 2480 4795 desidia.
2499 4740 2686 4795 Vidisti
2709 4741 3045 4796 clementiam
3074 4741 3307 4807 Domini,
3326 4742 3592 4810 quomodo
3622 4758 3716 4797 eos
3752 4745 3841 4815 qui

2261 4831 2462 4886 virtute
2520 4833 2753 4900 pollent,
2820 4834 3023 4886 honore
3063 4833 3262 4898 afﬁcit,
3304 4835 3596 4902 praponit,
3637 4845 3692 4889 et
3745 4835 3841 4891 toti

2257 4921 2582 4976 multitudini
2603 4922 2930 4992 aequiperat?
2955 4921 3290 4991 Quapropter
3311 4935 3363 4977 et
3388 4921 3580 4978 Paulus
3606 4925 3839 4982 dicebat:

2259 5011 2717 5066 Obambulauerunt
2738 5014 2790 5065 in
2816 5013 2977 5066 orillis
2993 5013 3312 5082 caprinisque
3337 5015 3573 5083 pellibus,
3591 5016 3840 5084 destituti,

2256 5105 2433 5173 pressi,
2462 5103 2649 5174 afflicti,
2685 5105 2864 5173 quibus
2889 5104 3130 5176 indignus
3150 5114 3256 5158 erat
3279 5107 3495 5160 mundus
3525 5104 3546 5178 (
3570 5105 3726 5160 Hebr.
3748 5108 3839 5165 li.

2255 5197 2340 5251 37.
2366 5195 2477 5266 58).
2511 5195 2677 5250 Totus
2699 5237 2712 5261 ,
2748 5197 2944 5266 inquit,
2992 5197 3092 5252 iste
3137 5196 3368 5251 mundus
3391 5237 3407 5264 ,
3437 5207 3490 5251 et
3521 5207 3662 5251 totus
3694 5197 3841 5256 orbis

2254 5302 2360 5342 non
2382 5300 2463 5343 est
2490 5287 2843 5343 conferendus
2873 5289 2937 5342 iis
2966 5287 3055 5358 qui
3101 5288 3154 5342 in
3195 5287 3575 5343 afﬂictionibus
3601 5297 3656 5343 et
3689 5303 3840 5358 pres-

2262 5380 2418 5446 suris,
2449 5389 2504 5434 et
2522 5378 2758 5434 nuditate
2782 5388 2945 5448 agunt
2968 5387 3022 5432 et
3065 5377 3427 5444 obambulant,
3454 5388 3508 5433 et
3543 5378 3596 5434 in
3623 5377 3840 5449 spebus-

2251 5471 2328 5524 eis
2353 5479 2633 5525 versantur
2655 5479 2869 5539 propter
2897 5469 3083 5524 Deum.

2316 5585 2331 5614 ⁸
2367 5583 2504 5633 Savil.
2531 5591 2584 5646 et
2605 5592 2813 5646 quatuor
2828 5590 2931 5646 Mss.
2959 5579 3144 5646 :Eliant
3165 5580 3284 5646 {sed
3303 5577 3391 5632 hoc
3414 5580 3712 5646 potissimum
3730 5595 3836 5646 nta-

565 5634 805 5692 ιιίωοιιιο
833 5649 1105 5708 perpetuo.
1134 5653 1192 5698 ιιι
1230 5660 1298 5701 ne
1337 5648 1524 5705 eadem
1552 5658 1782 5724 aggressi
1828 5659 1878 5715 in
1923 5660 2136 5721 easdem
2240 5634 2713 5724 uenaceas":
2731 5642 2907 5724 (ξμηὲξὲ
2926 5634 3835 5724 munitiet?Baiana-ﬁnies}?

565 5725 798 5783 incidant
824 5742 1026 5800 prunas.
1060 5733 1398 5802 Uectautem
1423 5743 1615 5801 volenti
1645 5747 1711 5805 ad
1737 5749 1850 5808 loca
1883 5755 1966 5810 illa
2007 5772 2129 5828 pero

2246 5705 2360 5757 nem
2384 5707 2579 5762 Morem,
2604 5721 2715 5768 qlia:
2738 5706 2908 5756 melior
2933 5705 3140 5768 videtur,
3167 5708 3461 5768 retinemus;
3485 5705 3575 5755 sub
3599 5705 3702 5756 hate
3721 5719 3830 5756 ma-

2247 5782 2345 5831 gna
2368 5765 2650 5818 observatur
2678 5770 2723 5816 in
2747 5774 2851 5816 Mss.
2882 5775 2933 5816 et
2949 5765 3072 5830 apud
3092 5765 3230 5816 Ssx-il.
3258 5768 3484 5817 varietas.
