4124 6466
419 508 478 566 ο.
516 504 706 581 Igitur,
724 504 941 576 dilecte,
963 504 1177 579 quando
1192 504 1390 564 videris
1410 506 1586 561 virum
1608 502 1700 560 viti
1723 509 1951 560 externo

356 597 541 657 habitu
578 598 855 668 vestitum,
906 599 1105 655 virtute
1135 611 1267 655 vero
1294 596 1624 653 intrinsecus
1669 593 1949 660 amictum,

352 689 587 749 nehunc
611 690 954 762 vilipenderis
992 697 1210 763 propter
1256 688 1311 745 id
1358 686 1507 760 quod
1550 693 1773 757 apparet
1808 701 1822 739 :
1853 682 1951 741 sed

351 786 547 841 anima
598 785 815 843 divitias
840 784 1009 851 disce,
1045 792 1102 841 et
1125 784 1391 839 inteream
1446 780 1697 853 gloriam,
1738 788 1795 833 et
1822 785 1950 833 tunc

353 874 559 932 videbis
576 876 814 947 undique
846 875 1133 947 fulgentem
1152 874 1427 929 virtutem.
1455 869 1600 927 Talis
1621 878 1741 926 erat
1760 868 1949 923 beatus

348 966 518 1035 Elias,
545 968 637 1039 qui
677 966 932 1023 melotem
966 975 1171 1021 tantum
1212 964 1427 1030 habuit;
1481 972 1537 1018 et
1577 961 1668 1032 qui
1709 962 1945 1032 purpura

348 1057 579 1113 vestitus
616 1065 733 1111 erat
757 1055 964 1122 Achab,
998 1056 1142 1111 illius
1172 1054 1369 1111 melote
1409 1050 1703 1122 indigebat.
1754 1047 1946 1104 Vidisti

346 1145 553 1203 Achabi
582 1144 839 1217 inopiam,
871 1142 1003 1202 Elia:
1045 1154 1223 1200 autem
1239 1143 1489 1199 divitias?
1534 1140 1669 1197 Vide
1692 1148 1748 1197 et
1772 1154 1945 1210 quan-

350 1246 462 1292 tum
488 1245 754 1306 potestate
796 1237 1017 1292 distent.
1067 1235 1264 1291 Melete
1306 1234 1466 1305 hujus
1494 1233 1685 1289 caelum
1729 1230 1942 1296 clausit,

345 1324 650 1398 pluviarum
707 1326 1030 1382 descensum
1085 1324 1345 1390 inhibuit;
1410 1324 1590 1394 lingua
1666 1320 1942 1394 prepheta:

346 1415 562 1474 frenum
603 1418 703 1474 fuit
756 1420 912 1486 calo,
939 1418 1205 1489 annisque
1248 1419 1419 1474 tribus
1443 1425 1499 1473 et
1527 1430 1622 1471 sex
1666 1413 1945 1470 mensibus

345 1506 525 1577 pluvia
556 1522 663 1563 non
687 1506 783 1563 fuit
808 1526 822 1564 :
854 1508 943 1564 ille
970 1518 1173 1576 autem,
1219 1522 1452 1578 purpura
1472 1508 1702 1561 amictus
1725 1514 1782 1561 et
1822 1505 1943 1560 dia-

343 1598 557 1656 domate
584 1599 887 1669 redimitus,
926 1600 1244 1656 circumibat
1278 1614 1532 1671 quarens
1580 1597 1896 1669 prophetam
1921 1635 1939 1664 ,

344 1698 401 1748 et
452 1690 587 1746 nihil
628 1692 759 1747 lucri
789 1706 856 1747 ex
897 1701 1042 1747 tanta
1079 1701 1341 1763 potestate
1370 1689 1619 1747 habebat.
1672 1689 1940 1746 Cmterum

343 1780 467 1839 vide
497 1783 707 1839 Domini
726 1784 1086 1839 clementiam.
1115 1783 1249 1851 Quia
1272 1782 1403 1836 vidit
1426 1780 1742 1852 prophetam
1774 1779 1942 1835 multo

342 1873 459 1930 seio
474 1884 530 1930 et
548 1874 758 1931 fervore
786 1875 1011 1944 moveri,
1033 1884 1089 1930 et
1104 1887 1347 1945 magnam
1369 1874 1505 1928 hanc
1532 1885 1744 1943 penam
1758 1868 1941 1927 inferri

341 1974 529 2021 contra
558 1973 724 2019 totam
754 1974 972 2033 terram,
993 1980 1061 2021 ne
1087 1973 1143 2021 et
1186 1964 1301 2034 ipse
1326 1963 1486 2018 simul
1538 1962 1591 2017 in
1621 1959 1941 2031 supplicium

340 2055 604 2113 incideret
627 2071 750 2112 cum
806 2056 934 2125 illis,
981 2065 1037 2113 et
1068 2070 1252 2112 eorum
1275 2054 1524 2126 nequitite
1554 2067 1739 2123 pinnas
1764 2050 1940 2117 daret,

340 2146 471 2205 dicit
495 2148 546 2205 ei
572 2162 588 2202 :
617 2147 805 2220 Surge,
828 2158 877 2205 et
915 2148 1043 2204 vade
1084 2149 1138 2203 in
1176 2147 1399 2217 Surepta
1440 2145 1793 2202 Sidoniorum.
1821 2140 1942 2195 Illic

340 2240 473 2295 enim
504 2241 799 2311 pracipiam
825 2239 1029 2295 mulieri
1042 2238 1225 2303 vidua,
1248 2248 1301 2292 ut
1319 2247 1367 2292 te
1388 2244 1584 2308 pascat.
1608 2234 1673 2289 Et
1698 2234 1938 2303 surrexit,

340 2330 519 2389 «abiit
535 2333 616 2403 (ὃ.
636 2331 761 2404 Reg.
783 2333 868 2387 t7.
886 2329 1200 2404 9.l0).Vide
1210 2329 1441 2401 Spiritus
1462 2329 1706 2401 gratiam,
1725 2326 1938 2381 dilecm.

340 2422 554 2481 Etenim
579 2432 636 2480 et
664 2423 780 2480 heri
796 2423 951 2480 nobis
981 2432 1123 2479 totus
1152 2437 1333 2480 sermo
1358 2421 1500 2478 circa
1521 2418 1937 2491 hospitalitatem

339 2514 644 2586 insumptus
670 2524 774 2582 est,
814 2525 868 2571 et
893 2515 1054 2572 hodie
1092 2514 1371 2586 hospitalis
1398 2513 1500 2570 ista
1528 2513 1685 2568 vidua
1718 2509 1795 2584 (a)
1820 2524 1941 2566 ser-

338 2620 556 2665 monem
609 2618 850 2664 nostrum
880 2608 1188 2679 complebit.
1224 2607 1295 2662 Et
1322 2608 1477 2677 venit,
1526 2607 1729 2680 inquit,
1759 2606 1831 2660 ad
1864 2605 1941 2659 ei-

338 2698 517 2768 daam,
542 2711 590 2755 et
616 2700 803 2755 invenit
839 2716 951 2755 eam
970 2701 1290 2773 colligentem
1312 2702 1473 2773 ligna,
1500 2709 1548 2754 et
1580 2699 1705 2753 dicit
1732 2699 1779 2753 ei
1804 2714 1825 2751 :
1856 2696 1941 2753 Da

339 2790 465 2846 utilti
503 2807 685 2861 parum
704 2806 871 2861 aqua,
901 2802 947 2846 et
978 2792 1162 2847 bibam.
1194 2792 1286 2848 llla
1334 2790 1591 2847 obedivit.
1625 2790 1692 2846 Et
1719 2790 1850 2844 dixit
1870 2790 1941 2844 ad

339 2900 452 2940 eam
469 2884 652 2940 iterum
677 2883 825 2939 :Fac
842 2885 967 2940 mihi
1014 2885 1374 2941 subcinericios
1413 2901 1589 2957 panes,
1611 2894 1658 2940 et
1679 2884 1940 2939 comedam

339 2973 518 3047 (Ibid.
546 2991 596 3031 ν.
646 2976 769 3050 ll).
824 2977 915 3033 Illa
960 2992 1087 3033 vero
1130 2987 1313 3048 postea
1356 2976 1557 3048 detegit
1598 2975 1939 3031 immodicam

337 3080 493 3123 suam
503 3076 818 3139 egestatem,
838 3067 946 3123 imo
961 3067 1345 3123 inenarrabiles
1358 3065 1782 3135 divitias.ﬂngna
1794 3067 1939 3121 enim

340 3166 625 3228 paupertas
653 3157 855 3213 indicat
884 3157 1192 3213 divitiarum
1229 3158 1371 3213 illius
1394 3156 1836 3229 magnitudinem.
1870 3155 1940 3212 Et

337 3248 512 3305 dicit:
542 3248 666 3305 Non
701 3259 777 3305 est
813 3251 1015 3305 ancilla:
1040 3260 1142 3306 true
1164 3251 1263 3305 nisi
1305 3252 1528 3324 pugillus
1549 3251 1754 3321 [at-inte,
1777 3261 1823 3307 et
1844 3267 1941 3323 pa-

338 3356 455 3395 ram
472 3341 572 3398 olei
596 3342 648 3395 in
666 3341 943 3411 ampliora,
971 3350 1018 3396 ct
1044 3343 1362 3398 comedenti“
1389 3359 1483 3415 ego
1503 3353 1551 3399 et
1580 3344 1747 3414 pueri,
1762 3352 1810 3399 et
1827 3360 1941 3399 mo-

336 3432 530 3487 rientur
562 3430 726 3503 (Ibid.
768 3447 819 3486 υ.
851 3432 965 3504 12).
1007 3432 1326 3490 Iliserabilia
1361 3434 1524 3490 verba
1549 3476 1562 3499 ,
1603 3450 1724 3505 quae
1768 3436 1940 3507 ipsam

338 3523 604 3597 lapideam
636 3526 870 3582 animam
922 3524 1198 3583 inflectere
1224 3538 1463 3598 possent.
1515 3526 1668 3584 Nulla
1717 3528 1943 3599 posthac

338 3614 498 3673 nobis
532 3631 659 3689 spes
704 3617 910 3674 salutis.
940 3617 1085 3675 Ilors
1114 3618 1168 3675 in
1209 3616 1417 3675 foribus
1454 3627 1559 3676 est.
1608 3619 1725 3676 Hoc
1765 3621 1940 3678 solum

338 3710 497 3768 nobis
524 3711 773 3769 relictum
820 3722 905 3770 est
932 3713 1002 3769 ad
1032 3714 1217 3782 vitam,
1248 3715 1393 3788 quod
1416 3716 1506 3771 vix
1549 3716 1783 3773 sufficiet
1806 3716 1941 3775 mihi

338 3812 397 3860 et
420 3803 678 3875 puerulis.
703 3802 760 3860 ld
780 3803 925 3875 quod
941 3814 1056 3861 erat
1082 3807 1135 3861 in
1163 3806 1281 3862 mea
1308 3815 1575 3879 potestate
1594 3807 1717 3873 feci;
1744 3824 1938 3880 aquam

337 3896 754 3953 communicavi.
785 3896 984 3955 Verum
1026 3907 1086 3955 ut
1112 3898 1382 3955 discamus
1408 3909 1463 3955 et
1490 3899 1731 3958 mulieris
1751 3901 1940 3973 hospi-

339 3990 622 4059 talitatem,
654 3998 712 4048 et
732 3989 862 4062 justi
888 3976 1139 4063 magnam
1183 3989 1468 4062 ﬁduciam,
1498 3993 1624 4051 vide
1658 3993 1786 4067 quid
1822 3993 1937 4050 tiat.

338 4080 445 4141 IJbl
473 4082 735 4156 propheta
779 4082 1063 4156 diligenter
1097 4083 1213 4142 hac
1239 4085 1419 4142 omnia
1438 4083 1644 4154 didicit,
1692 4096 1750 4143 nt
1790 4087 1941 4144 dete-

337 4182 495 4247 geret
515 4174 672 4233 nobis
695 4176 946 4232 virtutem
974 4176 1213 4235 mulieris
1235 4177 1382 4253 (nam
1412 4178 1555 4236 Deus
1583 4179 1676 4251 qui
1700 4179 1936 4237 dixerat:

341 4263 580 4339 Pracepi
601 4265 829 4335 mulieri,
848 4275 904 4321 at
924 4275 973 4322 te
996 4276 1172 4340 pascat
1192 4266 1357 4340 (Ibid.
1376 4284 1426 4325 υ.
1458 4269 1541 4343 9),
1575 4270 1689 4341 ipse
1706 4278 1823 4326 erat
1847 4271 1941 4342 qui

338 4365 471 4414 tunc
512 4371 612 4428 per
639 4356 955 4429 prophetam
975 4360 1359 4433 operabatur),
1387 4359 1518 4416 dicit
1540 4360 1591 4417 ei
1619 4374 1633 4415 :
1668 4358 1779 4415 Fac
1812 4360 1941 4415 mihi

338 4450 585 4522 primum,
612 4459 661 4504 et
678 4449 962 4519 comedam,
988 4461 1036 4507 et
1054 4460 1175 4507 tunc
1196 4452 1320 4523 ﬁliis
1342 4454 1463 4509 tuis.
1489 4453 1705 4518 Audite,
1742 4453 1938 4509 mulie-

340 4555 452 4607 res,
480 4554 598 4612 (ιω
622 4538 824 4597 divitiis
850 4540 1093 4611 aflluitis,
1123 4552 1179 4599 et
1203 4543 1257 4599 in
1288 4534 1457 4599 multa
1494 4544 1701 4601 inutilia
1731 4556 1940 4604 vestras

339 4629 627 4688 facultates
655 4631 945 4700 insumitis,
972 4647 1038 4689 ac
1074 4644 1195 4705 post
1241 4634 1329 4690 illa
1358 4637 1537 4692 omnia
1582 4635 1719 4694 duos
1752 4637 1942 4695 obolos

338 4720 725 4795 indigentibus,
747 4724 832 4780 vel
848 4724 964 4781 viro
988 4727 1219 4797 cuipiam
1242 4727 1443 4785 virtute
1468 4730 1695 4801 pradito
1720 4741 1943 4805 propter

344 4812 515 4870 Deum
536 4828 728 4887 egeno,
761 4816 1073 4888 impendere
1116 4833 1225 4875 non
1249 4820 1433 4877 vultis.
1465 4820 1569 4878 ista
1598 4825 1778 4881 autem
1804 4826 1943 4883 nihil

340 4902 536 4962 borum
554 4907 856 4978 possidens,
881 4910 977 4966 sed
1000 4920 1203 4967 tantum
1226 4914 1483 4986 pugillum
1498 4914 1707 4984 farinae,
1734 4928 1783 4973 et
1811 4933 1945 4990 pau-

340 4996 400 5055 lo
436 5009 560 5070 post
598 5001 891 5058 secundum
922 5019 1073 5059 suam
1098 5004 1407 5076 opinionem
1440 5008 1669 5066 ﬁliorum
1710 5021 1943 5069 mortem

339 5102 670 5164 spectatura,
702 5104 761 5150 ut
782 5096 1039 5153 audivita
1068 5098 1330 5171 propheta
1359 5118 1374 5157 :
1406 5100 1519 5156 Fac
1543 5104 1668 5158 mihi
1693 5105 1939 5175 primum,

339 5193 394 5242 et
419 5194 540 5241 tunc
569 5186 661 5242 tibi
686 5195 734 5241 et
763 5188 988 5258 puerulis
1016 5192 1118 5245 teis
1144 5208 1164 5246 :
1191 5208 1301 5249 non
1328 5209 1473 5265 :egre
1498 5194 1635 5263 tulit,
1667 5211 1776 5252 non
1805 5212 1941 5254 cun-

339 5286 488 5333 ctata
529 5287 634 5345 est,
683 5279 779 5335 sed
819 5278 947 5338 fecit
969 5281 1229 5352 imperata
1257 5302 1273 5339 :
1302 5286 1557 5343 erudiens
1591 5302 1782 5345 omnes
1821 5304 1942 5357 nos,

342 5367 715 5440 praferendos
734 5382 932 5430 nostra
960 5372 1337 5432 relocillationi
1365 5392 1553 5433 servos
1584 5379 1679 5435 Dei
1712 5396 1728 5434 :
1756 5388 1942 5437 etnon

346 5469 555 5518 temere
576 5462 699 5518 talia
718 5464 861 5520 lucra
880 5466 1270 5536 praetereunda,
1285 5468 1383 5524 sed
1403 5469 1785 5527 attendendum
1796 5471 1942 5527 mul-

346 5564 459 5610 tam
487 5554 613 5612 hinc
636 5556 792 5614 nobis
823 5556 1053 5614 futuram
1094 5574 1217 5617 esse
1253 5560 1580 5617 mercedem.
1613 5560 1751 5620 Vide
1781 5562 1945 5636 igitur

412 5710 992 5790 laws-59m.
1014 5688 1705 5790 “immensawm

344 5778 1517 5889 mrmm'sapntnuomlliadeuelis
1555 5786 1608 5833 et
1646 5780 1791 5837 vidua

1354 404 1421 466 ΙΝ
1456 403 1613 464 ων.
1654 402 1844 463 XVIII.
1883 401 2135 463 GENES.
2178 403 2415 463 ησκιι.
2456 403 2623 464 ωε.

2059 500 2201 557 hanc
2230 500 2477 570 viduam,
2518 516 2619 573 pro
2656 500 2854 576 pugillo
2874 501 3097 573 farina,
3159 512 3219 565 et
3256 506 3495 579 pauxillo
3538 510 3664 569 oleo

2056 589 2330 661 quomodo
2352 587 2670 663 perpetuum
2705 592 2961 650 horreum
3008 595 3113 652 sibi
3141 601 3537 673 comparaverit
3587 602 3660 673 (3

2054 682 2188 757 Reg.
2218 683 2310 741 l7.
2335 684 2444 755 ιι).
2470 684 2604 741 Nam
2631 697 2916 759 postquam
2940 689 3084 760 pavit
3112 692 3462 763 prophetam,
3484 711 3662 768 neque

2056 773 2285 845 pugillus
2310 773 2496 831 farina:
2521 776 2739 842 deiecit,
2773 794 2949 850 neque
2976 780 3237 852 amphora
3279 783 3408 851 olei,
3432 800 3555 842 cum
3577 789 3663 844 in-

2056 866 2212 920 terim
2239 865 2378 921 fame
2411 876 2551 922 terra
2588 870 2764 925 omnis
2796 881 3229 931 consumeretur.
3262 874 3359 930 Est
3384 885 3564 934 autem
3605 892 3662 936 et

2053 954 2158 1012 hoc
2184 956 2498 1014 admirabile
2530 967 2586 1014 et
2623 960 2945 1030 stupendum
2993 977 3114 1019 eam
3163 979 3338 1037 neque
3383 966 3661 1027 laboribus

2053 1054 2237 1115 postea
2266 1062 2401 1117 epus
2428 1048 2712 1115 habuisse,
2744 1050 2838 1106 sed
2876 1060 3121 1121 paratum
3179 1066 3441 1127 perpetuo
3493 1058 3661 1117 fuisse

2050 1135 2277 1191 farinam
2332 1147 2386 1194 et
2429 1140 2630 1207 oieum,
2667 1151 2722 1197 et
2764 1158 2939 1213 neque
2971 1145 3298 1216 agricultura
3343 1149 3657 1222 indiguisse,

2051 1242 2229 1297 neque
2273 1228 2439 1285 boum
2490 1233 2909 1303 cooperatione,
2964 1250 3143 1307 neque
3192 1238 3299 1294 ulla
3346 1241 3452 1296 alia
3490 1257 3655 1309 cura;

2049 1320 2146 1374 sed
2172 1320 2353 1377 videre
2382 1332 2501 1378 erat
2548 1326 2727 1379 omnia
2762 1336 2956 1395 praeter
3010 1339 3259 1386 naturam
3304 1335 3544 1392 evenire.
3588 1336 3659 1397 Ει

2049 1425 2171 1465 cum
2218 1428 2336 1480 res,
2367 1415 2458 1485 qui
2496 1430 2751 1472 coronam
2778 1420 2951 1489 capite
2975 1422 3241 1491 gestabat,
3270 1426 3462 1481 anxius
3488 1437 3656 1500 esset,

2048 1510 2105 1555 et
2153 1500 2295 1558 fame
2336 1503 2641 1572 laboraret,
2690 1506 2844 1579 inops
2885 1508 3043 1564 vidua
3081 1512 3334 1569 omnibus
3374 1516 3653 1586 destituta,

2047 1590 2170 1660 quia
2196 1593 2510 1661 prophetam
2528 1609 2861 1666 susceperat,
2890 1600 2944 1653 in
2974 1610 3285 1671 perpetuam
3308 1607 3454 1662 venit
3480 1607 3656 1665 abun-

2047 1678 2303 1735 dantiam.
2336 1682 2626 1753 Propterea
2655 1687 2978 1744 etChristus
2993 1688 3206 1747 dicebat
3235 1711 3250 1747 :
3283 1693 3385 1761 Qui
3412 1712 3648 1768 suscepe-

2045 1771 2112 1824 rit
2149 1774 2450 1842 prophetam
2494 1775 2548 1829 in
2590 1778 2793 1832 nomine
2811 1779 3098 1847 prophetae,
3123 1786 3402 1839 mercedem
3429 1791 3658 1859 prop/te-

2048 1872 2113 1918 τω
2140 1866 2347 1937 recipiet
2378 1865 2595 1939 (Matth.
2630 1863 3053 1935 t0.ll).Vidisti
3066 1869 3327 1944 heriquid
3344 1880 3649 1946 patriarcha

2045 1959 2305 2015 meruerit
2328 1959 2479 2031 larga
2504 1975 2605 2016 sua
2634 1960 3002 2033 hospitalitate
3056 1972 3111 2018 et
3126 1962 3329 2037 fervida
3350 1965 3651 2025 alacritate:

2046 2043 2169 2099 vide
2191 2053 2245 2099 et
2276 2060 2418 2101 nunc
2448 2048 2585 2103 hanc
2613 2047 2892 2106 Sidoniam
2922 2063 3147 2124 repente
3168 2056 3413 2126 ingentes
3438 2058 3654 2118 divitias

2046 2137 2430 2206 possidentem.
2452 2139 2655 2212 Lingua
2672 2144 2814 2198 enim
2833 2146 3111 2217 propheta:
3130 2164 3250 2218 qua:
3268 2151 3384 2205 caeli
3414 2150 3653 2212 habenas

2044 2228 2445 2299 moderabatur,
2474 2232 2599 2288 fecit
2625 2243 2684 2289 ut
2707 2234 2896 2292 farina:
2916 2238 3149 2310 pugillus
3174 2251 3229 2296 et
3253 2242 3360 2299 olei
3385 2245 3650 2317 ampliora

2040 2319 2240 2390 jugiter
2290 2326 2631 2381 scaturirent.

2118 2415 2171 2469 7.
2214 2414 2437 2473 Horalis
2466 2420 2845 2476 exltortatio.—
2868 2422 3018 2480 lianc
3066 2440 3258 2483 omnes
3293 2428 3575 2488 imitentur
3594 2440 3654 2490 ct

2043 2508 2144 2563 viri
2172 2516 2228 2564 et
2251 2510 2524 2567 mulieres.
2554 2511 2670 2583 Ego
2690 2515 2906 2583 quidem
2934 2517 3127 2573 vellem
3158 2533 3253 2577 vos
3275 2523 3341 2577 ad
3371 2524 3653 2595 prophetat

2043 2600 2239 2668 zelum,
2267 2612 2322 2657 et
2342 2601 2409 2657 ad
2436 2602 2554 2673 ejus
2580 2603 2794 2660 virtutis
2818 2605 3172 2664 imitationem
3202 2610 3472 2669 deducere
3504 2629 3518 2666 :
3551 2614 3650 2672 sed

2043 2696 2165 2765 quia
2188 2694 2292 2750 hoc
2311 2711 2601 2753 onerosum
2647 2698 2800 2755 vobis
2852 2700 3066 2757 videtur
3109 2717 3252 2770 esse,
3303 2708 3551 2777 quamvis
3594 2718 3654 2766 et

2043 2788 2135 2844 ille
2163 2787 2327 2845 homo
2355 2799 2491 2856 erat,
2520 2805 2849 2865 carnemque
2892 2795 3033 2851 sicut
3066 2810 3166 2853 nos
3209 2798 3650 2871 circumferebat,

2043 2888 2098 2936 et
2120 2881 2364 2937 eamdem
2389 2898 2549 2954 quam
2591 2899 2691 2940 nos
2731 2884 2961 2942 habebat
2987 2897 3235 2945 naturam
3268 2909 3284 2948 :
3312 2907 3498 2949 verum
3525 2881 3652 2963 quia

2042 2988 2163 3043 qum
2188 2987 2284 3028 sua
2304 2984 2460 3031 erant
2484 2977 2706 3049 largiter
2719 2980 2918 3049 attulit,
2946 2992 3107 3053 atque
3158 2983 3408 3043 virtutem
3435 2988 3650 3058 ample-

2043 3072 2200 3119 xatus
2227 3075 2331 3134 est,
2363 3082 2653 3138 supernam
2685 3086 2897 3142 quoque
2920 3075 3147 3145 gratiam
3173 3089 3495 3150 assequutus
3524 3091 3646 3149 est;

2042 3165 2298 3213 ceterum
2324 3160 2539 3216 interim
2582 3178 2683 3218 nos
2724 3163 2807 3229 vel
2839 3165 3127 3223 mulierem
3177 3170 3318 3226 hanc
3351 3171 3649 3241 imitemur,

2044 3257 2099 3304 et
2122 3250 2202 3305 sic
2221 3251 2478 3321 paulatim
2508 3269 2575 3309 eo
2604 3254 2902 3326 veniemus,
2945 3268 3004 3314 ut
3026 3260 3188 3315 etiam
3216 3264 3495 3335 prephets:
3523 3264 3633 3322 imi-

2043 3349 2247 3397 tatores
2266 3342 2449 3399 simus.
2486 3343 2829 3403 Emulemur
2858 3348 3038 3420 itaque
3063 3352 3182 3421 ejus
3204 3352 3648 3426 lepitalitatem,

2043 3444 2102 3490 et
2144 3436 2324 3492 nullus
2360 3436 2585 3508 pcslhac
2616 3440 2849 3511 inopiam
2879 3454 3160 3511 praetexat.
3184 3446 3318 3502 Nam
3357 3459 3652 3519 quantum-

2043 3528 2126 3584 vis
2152 3528 2310 3600 inops
2339 3530 2411 3586 sit
2455 3532 2669 3602 aliquis,
2704 3549 2812 3589 non
2856 3537 2961 3590 erit
3000 3534 3101 3592 hac
3148 3540 3528 3611 egentior,cui
3579 3541 3651 3613 ad

2046 3633 2211 3674 unum
2243 3628 2449 3675 tantum
2492 3620 2635 3677 diem
2688 3632 2806 3678 erat
2853 3624 3213 3683 alimentum:
3244 3639 3302 3685 et
3348 3645 3526 3703 neque
3570 3632 3654 3691 sic

2043 3706 2144 3765 fuit
2168 3710 2385 3782 segnior
2411 3712 2477 3767 ad
2505 3713 2817 3782 petitionem
2849 3716 3149 3787 prophetas,
3192 3721 3287 3777 sed
3318 3737 3510 3793 magna
3534 3725 3652 3781 ala-

2043 3802 2238 3859 critate
2261 3802 2310 3859 ei
2339 3805 2535 3874 paruit,
2587 3816 2643 3863 et
2671 3809 2978 3866 mercedem
3013 3813 3257 3882 protinus
3294 3816 3520 3889 recepit.
3547 3816 3654 3875 Ta-

2044 3894 2115 3951 lia
2143 3896 2289 3951 enim
2309 3906 2458 3965 sunt,
2498 3912 2617 3969 qua:
2641 3914 2673 3954 a
2721 3900 2830 3957 Deo
2861 3902 3013 3959 liunt.
3058 3903 3175 3961 Mos
3204 3906 3252 3962 ei
3279 3906 3412 3965 dare
3456 3924 3651 3984 magna

2045 4000 2145 4058 pro
2165 3988 2362 4058 parvis.
2390 3988 2529 4059 Quid
2554 3990 2721 4060 enim,
2748 3992 2860 4062 dic,
2882 4009 3001 4063 oro,
3027 4006 3231 4053 tantum
3251 4001 3448 4071 attulit,
3472 4018 3648 4074 quan-

2046 4087 2158 4134 tum
2198 4080 2456 4150 accepit?
2511 4080 2710 4139 Verum
2770 4085 3034 4143 Dominus
3072 4098 3259 4146 noster
3302 4106 3408 4147 non
3453 4104 3653 4165 quanta

2043 4170 2241 4229 dentur
2282 4175 2565 4231 consuevit
2603 4177 2906 4246 attendere,
2955 4179 3051 4237 sed
3104 4181 3396 4241 voluntatis
3434 4185 3655 4260 largita-

2046 4272 2191 4331 tem;
2235 4274 2293 4320 et
2339 4265 2411 4322 ab
2455 4265 2558 4323 hac
2581 4284 2703 4340 qua:
2733 4284 2894 4341 parva
2939 4282 3066 4329 sunt
3089 4290 3281 4348 magna
3326 4277 3651 4347 redduntur,

2043 4364 2099 4411 et
2124 4369 2316 4427 magna
2356 4369 2503 4428 sepe
2552 4358 2678 4415 vilia
2707 4360 3047 4431 efﬁciuntur,
3100 4367 3316 4437 quando
3357 4385 3465 4425 non
3491 4370 3652 4428 hilari

2044 4457 2227 4515 animo
2263 4475 2385 4531 qua
2431 4460 2567 4518 ﬁunt
2621 4474 2968 4535 peraguntur.
3022 4464 3322 4538 Eapropter
3351 4468 3510 4525 vidua
3562 4470 3653 4527 illa

2044 4550 2377 4623 evangelica,
2400 4552 2585 4609 multis
2625 4554 2792 4611 multa
2844 4556 2898 4612 in
2927 4558 3367 4632 gazophylacium
3393 4561 3658 4619 mittenti-

2045 4643 2168 4710 bus,
2222 4644 2476 4717 projectis
2522 4645 2737 4704 duobus
2763 4650 2985 4706 minutis
3009 4665 3200 4707 omnes
3222 4652 3349 4707 vicit
3375 4652 3530 4723 (lac.
3557 4654 3650 4712 2t.

2045 4736 2102 4793 li.
2128 4737 2206 4807 ι),
2236 4752 2345 4793 non
2374 4737 2519 4809 quod
2564 4739 2849 4797 immiserit
2876 4742 3028 4813 plura
3048 4744 3190 4811 aliis,
3219 4745 3316 4802 sed
3344 4747 3490 4818 quod
3517 4748 3653 4805 libev

2046 4828 2301 4886 raliorem
2348 4830 2681 4888 voluntatem
2729 4834 3050 4891 ostenderit.
3084 4837 3192 4893 Alii
3235 4839 3411 4904 enim,
3458 4840 3651 4912 inquit,

2047 4936 2117 4977 ex
2162 4937 2230 4978 eo
2255 4922 2399 4994 quod
2434 4924 2537 4980 sibi
2580 4925 2890 4983 abundabat
2918 4928 3316 5005 eleemosynam
3338 4933 3654 5006 erogabant,

2048 5012 2149 5068 ista
2174 5022 2354 5070 autem
2414 5015 2597 5071 omnia
2646 5033 3001 5091 quacumque
3049 5024 3361 5092 possidebat
3408 5025 3650 5083 immisit.

2048 5104 2276 5161 Omnem
2328 5107 2474 5162 enim
2500 5109 2698 5165 victum
2744 5126 2922 5180 suum,
2958 5115 3150 5186 inquit,
3193 5118 3395 5190 injecit.

2114 5197 2461 5281 Elcemosgna
2481 5204 2982 5277 eroganda.-—Ergo
2999 5208 3252 5265 mulieres
3271 5213 3463 5269 saltem
3489 5213 3657 5269 imitc.

2050 5307 2172 5347 mur
2190 5290 2315 5359 viri,
2332 5300 2503 5350 etnon
2523 5294 2805 5353 inferiores
2814 5298 2893 5353 eis
2910 5300 3213 5356 videamur:
3233 5303 3329 5358 sed
3346 5306 3659 5361 studeamns

2051 5399 2161 5440 non
2178 5384 2353 5441 solum
2372 5385 2440 5441 ad
2475 5396 2721 5443 nostrum
2746 5404 2903 5445 usum
2930 5406 3147 5449 omnem
3172 5395 3527 5453 substantiam
3558 5413 3659 5452 no-

2051 5485 2218 5531 stram
2248 5475 2583 5547 impendere,
2622 5478 2720 5534 sed
2763 5490 2817 5535 et
2860 5496 3152 5553 egenorum
3178 5501 3431 5557 magnam
3458 5486 3661 5542 habere

2051 5580 2271 5634 curam,
2323 5566 2485 5637 idque
2524 5583 2655 5626 cum
2693 5570 2970 5629 alacritate
3018 5584 3075 5630 et
3111 5573 3401 5634 hilaritate.
3444 5577 3659 5633 Etenim

2053 5656 2286 5729 agricola
2313 5666 2472 5715 terrm
2509 5661 2845 5720 concredens
2870 5664 3098 5733 semina,
3127 5682 3237 5725 non
3275 5667 3378 5725 hoc
3398 5682 3531 5725 cum
3560 5668 3661 5724 tri-

2054 5750 2197 5806 stitia
2223 5748 2370 5821 facit,
2398 5751 2493 5809 sed
2522 5753 2763 5826 gaudens
2810 5764 2866 5813 et
2892 5756 3249 5829 lmtabundus,
3285 5768 3341 5817 et
3367 5760 3520 5833 quasi
3546 5759 3660 5833 jam

2057 5856 2154 5916 spe
2176 5844 2479 5918 manipulos
2498 5844 2682 5907 videre
2706 5862 2767 5909 sc
2791 5849 3126 5924 existinmas,
3156 5850 3210 5911 in
3240 5859 3383 5913 terra
3405 5845 3658 5910 malnat.
