  <div class='ocr_page' id='page_1' title='image "/cluster/home/n/w/nwhite01/storage/ocr_20150623/54/uva.x004108763/025.png"; bbox 0 0 4124 6466; ppageno 0'>
   <div class='ocr_carea' id='block_1_1' title="bbox 561 389 669 449">
    <p class='ocr_par' dir='ltr' id='par_1_1' title="bbox 561 389 669 449">
     <span class='ocr_line' id='line_1_1' title="bbox 561 389 669 449; baseline 0.019 -2"><span class='ocrx_word' id='word_1_1' title='bbox 561 389 669 449; x_wconf 71' lang='grc'><strong>895</strong></span> 
     </span>
    </p>
   </div>
   <div class='ocr_carea' id='block_1_2' title="bbox 565 481 2138 566">
    <p class='ocr_par' dir='ltr' id='par_1_2' title="bbox 565 481 2138 566">
     <span class='ocr_line' id='line_1_2' title="bbox 565 481 2138 566; baseline -0.013 -10"><span class='ocrx_word' id='word_1_2' title='bbox 565 501 630 556; x_wconf 77' lang='lat' dir='ltr'><strong>Et</strong></span> <span class='ocrx_word' id='word_1_3' title='bbox 660 510 736 566; x_wconf 88' lang='lat' dir='ltr'><strong>tu,</strong></span> <span class='ocrx_word' id='word_1_4' title='bbox 767 494 980 563; x_wconf 76' lang='lat' dir='ltr'><strong>dilecte,</strong></span> <span class='ocrx_word' id='word_1_5' title='bbox 1015 511 1083 551; x_wconf 89' lang='lat' dir='ltr'><strong>ne</strong></span> <span class='ocrx_word' id='word_1_6' title='bbox 1120 494 1292 551; x_wconf 84' lang='lat' dir='ltr'><strong>solum</strong></span> <span class='ocrx_word' id='word_1_7' title='bbox 1320 491 1619 562; x_wconf 80' lang='lat' dir='ltr'><strong>respexeris</strong></span> <span class='ocrx_word' id='word_1_8' title='bbox 1644 487 1709 543; x_wconf 89' lang='lat' dir='ltr'><strong>ad</strong></span> <span class='ocrx_word' id='word_1_9' title='bbox 1737 503 1861 544; x_wconf 90' lang='lat' dir='ltr'><strong>eum</strong></span> <span class='ocrx_word' id='word_1_10' title='bbox 1886 486 1975 557; x_wconf 89' lang='lat' dir='ltr'><strong>qui</strong></span> <span class='ocrx_word' id='word_1_11' title='bbox 2003 481 2138 538; x_wconf 86' lang='lat' dir='ltr'><strong>reci-</strong></span> 
     </span>
    </p>
   </div>
   <div class='ocr_carea' id='block_1_3' title="bbox 565 575 2142 658">
    <p class='ocr_par' dir='ltr' id='par_1_3' title="bbox 565 575 2142 658">
     <span class='ocr_line' id='line_1_3' title="bbox 565 575 2142 658; baseline -0.01 -15"><span class='ocrx_word' id='word_1_12' title='bbox 565 590 660 658; x_wconf 84' lang='lat' dir='ltr'><strong>pit.</strong></span> <span class='ocrx_word' id='word_1_13' title='bbox 688 603 861 658; x_wconf 89' lang='lat' dir='ltr'><strong>neque</strong></span> <span class='ocrx_word' id='word_1_14' title='bbox 895 586 961 642; x_wconf 88' lang='lat' dir='ltr'><strong>ad</strong></span> <span class='ocrx_word' id='word_1_15' title='bbox 1001 594 1240 654; x_wconf 89' lang='lat' dir='ltr'><strong>sumptus</strong></span> <span class='ocrx_word' id='word_1_16' title='bbox 1265 583 1352 654; x_wconf 85' lang='lat' dir='ltr'><strong>qui</strong></span> <span class='ocrx_word' id='word_1_17' title='bbox 1401 581 1567 643; x_wconf 87' lang='lat' dir='ltr'><strong>fiunt;</strong></span> <span class='ocrx_word' id='word_1_18' title='bbox 1613 578 1705 634; x_wconf 87' lang='lat' dir='ltr'><strong>sed</strong></span> <span class='ocrx_word' id='word_1_19' title='bbox 1742 579 1947 649; x_wconf 88' lang='lat' dir='ltr'><strong>cogita,</strong></span> <span class='ocrx_word' id='word_1_20' title='bbox 1993 575 2142 631; x_wconf 88' lang='lat' dir='ltr'><strong>illum</strong></span> 
     </span>
    </p>
   </div>
   <div class='ocr_carea' id='block_1_4' title="bbox 561 671 2140 749">
    <p class='ocr_par' dir='ltr' id='par_1_4' title="bbox 561 671 2140 749">
     <span class='ocr_line' id='line_1_4' title="bbox 561 671 2140 749; baseline -0.006 -17"><span class='ocrx_word' id='word_1_21' title='bbox 561 680 775 749; x_wconf 88' lang='lat' dir='ltr'><strong>quidem</strong></span> <span class='ocrx_word' id='word_1_22' title='bbox 805 679 893 748; x_wconf 87' lang='lat' dir='ltr'><strong>qui</strong></span> <span class='ocrx_word' id='word_1_23' title='bbox 923 693 952 732; x_wconf 87' lang='lat' dir='ltr'><strong>a</strong></span> <span class='ocrx_word' id='word_1_24' title='bbox 985 689 1033 732; x_wconf 91' lang='lat' dir='ltr'><strong>te</strong></span> <span class='ocrx_word' id='word_1_25' title='bbox 1059 677 1247 744; x_wconf 86' lang='lat' dir='ltr'><strong>accipit</strong></span> <span class='ocrx_word' id='word_1_26' title='bbox 1291 689 1409 730; x_wconf 86' lang='lat' dir='ltr'><strong>esse</strong></span> <span class='ocrx_word' id='word_1_27' title='bbox 1433 673 1693 729; x_wconf 77' lang='lat' dir='ltr'><strong>visibilem</strong></span> <span class='ocrx_word' id='word_1_28' title='bbox 1716 714 1728 734; x_wconf 90' lang='lat'><strong>,</strong></span> <span class='ocrx_word' id='word_1_29' title='bbox 1769 671 1930 725; x_wconf 89' lang='lat' dir='ltr'><strong>alium</strong></span> <span class='ocrx_word' id='word_1_30' title='bbox 1963 677 2140 724; x_wconf 76' lang='lat' dir='ltr'><strong>autem</strong></span> 
     </span>
    </p>
   </div>
   <div class='ocr_carea' id='block_1_5' title="bbox 560 761 2140 840">
    <p class='ocr_par' dir='ltr' id='par_1_5' title="bbox 560 761 2140 840">
     <span class='ocr_line' id='line_1_5' title="bbox 560 761 2140 840; baseline -0.006 -16"><span class='ocrx_word' id='word_1_31' title='bbox 560 785 682 840; x_wconf 73' lang='lat' dir='ltr'><strong>qua:</strong></span> <span class='ocrx_word' id='word_1_32' title='bbox 708 771 759 823; x_wconf 90' lang='lat' dir='ltr'><strong>in</strong></span> <span class='ocrx_word' id='word_1_33' title='bbox 782 769 928 824; x_wconf 89' lang='lat' dir='ltr'><strong>illum</strong></span> <span class='ocrx_word' id='word_1_34' title='bbox 964 768 1112 828; x_wconf 89' lang='lat' dir='ltr'><strong>fiunt,</strong></span> <span class='ocrx_word' id='word_1_35' title='bbox 1144 767 1243 822; x_wconf 83' lang='lat' dir='ltr'><strong>sibi</strong></span> <span class='ocrx_word' id='word_1_36' title='bbox 1281 765 1416 820; x_wconf 85' lang='lat' dir='ltr'><strong>facta</strong></span> <span class='ocrx_word' id='word_1_37' title='bbox 1445 765 1758 827; x_wconf 81' lang='lat' dir='ltr'><strong>declarare;</strong></span> <span class='ocrx_word' id='word_1_38' title='bbox 1792 777 1965 832; x_wconf 90' lang='lat' dir='ltr'><strong>neque</strong></span> <span class='ocrx_word' id='word_1_39' title='bbox 1992 761 2140 815; x_wconf 89' lang='lat' dir='ltr'><strong>illum</strong></span> 
     </span>
    </p>
   </div>
   <div class='ocr_carea' id='block_1_6' title="bbox 561 853 2136 928">
    <p class='ocr_par' dir='ltr' id='par_1_6' title="bbox 561 853 2136 928">
     <span class='ocr_line' id='line_1_6' title="bbox 561 853 2136 928; baseline -0.004 -15"><span class='ocrx_word' id='word_1_40' title='bbox 561 861 829 928; x_wconf 74' lang='lat' dir='ltr'><strong>vulgarem</strong></span> <span class='ocrx_word' id='word_1_41' title='bbox 869 857 1170 928; x_wconf 91' lang='lat' dir='ltr'><strong>quempiam</strong></span> <span class='ocrx_word' id='word_1_42' title='bbox 1225 871 1376 923; x_wconf 82' lang='lat' dir='ltr'><strong>esse,</strong></span> <span class='ocrx_word' id='word_1_43' title='bbox 1425 855 1518 912; x_wconf 86' lang='lat' dir='ltr'><strong>sed</strong></span> <span class='ocrx_word' id='word_1_44' title='bbox 1561 856 1795 910; x_wconf 88' lang='lat' dir='ltr'><strong>omnium</strong></span> <span class='ocrx_word' id='word_1_45' title='bbox 1837 853 2136 916; x_wconf 86' lang='lat' dir='ltr'><strong>Dominum,</strong></span> 
     </span>
    </p>
   </div>
   <div class='ocr_carea' id='block_1_7' title="bbox 559 941 2140 1016">
    <p class='ocr_par' dir='ltr' id='par_1_7' title="bbox 559 941 2140 1016">
     <span class='ocr_line' id='line_1_7' title="bbox 559 941 2140 1016; baseline -0.006 -13"><span class='ocrx_word' id='word_1_46' title='bbox 559 948 674 1003; x_wconf 70' lang='lat' dir='ltr'><strong>creli</strong></span> <span class='ocrx_word' id='word_1_47' title='bbox 715 961 974 1016; x_wconf 57' lang='lat' dir='ltr'><strong>terraque</strong></span> <span class='ocrx_word' id='word_1_48' title='bbox 1016 946 1388 1010; x_wconf 70' lang='lat' dir='ltr'><strong>Conditorem;</strong></span> <span class='ocrx_word' id='word_1_49' title='bbox 1418 953 1471 1000; x_wconf 89' lang='lat' dir='ltr'><strong>et</strong></span> <span class='ocrx_word' id='word_1_50' title='bbox 1509 953 1778 1014; x_wconf 89' lang='lat' dir='ltr'><strong>sumptum</strong></span> <span class='ocrx_word' id='word_1_51' title='bbox 1808 942 1954 997; x_wconf 88' lang='lat' dir='ltr'><strong>illum</strong></span> <span class='ocrx_word' id='word_1_52' title='bbox 2000 941 2140 996; x_wconf 82' lang='lat' dir='ltr'><strong>redi-</strong></span> 
     </span>
    </p>
   </div>
   <div class='ocr_carea' id='block_1_8' title="bbox 561 1035 2138 1103">
    <p class='ocr_par' dir='ltr' id='par_1_8' title="bbox 561 1035 2138 1103">
     <span class='ocr_line' id='line_1_8' title="bbox 561 1035 2138 1103; baseline -0.003 -13"><span class='ocrx_word' id='word_1_53' title='bbox 561 1047 710 1091; x_wconf 90' lang='lat' dir='ltr'><strong>tunm</strong></span> <span class='ocrx_word' id='word_1_54' title='bbox 737 1037 912 1092; x_wconf 89' lang='lat' dir='ltr'><strong>locum</strong></span> <span class='ocrx_word' id='word_1_55' title='bbox 941 1038 1202 1103; x_wconf 86' lang='lat' dir='ltr'><strong>obtinere,</strong></span> <span class='ocrx_word' id='word_1_56' title='bbox 1235 1052 1332 1092; x_wconf 91' lang='lat' dir='ltr'><strong>nec</strong></span> <span class='ocrx_word' id='word_1_57' title='bbox 1369 1035 1542 1090; x_wconf 89' lang='lat' dir='ltr'><strong>solum</strong></span> <span class='ocrx_word' id='word_1_58' title='bbox 1584 1050 1688 1088; x_wconf 92' lang='lat' dir='ltr'><strong>non</strong></span> <span class='ocrx_word' id='word_1_59' title='bbox 1731 1035 1970 1088; x_wconf 88' lang='lat' dir='ltr'><strong>minuere</strong></span> <span class='ocrx_word' id='word_1_60' title='bbox 2009 1035 2138 1087; x_wconf 86' lang='lat' dir='ltr'><strong>sub-</strong></span> 
     </span>
    </p>
   </div>
   <div class='ocr_carea' id='block_1_9' title="bbox 558 1123 2132 1197">
    <p class='ocr_par' dir='ltr' id='par_1_9' title="bbox 558 1123 2132 1197">
     <span class='ocr_line' id='line_1_9' title="bbox 558 1123 2132 1197; baseline -0.003 -16"><span class='ocrx_word' id='word_1_61' title='bbox 558 1127 809 1181; x_wconf 81' lang='lat' dir='ltr'><strong>stantiam</strong></span> <span class='ocrx_word' id='word_1_62' title='bbox 838 1135 1002 1193; x_wconf 86' lang='lat' dir='ltr'><strong>tuam,</strong></span> <span class='ocrx_word' id='word_1_63' title='bbox 1030 1127 1122 1182; x_wconf 89' lang='lat' dir='ltr'><strong>sed</strong></span> <span class='ocrx_word' id='word_1_64' title='bbox 1150 1141 1343 1197; x_wconf 80' lang='lat' dir='ltr'><strong>augere</strong></span> <span class='ocrx_word' id='word_1_65' title='bbox 1366 1126 1532 1196; x_wconf 82' lang='lat' dir='ltr'><strong>magis</strong></span> <span class='ocrx_word' id='word_1_66' title='bbox 1568 1127 1611 1180; x_wconf 90' lang='lat' dir='ltr'><strong>si</strong></span> <span class='ocrx_word' id='word_1_67' title='bbox 1655 1140 1779 1180; x_wconf 92' lang='lat' dir='ltr'><strong>cum</strong></span> <span class='ocrx_word' id='word_1_68' title='bbox 1804 1123 1908 1178; x_wconf 85' lang='lat' dir='ltr'><strong>fide</strong></span> <span class='ocrx_word' id='word_1_69' title='bbox 1937 1135 1989 1178; x_wconf 87' lang='lat' dir='ltr'><strong>et</strong></span> <span class='ocrx_word' id='word_1_70' title='bbox 2028 1123 2132 1177; x_wconf 87' lang='lat' dir='ltr'><strong>ala-</strong></span> 
     </span>
    </p>
   </div>
   <div class='ocr_carea' id='block_1_10' title="bbox 556 1215 2136 1285">
    <p class='ocr_par' dir='ltr' id='par_1_10' title="bbox 556 1215 2136 1285">
     <span class='ocr_line' id='line_1_10' title="bbox 556 1215 2136 1285; baseline -0.001 -16"><span class='ocrx_word' id='word_1_71' title='bbox 556 1216 746 1270; x_wconf 87' lang='lat' dir='ltr'><strong>critate</strong></span> <span class='ocrx_word' id='word_1_72' title='bbox 789 1215 889 1270; x_wconf 91' lang='lat' dir='ltr'><strong>hoc</strong></span> <span class='ocrx_word' id='word_1_73' title='bbox 918 1215 1126 1272; x_wconf 89' lang='lat' dir='ltr'><strong>feceris.</strong></span> <span class='ocrx_word' id='word_1_74' title='bbox 1170 1215 1376 1272; x_wconf 80' lang='lat' dir='ltr'><strong>Addam</strong></span> <span class='ocrx_word' id='word_1_75' title='bbox 1423 1216 1472 1270; x_wconf 91' lang='lat' dir='ltr'><strong>id</strong></span> <span class='ocrx_word' id='word_1_76' title='bbox 1516 1215 1654 1285; x_wconf 90' lang='lat' dir='ltr'><strong>quod</strong></span> <span class='ocrx_word' id='word_1_77' title='bbox 1696 1215 2018 1284; x_wconf 59' lang='lat' dir='ltr'><strong>praecipuum</strong></span> <span class='ocrx_word' id='word_1_78' title='bbox 2059 1222 2136 1268; x_wconf 86' lang='lat' dir='ltr'><strong>est</strong></span> 
     </span>
    </p>
   </div>
   <div class='ocr_carea' id='block_1_11' title="bbox 558 1304 2142 1376">
    <p class='ocr_par' dir='ltr' id='par_1_11' title="bbox 558 1304 2142 1376">
     <span class='ocr_line' id='line_1_11' title="bbox 558 1304 2142 1376; baseline 0.001 -18"><span class='ocrx_word' id='word_1_79' title='bbox 558 1304 753 1359; x_wconf 88' lang='lat' dir='ltr'><strong>bonum</strong></span> <span class='ocrx_word' id='word_1_80' title='bbox 777 1323 792 1359; x_wconf 91' lang='lat'><strong>:</strong></span> <span class='ocrx_word' id='word_1_81' title='bbox 826 1316 1018 1376; x_wconf 67' lang='lat' dir='ltr'><strong>praeter</strong></span> <span class='ocrx_word' id='word_1_82' title='bbox 1047 1306 1143 1362; x_wconf 89' lang='lat' dir='ltr'><strong>hos</strong></span> <span class='ocrx_word' id='word_1_83' title='bbox 1173 1305 1373 1362; x_wconf 89' lang='lat' dir='ltr'><strong>reditus</strong></span> <span class='ocrx_word' id='word_1_84' title='bbox 1400 1316 1455 1362; x_wconf 90' lang='lat' dir='ltr'><strong>et</strong></span> <span class='ocrx_word' id='word_1_85' title='bbox 1495 1307 1664 1374; x_wconf 90' lang='lat' dir='ltr'><strong>lucra,</strong></span> <span class='ocrx_word' id='word_1_86' title='bbox 1691 1321 1808 1376; x_wconf 78' lang='lat' dir='ltr'><strong>qua:</strong></span> <span class='ocrx_word' id='word_1_87' title='bbox 1835 1321 1900 1361; x_wconf 77' lang='lat' dir='ltr'><strong>ex</strong></span> <span class='ocrx_word' id='word_1_88' title='bbox 1926 1314 2142 1374; x_wconf 88' lang='lat' dir='ltr'><strong>sumptu</strong></span> 
     </span>
    </p>
   </div>
   <div class='ocr_carea' id='block_1_12' title="bbox 560 1395 2138 1466">
    <p class='ocr_par' dir='ltr' id='par_1_12' title="bbox 560 1395 2138 1466">
     <span class='ocr_line' id='line_1_12' title="bbox 560 1395 2138 1466; baseline 0.003 -20"><span class='ocrx_word' id='word_1_89' title='bbox 560 1405 832 1461; x_wconf 85' lang='lat' dir='ltr'><strong>parantur,</strong></span> <span class='ocrx_word' id='word_1_90' title='bbox 869 1404 1080 1465; x_wconf 87' lang='lat' dir='ltr'><strong>peccata</strong></span> <span class='ocrx_word' id='word_1_91' title='bbox 1108 1397 1268 1452; x_wconf 88' lang='lat' dir='ltr'><strong>etiam</strong></span> <span class='ocrx_word' id='word_1_92' title='bbox 1295 1397 1661 1453; x_wconf 83' lang='lat' dir='ltr'><strong>condonantur</strong></span> <span class='ocrx_word' id='word_1_93' title='bbox 1693 1415 1706 1450; x_wconf 90' lang='lat'><strong>:</strong></span> <span class='ocrx_word' id='word_1_94' title='bbox 1733 1397 1816 1452; x_wconf 90' lang='lat' dir='ltr'><strong>cui</strong></span> <span class='ocrx_word' id='word_1_95' title='bbox 1845 1397 1985 1451; x_wconf 88' lang='lat' dir='ltr'><strong>bono</strong></span> <span class='ocrx_word' id='word_1_96' title='bbox 2013 1395 2138 1466; x_wconf 90' lang='lat' dir='ltr'><strong>quid</strong></span> 
     </span>
    </p>
   </div>
   <div class='ocr_carea' id='block_1_13' title="bbox 559 1486 2133 1559">
    <p class='ocr_par' dir='ltr' id='par_1_13' title="bbox 559 1486 2133 1559">
     <span class='ocr_line' id='line_1_13' title="bbox 559 1486 2133 1559; baseline 0.001 -22"><span class='ocrx_word' id='word_1_97' title='bbox 559 1497 653 1553; x_wconf 86' lang='lat' dir='ltr'><strong>par</strong></span> <span class='ocrx_word' id='word_1_98' title='bbox 680 1497 798 1540; x_wconf 86' lang='lat' dir='ltr'><strong>esse</strong></span> <span class='ocrx_word' id='word_1_99' title='bbox 825 1487 1053 1554; x_wconf 75' lang='lat' dir='ltr'><strong>poterit?</strong></span> <span class='ocrx_word' id='word_1_100' title='bbox 1095 1487 1152 1542; x_wconf 88' lang='lat' dir='ltr'><strong>Si</strong></span> <span class='ocrx_word' id='word_1_101' title='bbox 1181 1487 1341 1559; x_wconf 83' lang='lat' dir='ltr'><strong>igitur</strong></span> <span class='ocrx_word' id='word_1_102' title='bbox 1367 1487 1612 1543; x_wconf 87' lang='lat' dir='ltr'><strong>volumus</strong></span> <span class='ocrx_word' id='word_1_103' title='bbox 1640 1502 1766 1542; x_wconf 83' lang='lat' dir='ltr'><strong>vere</strong></span> <span class='ocrx_word' id='word_1_104' title='bbox 1803 1486 2133 1556; x_wconf 85' lang='lat' dir='ltr'><strong>locupletari,</strong></span> 
     </span>
    </p>
   </div>
   <div class='ocr_carea' id='block_1_14' title="bbox 557 1575 2135 1648">
    <p class='ocr_par' dir='ltr' id='par_1_14' title="bbox 557 1575 2135 1648">
     <span class='ocr_line' id='line_1_14' title="bbox 557 1575 2135 1648; baseline 0.001 -19"><span class='ocrx_word' id='word_1_105' title='bbox 557 1583 613 1629; x_wconf 86' lang='lat' dir='ltr'><strong>et</strong></span> <span class='ocrx_word' id='word_1_106' title='bbox 642 1589 759 1630; x_wconf 72' lang='lat' dir='ltr'><strong>enim</strong></span> <span class='ocrx_word' id='word_1_107' title='bbox 788 1575 982 1632; x_wconf 78' lang='lat' dir='ltr'><strong>divitiis</strong></span> <span class='ocrx_word' id='word_1_108' title='bbox 1021 1578 1182 1633; x_wconf 89' lang='lat' dir='ltr'><strong>etiam</strong></span> <span class='ocrx_word' id='word_1_109' title='bbox 1217 1587 1553 1648; x_wconf 80' lang='lat' dir='ltr'><strong>peccatorum</strong></span> <span class='ocrx_word' id='word_1_110' title='bbox 1595 1578 1831 1632; x_wconf 86' lang='lat' dir='ltr'><strong>invenire</strong></span> <span class='ocrx_word' id='word_1_111' title='bbox 1871 1575 2135 1632; x_wconf 88' lang='lat' dir='ltr'><strong>remissio-</strong></span> 
     </span>
    </p>
   </div>
   <div class='ocr_carea' id='block_1_15' title="bbox 560 1667 2136 1740">
    <p class='ocr_par' dir='ltr' id='par_1_15' title="bbox 560 1667 2136 1740">
     <span class='ocr_line' id='line_1_15' title="bbox 560 1667 2136 1740; baseline 0.001 -19"><span class='ocrx_word' id='word_1_112' title='bbox 560 1681 702 1731; x_wconf 85' lang='lat' dir='ltr'><strong>nem,</strong></span> <span class='ocrx_word' id='word_1_113' title='bbox 745 1667 1076 1725; x_wconf 71' lang='lat' dir='ltr'><strong>cflundamus</strong></span> <span class='ocrx_word' id='word_1_114' title='bbox 1122 1685 1209 1725; x_wconf 90' lang='lat' dir='ltr'><strong>res</strong></span> <span class='ocrx_word' id='word_1_115' title='bbox 1249 1679 1457 1725; x_wconf 89' lang='lat' dir='ltr'><strong>nostras</strong></span> <span class='ocrx_word' id='word_1_116' title='bbox 1505 1671 1557 1726; x_wconf 85' lang='lat' dir='ltr'><strong>in</strong></span> <span class='ocrx_word' id='word_1_117' title='bbox 1601 1683 1889 1740; x_wconf 76' lang='lat' dir='ltr'><strong>egenorum</strong></span> <span class='ocrx_word' id='word_1_118' title='bbox 1927 1683 2136 1733; x_wconf 87' lang='lat' dir='ltr'><strong>manus,</strong></span> 
     </span>
    </p>
   </div>
   <div class='ocr_carea' id='block_1_16' title="bbox 561 1757 2134 1830">
    <p class='ocr_par' dir='ltr' id='par_1_16' title="bbox 561 1757 2134 1830">
     <span class='ocr_line' id='line_1_16' title="bbox 561 1757 2134 1830; baseline 0.003 -20"><span class='ocrx_word' id='word_1_119' title='bbox 561 1757 941 1825; x_wconf 72' lang='lat' dir='ltr'><strong>prmmittamus</strong></span> <span class='ocrx_word' id='word_1_120' title='bbox 967 1772 1058 1812; x_wconf 89' lang='lat' dir='ltr'><strong>cas</strong></span> <span class='ocrx_word' id='word_1_121' title='bbox 1089 1759 1144 1814; x_wconf 88' lang='lat' dir='ltr'><strong>in</strong></span> <span class='ocrx_word' id='word_1_122' title='bbox 1169 1759 1380 1826; x_wconf 63' lang='lat' dir='ltr'><strong>ctelum,</strong></span> <span class='ocrx_word' id='word_1_123' title='bbox 1414 1760 1501 1815; x_wconf 91' lang='lat' dir='ltr'><strong>ubi</strong></span> <span class='ocrx_word' id='word_1_124' title='bbox 1532 1775 1705 1830; x_wconf 82' lang='lat' dir='ltr'><strong>neque</strong></span> <span class='ocrx_word' id='word_1_125' title='bbox 1733 1760 1830 1824; x_wconf 88' lang='lat' dir='ltr'><strong>fur,</strong></span> <span class='ocrx_word' id='word_1_126' title='bbox 1864 1775 2036 1830; x_wconf 88' lang='lat' dir='ltr'><strong>neque</strong></span> <span class='ocrx_word' id='word_1_127' title='bbox 2057 1761 2134 1814; x_wconf 88' lang='lat' dir='ltr'><strong>la-</strong></span> 
     </span>
    </p>
   </div>
   <div class='ocr_carea' id='block_1_17' title="bbox 560 1848 2135 1920">
    <p class='ocr_par' dir='ltr' id='par_1_17' title="bbox 560 1848 2135 1920">
     <span class='ocr_line' id='line_1_17' title="bbox 560 1848 2135 1920; baseline 0.002 -20"><span class='ocrx_word' id='word_1_128' title='bbox 560 1853 663 1912; x_wconf 88' lang='lat' dir='ltr'><strong>tro,</strong></span> <span class='ocrx_word' id='word_1_129' title='bbox 695 1861 868 1916; x_wconf 86' lang='lat' dir='ltr'><strong>neque</strong></span> <span class='ocrx_word' id='word_1_130' title='bbox 898 1849 1156 1917; x_wconf 80' lang='lat' dir='ltr'><strong>parietum</strong></span> <span class='ocrx_word' id='word_1_131' title='bbox 1198 1848 1440 1917; x_wconf 85' lang='lat' dir='ltr'><strong>effossor,</strong></span> <span class='ocrx_word' id='word_1_132' title='bbox 1484 1863 1656 1920; x_wconf 78' lang='lat' dir='ltr'><strong>neque</strong></span> <span class='ocrx_word' id='word_1_133' title='bbox 1697 1849 1882 1903; x_wconf 84' lang='lat' dir='ltr'><strong>famuli</strong></span> <span class='ocrx_word' id='word_1_134' title='bbox 1914 1850 2135 1916; x_wconf 85' lang='lat' dir='ltr'><strong>malitia,</strong></span> 
     </span>
    </p>
   </div>
   <div class='ocr_carea' id='block_1_18' title="bbox 559 1937 2134 2010">
    <p class='ocr_par' dir='ltr' id='par_1_18' title="bbox 559 1937 2134 2010">
     <span class='ocr_line' id='line_1_18' title="bbox 559 1937 2134 2010; baseline 0.002 -20"><span class='ocrx_word' id='word_1_135' title='bbox 559 1950 730 2006; x_wconf 88' lang='lat' dir='ltr'><strong>neque</strong></span> <span class='ocrx_word' id='word_1_136' title='bbox 759 1937 901 1992; x_wconf 82' lang='lat' dir='ltr'><strong>aliud</strong></span> <span class='ocrx_word' id='word_1_137' title='bbox 929 1939 1214 2009; x_wconf 88' lang='lat' dir='ltr'><strong>quidquam</strong></span> <span class='ocrx_word' id='word_1_138' title='bbox 1256 1953 1451 1996; x_wconf 90' lang='lat' dir='ltr'><strong>nocere</strong></span> <span class='ocrx_word' id='word_1_139' title='bbox 1476 1941 1669 2010; x_wconf 85' lang='lat' dir='ltr'><strong>pctcrit</strong></span> <span class='ocrx_word' id='word_1_140' title='bbox 1696 1939 1892 1994; x_wconf 88' lang='lat' dir='ltr'><strong>divitiis</strong></span> <span class='ocrx_word' id='word_1_141' title='bbox 1922 1941 2134 1994; x_wconf 87' lang='lat' dir='ltr'><strong>nostris.</strong></span> 
     </span>
    </p>
   </div>
   <div class='ocr_carea' id='block_1_19' title="bbox 559 2026 2137 2099">
    <p class='ocr_par' dir='ltr' id='par_1_19' title="bbox 559 2026 2137 2099">
     <span class='ocr_line' id='line_1_19' title="bbox 559 2026 2137 2099; baseline 0.003 -19"><span class='ocrx_word' id='word_1_142' title='bbox 559 2026 725 2097; x_wconf 82' lang='lat' dir='ltr'><strong>Regio</strong></span> <span class='ocrx_word' id='word_1_143' title='bbox 750 2028 891 2083; x_wconf 87' lang='lat' dir='ltr'><strong>enim</strong></span> <span class='ocrx_word' id='word_1_144' title='bbox 921 2029 1007 2084; x_wconf 83' lang='lat' dir='ltr'><strong>illa</strong></span> <span class='ocrx_word' id='word_1_145' title='bbox 1046 2029 1294 2084; x_wconf 88' lang='lat' dir='ltr'><strong>onmibus</strong></span> <span class='ocrx_word' id='word_1_146' title='bbox 1337 2030 1634 2085; x_wconf 82' lang='lat' dir='ltr'><strong>istiusmodi</strong></span> <span class='ocrx_word' id='word_1_147' title='bbox 1662 2029 1869 2086; x_wconf 82' lang='lat' dir='ltr'><strong>damnis</strong></span> <span class='ocrx_word' id='word_1_148' title='bbox 1898 2031 2137 2099; x_wconf 86' lang='lat' dir='ltr'><strong>superior</strong></span> 
     </span>
    </p>
   </div>
   <div class='ocr_carea' id='block_1_20' title="bbox 557 2117 2136 2190">
    <p class='ocr_par' dir='ltr' id='par_1_20' title="bbox 557 2117 2136 2190">
     <span class='ocr_line' id='line_1_20' title="bbox 557 2117 2136 2190; baseline 0.001 -18"><span class='ocrx_word' id='word_1_149' title='bbox 557 2127 659 2172; x_wconf 60' lang='lat' dir='ltr'><strong>esu</strong></span> <span class='ocrx_word' id='word_1_150' title='bbox 687 2117 912 2173; x_wconf 84' lang='lat' dir='ltr'><strong>Tantum</strong></span> <span class='ocrx_word' id='word_1_151' title='bbox 939 2134 1006 2174; x_wconf 89' lang='lat' dir='ltr'><strong>ne</strong></span> <span class='ocrx_word' id='word_1_152' title='bbox 1035 2135 1220 2174; x_wconf 86' lang='lat' dir='ltr'><strong>vanam</strong></span> <span class='ocrx_word' id='word_1_153' title='bbox 1246 2121 1467 2190; x_wconf 77' lang='lat' dir='ltr'><strong>gloriam</strong></span> <span class='ocrx_word' id='word_1_154' title='bbox 1498 2130 1782 2180; x_wconf 75' lang='lat' dir='ltr'><strong>sectemur,</strong></span> <span class='ocrx_word' id='word_1_155' title='bbox 1811 2121 1903 2175; x_wconf 92' lang='lat' dir='ltr'><strong>sed</strong></span> <span class='ocrx_word' id='word_1_156' title='bbox 1942 2136 2136 2190; x_wconf 83' lang='lat' dir='ltr'><strong>sequa-</strong></span> 
     </span>
    </p>
   </div>
   <div class='ocr_carea' id='block_1_21' title="bbox 557 2208 2138 2279">
    <p class='ocr_par' dir='ltr' id='par_1_21' title="bbox 557 2208 2138 2279">
     <span class='ocr_line' id='line_1_21' title="bbox 557 2208 2138 2279; baseline 0.001 -15"><span class='ocrx_word' id='word_1_157' title='bbox 557 2222 680 2264; x_wconf 91' lang='lat' dir='ltr'><strong>mur</strong></span> <span class='ocrx_word' id='word_1_158' title='bbox 707 2208 851 2279; x_wconf 82' lang='lat' dir='ltr'><strong>leges</strong></span> <span class='ocrx_word' id='word_1_159' title='bbox 886 2223 916 2263; x_wconf 88' lang='lat' dir='ltr'><strong>a</strong></span> <span class='ocrx_word' id='word_1_160' title='bbox 958 2208 1169 2264; x_wconf 88' lang='lat' dir='ltr'><strong>Christo</strong></span> <span class='ocrx_word' id='word_1_161' title='bbox 1214 2211 1451 2277; x_wconf 88' lang='lat' dir='ltr'><strong>traditas,</strong></span> <span class='ocrx_word' id='word_1_162' title='bbox 1498 2220 1556 2265; x_wconf 94' lang='lat' dir='ltr'><strong>ut</strong></span> <span class='ocrx_word' id='word_1_163' title='bbox 1591 2227 1697 2266; x_wconf 86' lang='lat' dir='ltr'><strong>non</strong></span> <span class='ocrx_word' id='word_1_164' title='bbox 1731 2211 1798 2266; x_wconf 89' lang='lat' dir='ltr'><strong>ab</strong></span> <span class='ocrx_word' id='word_1_165' title='bbox 1838 2211 2138 2267; x_wconf 83' lang='lat' dir='ltr'><strong>hominibus</strong></span> 
     </span>
    </p>
   </div>
   <div class='ocr_carea' id='block_1_22' title="bbox 556 2298 2134 2369">
    <p class='ocr_par' dir='ltr' id='par_1_22' title="bbox 556 2298 2134 2369">
     <span class='ocr_line' id='line_1_22' title="bbox 556 2298 2134 2369; baseline -0.001 -16"><span class='ocrx_word' id='word_1_166' title='bbox 556 2298 742 2356; x_wconf 84' lang='lat' dir='ltr'><strong>laudes</strong></span> <span class='ocrx_word' id='word_1_167' title='bbox 765 2301 1140 2369; x_wconf 87' lang='lat' dir='ltr'><strong>percipiamus,</strong></span> <span class='ocrx_word' id='word_1_168' title='bbox 1163 2301 1257 2356; x_wconf 86' lang='lat' dir='ltr'><strong>sed</strong></span> <span class='ocrx_word' id='word_1_169' title='bbox 1279 2317 1306 2354; x_wconf 88' lang='lat' dir='ltr'><strong>a</strong></span> <span class='ocrx_word' id='word_1_170' title='bbox 1333 2301 1600 2356; x_wconf 90' lang='lat' dir='ltr'><strong>communi</strong></span> <span class='ocrx_word' id='word_1_171' title='bbox 1626 2301 1862 2355; x_wconf 91' lang='lat' dir='ltr'><strong>omnium</strong></span> <span class='ocrx_word' id='word_1_172' title='bbox 1892 2302 2134 2366; x_wconf 87' lang='lat' dir='ltr'><strong>Domino,</strong></span> 
     </span>
    </p>
   </div>
   <div class='ocr_carea' id='block_1_23' title="bbox 555 2391 2138 2461">
    <p class='ocr_par' dir='ltr' id='par_1_23' title="bbox 555 2391 2138 2461">
     <span class='ocr_line' id='line_1_23' title="bbox 555 2391 2138 2461; baseline -0.001 -14"><span class='ocrx_word' id='word_1_173' title='bbox 555 2405 626 2447; x_wconf 84' lang='lat' dir='ltr'><strong>ne</strong></span> <span class='ocrx_word' id='word_1_174' title='bbox 652 2399 706 2446; x_wconf 87' lang='lat' dir='ltr'><strong>et</strong></span> <span class='ocrx_word' id='word_1_175' title='bbox 744 2400 988 2461; x_wconf 86' lang='lat' dir='ltr'><strong>sumptus</strong></span> <span class='ocrx_word' id='word_1_176' title='bbox 1029 2391 1283 2448; x_wconf 81' lang='lat' dir='ltr'><strong>faciamus</strong></span> <span class='ocrx_word' id='word_1_177' title='bbox 1309 2433 1323 2454; x_wconf 91' lang='lat'><strong>,</strong></span> <span class='ocrx_word' id='word_1_178' title='bbox 1372 2401 1426 2447; x_wconf 92' lang='lat' dir='ltr'><strong>et</strong></span> <span class='ocrx_word' id='word_1_179' title='bbox 1468 2393 1616 2446; x_wconf 92' lang='lat' dir='ltr'><strong>lucro</strong></span> <span class='ocrx_word' id='word_1_180' title='bbox 1657 2391 2025 2446; x_wconf 88' lang='lat' dir='ltr'><strong>destituamur.</strong></span> <span class='ocrx_word' id='word_1_181' title='bbox 2069 2391 2138 2446; x_wconf 90' lang='lat' dir='ltr'><strong>Ut</strong></span> 
     </span>
    </p>
   </div>
   <div class='ocr_carea' id='block_1_24' title="bbox 554 2479 2138 2550">
    <p class='ocr_par' dir='ltr' id='par_1_24' title="bbox 554 2479 2138 2550">
     <span class='ocr_line' id='line_1_24' title="bbox 554 2479 2138 2550; baseline -0.001 -16"><span class='ocrx_word' id='word_1_182' title='bbox 554 2480 695 2534; x_wconf 91' lang='lat' dir='ltr'><strong>enim</strong></span> <span class='ocrx_word' id='word_1_183' title='bbox 724 2480 791 2536; x_wconf 88' lang='lat' dir='ltr'><strong>ab</strong></span> <span class='ocrx_word' id='word_1_184' title='bbox 820 2479 1022 2535; x_wconf 89' lang='lat' dir='ltr'><strong>lnsidiis</strong></span> <span class='ocrx_word' id='word_1_185' title='bbox 1046 2480 1164 2534; x_wconf 91' lang='lat' dir='ltr'><strong>aliis</strong></span> <span class='ocrx_word' id='word_1_186' title='bbox 1188 2481 1434 2536; x_wconf 86' lang='lat' dir='ltr'><strong>omnibus</strong></span> <span class='ocrx_word' id='word_1_187' title='bbox 1475 2490 1600 2535; x_wconf 78' lang='lat' dir='ltr'><strong>tuta:</strong></span> <span class='ocrx_word' id='word_1_188' title='bbox 1637 2490 1759 2535; x_wconf 89' lang='lat' dir='ltr'><strong>sunt</strong></span> <span class='ocrx_word' id='word_1_189' title='bbox 1803 2480 1999 2536; x_wconf 77' lang='lat' dir='ltr'><strong>divitia:</strong></span> <span class='ocrx_word' id='word_1_190' title='bbox 2043 2495 2138 2550; x_wconf 90' lang='lat' dir='ltr'><strong>per</strong></span> 
     </span>
    </p>
   </div>
   <div class='ocr_carea' id='block_1_25' title="bbox 554 2572 2134 2642">
    <p class='ocr_par' dir='ltr' id='par_1_25' title="bbox 554 2572 2134 2642">
     <span class='ocr_line' id='line_1_25' title="bbox 554 2572 2134 2642; baseline -0.001 -15"><span class='ocrx_word' id='word_1_191' title='bbox 554 2586 740 2627; x_wconf 87' lang='lat' dir='ltr'><strong>manus</strong></span> <span class='ocrx_word' id='word_1_192' title='bbox 770 2587 1059 2642; x_wconf 80' lang='lat' dir='ltr'><strong>pauperum</strong></span> <span class='ocrx_word' id='word_1_193' title='bbox 1087 2587 1154 2627; x_wconf 94' lang='lat' dir='ltr'><strong>co</strong></span> <span class='ocrx_word' id='word_1_194' title='bbox 1183 2573 1471 2639; x_wconf 63' lang='lat' dir='ltr'><strong>translate,</strong></span> <span class='ocrx_word' id='word_1_195' title='bbox 1513 2573 1582 2626; x_wconf 91' lang='lat' dir='ltr'><strong>ita</strong></span> <span class='ocrx_word' id='word_1_196' title='bbox 1623 2587 1716 2641; x_wconf 82' lang='lat' dir='ltr'><strong>per</strong></span> <span class='ocrx_word' id='word_1_197' title='bbox 1749 2586 1935 2627; x_wconf 81' lang='lat' dir='ltr'><strong>vanam</strong></span> <span class='ocrx_word' id='word_1_198' title='bbox 1965 2572 2134 2626; x_wconf 85' lang='lat' dir='ltr'><strong>solum</strong></span> 
     </span>
    </p>
   </div>
   <div class='ocr_carea' id='block_1_26' title="bbox 555 2660 2134 2737">
    <p class='ocr_par' dir='ltr' id='par_1_26' title="bbox 555 2660 2134 2737">
     <span class='ocr_line' id='line_1_26' title="bbox 555 2660 2134 2737; baseline 0.002 -22"><span class='ocrx_word' id='word_1_199' title='bbox 555 2661 773 2737; x_wconf 86' lang='lat' dir='ltr'><strong>gloriam</strong></span> <span class='ocrx_word' id='word_1_200' title='bbox 813 2660 1198 2728; x_wconf 79' lang='lat' dir='ltr'><strong>absumuntur;</strong></span> <span class='ocrx_word' id='word_1_201' title='bbox 1249 2672 1303 2716; x_wconf 89' lang='lat' dir='ltr'><strong>ct</strong></span> <span class='ocrx_word' id='word_1_202' title='bbox 1331 2672 1388 2716; x_wconf 92' lang='lat' dir='ltr'><strong>ut</strong></span> <span class='ocrx_word' id='word_1_203' title='bbox 1433 2663 1570 2717; x_wconf 89' lang='lat' dir='ltr'><strong>tinea</strong></span> <span class='ocrx_word' id='word_1_204' title='bbox 1613 2673 1668 2718; x_wconf 89' lang='lat' dir='ltr'><strong>et</strong></span> <span class='ocrx_word' id='word_1_205' title='bbox 1701 2677 1911 2717; x_wconf 89' lang='lat' dir='ltr'><strong>vermes</strong></span> <span class='ocrx_word' id='word_1_206' title='bbox 1957 2671 2134 2718; x_wconf 90' lang='lat' dir='ltr'><strong>vestes</strong></span> 
     </span>
    </p>
   </div>
   <div class='ocr_carea' id='block_1_27' title="bbox 553 2751 2132 2822">
    <p class='ocr_par' dir='ltr' id='par_1_27' title="bbox 553 2751 2132 2822">
     <span class='ocr_line' id='line_1_27' title="bbox 553 2751 2132 2822; baseline 0.003 -18"><span class='ocrx_word' id='word_1_207' title='bbox 553 2760 920 2818; x_wconf 86' lang='lat' dir='ltr'><strong>corrumpunt,</strong></span> <span class='ocrx_word' id='word_1_208' title='bbox 967 2751 1035 2804; x_wconf 89' lang='lat' dir='ltr'><strong>ita</strong></span> <span class='ocrx_word' id='word_1_209' title='bbox 1084 2761 1136 2805; x_wconf 91' lang='lat' dir='ltr'><strong>et</strong></span> <span class='ocrx_word' id='word_1_210' title='bbox 1176 2752 1346 2807; x_wconf 91' lang='lat' dir='ltr'><strong>inanis</strong></span> <span class='ocrx_word' id='word_1_211' title='bbox 1374 2753 1538 2822; x_wconf 88' lang='lat' dir='ltr'><strong>gloria</strong></span> <span class='ocrx_word' id='word_1_212' title='bbox 1578 2753 1785 2808; x_wconf 66' lang='lat' dir='ltr'><strong>divitias</strong></span> <span class='ocrx_word' id='word_1_213' title='bbox 1811 2768 1928 2822; x_wconf 86' lang='lat' dir='ltr'><strong>quae</strong></span> <span class='ocrx_word' id='word_1_214' title='bbox 1969 2753 2132 2809; x_wconf 81' lang='lat' dir='ltr'><strong>mise-</strong></span> 
     </span>
    </p>
   </div>
   <div class='ocr_carea' id='block_1_28' title="bbox 553 2841 2130 2910">
    <p class='ocr_par' dir='ltr' id='par_1_28' title="bbox 553 2841 2130 2910">
     <span class='ocr_line' id='line_1_28' title="bbox 553 2841 2130 2910; baseline 0.002 -16"><span class='ocrx_word' id='word_1_215' title='bbox 553 2841 779 2895; x_wconf 84' lang='lat' dir='ltr'><strong>ricordia</strong></span> <span class='ocrx_word' id='word_1_216' title='bbox 810 2842 1148 2910; x_wconf 89' lang='lat' dir='ltr'><strong>colliguntur.</strong></span> <span class='ocrx_word' id='word_1_217' title='bbox 1179 2841 1398 2908; x_wconf 85' lang='lat' dir='ltr'><strong>Idcirco,</strong></span> <span class='ocrx_word' id='word_1_218' title='bbox 1431 2843 1672 2908; x_wconf 87' lang='lat' dir='ltr'><strong>obsecro,</strong></span> <span class='ocrx_word' id='word_1_219' title='bbox 1714 2858 1818 2897; x_wconf 91' lang='lat' dir='ltr'><strong>non</strong></span> <span class='ocrx_word' id='word_1_220' title='bbox 1845 2844 2015 2898; x_wconf 88' lang='lat' dir='ltr'><strong>solum</strong></span> <span class='ocrx_word' id='word_1_221' title='bbox 2050 2843 2130 2897; x_wconf 90' lang='lat' dir='ltr'><strong>fa-</strong></span> 
     </span>
    </p>
   </div>
   <div class='ocr_carea' id='block_1_29' title="bbox 553 2933 2134 3005">
    <p class='ocr_par' dir='ltr' id='par_1_29' title="bbox 553 2933 2134 3005">
     <span class='ocr_line' id='line_1_29' title="bbox 553 2933 2134 3005; baseline 0.001 -18"><span class='ocrx_word' id='word_1_222' title='bbox 553 2933 753 2987; x_wconf 90' lang='lat' dir='ltr'><strong>ciamus</strong></span> <span class='ocrx_word' id='word_1_223' title='bbox 777 2933 1162 3004; x_wconf 84' lang='lat' dir='ltr'><strong>eleemosyuas,</strong></span> <span class='ocrx_word' id='word_1_224' title='bbox 1189 2935 1281 2988; x_wconf 91' lang='lat' dir='ltr'><strong>scd</strong></span> <span class='ocrx_word' id='word_1_225' title='bbox 1312 2944 1364 2988; x_wconf 89' lang='lat' dir='ltr'><strong>et</strong></span> <span class='ocrx_word' id='word_1_226' title='bbox 1389 2945 1540 2988; x_wconf 86' lang='lat' dir='ltr'><strong>caute</strong></span> <span class='ocrx_word' id='word_1_227' title='bbox 1563 2934 1835 2998; x_wconf 83' lang='lat' dir='ltr'><strong>faciamus,</strong></span> <span class='ocrx_word' id='word_1_228' title='bbox 1865 2944 1920 2989; x_wconf 91' lang='lat' dir='ltr'><strong>ut</strong></span> <span class='ocrx_word' id='word_1_229' title='bbox 1947 2949 2134 3005; x_wconf 87' lang='lat' dir='ltr'><strong>magna</strong></span> 
     </span>
    </p>
   </div>
   <div class='ocr_carea' id='block_1_30' title="bbox 555 3023 2135 3098">
    <p class='ocr_par' dir='ltr' id='par_1_30' title="bbox 555 3023 2135 3098">
     <span class='ocr_line' id='line_1_30' title="bbox 555 3023 2135 3098; baseline 0 -17"><span class='ocrx_word' id='word_1_230' title='bbox 555 3023 691 3081; x_wconf 85' lang='lat' dir='ltr'><strong>bons</strong></span> <span class='ocrx_word' id='word_1_231' title='bbox 718 3026 1067 3096; x_wconf 85' lang='lat' dir='ltr'><strong>percipiamus</strong></span> <span class='ocrx_word' id='word_1_232' title='bbox 1093 3041 1186 3096; x_wconf 91' lang='lat' dir='ltr'><strong>pro</strong></span> <span class='ocrx_word' id='word_1_233' title='bbox 1205 3025 1398 3096; x_wconf 78' lang='lat' dir='ltr'><strong>parvis,</strong></span> <span class='ocrx_word' id='word_1_234' title='bbox 1440 3035 1494 3081; x_wconf 94' lang='lat' dir='ltr'><strong>ct</strong></span> <span class='ocrx_word' id='word_1_235' title='bbox 1539 3043 1633 3098; x_wconf 88' lang='lat' dir='ltr'><strong>pro</strong></span> <span class='ocrx_word' id='word_1_236' title='bbox 1662 3027 1928 3098; x_wconf 82' lang='lat' dir='ltr'><strong>fragilibus</strong></span> <span class='ocrx_word' id='word_1_237' title='bbox 1957 3028 2135 3082; x_wconf 86' lang='lat' dir='ltr'><strong>incor-</strong></span> 
     </span>
    </p>
   </div>
   <div class='ocr_carea' id='block_1_31' title="bbox 553 3116 2136 3187">
    <p class='ocr_par' dir='ltr' id='par_1_31' title="bbox 553 3116 2136 3187">
     <span class='ocr_line' id='line_1_31' title="bbox 553 3116 2136 3187; baseline 0.002 -17"><span class='ocrx_word' id='word_1_238' title='bbox 553 3116 842 3184; x_wconf 86' lang='lat' dir='ltr'><strong>ruptibilia,</strong></span> <span class='ocrx_word' id='word_1_239' title='bbox 885 3127 938 3170; x_wconf 91' lang='lat' dir='ltr'><strong>et</strong></span> <span class='ocrx_word' id='word_1_240' title='bbox 986 3131 1084 3187; x_wconf 89' lang='lat' dir='ltr'><strong>pro</strong></span> <span class='ocrx_word' id='word_1_241' title='bbox 1129 3119 1504 3186; x_wconf 75' lang='lat' dir='ltr'><strong>temporalibus</strong></span> <span class='ocrx_word' id='word_1_242' title='bbox 1546 3127 1765 3184; x_wconf 78' lang='lat' dir='ltr'><strong>:ctcrna,</strong></span> <span class='ocrx_word' id='word_1_243' title='bbox 1813 3129 2010 3173; x_wconf 91' lang='lat' dir='ltr'><strong>etcum</strong></span> <span class='ocrx_word' id='word_1_244' title='bbox 2053 3117 2136 3173; x_wconf 85' lang='lat' dir='ltr'><strong>his</strong></span> 
     </span>
    </p>
   </div>
   <div class='ocr_carea' id='block_1_32' title="bbox 556 3209 2136 3280">
    <p class='ocr_par' dir='ltr' id='par_1_32' title="bbox 556 3209 2136 3280">
     <span class='ocr_line' id='line_1_32' title="bbox 556 3209 2136 3280; baseline 0.001 -16"><span class='ocrx_word' id='word_1_245' title='bbox 556 3209 802 3264; x_wconf 88' lang='lat' dir='ltr'><strong>omnibus</strong></span> <span class='ocrx_word' id='word_1_246' title='bbox 831 3211 986 3262; x_wconf 91' lang='lat' dir='ltr'><strong>etiam</strong></span> <span class='ocrx_word' id='word_1_247' title='bbox 1018 3220 1350 3278; x_wconf 83' lang='lat' dir='ltr'><strong>peccatorum</strong></span> <span class='ocrx_word' id='word_1_248' title='bbox 1382 3212 1744 3266; x_wconf 85' lang='lat' dir='ltr'><strong>remissionem</strong></span> <span class='ocrx_word' id='word_1_249' title='bbox 1771 3211 1977 3280; x_wconf 84' lang='lat' dir='ltr'><strong>assequi</strong></span> <span class='ocrx_word' id='word_1_250' title='bbox 2005 3225 2136 3280; x_wconf 89' lang='lat' dir='ltr'><strong>pos-</strong></span> 
     </span>
    </p>
   </div>
   <div class='ocr_carea' id='block_1_33' title="bbox 557 3299 2136 3371">
    <p class='ocr_par' dir='ltr' id='par_1_33' title="bbox 557 3299 2136 3371">
     <span class='ocr_line' id='line_1_33' title="bbox 557 3299 2136 3371; baseline 0.003 -19"><span class='ocrx_word' id='word_1_251' title='bbox 557 3299 742 3362; x_wconf 83' lang='lat' dir='ltr'><strong>simus,</strong></span> <span class='ocrx_word' id='word_1_252' title='bbox 785 3299 1028 3368; x_wconf 88' lang='lat' dir='ltr'><strong>bonaque</strong></span> <span class='ocrx_word' id='word_1_253' title='bbox 1067 3300 1152 3354; x_wconf 90' lang='lat' dir='ltr'><strong>illa</strong></span> <span class='ocrx_word' id='word_1_254' title='bbox 1196 3301 1478 3355; x_wconf 79' lang='lat' dir='ltr'><strong>ineffabilia</strong></span> <span class='ocrx_word' id='word_1_255' title='bbox 1527 3320 1540 3360; x_wconf 92' lang='lat'><strong>:</strong></span> <span class='ocrx_word' id='word_1_256' title='bbox 1585 3302 1773 3371; x_wconf 88' lang='lat' dir='ltr'><strong>quibus</strong></span> <span class='ocrx_word' id='word_1_257' title='bbox 1811 3317 1909 3356; x_wconf 92' lang='lat' dir='ltr'><strong>nos</strong></span> <span class='ocrx_word' id='word_1_258' title='bbox 1948 3318 2136 3357; x_wconf 81' lang='lat' dir='ltr'><strong>omnes</strong></span> 
     </span>
    </p>
   </div>
   <div class='ocr_carea' id='block_1_34' title="bbox 555 3387 2139 3460">
    <p class='ocr_par' dir='ltr' id='par_1_34' title="bbox 555 3387 2139 3460">
     <span class='ocr_line' id='line_1_34' title="bbox 555 3387 2139 3460; baseline 0.003 -20"><span class='ocrx_word' id='word_1_259' title='bbox 555 3387 709 3460; x_wconf 91' lang='lat' dir='ltr'><strong>potiri</strong></span> <span class='ocrx_word' id='word_1_260' title='bbox 756 3389 1047 3458; x_wconf 86' lang='lat' dir='ltr'><strong>contingat,</strong></span> <span class='ocrx_word' id='word_1_261' title='bbox 1087 3390 1250 3458; x_wconf 88' lang='lat' dir='ltr'><strong>gratia</strong></span> <span class='ocrx_word' id='word_1_262' title='bbox 1289 3399 1342 3444; x_wconf 90' lang='lat' dir='ltr'><strong>et</strong></span> <span class='ocrx_word' id='word_1_263' title='bbox 1388 3391 1746 3445; x_wconf 85' lang='lat' dir='ltr'><strong>misericordia</strong></span> <span class='ocrx_word' id='word_1_264' title='bbox 1792 3391 1998 3445; x_wconf 79' lang='lat' dir='ltr'><strong>Domini</strong></span> <span class='ocrx_word' id='word_1_265' title='bbox 2042 3407 2139 3446; x_wconf 88' lang='lat' dir='ltr'><strong>no-</strong></span> 
     </span>
    </p>
   </div>
   <div class='ocr_carea' id='block_1_35' title="bbox 553 3478 2138 3551">
    <p class='ocr_par' dir='ltr' id='par_1_35' title="bbox 553 3478 2138 3551">
     <span class='ocr_line' id='line_1_35' title="bbox 553 3478 2138 3551; baseline 0.001 -16"><span class='ocrx_word' id='word_1_266' title='bbox 553 3480 649 3535; x_wconf 83' lang='lat' dir='ltr'><strong>stri</strong></span> <span class='ocrx_word' id='word_1_267' title='bbox 678 3478 804 3535; x_wconf 83' lang='lat' dir='ltr'><strong>lesu</strong></span> <span class='ocrx_word' id='word_1_268' title='bbox 827 3480 1046 3545; x_wconf 85' lang='lat' dir='ltr'><strong>Christi,</strong></span> <span class='ocrx_word' id='word_1_269' title='bbox 1074 3481 1157 3535; x_wconf 93' lang='lat' dir='ltr'><strong>cui</strong></span> <span class='ocrx_word' id='word_1_270' title='bbox 1188 3495 1312 3535; x_wconf 91' lang='lat' dir='ltr'><strong>cum</strong></span> <span class='ocrx_word' id='word_1_271' title='bbox 1353 3480 1509 3536; x_wconf 82' lang='lat' dir='ltr'><strong>Patre</strong></span> <span class='ocrx_word' id='word_1_272' title='bbox 1538 3491 1593 3537; x_wconf 91' lang='lat' dir='ltr'><strong>et</strong></span> <span class='ocrx_word' id='word_1_273' title='bbox 1617 3492 1801 3538; x_wconf 90' lang='lat' dir='ltr'><strong>sancto</strong></span> <span class='ocrx_word' id='word_1_274' title='bbox 1828 3481 2138 3551; x_wconf 82' lang='lat' dir='ltr'><strong>viviflcoque</strong></span> 
     </span>
    </p>
   </div>
   <div class='ocr_carea' id='block_1_36' title="bbox 555 3573 2138 3646">
    <p class='ocr_par' dir='ltr' id='par_1_36' title="bbox 555 3573 2138 3646">
     <span class='ocr_line' id='line_1_36' title="bbox 555 3573 2138 3646; baseline -0.001 -17"><span class='ocrx_word' id='word_1_275' title='bbox 555 3573 752 3646; x_wconf 80' lang='lat' dir='ltr'><strong>Spiritu</strong></span> <span class='ocrx_word' id='word_1_276' title='bbox 780 3574 848 3628; x_wconf 88' lang='lat' dir='ltr'><strong>sit</strong></span> <span class='ocrx_word' id='word_1_277' title='bbox 867 3574 1052 3642; x_wconf 90' lang='lat' dir='ltr'><strong>gloria,</strong></span> <span class='ocrx_word' id='word_1_278' title='bbox 1085 3587 1223 3626; x_wconf 89' lang='lat' dir='ltr'><strong>nunc</strong></span> <span class='ocrx_word' id='word_1_279' title='bbox 1250 3581 1302 3626; x_wconf 88' lang='lat' dir='ltr'><strong>et</strong></span> <span class='ocrx_word' id='word_1_280' title='bbox 1323 3587 1551 3641; x_wconf 88' lang='lat' dir='ltr'><strong>semper,</strong></span> <span class='ocrx_word' id='word_1_281' title='bbox 1583 3582 1636 3626; x_wconf 90' lang='lat' dir='ltr'><strong>et</strong></span> <span class='ocrx_word' id='word_1_282' title='bbox 1665 3575 1714 3626; x_wconf 90' lang='lat' dir='ltr'><strong>in</strong></span> <span class='ocrx_word' id='word_1_283' title='bbox 1742 3575 1935 3628; x_wconf 62' lang='lat' dir='ltr'><strong>summa</strong></span> <span class='ocrx_word' id='word_1_284' title='bbox 1964 3587 2138 3629; x_wconf 64' lang='lat' dir='ltr'><strong>samu-</strong></span> 
     </span>
    </p>
   </div>
   <div class='ocr_carea' id='block_1_37' title="bbox 557 3664 972 3720">
    <p class='ocr_par' dir='ltr' id='par_1_37' title="bbox 557 3664 972 3720">
     <span class='ocr_line' id='line_1_37' title="bbox 557 3664 972 3720; baseline -0.007 -1"><span class='ocrx_word' id='word_1_285' title='bbox 557 3664 748 3720; x_wconf 89' lang='lat' dir='ltr'><strong>lormn.</strong></span> <span class='ocrx_word' id='word_1_286' title='bbox 780 3664 972 3717; x_wconf 83' lang='lat' dir='ltr'><strong>Amen.</strong></span> 
     </span>
    </p>
   </div>
   <div class='ocr_carea' id='block_1_38' title="bbox 1100 3790 1588 3846">
    <p class='ocr_par' dir='ltr' id='par_1_38' title="bbox 1100 3790 1588 3846">
     <span class='ocr_line' id='line_1_38' title="bbox 1100 3790 1588 3846; baseline -0.01 0"><span class='ocrx_word' id='word_1_287' title='bbox 1100 3791 1371 3846; x_wconf 67' lang='lat' dir='ltr'><strong>llOlllLlA</strong></span> <span class='ocrx_word' id='word_1_288' title='bbox 1410 3790 1588 3844; x_wconf 71' lang='lat' dir='ltr'><strong>XLIII.</strong></span> 
     </span>
    </p>
   </div>
   <div class='ocr_carea' id='block_1_39' title="bbox 570 3899 2136 3973">
    <p class='ocr_par' dir='ltr' id='par_1_39' title="bbox 570 3899 2136 3973">
     <span class='ocr_line' id='line_1_39' title="bbox 570 3899 2136 3973; baseline 0.001 -16"><span class='ocrx_word' id='word_1_289' title='bbox 570 3899 814 3958; x_wconf 73' lang='lat' dir='ltr'><strong>Venerunt</strong></span> <span class='ocrx_word' id='word_1_290' title='bbox 842 3915 1030 3972; x_wconf 82' lang='lat' dir='ltr'><strong>autem,</strong></span> <span class='ocrx_word' id='word_1_291' title='bbox 1075 3905 1257 3970; x_wconf 76' lang='lat' dir='ltr'><strong>inquit,</strong></span> <span class='ocrx_word' id='word_1_292' title='bbox 1305 3904 1406 3955; x_wconf 80' lang='lat' dir='ltr'><strong>duo</strong></span> <span class='ocrx_word' id='word_1_293' title='bbox 1440 3904 1607 3972; x_wconf 81' lang='lat' dir='ltr'><strong>angeli</strong></span> <span class='ocrx_word' id='word_1_294' title='bbox 1639 3903 1862 3958; x_wconf 66' lang='lat' dir='ltr'><strong>Sodoma</strong></span> <span class='ocrx_word' id='word_1_295' title='bbox 1911 3920 2136 3973; x_wconf 76' lang='lat' dir='ltr'><strong>vespere.</strong></span> 
     </span>
    </p>
   </div>
   <div class='ocr_carea' id='block_1_40' title="bbox 1095 3993 1537 4063">
    <p class='ocr_par' dir='ltr' id='par_1_40' title="bbox 1095 3993 1537 4063">
     <span class='ocr_line' id='line_1_40' title="bbox 1095 3993 1537 4063; baseline 0 -17"><span class='ocrx_word' id='word_1_296' title='bbox 1095 4021 1100 4025; x_wconf 88' lang='lat'><strong>-</strong></span> <span class='ocrx_word' id='word_1_297' title='bbox 1161 3993 1310 4060; x_wconf 73' lang='lat' dir='ltr'><strong>(Gen.</strong></span> <span class='ocrx_word' id='word_1_298' title='bbox 1345 3995 1429 4049; x_wconf 86' lang='lat' dir='ltr'><strong>l9.</strong></span> <span class='ocrx_word' id='word_1_299' title='bbox 1466 3995 1537 4063; x_wconf 85' lang='lat' dir='ltr'><strong>l).</strong></span> 
     </span>
    </p>
   </div>
   <div class='ocr_carea' id='block_1_41' title="bbox 628 4130 2123 4205">
    <p class='ocr_par' dir='ltr' id='par_1_41' title="bbox 628 4130 2123 4205">
     <span class='ocr_line' id='line_1_41' title="bbox 628 4130 2123 4205; baseline -0.007 -12"><span class='ocrx_word' id='word_1_300' title='bbox 628 4143 679 4194; x_wconf 87' lang='lat' dir='ltr'><strong>l.</strong></span> <span class='ocrx_word' id='word_1_301' title='bbox 711 4136 1161 4205; x_wconf 80' lang='lat' dir='ltr'><strong>Quemadmodum</strong></span> <span class='ocrx_word' id='word_1_302' title='bbox 1179 4135 1419 4186; x_wconf 88' lang='lat' dir='ltr'><strong>floridum</strong></span> <span class='ocrx_word' id='word_1_303' title='bbox 1434 4130 1698 4198; x_wconf 83' lang='lat' dir='ltr'><strong>quoddam</strong></span> <span class='ocrx_word' id='word_1_304' title='bbox 1718 4137 1928 4196; x_wconf 88' lang='lat' dir='ltr'><strong>pratum</strong></span> <span class='ocrx_word' id='word_1_305' title='bbox 1944 4130 2123 4183; x_wconf 83' lang='lat' dir='ltr'><strong>varios</strong></span> 
     </span>
    </p>
   </div>
   <div class='ocr_carea' id='block_1_42' title="bbox 558 4217 2124 4296">
    <p class='ocr_par' dir='ltr' id='par_1_42' title="bbox 558 4217 2124 4296">
     <span class='ocr_line' id='line_1_42' title="bbox 558 4217 2124 4296; baseline -0.008 -11"><span class='ocrx_word' id='word_1_306' title='bbox 558 4243 611 4285; x_wconf 88' lang='lat' dir='ltr'><strong>et</strong></span> <span class='ocrx_word' id='word_1_307' title='bbox 640 4229 950 4296; x_wconf 87' lang='lat' dir='ltr'><strong>omnigenos</strong></span> <span class='ocrx_word' id='word_1_308' title='bbox 970 4224 1126 4276; x_wconf 88' lang='lat' dir='ltr'><strong>flores</strong></span> <span class='ocrx_word' id='word_1_309' title='bbox 1152 4223 1204 4274; x_wconf 93' lang='lat' dir='ltr'><strong>in</strong></span> <span class='ocrx_word' id='word_1_310' title='bbox 1234 4235 1292 4275; x_wconf 90' lang='lat' dir='ltr'><strong>se</strong></span> <span class='ocrx_word' id='word_1_311' title='bbox 1319 4229 1578 4281; x_wconf 84' lang='lat' dir='ltr'><strong>ostentat,</strong></span> <span class='ocrx_word' id='word_1_312' title='bbox 1610 4219 1678 4270; x_wconf 88' lang='lat' dir='ltr'><strong>ita</strong></span> <span class='ocrx_word' id='word_1_313' title='bbox 1708 4229 1760 4269; x_wconf 91' lang='lat' dir='ltr'><strong>et</strong></span> <span class='ocrx_word' id='word_1_314' title='bbox 1782 4217 1960 4271; x_wconf 88' lang='lat' dir='ltr'><strong>divina</strong></span> <span class='ocrx_word' id='word_1_315' title='bbox 1981 4217 2124 4272; x_wconf 89' lang='lat' dir='ltr'><strong>Scri-</strong></span> 
     </span>
    </p>
   </div>
   <div class='ocr_carea' id='block_1_43' title="bbox 556 4307 2120 4389">
    <p class='ocr_par' dir='ltr' id='par_1_43' title="bbox 556 4307 2120 4389">
     <span class='ocr_line' id='line_1_43' title="bbox 556 4307 2120 4389; baseline -0.008 -18"><span class='ocrx_word' id='word_1_316' title='bbox 556 4331 711 4389; x_wconf 85' lang='lat' dir='ltr'><strong>ptura</strong></span> <span class='ocrx_word' id='word_1_317' title='bbox 747 4316 1013 4382; x_wconf 75' lang='lat' dir='ltr'><strong>iustorum</strong></span> <span class='ocrx_word' id='word_1_318' title='bbox 1051 4312 1276 4364; x_wconf 76' lang='lat' dir='ltr'><strong>virtutes</strong></span> <span class='ocrx_word' id='word_1_319' title='bbox 1312 4308 1464 4361; x_wconf 90' lang='lat' dir='ltr'><strong>nobis</strong></span> <span class='ocrx_word' id='word_1_320' title='bbox 1494 4307 1822 4360; x_wconf 89' lang='lat' dir='ltr'><strong>demonstrat</strong></span> <span class='ocrx_word' id='word_1_321' title='bbox 1854 4323 1867 4358; x_wconf 90' lang='lat'><strong>:</strong></span> <span class='ocrx_word' id='word_1_322' title='bbox 1899 4321 2002 4359; x_wconf 92' lang='lat' dir='ltr'><strong>non</strong></span> <span class='ocrx_word' id='word_1_323' title='bbox 2041 4317 2120 4372; x_wconf 92' lang='lat' dir='ltr'><strong>ut,</strong></span> 
     </span>
    </p>
   </div>
   <div class='ocr_carea' id='block_1_44' title="bbox 558 4394 2122 4466">
    <p class='ocr_par' dir='ltr' id='par_1_44' title="bbox 558 4394 2122 4466">
     <span class='ocr_line' id='line_1_44' title="bbox 558 4394 2122 4466; baseline -0.017 -5"><span class='ocrx_word' id='word_1_324' title='bbox 558 4410 693 4462; x_wconf 87' lang='lat' dir='ltr'><strong>sicut</strong></span> <span class='ocrx_word' id='word_1_325' title='bbox 722 4406 929 4458; x_wconf 90' lang='lat' dir='ltr'><strong>illorum</strong></span> <span class='ocrx_word' id='word_1_326' title='bbox 959 4401 1143 4454; x_wconf 88' lang='lat' dir='ltr'><strong>florum</strong></span> <span class='ocrx_word' id='word_1_327' title='bbox 1175 4397 1485 4466; x_wconf 81' lang='lat' dir='ltr'><strong>fragrantia,</strong></span> <span class='ocrx_word' id='word_1_328' title='bbox 1513 4410 1677 4463; x_wconf 88' lang='lat' dir='ltr'><strong>parvo</strong></span> <span class='ocrx_word' id='word_1_329' title='bbox 1706 4404 1945 4462; x_wconf 82' lang='lat' dir='ltr'><strong>tempore</strong></span> <span class='ocrx_word' id='word_1_330' title='bbox 1977 4394 2122 4448; x_wconf 86' lang='lat' dir='ltr'><strong>frua-</strong></span> 
     </span>
    </p>
   </div>
   <div class='ocr_carea' id='block_1_45' title="bbox 558 4484 2119 4560">
    <p class='ocr_par' dir='ltr' id='par_1_45' title="bbox 558 4484 2119 4560">
     <span class='ocr_line' id='line_1_45' title="bbox 558 4484 2119 4560; baseline -0.008 -12"><span class='ocrx_word' id='word_1_331' title='bbox 558 4512 698 4556; x_wconf 87' lang='lat' dir='ltr'><strong>nmr,</strong></span> <span class='ocrx_word' id='word_1_332' title='bbox 739 4494 830 4547; x_wconf 82' lang='lat' dir='ltr'><strong>sed</strong></span> <span class='ocrx_word' id='word_1_333' title='bbox 858 4501 913 4545; x_wconf 93' lang='lat' dir='ltr'><strong>ut</strong></span> <span class='ocrx_word' id='word_1_334' title='bbox 940 4498 1251 4560; x_wconf 88' lang='lat' dir='ltr'><strong>perpetuam</strong></span> <span class='ocrx_word' id='word_1_335' title='bbox 1303 4487 1422 4539; x_wconf 87' lang='lat' dir='ltr'><strong>inde</strong></span> <span class='ocrx_word' id='word_1_336' title='bbox 1465 4485 1746 4538; x_wconf 88' lang='lat' dir='ltr'><strong>utilitatem</strong></span> <span class='ocrx_word' id='word_1_337' title='bbox 1775 4484 2119 4552; x_wconf 87' lang='lat' dir='ltr'><strong>recipiamus.</strong></span> 
     </span>
    </p>
   </div>
   <div class='ocr_carea' id='block_1_46' title="bbox 560 4575 2121 4648">
    <p class='ocr_par' dir='ltr' id='par_1_46' title="bbox 560 4575 2121 4648">
     <span class='ocr_line' id='line_1_46' title="bbox 560 4575 2121 4648; baseline -0.008 -10"><span class='ocrx_word' id='word_1_338' title='bbox 560 4585 670 4638; x_wconf 88' lang='lat' dir='ltr'><strong>lllic</strong></span> <span class='ocrx_word' id='word_1_339' title='bbox 695 4600 852 4637; x_wconf 91' lang='lat' dir='ltr'><strong>manu</strong></span> <span class='ocrx_word' id='word_1_340' title='bbox 888 4591 1087 4635; x_wconf 87' lang='lat' dir='ltr'><strong>tantum</strong></span> <span class='ocrx_word' id='word_1_341' title='bbox 1119 4579 1386 4648; x_wconf 88' lang='lat' dir='ltr'><strong>carpimus</strong></span> <span class='ocrx_word' id='word_1_342' title='bbox 1417 4577 1595 4638; x_wconf 81' lang='lat' dir='ltr'><strong>liores,</strong></span> <span class='ocrx_word' id='word_1_343' title='bbox 1621 4586 1675 4628; x_wconf 90' lang='lat' dir='ltr'><strong>et</strong></span> <span class='ocrx_word' id='word_1_344' title='bbox 1709 4575 1952 4642; x_wconf 89' lang='lat' dir='ltr'><strong>protinus</strong></span> <span class='ocrx_word' id='word_1_345' title='bbox 1979 4589 2121 4627; x_wconf 83' lang='lat' dir='ltr'><strong>mar-</strong></span> 
     </span>
    </p>
   </div>
   <div class='ocr_carea' id='block_1_47' title="bbox 559 4666 2119 4740">
    <p class='ocr_par' dir='ltr' id='par_1_47' title="bbox 559 4666 2119 4740">
     <span class='ocr_line' id='line_1_47' title="bbox 559 4666 2119 4740; baseline -0.008 -10"><span class='ocrx_word' id='word_1_346' title='bbox 559 4683 833 4730; x_wconf 85' lang='lat' dir='ltr'><strong>cescentes</strong></span> <span class='ocrx_word' id='word_1_347' title='bbox 849 4688 997 4726; x_wconf 90' lang='lat' dir='ltr'><strong>suam</strong></span> <span class='ocrx_word' id='word_1_348' title='bbox 1021 4672 1246 4740; x_wconf 80' lang='lat' dir='ltr'><strong>gratiam</strong></span> <span class='ocrx_word' id='word_1_349' title='bbox 1278 4668 1524 4721; x_wconf 86' lang='lat' dir='ltr'><strong>amittunt</strong></span> <span class='ocrx_word' id='word_1_350' title='bbox 1544 4685 1555 4719; x_wconf 92' lang='lat'><strong>:</strong></span> <span class='ocrx_word' id='word_1_351' title='bbox 1573 4667 1658 4720; x_wconf 89' lang='lat' dir='ltr'><strong>hic</strong></span> <span class='ocrx_word' id='word_1_352' title='bbox 1683 4677 1856 4719; x_wconf 89' lang='lat' dir='ltr'><strong>autem</strong></span> <span class='ocrx_word' id='word_1_353' title='bbox 1877 4681 1983 4720; x_wconf 89' lang='lat' dir='ltr'><strong>non</strong></span> <span class='ocrx_word' id='word_1_354' title='bbox 2007 4666 2119 4720; x_wconf 87' lang='lat' dir='ltr'><strong>sic:</strong></span> 
     </span>
    </p>
   </div>
   <div class='ocr_carea' id='block_1_48' title="bbox 559 4755 2123 4832">
    <p class='ocr_par' dir='ltr' id='par_1_48' title="bbox 559 4755 2123 4832">
     <span class='ocr_line' id='line_1_48' title="bbox 559 4755 2123 4832; baseline -0.008 -13"><span class='ocrx_word' id='word_1_355' title='bbox 559 4764 650 4819; x_wconf 86' lang='lat' dir='ltr'><strong>sed</strong></span> <span class='ocrx_word' id='word_1_356' title='bbox 676 4762 889 4832; x_wconf 87' lang='lat' dir='ltr'><strong>quando</strong></span> <span class='ocrx_word' id='word_1_357' title='bbox 917 4761 1136 4813; x_wconf 84' lang='lat' dir='ltr'><strong>auribus</strong></span> <span class='ocrx_word' id='word_1_358' title='bbox 1167 4761 1434 4829; x_wconf 86' lang='lat' dir='ltr'><strong>justorum</strong></span> <span class='ocrx_word' id='word_1_359' title='bbox 1466 4758 1690 4810; x_wconf 86' lang='lat' dir='ltr'><strong>virtutes</strong></span> <span class='ocrx_word' id='word_1_360' title='bbox 1721 4755 2038 4825; x_wconf 86' lang='lat' dir='ltr'><strong>accipimus,</strong></span> <span class='ocrx_word' id='word_1_361' title='bbox 2068 4765 2123 4808; x_wconf 92' lang='lat' dir='ltr'><strong>et</strong></span> 
     </span>
    </p>
   </div>
   <div class='ocr_carea' id='block_1_49' title="bbox 556 4847 2120 4920">
    <p class='ocr_par' dir='ltr' id='par_1_49' title="bbox 556 4847 2120 4920">
     <span class='ocr_line' id='line_1_49' title="bbox 556 4847 2120 4920; baseline -0.005 -12"><span class='ocrx_word' id='word_1_362' title='bbox 556 4871 647 4909; x_wconf 87' lang='lat' dir='ltr'><strong>eas</strong></span> <span class='ocrx_word' id='word_1_363' title='bbox 680 4854 731 4907; x_wconf 89' lang='lat' dir='ltr'><strong>in</strong></span> <span class='ocrx_word' id='word_1_364' title='bbox 759 4853 880 4907; x_wconf 88' lang='lat' dir='ltr'><strong>sinu</strong></span> <span class='ocrx_word' id='word_1_365' title='bbox 918 4853 1114 4905; x_wconf 89' lang='lat' dir='ltr'><strong>mentis</strong></span> <span class='ocrx_word' id='word_1_366' title='bbox 1139 4851 1465 4920; x_wconf 90' lang='lat' dir='ltr'><strong>reponimus,</strong></span> <span class='ocrx_word' id='word_1_367' title='bbox 1499 4862 1596 4919; x_wconf 88' lang='lat' dir='ltr'><strong>per</strong></span> <span class='ocrx_word' id='word_1_368' title='bbox 1624 4862 1782 4905; x_wconf 90' lang='lat' dir='ltr'><strong>omne</strong></span> <span class='ocrx_word' id='word_1_369' title='bbox 1815 4856 2046 4915; x_wconf 84' lang='lat' dir='ltr'><strong>tempus,</strong></span> <span class='ocrx_word' id='word_1_370' title='bbox 2076 4847 2120 4902; x_wconf 89' lang='lat' dir='ltr'><strong>si</strong></span> 
     </span>
    </p>
   </div>
   <div class='ocr_carea' id='block_1_50' title="bbox 556 4941 2140 5012">
    <p class='ocr_par' dir='ltr' id='par_1_50' title="bbox 556 4941 2140 5012">
     <span class='ocr_line' id='line_1_50' title="bbox 556 4941 2140 5012; baseline -0.003 -13"><span class='ocrx_word' id='word_1_371' title='bbox 556 4947 801 5000; x_wconf 84' lang='lat' dir='ltr'><strong>volumus</strong></span> <span class='ocrx_word' id='word_1_372' title='bbox 830 4985 843 5009; x_wconf 96' lang='lat'><strong>,</strong></span> <span class='ocrx_word' id='word_1_373' title='bbox 899 4959 1080 5000; x_wconf 89' lang='lat' dir='ltr'><strong>eorum</strong></span> <span class='ocrx_word' id='word_1_374' title='bbox 1121 4945 1268 4998; x_wconf 81' lang='lat' dir='ltr'><strong>suavi</strong></span> <span class='ocrx_word' id='word_1_375' title='bbox 1313 4945 1476 5000; x_wconf 87' lang='lat' dir='ltr'><strong>odore</strong></span> <span class='ocrx_word' id='word_1_376' title='bbox 1522 4944 1621 4998; x_wconf 83' lang='lat' dir='ltr'><strong>frui</strong></span> <span class='ocrx_word' id='word_1_377' title='bbox 1673 4941 1983 5012; x_wconf 88' lang='lat' dir='ltr'><strong>poterimus.</strong></span> <span class='ocrx_word' id='word_1_378' title='bbox 2031 4944 2140 5010; x_wconf 81' lang='lat' dir='ltr'><strong>Ago</strong></span> 
     </span>
    </p>
   </div>
   <div class='ocr_carea' id='block_1_51' title="bbox 553 5031 2143 5106">
    <p class='ocr_par' dir='ltr' id='par_1_51' title="bbox 553 5031 2143 5106">
     <span class='ocr_line' id='line_1_51' title="bbox 553 5031 2143 5106; baseline -0.003 -16"><span class='ocrx_word' id='word_1_379' title='bbox 553 5052 703 5106; x_wconf 88' lang='lat' dir='ltr'><strong>ergo,</strong></span> <span class='ocrx_word' id='word_1_380' title='bbox 739 5037 860 5104; x_wconf 88' lang='lat' dir='ltr'><strong>quia</strong></span> <span class='ocrx_word' id='word_1_381' title='bbox 905 5045 1046 5088; x_wconf 88' lang='lat' dir='ltr'><strong>tanta</strong></span> <span class='ocrx_word' id='word_1_382' title='bbox 1087 5043 1389 5090; x_wconf 85' lang='lat' dir='ltr'><strong>sanctorum</strong></span> <span class='ocrx_word' id='word_1_383' title='bbox 1422 5037 1472 5088; x_wconf 91' lang='lat' dir='ltr'><strong>in</strong></span> <span class='ocrx_word' id='word_1_384' title='bbox 1499 5036 1674 5091; x_wconf 87' lang='lat' dir='ltr'><strong>divina</strong></span> <span class='ocrx_word' id='word_1_385' title='bbox 1711 5035 1986 5105; x_wconf 82' lang='lat' dir='ltr'><strong>Scriptura</strong></span> <span class='ocrx_word' id='word_1_386' title='bbox 2031 5031 2143 5088; x_wconf 81' lang='lat' dir='ltr'><strong>fra-</strong></span> 
     </span>
    </p>
   </div>
   <div class='ocr_carea' id='block_1_52' title="bbox 554 5125 2141 5198">
    <p class='ocr_par' dir='ltr' id='par_1_52' title="bbox 554 5125 2141 5198">
     <span class='ocr_line' id='line_1_52' title="bbox 554 5125 2141 5198; baseline 0 -19"><span class='ocrx_word' id='word_1_387' title='bbox 554 5126 761 5198; x_wconf 86' lang='lat' dir='ltr'><strong>grantia</strong></span> <span class='ocrx_word' id='word_1_388' title='bbox 787 5133 887 5191; x_wconf 82' lang='lat' dir='ltr'><strong>est,</strong></span> <span class='ocrx_word' id='word_1_389' title='bbox 919 5125 1075 5181; x_wconf 87' lang='lat' dir='ltr'><strong>hodie</strong></span> <span class='ocrx_word' id='word_1_390' title='bbox 1105 5125 1221 5179; x_wconf 85' lang='lat' dir='ltr'><strong>Loti</strong></span> <span class='ocrx_word' id='word_1_391' title='bbox 1248 5127 1441 5180; x_wconf 88' lang='lat' dir='ltr'><strong>bonum</strong></span> <span class='ocrx_word' id='word_1_392' title='bbox 1469 5125 1684 5181; x_wconf 89' lang='lat' dir='ltr'><strong>odorem</strong></span> <span class='ocrx_word' id='word_1_393' title='bbox 1711 5128 2060 5198; x_wconf 87' lang='lat' dir='ltr'><strong>inquiramus,</strong></span> <span class='ocrx_word' id='word_1_394' title='bbox 2085 5132 2141 5179; x_wconf 83' lang='lat' dir='ltr'><strong>ut</strong></span> 
     </span>
    </p>
   </div>
   <div class='ocr_carea' id='block_1_53' title="bbox 556 5215 2139 5286">
    <p class='ocr_par' dir='ltr' id='par_1_53' title="bbox 556 5215 2139 5286">
     <span class='ocr_line' id='line_1_53' title="bbox 556 5215 2139 5286; baseline -0.001 -14"><span class='ocrx_word' id='word_1_395' title='bbox 556 5219 781 5273; x_wconf 77' lang='lat' dir='ltr'><strong>sciamus</strong></span> <span class='ocrx_word' id='word_1_396' title='bbox 809 5216 1025 5285; x_wconf 82' lang='lat' dir='ltr'><strong>liquido,</strong></span> <span class='ocrx_word' id='word_1_397' title='bbox 1054 5215 1254 5283; x_wconf 88' lang='lat' dir='ltr'><strong>justum</strong></span> <span class='ocrx_word' id='word_1_398' title='bbox 1285 5215 1424 5270; x_wconf 89' lang='lat' dir='ltr'><strong>hunc</strong></span> <span class='ocrx_word' id='word_1_399' title='bbox 1467 5217 1515 5269; x_wconf 93' lang='lat' dir='ltr'><strong>in</strong></span> <span class='ocrx_word' id='word_1_400' title='bbox 1557 5227 1760 5271; x_wconf 90' lang='lat' dir='ltr'><strong>tantum</strong></span> <span class='ocrx_word' id='word_1_401' title='bbox 1790 5219 1997 5273; x_wconf 85' lang='lat' dir='ltr'><strong>virtutis</strong></span> <span class='ocrx_word' id='word_1_402' title='bbox 2025 5217 2139 5286; x_wconf 88' lang='lat' dir='ltr'><strong>api-</strong></span> 
     </span>
    </p>
   </div>
   <div class='ocr_carea' id='block_1_54' title="bbox 554 5307 2138 5378">
    <p class='ocr_par' dir='ltr' id='par_1_54' title="bbox 554 5307 2138 5378">
     <span class='ocr_line' id='line_1_54' title="bbox 554 5307 2138 5378; baseline 0 -18"><span class='ocrx_word' id='word_1_403' title='bbox 554 5322 670 5360; x_wconf 87' lang='lat' dir='ltr'><strong>cem</strong></span> <span class='ocrx_word' id='word_1_404' title='bbox 702 5317 946 5361; x_wconf 84' lang='lat' dir='ltr'><strong>evectum</strong></span> <span class='ocrx_word' id='word_1_405' title='bbox 973 5322 1091 5360; x_wconf 86' lang='lat' dir='ltr'><strong>esse</strong></span> <span class='ocrx_word' id='word_1_406' title='bbox 1123 5307 1436 5375; x_wconf 66' lang='lat' dir='ltr'><strong>patriarcha:</strong></span> <span class='ocrx_word' id='word_1_407' title='bbox 1474 5309 1878 5374; x_wconf 85' lang='lat' dir='ltr'><strong>consuetudine,</strong></span> <span class='ocrx_word' id='word_1_408' title='bbox 1919 5324 2037 5378; x_wconf 74' lang='lat' dir='ltr'><strong>qure</strong></span> <span class='ocrx_word' id='word_1_409' title='bbox 2064 5308 2138 5361; x_wconf 57' lang='lat' dir='ltr'><strong>ef.-</strong></span> 
     </span>
    </p>
   </div>
   <div class='ocr_carea' id='block_1_55' title="bbox 552 5397 2138 5472">
    <p class='ocr_par' dir='ltr' id='par_1_55' title="bbox 552 5397 2138 5472">
     <span class='ocr_line' id='line_1_55' title="bbox 552 5397 2138 5472; baseline 0.003 -20"><span class='ocrx_word' id='word_1_410' title='bbox 552 5397 675 5454; x_wconf 88' lang='lat' dir='ltr'><strong>fecit</strong></span> <span class='ocrx_word' id='word_1_411' title='bbox 706 5409 761 5452; x_wconf 93' lang='lat' dir='ltr'><strong>ut</strong></span> <span class='ocrx_word' id='word_1_412' title='bbox 797 5400 1017 5469; x_wconf 85' lang='lat' dir='ltr'><strong>vestigia</strong></span> <span class='ocrx_word' id='word_1_413' title='bbox 1061 5401 1199 5456; x_wconf 89' lang='lat' dir='ltr'><strong>illius</strong></span> <span class='ocrx_word' id='word_1_414' title='bbox 1241 5412 1568 5472; x_wconf 86' lang='lat' dir='ltr'><strong>sequeretur,</strong></span> <span class='ocrx_word' id='word_1_415' title='bbox 1599 5413 1653 5456; x_wconf 88' lang='lat' dir='ltr'><strong>et</strong></span> <span class='ocrx_word' id='word_1_416' title='bbox 1685 5405 2018 5470; x_wconf 84' lang='lat' dir='ltr'><strong>peculiariter</strong></span> <span class='ocrx_word' id='word_1_417' title='bbox 2048 5404 2138 5457; x_wconf 83' lang='lat' dir='ltr'><strong>ho-</strong></span> 
     </span>
    </p>
   </div>
   <div class='ocr_carea' id='block_1_56' title="bbox 552 5492 2140 5561">
    <p class='ocr_par' dir='ltr' id='par_1_56' title="bbox 552 5492 2140 5561">
     <span class='ocr_line' id='line_1_56' title="bbox 552 5492 2140 5561; baseline 0.004 -17"><span class='ocrx_word' id='word_1_418' title='bbox 552 5492 888 5561; x_wconf 77' lang='lat' dir='ltr'><strong>spitalitatem</strong></span> <span class='ocrx_word' id='word_1_419' title='bbox 917 5507 1207 5550; x_wconf 81' lang='lat' dir='ltr'><strong>exerceret.</strong></span> <span class='ocrx_word' id='word_1_420' title='bbox 1231 5496 1422 5549; x_wconf 75' lang='lat' dir='ltr'><strong>Verum</strong></span> <span class='ocrx_word' id='word_1_421' title='bbox 1447 5505 1502 5548; x_wconf 89' lang='lat' dir='ltr'><strong>ut</strong></span> <span class='ocrx_word' id='word_1_422' title='bbox 1529 5495 1856 5550; x_wconf 83' lang='lat' dir='ltr'><strong>manifestior</strong></span> <span class='ocrx_word' id='word_1_423' title='bbox 1880 5497 1945 5549; x_wconf 89' lang='lat' dir='ltr'><strong>sit</strong></span> <span class='ocrx_word' id='word_1_424' title='bbox 1963 5512 2140 5550; x_wconf 85' lang='lat' dir='ltr'><strong>sermo</strong></span> 
     </span>
    </p>
   </div>
   <div class='ocr_carea' id='block_1_57' title="bbox 555 5587 2133 5656">
    <p class='ocr_par' dir='ltr' id='par_1_57' title="bbox 555 5587 2133 5656">
     <span class='ocr_line' id='line_1_57' title="bbox 555 5587 2133 5656; baseline 0.002 -19"><span class='ocrx_word' id='word_1_425' title='bbox 555 5596 748 5649; x_wconf 84' lang='lat' dir='ltr'><strong>noster,</strong></span> <span class='ocrx_word' id='word_1_426' title='bbox 775 5601 952 5655; x_wconf 73' lang='lat' dir='ltr'><strong>opera:</strong></span> <span class='ocrx_word' id='word_1_427' title='bbox 975 5588 1199 5654; x_wconf 75' lang='lat' dir='ltr'><strong>pretium</strong></span> <span class='ocrx_word' id='word_1_428' title='bbox 1236 5588 1392 5642; x_wconf 91' lang='lat' dir='ltr'><strong>fuerit</strong></span> <span class='ocrx_word' id='word_1_429' title='bbox 1433 5587 1719 5656; x_wconf 72' lang='lat' dir='ltr'><strong>Scriptura:</strong></span> <span class='ocrx_word' id='word_1_430' title='bbox 1749 5588 1909 5642; x_wconf 85' lang='lat' dir='ltr'><strong>verba</strong></span> <span class='ocrx_word' id='word_1_431' title='bbox 1931 5587 2133 5643; x_wconf 86' lang='lat' dir='ltr'><strong>audire.</strong></span> 
     </span>
    </p>
   </div>
   <div class='ocr_carea' id='block_1_58' title="bbox 561 5672 2136 5751">
    <p class='ocr_par' dir='ltr' id='par_1_58' title="bbox 561 5672 2136 5751">
     <span class='ocr_line' id='line_1_58' title="bbox 561 5672 2136 5751; baseline 0.004 -22"><span class='ocrx_word' id='word_1_432' title='bbox 561 5672 868 5730; x_wconf 67' lang='lat' dir='ltr'><strong>LVenenmt</strong></span> <span class='ocrx_word' id='word_1_433' title='bbox 889 5688 1074 5741; x_wconf 73' lang='lat' dir='ltr'><strong>mitem,</strong></span> <span class='ocrx_word' id='word_1_434' title='bbox 1097 5680 1282 5747; x_wconf 89' lang='lat' dir='ltr'><strong>inquit,</strong></span> <span class='ocrx_word' id='word_1_435' title='bbox 1317 5680 1415 5732; x_wconf 85' lang='lat' dir='ltr'><strong>duo</strong></span> <span class='ocrx_word' id='word_1_436' title='bbox 1443 5680 1611 5748; x_wconf 80' lang='lat' dir='ltr'><strong>angeli</strong></span> <span class='ocrx_word' id='word_1_437' title='bbox 1643 5680 1870 5734; x_wconf 81' lang='lat' dir='ltr'><strong>Sodoma</strong></span> <span class='ocrx_word' id='word_1_438' title='bbox 1889 5680 2136 5751; x_wconf 77' lang='lat' dir='ltr'><strong>(Cap.l9)</strong></span> 
     </span>
    </p>
   </div>
   <div class='ocr_carea' id='block_1_59' title="bbox 556 5767 2138 5841">
    <p class='ocr_par' dir='ltr' id='par_1_59' title="bbox 556 5767 2138 5841">
     <span class='ocr_line' id='line_1_59' title="bbox 556 5767 2138 5841; baseline 0.004 -20"><span class='ocrx_word' id='word_1_439' title='bbox 556 5767 764 5839; x_wconf 77' lang='lat' dir='ltr'><strong>vesperi.</strong></span> <span class='ocrx_word' id='word_1_440' title='bbox 800 5767 976 5836; x_wconf 81' lang='lat' dir='ltr'><strong>Quare</strong></span> <span class='ocrx_word' id='word_1_441' title='bbox 1021 5769 1096 5824; x_wconf 84' lang='lat' dir='ltr'><strong>sic</strong></span> <span class='ocrx_word' id='word_1_442' title='bbox 1141 5769 1333 5841; x_wconf 88' lang='lat' dir='ltr'><strong>incepit</strong></span> <span class='ocrx_word' id='word_1_443' title='bbox 1373 5780 1426 5828; x_wconf 88' lang='lat' dir='ltr'><strong>et</strong></span> <span class='ocrx_word' id='word_1_444' title='bbox 1455 5769 1629 5827; x_wconf 83' lang='lat' dir='ltr'><strong>dixit:</strong></span> <span class='ocrx_word' id='word_1_445' title='bbox 1673 5768 1926 5825; x_wconf 75' lang='lat' dir='ltr'><strong>Venerunt</strong></span> <span class='ocrx_word' id='word_1_446' title='bbox 1972 5781 2138 5828; x_wconf 76' lang='lat' dir='ltr'><strong>autem</strong></span> 
     </span>
    </p>
   </div>
   <div class='ocr_carea' id='block_1_60' title="bbox 1328 359 3144 439">
    <p class='ocr_par' dir='ltr' id='par_1_60' title="bbox 1328 359 3144 439">
     <span class='ocr_line' id='line_1_60' title="bbox 1328 359 3144 439; baseline -0.013 1"><span class='ocrx_word' id='word_1_447' title='bbox 1328 377 1389 439; x_wconf 77' lang='lat'><strong>5.</strong></span> <span class='ocrx_word' id='word_1_448' title='bbox 1429 373 1704 438; x_wconf 74' lang='lat' dir='ltr'><strong>JOANNIS</strong></span> <span class='ocrx_word' id='word_1_449' title='bbox 1741 363 2226 432; x_wconf 69' lang='lat' dir='ltr'><strong>CHRYSOSTOMI</strong></span> <span class='ocrx_word' id='word_1_450' title='bbox 2256 359 2571 422; x_wconf 75' lang='lat' dir='ltr'><strong>ARCHIEP.</strong></span> <span class='ocrx_word' id='word_1_451' title='bbox 2612 359 3144 419; x_wconf 70' lang='lat' dir='ltr'><strong>CONSTANTINOP.</strong></span> 
     </span>
    </p>
   </div>
   <div class='ocr_carea' id='block_1_61' title="bbox 2252 474 3834 550">
    <p class='ocr_par' dir='ltr' id='par_1_61' title="bbox 2252 474 3834 550">
     <span class='ocr_line' id='line_1_61' title="bbox 2252 474 3834 550; baseline 0.003 -16"><span class='ocrx_word' id='word_1_452' title='bbox 2252 477 2355 534; x_wconf 62' lang='lat' dir='ltr'><strong>duo</strong></span> <span class='ocrx_word' id='word_1_453' title='bbox 2381 476 2550 540; x_wconf 71' lang='lat' dir='ltr'><strong>angeli</strong></span> <span class='ocrx_word' id='word_1_454' title='bbox 2573 475 2798 533; x_wconf 69' lang='lat' dir='ltr'><strong>Sodoma</strong></span> <span class='ocrx_word' id='word_1_455' title='bbox 2817 478 3006 547; x_wconf 62' lang='lat' dir='ltr'><strong>uesperi</strong></span> <span class='ocrx_word' id='word_1_456' title='bbox 3027 477 3054 531; x_wconf 72' lang='grc'><strong><em>7</em></strong></span> <span class='ocrx_word' id='word_1_457' title='bbox 3077 474 3339 545; x_wconf 78' lang='lat' dir='ltr'><strong>Quoniam</strong></span> <span class='ocrx_word' id='word_1_458' title='bbox 3358 486 3635 550; x_wconf 81' lang='lat' dir='ltr'><strong>postquam</strong></span> <span class='ocrx_word' id='word_1_459' title='bbox 3651 479 3834 538; x_wconf 84' lang='lat' dir='ltr'><strong>diver-</strong></span> 
     </span>
    </p>
   </div>
   <div class='ocr_carea' id='block_1_62' title="bbox 2249 564 3833 638">
    <p class='ocr_par' dir='ltr' id='par_1_62' title="bbox 2249 564 3833 638">
     <span class='ocr_line' id='line_1_62' title="bbox 2249 564 3833 638; baseline 0.001 -14"><span class='ocrx_word' id='word_1_460' title='bbox 2249 568 2348 624; x_wconf 83' lang='lat' dir='ltr'><strong>sati</strong></span> <span class='ocrx_word' id='word_1_461' title='bbox 2379 574 2502 622; x_wconf 85' lang='lat' dir='ltr'><strong>sunt</strong></span> <span class='ocrx_word' id='word_1_462' title='bbox 2529 565 2666 633; x_wconf 89' lang='lat' dir='ltr'><strong>apud</strong></span> <span class='ocrx_word' id='word_1_463' title='bbox 2712 564 3089 636; x_wconf 65' lang='lat' dir='ltr'><strong>patriae-ehem,</strong></span> <span class='ocrx_word' id='word_1_464' title='bbox 3118 573 3175 620; x_wconf 90' lang='lat' dir='ltr'><strong>et</strong></span> <span class='ocrx_word' id='word_1_465' title='bbox 3216 566 3338 622; x_wconf 88' lang='lat' dir='ltr'><strong>inde</strong></span> <span class='ocrx_word' id='word_1_466' title='bbox 3376 578 3656 638; x_wconf 84' lang='lat' dir='ltr'><strong>surgentes</strong></span> <span class='ocrx_word' id='word_1_467' title='bbox 3683 570 3833 627; x_wconf 79' lang='lat' dir='ltr'><strong>abie-</strong></span> 
     </span>
    </p>
   </div>
   <div class='ocr_carea' id='block_1_63' title="bbox 2249 657 3833 730">
    <p class='ocr_par' dir='ltr' id='par_1_63' title="bbox 2249 657 3833 730">
     <span class='ocr_line' id='line_1_63' title="bbox 2249 657 3833 730; baseline -0.007 -13"><span class='ocrx_word' id='word_1_468' title='bbox 2249 671 2402 724; x_wconf 82' lang='lat' dir='ltr'><strong>runt;</strong></span> <span class='ocrx_word' id='word_1_469' title='bbox 2446 675 2509 714; x_wconf 90' lang='lat' dir='ltr'><strong>ac</strong></span> <span class='ocrx_word' id='word_1_470' title='bbox 2544 658 2780 714; x_wconf 82' lang='lat' dir='ltr'><strong>clemens</strong></span> <span class='ocrx_word' id='word_1_471' title='bbox 2815 657 3072 713; x_wconf 81' lang='lat' dir='ltr'><strong>Dominus</strong></span> <span class='ocrx_word' id='word_1_472' title='bbox 3097 668 3150 713; x_wconf 88' lang='lat' dir='ltr'><strong>et</strong></span> <span class='ocrx_word' id='word_1_473' title='bbox 3175 668 3409 730; x_wconf 76' lang='lat' dir='ltr'><strong>curator,</strong></span> <span class='ocrx_word' id='word_1_474' title='bbox 3438 674 3534 729; x_wconf 87' lang='lat' dir='ltr'><strong>pro</strong></span> <span class='ocrx_word' id='word_1_475' title='bbox 3560 676 3654 716; x_wconf 89' lang='lat' dir='ltr'><strong>sua</strong></span> <span class='ocrx_word' id='word_1_476' title='bbox 3680 661 3833 718; x_wconf 80' lang='lat' dir='ltr'><strong>boni-</strong></span> 
     </span>
    </p>
   </div>
   <div class='ocr_carea' id='block_1_64' title="bbox 2250 747 3832 822">
    <p class='ocr_par' dir='ltr' id='par_1_64' title="bbox 2250 747 3832 822">
     <span class='ocr_line' id='line_1_64' title="bbox 2250 747 3832 822; baseline 0.003 -18"><span class='ocrx_word' id='word_1_477' title='bbox 2250 759 2358 806; x_wconf 84' lang='lat' dir='ltr'><strong>tate</strong></span> <span class='ocrx_word' id='word_1_478' title='bbox 2402 754 2452 804; x_wconf 92' lang='lat' dir='ltr'><strong>in</strong></span> <span class='ocrx_word' id='word_1_479' title='bbox 2497 750 2726 804; x_wconf 81' lang='lat' dir='ltr'><strong>humana</strong></span> <span class='ocrx_word' id='word_1_480' title='bbox 2761 747 2926 818; x_wconf 82' lang='lat' dir='ltr'><strong>figura</strong></span> <span class='ocrx_word' id='word_1_481' title='bbox 2967 749 3134 816; x_wconf 80' lang='lat' dir='ltr'><strong>visus,</strong></span> <span class='ocrx_word' id='word_1_482' title='bbox 3183 751 3379 806; x_wconf 82' lang='lat' dir='ltr'><strong>mansit</strong></span> <span class='ocrx_word' id='word_1_483' title='bbox 3423 752 3565 820; x_wconf 85' lang='lat' dir='ltr'><strong>apud</strong></span> <span class='ocrx_word' id='word_1_484' title='bbox 3610 755 3832 822; x_wconf 86' lang='lat' dir='ltr'><strong>patriar-</strong></span> 
     </span>
    </p>
   </div>
   <div class='ocr_carea' id='block_1_65' title="bbox 2247 842 3831 912">
    <p class='ocr_par' dir='ltr' id='par_1_65' title="bbox 2247 842 3831 912">
     <span class='ocr_line' id='line_1_65' title="bbox 2247 842 3831 912; baseline 0.004 -16"><span class='ocrx_word' id='word_1_485' title='bbox 2247 843 2422 904; x_wconf 87' lang='lat' dir='ltr'><strong>cham,</strong></span> <span class='ocrx_word' id='word_1_486' title='bbox 2456 843 2676 912; x_wconf 87' lang='lat' dir='ltr'><strong>loquens</strong></span> <span class='ocrx_word' id='word_1_487' title='bbox 2699 854 2820 896; x_wconf 89' lang='lat' dir='ltr'><strong>cum</strong></span> <span class='ocrx_word' id='word_1_488' title='bbox 2852 856 2938 908; x_wconf 89' lang='lat' dir='ltr'><strong>eo,</strong></span> <span class='ocrx_word' id='word_1_489' title='bbox 2969 842 3109 896; x_wconf 87' lang='lat' dir='ltr'><strong>sicut</strong></span> <span class='ocrx_word' id='word_1_490' title='bbox 3153 842 3266 897; x_wconf 90' lang='lat' dir='ltr'><strong>heri</strong></span> <span class='ocrx_word' id='word_1_491' title='bbox 3295 843 3569 899; x_wconf 76' lang='lat' dir='ltr'><strong>audivistis</strong></span> <span class='ocrx_word' id='word_1_492' title='bbox 3602 864 3616 899; x_wconf 92' lang='lat'><strong>:</strong></span> <span class='ocrx_word' id='word_1_493' title='bbox 3649 847 3831 903; x_wconf 81' lang='lat' dir='ltr'><strong>volens</strong></span> 
     </span>
    </p>
   </div>
   <div class='ocr_carea' id='block_1_66' title="bbox 2248 930 3834 1002">
    <p class='ocr_par' dir='ltr' id='par_1_66' title="bbox 2248 930 3834 1002">
     <span class='ocr_line' id='line_1_66' title="bbox 2248 930 3834 1002; baseline 0.005 -18"><span class='ocrx_word' id='word_1_494' title='bbox 2248 946 2344 984; x_wconf 89' lang='lat' dir='ltr'><strong>nos</strong></span> <span class='ocrx_word' id='word_1_495' title='bbox 2368 945 2554 985; x_wconf 74' lang='lat' dir='ltr'><strong>ornnes</strong></span> <span class='ocrx_word' id='word_1_496' title='bbox 2583 930 2778 986; x_wconf 88' lang='lat' dir='ltr'><strong>docere</strong></span> <span class='ocrx_word' id='word_1_497' title='bbox 2802 939 2857 986; x_wconf 90' lang='lat' dir='ltr'><strong>et</strong></span> <span class='ocrx_word' id='word_1_498' title='bbox 2897 932 3166 1002; x_wconf 73' lang='lat' dir='ltr'><strong>ingentem</strong></span> <span class='ocrx_word' id='word_1_499' title='bbox 3214 934 3518 1001; x_wconf 82' lang='lat' dir='ltr'><strong>patientiam</strong></span> <span class='ocrx_word' id='word_1_500' title='bbox 3561 940 3736 1002; x_wconf 82' lang='lat' dir='ltr'><strong>suam,</strong></span> <span class='ocrx_word' id='word_1_501' title='bbox 3775 946 3834 993; x_wconf 80' lang='lat' dir='ltr'><strong>et</strong></span> 
     </span>
    </p>
   </div>
   <div class='ocr_carea' id='block_1_67' title="bbox 2247 1021 3831 1094">
    <p class='ocr_par' dir='ltr' id='par_1_67' title="bbox 2247 1021 3831 1094">
     <span class='ocr_line' id='line_1_67' title="bbox 2247 1021 3831 1094; baseline 0.004 -20"><span class='ocrx_word' id='word_1_502' title='bbox 2247 1021 2559 1091; x_wconf 81' lang='lat' dir='ltr'><strong>patriarcha:</strong></span> <span class='ocrx_word' id='word_1_503' title='bbox 2582 1022 2878 1088; x_wconf 78' lang='lat' dir='ltr'><strong>caritatem,</strong></span> <span class='ocrx_word' id='word_1_504' title='bbox 2896 1022 3069 1094; x_wconf 80' lang='lat' dir='ltr'><strong>angeli</strong></span> <span class='ocrx_word' id='word_1_505' title='bbox 3096 1030 3273 1077; x_wconf 88' lang='lat' dir='ltr'><strong>autem</strong></span> <span class='ocrx_word' id='word_1_506' title='bbox 3295 1025 3687 1081; x_wconf 84' lang='lat' dir='ltr'><strong>contendebant</strong></span> <span class='ocrx_word' id='word_1_507' title='bbox 3707 1035 3831 1083; x_wconf 75' lang='lat' dir='ltr'><strong>hinc</strong></span> 
     </span>
    </p>
   </div>
   <div class='ocr_carea' id='block_1_68' title="bbox 2246 1111 3828 1183">
    <p class='ocr_par' dir='ltr' id='par_1_68' title="bbox 2246 1111 3828 1183">
     <span class='ocr_line' id='line_1_68' title="bbox 2246 1111 3828 1183; baseline 0.006 -18"><span class='ocrx_word' id='word_1_508' title='bbox 2246 1126 2430 1166; x_wconf 90' lang='lat' dir='ltr'><strong>versus</strong></span> <span class='ocrx_word' id='word_1_509' title='bbox 2454 1111 2724 1167; x_wconf 88' lang='lat' dir='ltr'><strong>Sodoma:</strong></span> <span class='ocrx_word' id='word_1_510' title='bbox 2753 1127 2975 1168; x_wconf 88' lang='lat' dir='ltr'><strong>servans</strong></span> <span class='ocrx_word' id='word_1_511' title='bbox 2999 1112 3270 1183; x_wconf 85' lang='lat' dir='ltr'><strong>Scriptura</strong></span> <span class='ocrx_word' id='word_1_512' title='bbox 3299 1127 3458 1168; x_wconf 83' lang='lat' dir='ltr'><strong>suum</strong></span> <span class='ocrx_word' id='word_1_513' title='bbox 3478 1115 3723 1172; x_wconf 77' lang='lat' dir='ltr'><strong>ordinem</strong></span> <span class='ocrx_word' id='word_1_514' title='bbox 3744 1117 3828 1173; x_wconf 54' lang='lat' dir='ltr'><strong>di.</strong></span> 
     </span>
    </p>
   </div>
   <div class='ocr_carea' id='block_1_69' title="bbox 2243 1199 3823 1276">
    <p class='ocr_par' dir='ltr' id='par_1_69' title="bbox 2243 1199 3823 1276">
     <span class='ocr_line' id='line_1_69' title="bbox 2243 1199 3823 1276; baseline 0.003 -20"><span class='ocrx_word' id='word_1_515' title='bbox 2243 1202 2317 1256; x_wconf 92' lang='lat' dir='ltr'><strong>cit</strong></span> <span class='ocrx_word' id='word_1_516' title='bbox 2339 1203 2527 1257; x_wconf 89' lang='lat' dir='ltr'><strong>iterum</strong></span> <span class='ocrx_word' id='word_1_517' title='bbox 2555 1221 2568 1256; x_wconf 92' lang='lat'><strong>:</strong></span> <span class='ocrx_word' id='word_1_518' title='bbox 2609 1199 2855 1256; x_wconf 74' lang='lat' dir='ltr'><strong>Venerunt</strong></span> <span class='ocrx_word' id='word_1_519' title='bbox 2882 1212 3049 1256; x_wconf 70' lang='lat' dir='ltr'><strong>autem</strong></span> <span class='ocrx_word' id='word_1_520' title='bbox 3073 1205 3176 1256; x_wconf 79' lang='lat' dir='ltr'><strong>duo</strong></span> <span class='ocrx_word' id='word_1_521' title='bbox 3204 1204 3374 1276; x_wconf 72' lang='lat' dir='ltr'><strong>angeli</strong></span> <span class='ocrx_word' id='word_1_522' title='bbox 3399 1204 3628 1260; x_wconf 76' lang='lat' dir='ltr'><strong>Sodoma</strong></span> <span class='ocrx_word' id='word_1_523' title='bbox 3655 1221 3823 1275; x_wconf 63' lang='lat' dir='ltr'><strong>vespa</strong></span> 
     </span>
    </p>
   </div>
   <div class='ocr_carea' id='block_1_70' title="bbox 2243 1292 3195 1364">
    <p class='ocr_par' dir='ltr' id='par_1_70' title="bbox 2243 1292 3195 1364">
     <span class='ocr_line' id='line_1_70' title="bbox 2243 1292 3195 1364; baseline -0.001 -17"><span class='ocrx_word' id='word_1_524' title='bbox 2243 1295 2308 1362; x_wconf 86' lang='lat' dir='ltr'><strong>ri,</strong></span> <span class='ocrx_word' id='word_1_525' title='bbox 2334 1292 2525 1349; x_wconf 86' lang='lat' dir='ltr'><strong>facturi</strong></span> <span class='ocrx_word' id='word_1_526' title='bbox 2544 1293 2687 1364; x_wconf 90' lang='lat' dir='ltr'><strong>quod</strong></span> <span class='ocrx_word' id='word_1_527' title='bbox 2715 1293 3030 1364; x_wconf 88' lang='lat' dir='ltr'><strong>imperatum</strong></span> <span class='ocrx_word' id='word_1_528' title='bbox 3060 1303 3195 1350; x_wconf 87' lang='lat' dir='ltr'><strong>orat.</strong></span> 
     </span>
    </p>
   </div>
   <div class='ocr_carea' id='block_1_71' title="bbox 2314 1382 3831 1457">
    <p class='ocr_par' dir='ltr' id='par_1_71' title="bbox 2314 1382 3831 1457">
     <span class='ocr_line' id='line_1_71' title="bbox 2314 1382 3831 1457; baseline -0.001 -20"><span class='ocrx_word' id='word_1_529' title='bbox 2314 1382 2430 1437; x_wconf 83' lang='lat' dir='ltr'><strong>Loti</strong></span> <span class='ocrx_word' id='word_1_530' title='bbox 2458 1383 2775 1452; x_wconf 76' lang='lat' dir='ltr'><strong>hospitalitas</strong></span> <span class='ocrx_word' id='word_1_531' title='bbox 2803 1384 3204 1438; x_wconf 74' lang='lat' dir='ltr'><strong>laudatnr.-Et</strong></span> <span class='ocrx_word' id='word_1_532' title='bbox 3235 1384 3354 1440; x_wconf 83' lang='lat' dir='ltr'><strong>vide</strong></span> <span class='ocrx_word' id='word_1_533' title='bbox 3369 1385 3700 1457; x_wconf 68' lang='lat' dir='ltr'><strong>diligentiam</strong></span> <span class='ocrx_word' id='word_1_534' title='bbox 3728 1391 3831 1444; x_wconf 76' lang='lat' dir='ltr'><strong>ob-</strong></span> 
     </span>
    </p>
   </div>
   <div class='ocr_carea' id='block_1_72' title="bbox 2243 1475 3832 1548">
    <p class='ocr_par' dir='ltr' id='par_1_72' title="bbox 2243 1475 3832 1548">
     <span class='ocr_line' id='line_1_72' title="bbox 2243 1475 3832 1548; baseline 0.001 -17"><span class='ocrx_word' id='word_1_535' title='bbox 2243 1478 2704 1546; x_wconf 80' lang='lat' dir='ltr'><strong>scmtionemque</strong></span> <span class='ocrx_word' id='word_1_536' title='bbox 2730 1475 2923 1531; x_wconf 66' lang='lat' dir='ltr'><strong>divina:</strong></span> <span class='ocrx_word' id='word_1_537' title='bbox 2961 1477 3271 1545; x_wconf 71' lang='lat' dir='ltr'><strong>Scriptum,</strong></span> <span class='ocrx_word' id='word_1_538' title='bbox 3310 1479 3580 1545; x_wconf 82' lang='lat' dir='ltr'><strong>quomodo</strong></span> <span class='ocrx_word' id='word_1_539' title='bbox 3620 1488 3832 1548; x_wconf 74' lang='lat' dir='ltr'><strong>tempus</strong></span> 
     </span>
    </p>
   </div>
   <div class='ocr_carea' id='block_1_73' title="bbox 2261 1577 3826 1654">
    <p class='ocr_par' dir='ltr' id='par_1_73' title="bbox 2261 1577 3826 1654">
     <span class='ocr_line' id='line_1_73' title="bbox 2261 1577 3826 1654; baseline -0.004 -16"><span class='ocrx_word' id='word_1_540' title='bbox 2261 1598 2368 1654; x_wconf 90' lang='lat' dir='ltr'><strong>quo</strong></span> <span class='ocrx_word' id='word_1_541' title='bbox 2387 1583 2720 1640; x_wconf 83' lang='lat' dir='ltr'><strong>advenerunt</strong></span> <span class='ocrx_word' id='word_1_542' title='bbox 2745 1582 2901 1637; x_wconf 89' lang='lat' dir='ltr'><strong>nobis</strong></span> <span class='ocrx_word' id='word_1_543' title='bbox 2925 1580 3240 1636; x_wconf 84' lang='lat' dir='ltr'><strong>declararit:</strong></span> <span class='ocrx_word' id='word_1_544' title='bbox 3259 1579 3387 1634; x_wconf 89' lang='lat' dir='ltr'><strong>dicit</strong></span> <span class='ocrx_word' id='word_1_545' title='bbox 3403 1578 3572 1643; x_wconf 91' lang='lat' dir='ltr'><strong>enim,</strong></span> <span class='ocrx_word' id='word_1_546' title='bbox 3597 1577 3826 1647; x_wconf 63' lang='grc' dir='ltr'><strong>.</strong></span> 
     </span>
    </p>
   </div>
   <div class='ocr_carea' id='block_1_74' title="bbox 2258 1671 3828 1748">
    <p class='ocr_par' dir='ltr' id='par_1_74' title="bbox 2258 1671 3828 1748">
     <span class='ocr_line' id='line_1_74' title="bbox 2258 1671 3828 1748; baseline -0.006 -14"><span class='ocrx_word' id='word_1_547' title='bbox 2258 1678 2326 1734; x_wconf 78' lang='lat' dir='ltr'><strong>Et</strong></span> <span class='ocrx_word' id='word_1_548' title='bbox 2354 1692 2522 1748; x_wconf 90' lang='lat' dir='ltr'><strong>quare</strong></span> <span class='ocrx_word' id='word_1_549' title='bbox 2559 1685 2769 1746; x_wconf 83' lang='lat' dir='ltr'><strong>tempus</strong></span> <span class='ocrx_word' id='word_1_550' title='bbox 2797 1672 3152 1745; x_wconf 77' lang='lat' dir='ltr'><strong>signicavit?</strong></span> <span class='ocrx_word' id='word_1_551' title='bbox 3180 1681 3234 1728; x_wconf 91' lang='lat' dir='ltr'><strong>et</strong></span> <span class='ocrx_word' id='word_1_552' title='bbox 3263 1686 3430 1741; x_wconf 88' lang='lat' dir='ltr'><strong>quare</strong></span> <span class='ocrx_word' id='word_1_553' title='bbox 3457 1671 3523 1726; x_wconf 92' lang='lat' dir='ltr'><strong>ad</strong></span> <span class='ocrx_word' id='word_1_554' title='bbox 3550 1684 3828 1740; x_wconf 85' lang='lat' dir='ltr'><strong>vesperam</strong></span> 
     </span>
    </p>
   </div>
   <div class='ocr_carea' id='block_1_75' title="bbox 2257 1760 3830 1831">
    <p class='ocr_par' dir='ltr' id='par_1_75' title="bbox 2257 1760 3830 1831">
     <span class='ocr_line' id='line_1_75' title="bbox 2257 1760 3830 1831; baseline -0.004 -8"><span class='ocrx_word' id='word_1_555' title='bbox 2257 1783 2322 1824; x_wconf 91' lang='lat' dir='ltr'><strong>eo</strong></span> <span class='ocrx_word' id='word_1_556' title='bbox 2347 1767 2648 1822; x_wconf 81' lang='lat' dir='ltr'><strong>venerunt?</strong></span> <span class='ocrx_word' id='word_1_557' title='bbox 2677 1765 2745 1821; x_wconf 89' lang='lat' dir='ltr'><strong>Ut</strong></span> <span class='ocrx_word' id='word_1_558' title='bbox 2773 1763 3156 1820; x_wconf 82' lang='lat' dir='ltr'><strong>ostenderetur</strong></span> <span class='ocrx_word' id='word_1_559' title='bbox 3178 1762 3332 1817; x_wconf 78' lang='lat' dir='ltr'><strong>nobis</strong></span> <span class='ocrx_word' id='word_1_560' title='bbox 3357 1777 3550 1831; x_wconf 85' lang='lat' dir='ltr'><strong>magna</strong></span> <span class='ocrx_word' id='word_1_561' title='bbox 3579 1760 3696 1815; x_wconf 84' lang='lat' dir='ltr'><strong>Leti</strong></span> <span class='ocrx_word' id='word_1_562' title='bbox 3725 1761 3830 1816; x_wconf 78' lang='lat' dir='ltr'><strong>ho-</strong></span> 
     </span>
    </p>
   </div>
   <div class='ocr_carea' id='block_1_76' title="bbox 2254 1852 3830 1925">
    <p class='ocr_par' dir='ltr' id='par_1_76' title="bbox 2254 1852 3830 1925">
     <span class='ocr_line' id='line_1_76' title="bbox 2254 1852 3830 1925; baseline -0.004 -13"><span class='ocrx_word' id='word_1_563' title='bbox 2254 1856 2538 1925; x_wconf 86' lang='lat' dir='ltr'><strong>spitalitas.</strong></span> <span class='ocrx_word' id='word_1_564' title='bbox 2564 1855 2714 1910; x_wconf 89' lang='lat' dir='ltr'><strong>Sicut</strong></span> <span class='ocrx_word' id='word_1_565' title='bbox 2732 1855 2874 1908; x_wconf 89' lang='lat' dir='ltr'><strong>enim</strong></span> <span class='ocrx_word' id='word_1_566' title='bbox 2900 1852 3204 1921; x_wconf 85' lang='lat' dir='ltr'><strong>patriarcha</strong></span> <span class='ocrx_word' id='word_1_567' title='bbox 3226 1852 3420 1907; x_wconf 84' lang='lat' dir='ltr'><strong>sedens</strong></span> <span class='ocrx_word' id='word_1_568' title='bbox 3449 1859 3690 1921; x_wconf 85' lang='lat' dir='ltr'><strong>tempore</strong></span> <span class='ocrx_word' id='word_1_569' title='bbox 3715 1864 3830 1906; x_wconf 71' lang='lat' dir='ltr'><strong>mo-</strong></span> 
     </span>
    </p>
   </div>
   <div class='ocr_carea' id='block_1_77' title="bbox 2255 1944 3828 2014">
    <p class='ocr_par' dir='ltr' id='par_1_77' title="bbox 2255 1944 3828 2014">
     <span class='ocr_line' id='line_1_77' title="bbox 2255 1944 3828 2014; baseline -0.001 -15"><span class='ocrx_word' id='word_1_570' title='bbox 2255 1945 2427 2009; x_wconf 89' lang='lat' dir='ltr'><strong>ridiei,</strong></span> <span class='ocrx_word' id='word_1_571' title='bbox 2449 1945 2770 2000; x_wconf 84' lang='lat' dir='ltr'><strong>observabat</strong></span> <span class='ocrx_word' id='word_1_572' title='bbox 2789 1952 3176 2014; x_wconf 70' lang='lat' dir='ltr'><strong>pmtereuntes</strong></span> <span class='ocrx_word' id='word_1_573' title='bbox 3191 1984 3206 2008; x_wconf 93' lang='lat'><strong>,</strong></span> <span class='ocrx_word' id='word_1_574' title='bbox 3234 1952 3289 1997; x_wconf 84' lang='lat' dir='ltr'><strong>et</strong></span> <span class='ocrx_word' id='word_1_575' title='bbox 3313 1944 3648 1998; x_wconf 82' lang='lat' dir='ltr'><strong>venationem</strong></span> <span class='ocrx_word' id='word_1_576' title='bbox 3672 1957 3828 1998; x_wconf 83' lang='lat' dir='ltr'><strong>suam</strong></span> 
     </span>
    </p>
   </div>
   <div class='ocr_carea' id='block_1_78' title="bbox 2252 2031 3828 2103">
    <p class='ocr_par' dir='ltr' id='par_1_78' title="bbox 2252 2031 3828 2103">
     <span class='ocr_line' id='line_1_78' title="bbox 2252 2031 3828 2103; baseline 0 -17"><span class='ocrx_word' id='word_1_577' title='bbox 2252 2033 2388 2086; x_wconf 88' lang='lat' dir='ltr'><strong>hanc</strong></span> <span class='ocrx_word' id='word_1_578' title='bbox 2427 2032 2665 2086; x_wconf 86' lang='lat' dir='ltr'><strong>studiose</strong></span> <span class='ocrx_word' id='word_1_579' title='bbox 2705 2031 3013 2096; x_wconf 70' lang='lat' dir='ltr'><strong>exercebat,</strong></span> <span class='ocrx_word' id='word_1_580' title='bbox 3055 2041 3111 2087; x_wconf 90' lang='lat' dir='ltr'><strong>et</strong></span> <span class='ocrx_word' id='word_1_581' title='bbox 3151 2034 3470 2088; x_wconf 86' lang='lat' dir='ltr'><strong>occurrebat</strong></span> <span class='ocrx_word' id='word_1_582' title='bbox 3515 2047 3580 2087; x_wconf 90' lang='lat' dir='ltr'><strong>ac</strong></span> <span class='ocrx_word' id='word_1_583' title='bbox 3631 2047 3828 2103; x_wconf 81' lang='lat' dir='ltr'><strong>magno</strong></span> 
     </span>
    </p>
   </div>
   <div class='ocr_carea' id='block_1_79' title="bbox 2249 2119 3827 2191">
    <p class='ocr_par' dir='ltr' id='par_1_79' title="bbox 2249 2119 3827 2191">
     <span class='ocr_line' id='line_1_79' title="bbox 2249 2119 3827 2191; baseline 0.001 -17"><span class='ocrx_word' id='word_1_584' title='bbox 2249 2121 2444 2191; x_wconf 88' lang='lat' dir='ltr'><strong>gaudio</strong></span> <span class='ocrx_word' id='word_1_585' title='bbox 2470 2119 2702 2174; x_wconf 89' lang='lat' dir='ltr'><strong>viatores</strong></span> <span class='ocrx_word' id='word_1_586' title='bbox 2736 2121 3066 2190; x_wconf 80' lang='lat' dir='ltr'><strong>suscipiebat</strong></span> <span class='ocrx_word' id='word_1_587' title='bbox 3104 2139 3121 2173; x_wconf 86' lang='lat'><strong>:</strong></span> <span class='ocrx_word' id='word_1_588' title='bbox 3164 2120 3330 2174; x_wconf 81' lang='lat' dir='ltr'><strong>simili</strong></span> <span class='ocrx_word' id='word_1_589' title='bbox 3360 2121 3520 2176; x_wconf 91' lang='lat' dir='ltr'><strong>modo</strong></span> <span class='ocrx_word' id='word_1_590' title='bbox 3561 2131 3614 2176; x_wconf 87' lang='lat' dir='ltr'><strong>et</strong></span> <span class='ocrx_word' id='word_1_591' title='bbox 3646 2120 3827 2189; x_wconf 84' lang='lat' dir='ltr'><strong>justus</strong></span> 
     </span>
    </p>
   </div>
   <div class='ocr_carea' id='block_1_80' title="bbox 2249 2208 3827 2280">
    <p class='ocr_par' dir='ltr' id='par_1_80' title="bbox 2249 2208 3827 2280">
     <span class='ocr_line' id='line_1_80' title="bbox 2249 2208 3827 2280; baseline 0.001 -16"><span class='ocrx_word' id='word_1_592' title='bbox 2249 2209 2358 2274; x_wconf 85' lang='lat' dir='ltr'><strong>ille,</strong></span> <span class='ocrx_word' id='word_1_593' title='bbox 2383 2211 2638 2280; x_wconf 83' lang='lat' dir='ltr'><strong>quoniam</strong></span> <span class='ocrx_word' id='word_1_594' title='bbox 2659 2208 2864 2264; x_wconf 84' lang='lat' dir='ltr'><strong>sciebat</strong></span> <span class='ocrx_word' id='word_1_595' title='bbox 2887 2210 3297 2280; x_wconf 81' lang='lat' dir='ltr'><strong>perversitatem</strong></span> <span class='ocrx_word' id='word_1_596' title='bbox 3321 2225 3509 2265; x_wconf 88' lang='lat' dir='ltr'><strong>eorum</strong></span> <span class='ocrx_word' id='word_1_597' title='bbox 3531 2211 3620 2280; x_wconf 90' lang='lat' dir='ltr'><strong>qui</strong></span> <span class='ocrx_word' id='word_1_598' title='bbox 3648 2211 3700 2264; x_wconf 89' lang='lat' dir='ltr'><strong>in</strong></span> <span class='ocrx_word' id='word_1_599' title='bbox 3723 2208 3827 2266; x_wconf 86' lang='lat' dir='ltr'><strong>So-</strong></span> 
     </span>
    </p>
   </div>
   <div class='ocr_carea' id='block_1_81' title="bbox 2247 2299 3824 2368">
    <p class='ocr_par' dir='ltr' id='par_1_81' title="bbox 2247 2299 3824 2368">
     <span class='ocr_line' id='line_1_81' title="bbox 2247 2299 3824 2368; baseline 0 -14"><span class='ocrx_word' id='word_1_600' title='bbox 2247 2299 2420 2354; x_wconf 90' lang='lat' dir='ltr'><strong>domis</strong></span> <span class='ocrx_word' id='word_1_601' title='bbox 2451 2299 2766 2354; x_wconf 87' lang='lat' dir='ltr'><strong>habitabant</strong></span> <span class='ocrx_word' id='word_1_602' title='bbox 2792 2313 2970 2367; x_wconf 86' lang='lat' dir='ltr'><strong>neque</strong></span> <span class='ocrx_word' id='word_1_603' title='bbox 2990 2301 3199 2368; x_wconf 81' lang='lat' dir='ltr'><strong>vesperi</strong></span> <span class='ocrx_word' id='word_1_604' title='bbox 3222 2299 3554 2364; x_wconf 85' lang='lat' dir='ltr'><strong>discedebat,</strong></span> <span class='ocrx_word' id='word_1_605' title='bbox 3583 2300 3677 2355; x_wconf 85' lang='lat' dir='ltr'><strong>sed</strong></span> <span class='ocrx_word' id='word_1_606' title='bbox 3711 2315 3824 2354; x_wconf 86' lang='lat' dir='ltr'><strong>ma-</strong></span> 
     </span>
    </p>
   </div>
   <div class='ocr_carea' id='block_1_82' title="bbox 2246 2389 3821 2459">
    <p class='ocr_par' dir='ltr' id='par_1_82' title="bbox 2246 2389 3821 2459">
     <span class='ocr_line' id='line_1_82' title="bbox 2246 2389 3821 2459; baseline -0.001 -13"><span class='ocrx_word' id='word_1_607' title='bbox 2246 2392 2426 2453; x_wconf 89' lang='lat' dir='ltr'><strong>nebat,</strong></span> <span class='ocrx_word' id='word_1_608' title='bbox 2456 2405 2524 2444; x_wconf 91' lang='lat' dir='ltr'><strong>ne</strong></span> <span class='ocrx_word' id='word_1_609' title='bbox 2553 2390 2839 2446; x_wconf 77' lang='lat' dir='ltr'><strong>thesaums</strong></span> <span class='ocrx_word' id='word_1_610' title='bbox 2857 2389 3050 2459; x_wconf 84' lang='lat' dir='ltr'><strong>aliquis</strong></span> <span class='ocrx_word' id='word_1_611' title='bbox 3078 2390 3176 2458; x_wconf 86' lang='lat' dir='ltr'><strong>ipsi</strong></span> <span class='ocrx_word' id='word_1_612' title='bbox 3199 2389 3520 2454; x_wconf 89' lang='lat' dir='ltr'><strong>elaberetur,</strong></span> <span class='ocrx_word' id='word_1_613' title='bbox 3550 2400 3607 2444; x_wconf 88' lang='lat' dir='ltr'><strong>et</strong></span> <span class='ocrx_word' id='word_1_614' title='bbox 3639 2401 3694 2443; x_wconf 91' lang='lat' dir='ltr'><strong>ut</strong></span> <span class='ocrx_word' id='word_1_615' title='bbox 3724 2389 3821 2445; x_wconf 91' lang='lat' dir='ltr'><strong>ho-</strong></span> 
     </span>
    </p>
   </div>
   <div class='ocr_carea' id='block_1_83' title="bbox 2245 2480 3816 2552">
    <p class='ocr_par' dir='ltr' id='par_1_83' title="bbox 2245 2480 3816 2552">
     <span class='ocr_line' id='line_1_83' title="bbox 2245 2480 3816 2552; baseline 0 -16"><span class='ocrx_word' id='word_1_616' title='bbox 2245 2481 2550 2550; x_wconf 85' lang='lat' dir='ltr'><strong>spitalitatis</strong></span> <span class='ocrx_word' id='word_1_617' title='bbox 2576 2481 2808 2538; x_wconf 82' lang='lat' dir='ltr'><strong>fructum</strong></span> <span class='ocrx_word' id='word_1_618' title='bbox 2847 2482 3136 2550; x_wconf 87' lang='lat' dir='ltr'><strong>decerpere</strong></span> <span class='ocrx_word' id='word_1_619' title='bbox 3164 2489 3364 2552; x_wconf 88' lang='lat' dir='ltr'><strong>posset.</strong></span> <span class='ocrx_word' id='word_1_620' title='bbox 3396 2480 3533 2537; x_wconf 79' lang='lat' dir='ltr'><strong>Vere</strong></span> <span class='ocrx_word' id='word_1_621' title='bbox 3561 2481 3816 2536; x_wconf 86' lang='lat' dir='ltr'><strong>admirari</strong></span> 
     </span>
    </p>
   </div>
   <div class='ocr_carea' id='block_1_84' title="bbox 2242 2572 3817 2644">
    <p class='ocr_par' dir='ltr' id='par_1_84' title="bbox 2242 2572 3817 2644">
     <span class='ocr_line' id='line_1_84' title="bbox 2242 2572 3817 2644; baseline -0.001 -14"><span class='ocrx_word' id='word_1_622' title='bbox 2242 2576 2590 2630; x_wconf 69' lang='lat' dir='ltr'><strong>vehementer</strong></span> <span class='ocrx_word' id='word_1_623' title='bbox 2609 2573 2732 2629; x_wconf 90' lang='lat' dir='ltr'><strong>licet</strong></span> <span class='ocrx_word' id='word_1_624' title='bbox 2752 2572 2883 2642; x_wconf 85' lang='lat' dir='ltr'><strong>justi</strong></span> <span class='ocrx_word' id='word_1_625' title='bbox 2910 2574 3070 2643; x_wconf 67' lang='lat' dir='ltr'><strong>huius</strong></span> <span class='ocrx_word' id='word_1_626' title='bbox 3091 2574 3364 2641; x_wconf 85' lang='lat' dir='ltr'><strong>virtutem,</strong></span> <span class='ocrx_word' id='word_1_627' title='bbox 3395 2574 3486 2644; x_wconf 91' lang='lat' dir='ltr'><strong>qui</strong></span> <span class='ocrx_word' id='word_1_628' title='bbox 3511 2589 3738 2630; x_wconf 84' lang='lat' dir='ltr'><strong>versans</strong></span> <span class='ocrx_word' id='word_1_629' title='bbox 3763 2575 3817 2628; x_wconf 90' lang='lat' dir='ltr'><strong>in</strong></span> 
     </span>
    </p>
   </div>
   <div class='ocr_carea' id='block_1_85' title="bbox 2241 2667 3828 2738">
    <p class='ocr_par' dir='ltr' id='par_1_85' title="bbox 2241 2667 3828 2738">
     <span class='ocr_line' id='line_1_85' title="bbox 2241 2667 3828 2738; baseline 0.004 -18"><span class='ocrx_word' id='word_1_630' title='bbox 2241 2667 2418 2723; x_wconf 90' lang='lat' dir='ltr'><strong>medio</strong></span> <span class='ocrx_word' id='word_1_631' title='bbox 2447 2679 2552 2723; x_wconf 87' lang='lat' dir='ltr'><strong>tam</strong></span> <span class='ocrx_word' id='word_1_632' title='bbox 2581 2669 2862 2738; x_wconf 81' lang='lat' dir='ltr'><strong>impiorum</strong></span> <span class='ocrx_word' id='word_1_633' title='bbox 2891 2669 3190 2733; x_wconf 85' lang='lat' dir='ltr'><strong>hominum,</strong></span> <span class='ocrx_word' id='word_1_634' title='bbox 3220 2685 3325 2723; x_wconf 89' lang='lat' dir='ltr'><strong>non</strong></span> <span class='ocrx_word' id='word_1_635' title='bbox 3363 2667 3533 2724; x_wconf 82' lang='lat' dir='ltr'><strong>solum</strong></span> <span class='ocrx_word' id='word_1_636' title='bbox 3560 2685 3671 2725; x_wconf 82' lang='lat' dir='ltr'><strong>non</strong></span> <span class='ocrx_word' id='word_1_637' title='bbox 3701 2670 3828 2728; x_wconf 80' lang='lat' dir='ltr'><strong>inde</strong></span> 
     </span>
    </p>
   </div>
   <div class='ocr_carea' id='block_1_86' title="bbox 2241 2758 3829 2832">
    <p class='ocr_par' dir='ltr' id='par_1_86' title="bbox 2241 2758 3829 2832">
     <span class='ocr_line' id='line_1_86' title="bbox 2241 2758 3829 2832; baseline 0.005 -21"><span class='ocrx_word' id='word_1_638' title='bbox 2241 2759 2590 2828; x_wconf 78' lang='lat' dir='ltr'><strong>negligentior</strong></span> <span class='ocrx_word' id='word_1_639' title='bbox 2617 2767 2698 2813; x_wconf 88' lang='lat' dir='ltr'><strong>est</strong></span> <span class='ocrx_word' id='word_1_640' title='bbox 2734 2761 2922 2825; x_wconf 88' lang='lat' dir='ltr'><strong>factus,</strong></span> <span class='ocrx_word' id='word_1_641' title='bbox 2953 2758 3044 2814; x_wconf 86' lang='lat' dir='ltr'><strong>sed</strong></span> <span class='ocrx_word' id='word_1_642' title='bbox 3076 2769 3130 2814; x_wconf 91' lang='lat' dir='ltr'><strong>et</strong></span> <span class='ocrx_word' id='word_1_643' title='bbox 3161 2760 3420 2830; x_wconf 84' lang='lat' dir='ltr'><strong>majorem</strong></span> <span class='ocrx_word' id='word_1_644' title='bbox 3445 2761 3694 2817; x_wconf 79' lang='lat' dir='ltr'><strong>virtutem</strong></span> <span class='ocrx_word' id='word_1_645' title='bbox 3717 2777 3829 2832; x_wconf 65' lang='lat' dir='ltr'><strong>pro</strong></span> 
     </span>
    </p>
   </div>
   <div class='ocr_carea' id='block_1_87' title="bbox 2239 2850 3826 2925">
    <p class='ocr_par' dir='ltr' id='par_1_87' title="bbox 2239 2850 3826 2925">
     <span class='ocr_line' id='line_1_87' title="bbox 2239 2850 3826 2925; baseline 0.004 -22"><span class='ocrx_word' id='word_1_646' title='bbox 2239 2865 2298 2903; x_wconf 91' lang='lat' dir='ltr'><strong>se</strong></span> <span class='ocrx_word' id='word_1_647' title='bbox 2325 2850 2442 2904; x_wconf 90' lang='lat' dir='ltr'><strong>tulit</strong></span> <span class='ocrx_word' id='word_1_648' title='bbox 2476 2867 2489 2902; x_wconf 91' lang='lat'><strong>:</strong></span> <span class='ocrx_word' id='word_1_649' title='bbox 2521 2864 2749 2920; x_wconf 86' lang='lat' dir='ltr'><strong>eumque</strong></span> <span class='ocrx_word' id='word_1_650' title='bbox 2792 2866 2998 2917; x_wconf 88' lang='lat' dir='ltr'><strong>omnes,</strong></span> <span class='ocrx_word' id='word_1_651' title='bbox 3050 2861 3107 2905; x_wconf 88' lang='lat' dir='ltr'><strong>ut</strong></span> <span class='ocrx_word' id='word_1_652' title='bbox 3158 2852 3234 2905; x_wconf 79' lang='lat' dir='ltr'><strong>ita</strong></span> <span class='ocrx_word' id='word_1_653' title='bbox 3254 2853 3448 2918; x_wconf 87' lang='lat' dir='ltr'><strong>dicam,</strong></span> <span class='ocrx_word' id='word_1_654' title='bbox 3502 2854 3554 2907; x_wconf 92' lang='lat' dir='ltr'><strong>in</strong></span> <span class='ocrx_word' id='word_1_655' title='bbox 3591 2869 3826 2925; x_wconf 66' lang='lat' dir='ltr'><strong>praeceps</strong></span> 
     </span>
    </p>
   </div>
   <div class='ocr_carea' id='block_1_88' title="bbox 2239 2943 3827 3012">
    <p class='ocr_par' dir='ltr' id='par_1_88' title="bbox 2239 2943 3827 3012">
     <span class='ocr_line' id='line_1_88' title="bbox 2239 2943 3827 3012; baseline 0.004 -15"><span class='ocrx_word' id='word_1_656' title='bbox 2239 2953 2474 3007; x_wconf 88' lang='lat' dir='ltr'><strong>ruerent,</strong></span> <span class='ocrx_word' id='word_1_657' title='bbox 2506 2945 2617 3012; x_wconf 89' lang='lat' dir='ltr'><strong>ipse</strong></span> <span class='ocrx_word' id='word_1_658' title='bbox 2643 2943 2787 2997; x_wconf 88' lang='lat' dir='ltr'><strong>solus</strong></span> <span class='ocrx_word' id='word_1_659' title='bbox 2814 2944 2863 2996; x_wconf 90' lang='lat' dir='ltr'><strong>in</strong></span> <span class='ocrx_word' id='word_1_660' title='bbox 2888 2952 3030 2998; x_wconf 89' lang='lat' dir='ltr'><strong>tanta</strong></span> <span class='ocrx_word' id='word_1_661' title='bbox 3055 2944 3388 3000; x_wconf 89' lang='lat' dir='ltr'><strong>multitudine</strong></span> <span class='ocrx_word' id='word_1_662' title='bbox 3416 2955 3614 3000; x_wconf 83' lang='lat' dir='ltr'><strong>rectam</strong></span> <span class='ocrx_word' id='word_1_663' title='bbox 3641 2949 3827 3003; x_wconf 72' lang='lat' dir='ltr'><strong>ambu-</strong></span> 
     </span>
    </p>
   </div>
   <div class='ocr_carea' id='block_1_89' title="bbox 2239 3032 3830 3106">
    <p class='ocr_par' dir='ltr' id='par_1_89' title="bbox 2239 3032 3830 3106">
     <span class='ocr_line' id='line_1_89' title="bbox 2239 3032 3830 3106; baseline 0.006 -20"><span class='ocrx_word' id='word_1_664' title='bbox 2239 3033 2368 3086; x_wconf 88' lang='lat' dir='ltr'><strong>lavit</strong></span> <span class='ocrx_word' id='word_1_665' title='bbox 2387 3034 2546 3087; x_wconf 88' lang='lat' dir='ltr'><strong>viam.</strong></span> <span class='ocrx_word' id='word_1_666' title='bbox 2567 3032 2665 3088; x_wconf 87' lang='lat' dir='ltr'><strong>Ubi</strong></span> <span class='ocrx_word' id='word_1_667' title='bbox 2693 3048 2833 3088; x_wconf 87' lang='lat' dir='ltr'><strong>nunc</strong></span> <span class='ocrx_word' id='word_1_668' title='bbox 2858 3042 2985 3088; x_wconf 82' lang='lat' dir='ltr'><strong>sunt</strong></span> <span class='ocrx_word' id='word_1_669' title='bbox 3000 3034 3088 3104; x_wconf 90' lang='lat' dir='ltr'><strong>qui</strong></span> <span class='ocrx_word' id='word_1_670' title='bbox 3114 3035 3312 3097; x_wconf 89' lang='lat' dir='ltr'><strong>dicunt,</strong></span> <span class='ocrx_word' id='word_1_671' title='bbox 3339 3051 3442 3088; x_wconf 88' lang='lat' dir='ltr'><strong>non</strong></span> <span class='ocrx_word' id='word_1_672' title='bbox 3470 3050 3625 3104; x_wconf 82' lang='lat' dir='ltr'><strong>posse</strong></span> <span class='ocrx_word' id='word_1_673' title='bbox 3645 3052 3830 3106; x_wconf 83' lang='lat' dir='ltr'><strong>quem-</strong></span> 
     </span>
    </p>
   </div>
   <div class='ocr_carea' id='block_1_90' title="bbox 2243 3124 3828 3193">
    <p class='ocr_par' dir='ltr' id='par_1_90' title="bbox 2243 3124 3828 3193">
     <span class='ocr_line' id='line_1_90' title="bbox 2243 3124 3828 3193; baseline 0.006 -17"><span class='ocrx_word' id='word_1_674' title='bbox 2243 3125 2380 3193; x_wconf 87' lang='lat' dir='ltr'><strong>piam</strong></span> <span class='ocrx_word' id='word_1_675' title='bbox 2397 3125 2449 3178; x_wconf 91' lang='lat' dir='ltr'><strong>in</strong></span> <span class='ocrx_word' id='word_1_676' title='bbox 2472 3124 2642 3180; x_wconf 88' lang='lat' dir='ltr'><strong>media</strong></span> <span class='ocrx_word' id='word_1_677' title='bbox 2654 3125 3176 3181; x_wconf 85' lang='lat' dir='ltr'><strong>civitateversantem</strong></span> <span class='ocrx_word' id='word_1_678' title='bbox 3197 3126 3441 3180; x_wconf 89' lang='lat' dir='ltr'><strong>virtutem</strong></span> <span class='ocrx_word' id='word_1_679' title='bbox 3469 3141 3714 3184; x_wconf 84' lang='lat' dir='ltr'><strong>servare:</strong></span> <span class='ocrx_word' id='word_1_680' title='bbox 3734 3129 3828 3185; x_wconf 78' lang='lat' dir='ltr'><strong>sed</strong></span> 
     </span>
    </p>
   </div>
   <div class='ocr_carea' id='block_1_91' title="bbox 2242 3217 3831 3288">
    <p class='ocr_par' dir='ltr' id='par_1_91' title="bbox 2242 3217 3831 3288">
     <span class='ocr_line' id='line_1_91' title="bbox 2242 3217 3831 3288; baseline 0.006 -18"><span class='ocrx_word' id='word_1_681' title='bbox 2242 3233 2374 3286; x_wconf 86' lang='lat' dir='ltr'><strong>opus</strong></span> <span class='ocrx_word' id='word_1_682' title='bbox 2387 3232 2506 3272; x_wconf 86' lang='lat' dir='ltr'><strong>esse</strong></span> <span class='ocrx_word' id='word_1_683' title='bbox 2523 3231 2761 3284; x_wconf 89' lang='lat' dir='ltr'><strong>secessu,</strong></span> <span class='ocrx_word' id='word_1_684' title='bbox 2773 3227 2824 3273; x_wconf 88' lang='lat' dir='ltr'><strong>et</strong></span> <span class='ocrx_word' id='word_1_685' title='bbox 2849 3227 3095 3272; x_wconf 86' lang='lat' dir='ltr'><strong>montana</strong></span> <span class='ocrx_word' id='word_1_686' title='bbox 3113 3218 3336 3288; x_wconf 82' lang='lat' dir='ltr'><strong>quadam</strong></span> <span class='ocrx_word' id='word_1_687' title='bbox 3357 3217 3680 3276; x_wconf 87' lang='lat' dir='ltr'><strong>habitatione</strong></span> <span class='ocrx_word' id='word_1_688' title='bbox 3699 3240 3712 3274; x_wconf 89' lang='lat'><strong>:</strong></span> <span class='ocrx_word' id='word_1_689' title='bbox 3730 3236 3831 3279; x_wconf 80' lang='lat' dir='ltr'><strong>nec</strong></span> 
     </span>
    </p>
   </div>
   <div class='ocr_carea' id='block_1_92' title="bbox 2246 3308 3830 3385">
    <p class='ocr_par' dir='ltr' id='par_1_92' title="bbox 2246 3308 3830 3385">
     <span class='ocr_line' id='line_1_92' title="bbox 2246 3308 3830 3385; baseline 0.006 -24"><span class='ocrx_word' id='word_1_690' title='bbox 2246 3323 2401 3376; x_wconf 89' lang='lat' dir='ltr'><strong>posse</strong></span> <span class='ocrx_word' id='word_1_691' title='bbox 2440 3308 2620 3363; x_wconf 92' lang='lat' dir='ltr'><strong>domui</strong></span> <span class='ocrx_word' id='word_1_692' title='bbox 2665 3323 2775 3363; x_wconf 62' lang='lat' dir='ltr'><strong>suae</strong></span> <span class='ocrx_word' id='word_1_693' title='bbox 2819 3308 3149 3378; x_wconf 66' lang='lat' dir='ltr'><strong>praefectum,</strong></span> <span class='ocrx_word' id='word_1_694' title='bbox 3187 3319 3240 3364; x_wconf 89' lang='lat' dir='ltr'><strong>et</strong></span> <span class='ocrx_word' id='word_1_695' title='bbox 3271 3326 3492 3366; x_wconf 79' lang='lat' dir='ltr'><strong>uxorem</strong></span> <span class='ocrx_word' id='word_1_696' title='bbox 3522 3310 3830 3385; x_wconf 85' lang='lat' dir='ltr'><strong>habentem,</strong></span> 
     </span>
    </p>
   </div>
   <div class='ocr_carea' id='block_1_93' title="bbox 2243 3399 3838 3471">
    <p class='ocr_par' dir='ltr' id='par_1_93' title="bbox 2243 3399 3838 3471">
     <span class='ocr_line' id='line_1_93' title="bbox 2243 3399 3838 3471; baseline 0.006 -20"><span class='ocrx_word' id='word_1_697' title='bbox 2243 3410 2294 3452; x_wconf 89' lang='lat' dir='ltr'><strong>et</strong></span> <span class='ocrx_word' id='word_1_698' title='bbox 2324 3399 2461 3454; x_wconf 85' lang='lat' dir='ltr'><strong>filios</strong></span> <span class='ocrx_word' id='word_1_699' title='bbox 2483 3411 2757 3454; x_wconf 88' lang='lat' dir='ltr'><strong>curantem</strong></span> <span class='ocrx_word' id='word_1_700' title='bbox 2779 3415 2841 3454; x_wconf 89' lang='lat' dir='ltr'><strong>ac</strong></span> <span class='ocrx_word' id='word_1_701' title='bbox 2863 3399 3109 3465; x_wconf 79' lang='lat' dir='ltr'><strong>famulos,</strong></span> <span class='ocrx_word' id='word_1_702' title='bbox 3141 3400 3335 3455; x_wconf 86' lang='lat' dir='ltr'><strong>virtute</strong></span> <span class='ocrx_word' id='word_1_703' title='bbox 3362 3403 3641 3471; x_wconf 75' lang='lat' dir='ltr'><strong>praeditum</strong></span> <span class='ocrx_word' id='word_1_704' title='bbox 3669 3405 3838 3462; x_wconf 67' lang='lat' dir='ltr'><strong>esse?</strong></span> 
     </span>
    </p>
   </div>
   <div class='ocr_carea' id='block_1_94' title="bbox 2242 3488 3832 3563">
    <p class='ocr_par' dir='ltr' id='par_1_94' title="bbox 2242 3488 3832 3563">
     <span class='ocr_line' id='line_1_94' title="bbox 2242 3488 3832 3563; baseline 0.006 -21"><span class='ocrx_word' id='word_1_705' title='bbox 2242 3488 2468 3544; x_wconf 82' lang='lat' dir='ltr'><strong>Videant</strong></span> <span class='ocrx_word' id='word_1_706' title='bbox 2495 3504 2622 3559; x_wconf 89' lang='lat' dir='ltr'><strong>ergo</strong></span> <span class='ocrx_word' id='word_1_707' title='bbox 2647 3491 2847 3557; x_wconf 88' lang='lat' dir='ltr'><strong>justum</strong></span> <span class='ocrx_word' id='word_1_708' title='bbox 2889 3491 3035 3545; x_wconf 92' lang='lat' dir='ltr'><strong>illum</strong></span> <span class='ocrx_word' id='word_1_709' title='bbox 3084 3505 3204 3546; x_wconf 89' lang='lat' dir='ltr'><strong>cum</strong></span> <span class='ocrx_word' id='word_1_710' title='bbox 3248 3493 3489 3559; x_wconf 84' lang='lat' dir='ltr'><strong>muliere,</strong></span> <span class='ocrx_word' id='word_1_711' title='bbox 3549 3497 3749 3563; x_wconf 85' lang='lat' dir='ltr'><strong>pueris,</strong></span> <span class='ocrx_word' id='word_1_712' title='bbox 3775 3505 3832 3552; x_wconf 87' lang='lat' dir='ltr'><strong>et</strong></span> 
     </span>
    </p>
   </div>
   <div class='ocr_carea' id='block_1_95' title="bbox 2241 3579 3833 3653">
    <p class='ocr_par' dir='ltr' id='par_1_95' title="bbox 2241 3579 3833 3653">
     <span class='ocr_line' id='line_1_95' title="bbox 2241 3579 3833 3653; baseline 0.005 -19"><span class='ocrx_word' id='word_1_713' title='bbox 2241 3579 2473 3645; x_wconf 86' lang='lat' dir='ltr'><strong>famulis,</strong></span> <span class='ocrx_word' id='word_1_714' title='bbox 2505 3582 2558 3634; x_wconf 92' lang='lat' dir='ltr'><strong>in</strong></span> <span class='ocrx_word' id='word_1_715' title='bbox 2587 3582 2800 3637; x_wconf 86' lang='lat' dir='ltr'><strong>civitate</strong></span> <span class='ocrx_word' id='word_1_716' title='bbox 2828 3580 3132 3652; x_wconf 84' lang='lat' dir='ltr'><strong>degentem,</strong></span> <span class='ocrx_word' id='word_1_717' title='bbox 3168 3591 3326 3653; x_wconf 84' lang='lat' dir='ltr'><strong>atque</strong></span> <span class='ocrx_word' id='word_1_718' title='bbox 3347 3584 3485 3637; x_wconf 82' lang='lat' dir='ltr'><strong>inter</strong></span> <span class='ocrx_word' id='word_1_719' title='bbox 3514 3594 3618 3640; x_wconf 91' lang='lat' dir='ltr'><strong>tam</strong></span> <span class='ocrx_word' id='word_1_720' title='bbox 3664 3586 3833 3642; x_wconf 85' lang='lat' dir='ltr'><strong>malos</strong></span> 
     </span>
    </p>
   </div>
   <div class='ocr_carea' id='block_1_96' title="bbox 2241 3673 3824 3746">
    <p class='ocr_par' dir='ltr' id='par_1_96' title="bbox 2241 3673 3824 3746">
     <span class='ocr_line' id='line_1_96' title="bbox 2241 3673 3824 3746; baseline 0.004 -21"><span class='ocrx_word' id='word_1_721' title='bbox 2241 3687 2304 3726; x_wconf 83' lang='lat' dir='ltr'><strong>ac</strong></span> <span class='ocrx_word' id='word_1_722' title='bbox 2335 3673 2524 3741; x_wconf 91' lang='lat' dir='ltr'><strong>impios</strong></span> <span class='ocrx_word' id='word_1_723' title='bbox 2546 3683 2946 3729; x_wconf 88' lang='lat' dir='ltr'><strong>conversantem</strong></span> <span class='ocrx_word' id='word_1_724' title='bbox 2975 3684 3028 3729; x_wconf 90' lang='lat' dir='ltr'><strong>et</strong></span> <span class='ocrx_word' id='word_1_725' title='bbox 3053 3676 3202 3742; x_wconf 82' lang='lat' dir='ltr'><strong>quasi</strong></span> <span class='ocrx_word' id='word_1_726' title='bbox 3227 3676 3508 3731; x_wconf 82' lang='lat' dir='ltr'><strong>scintillam</strong></span> <span class='ocrx_word' id='word_1_727' title='bbox 3542 3677 3824 3746; x_wconf 80' lang='lat' dir='ltr'><strong>quamdam</strong></span> 
     </span>
    </p>
   </div>
   <div class='ocr_carea' id='block_1_97' title="bbox 2245 3764 3830 3840">
    <p class='ocr_par' dir='ltr' id='par_1_97' title="bbox 2245 3764 3830 3840">
     <span class='ocr_line' id='line_1_97' title="bbox 2245 3764 3830 3840; baseline 0.004 -22"><span class='ocrx_word' id='word_1_728' title='bbox 2245 3765 2296 3818; x_wconf 88' lang='lat' dir='ltr'><strong>in</strong></span> <span class='ocrx_word' id='word_1_729' title='bbox 2323 3764 2498 3818; x_wconf 89' lang='lat' dir='ltr'><strong>medio</strong></span> <span class='ocrx_word' id='word_1_730' title='bbox 2529 3766 2658 3820; x_wconf 88' lang='lat' dir='ltr'><strong>mari</strong></span> <span class='ocrx_word' id='word_1_731' title='bbox 2703 3766 2984 3831; x_wconf 89' lang='lat' dir='ltr'><strong>lucentem,</strong></span> <span class='ocrx_word' id='word_1_732' title='bbox 3032 3783 3131 3822; x_wconf 91' lang='lat' dir='ltr'><strong>nec</strong></span> <span class='ocrx_word' id='word_1_733' title='bbox 3169 3768 3342 3822; x_wconf 83' lang='lat' dir='ltr'><strong>solum</strong></span> <span class='ocrx_word' id='word_1_734' title='bbox 3392 3784 3494 3822; x_wconf 88' lang='lat' dir='ltr'><strong>non</strong></span> <span class='ocrx_word' id='word_1_735' title='bbox 3542 3771 3830 3840; x_wconf 75' lang='lat' dir='ltr'><strong>exstingui,</strong></span> 
     </span>
    </p>
   </div>
   <div class='ocr_carea' id='block_1_98' title="bbox 2242 3855 3834 3924">
    <p class='ocr_par' dir='ltr' id='par_1_98' title="bbox 2242 3855 3834 3924">
     <span class='ocr_line' id='line_1_98' title="bbox 2242 3855 3834 3924; baseline 0.004 -14"><span class='ocrx_word' id='word_1_736' title='bbox 2242 3855 2336 3910; x_wconf 84' lang='lat' dir='ltr'><strong>sed</strong></span> <span class='ocrx_word' id='word_1_737' title='bbox 2367 3856 2600 3924; x_wconf 79' lang='lat' dir='ltr'><strong>quotidie</strong></span> <span class='ocrx_word' id='word_1_738' title='bbox 2641 3857 2811 3912; x_wconf 90' lang='lat' dir='ltr'><strong>lucem</strong></span> <span class='ocrx_word' id='word_1_739' title='bbox 2841 3858 3119 3912; x_wconf 87' lang='lat' dir='ltr'><strong>clariorem</strong></span> <span class='ocrx_word' id='word_1_740' title='bbox 3148 3861 3410 3914; x_wconf 86' lang='lat' dir='ltr'><strong>emittere.</strong></span> <span class='ocrx_word' id='word_1_741' title='bbox 3459 3859 3522 3915; x_wconf 85' lang='lat' dir='ltr'><strong>Et</strong></span> <span class='ocrx_word' id='word_1_742' title='bbox 3564 3861 3676 3917; x_wconf 61' lang='lat' dir='ltr'><strong>hinc</strong></span> <span class='ocrx_word' id='word_1_743' title='bbox 3714 3861 3834 3918; x_wconf 83' lang='lat' dir='ltr'><strong>dico</strong></span> 
     </span>
    </p>
   </div>
   <div class='ocr_carea' id='block_1_99' title="bbox 2247 3945 3833 4021">
    <p class='ocr_par' dir='ltr' id='par_1_99' title="bbox 2247 3945 3833 4021">
     <span class='ocr_line' id='line_1_99' title="bbox 2247 3945 3833 4021; baseline 0.008 -25"><span class='ocrx_word' id='word_1_744' title='bbox 2247 3961 2351 3998; x_wconf 90' lang='lat' dir='ltr'><strong>non</strong></span> <span class='ocrx_word' id='word_1_745' title='bbox 2385 3945 2669 4013; x_wconf 86' lang='lat' dir='ltr'><strong>prohibens</strong></span> <span class='ocrx_word' id='word_1_746' title='bbox 2699 3962 2968 4003; x_wconf 87' lang='lat' dir='ltr'><strong>secessum</strong></span> <span class='ocrx_word' id='word_1_747' title='bbox 2994 3950 3060 4001; x_wconf 91' lang='lat' dir='ltr'><strong>ab</strong></span> <span class='ocrx_word' id='word_1_748' title='bbox 3098 3949 3337 4014; x_wconf 73' lang='lat' dir='ltr'><strong>urbibus,</strong></span> <span class='ocrx_word' id='word_1_749' title='bbox 3371 3966 3545 4021; x_wconf 86' lang='lat' dir='ltr'><strong>neque</strong></span> <span class='ocrx_word' id='word_1_750' title='bbox 3574 3953 3833 4009; x_wconf 85' lang='lat' dir='ltr'><strong>interdico</strong></span> 
     </span>
    </p>
   </div>
   <div class='ocr_carea' id='block_1_100' title="bbox 2244 4037 3830 4107">
    <p class='ocr_par' dir='ltr' id='par_1_100' title="bbox 2244 4037 3830 4107">
     <span class='ocr_line' id='line_1_100' title="bbox 2244 4037 3830 4107; baseline 0.008 -20"><span class='ocrx_word' id='word_1_751' title='bbox 2244 4037 2499 4088; x_wconf 91' lang='lat' dir='ltr'><strong>montium</strong></span> <span class='ocrx_word' id='word_1_752' title='bbox 2529 4046 2579 4090; x_wconf 92' lang='lat' dir='ltr'><strong>ct</strong></span> <span class='ocrx_word' id='word_1_753' title='bbox 2606 4038 2950 4092; x_wconf 88' lang='lat' dir='ltr'><strong>solitudinum</strong></span> <span class='ocrx_word' id='word_1_754' title='bbox 2979 4043 3438 4095; x_wconf 77' lang='lat' dir='ltr'><strong>conversationem</strong></span> <span class='ocrx_word' id='word_1_755' title='bbox 3459 4059 3476 4107; x_wconf 87' lang='lat'><strong>;</strong></span> <span class='ocrx_word' id='word_1_756' title='bbox 3494 4042 3582 4096; x_wconf 89' lang='lat' dir='ltr'><strong>sed</strong></span> <span class='ocrx_word' id='word_1_757' title='bbox 3610 4043 3830 4099; x_wconf 75' lang='lat' dir='ltr'><strong>ostendo</strong></span> 
     </span>
    </p>
   </div>
   <div class='ocr_carea' id='block_1_101' title="bbox 2250 4127 3823 4196">
    <p class='ocr_par' dir='ltr' id='par_1_101' title="bbox 2250 4127 3823 4196">
     <span class='ocr_line' id='line_1_101' title="bbox 2250 4127 3823 4196; baseline 0.001 -14"><span class='ocrx_word' id='word_1_758' title='bbox 2250 4128 2449 4182; x_wconf 89' lang='lat' dir='ltr'><strong>volenti</strong></span> <span class='ocrx_word' id='word_1_759' title='bbox 2479 4127 2656 4181; x_wconf 78' lang='lat' dir='ltr'><strong>sobrie</strong></span> <span class='ocrx_word' id='word_1_760' title='bbox 2683 4142 2843 4195; x_wconf 89' lang='lat' dir='ltr'><strong>agere</strong></span> <span class='ocrx_word' id='word_1_761' title='bbox 2875 4136 2929 4180; x_wconf 89' lang='lat' dir='ltr'><strong>et</strong></span> <span class='ocrx_word' id='word_1_762' title='bbox 2953 4128 3204 4196; x_wconf 89' lang='lat' dir='ltr'><strong>vigilare,</strong></span> <span class='ocrx_word' id='word_1_763' title='bbox 3239 4129 3368 4182; x_wconf 90' lang='lat' dir='ltr'><strong>nihil</strong></span> <span class='ocrx_word' id='word_1_764' title='bbox 3403 4130 3526 4182; x_wconf 85' lang='lat' dir='ltr'><strong>inde</strong></span> <span class='ocrx_word' id='word_1_765' title='bbox 3562 4129 3823 4184; x_wconf 85' lang='lat' dir='ltr'><strong>obstaculi</strong></span> 
     </span>
    </p>
   </div>
   <div class='ocr_carea' id='block_1_102' title="bbox 2249 4215 3824 4285">
    <p class='ocr_par' dir='ltr' id='par_1_102' title="bbox 2249 4215 3824 4285">
     <span class='ocr_line' id='line_1_102' title="bbox 2249 4215 3824 4285; baseline 0 -14"><span class='ocrx_word' id='word_1_766' title='bbox 2249 4222 2387 4271; x_wconf 71' lang='lat' dir='ltr'><strong>esas.</strong></span> <span class='ocrx_word' id='word_1_767' title='bbox 2423 4215 2574 4269; x_wconf 91' lang='lat' dir='ltr'><strong>Sicut</strong></span> <span class='ocrx_word' id='word_1_768' title='bbox 2605 4215 2763 4285; x_wconf 87' lang='lat' dir='ltr'><strong>igitur</strong></span> <span class='ocrx_word' id='word_1_769' title='bbox 2793 4216 3076 4285; x_wconf 86' lang='lat' dir='ltr'><strong>negligenti</strong></span> <span class='ocrx_word' id='word_1_770' title='bbox 3105 4231 3168 4270; x_wconf 89' lang='lat' dir='ltr'><strong>ac</strong></span> <span class='ocrx_word' id='word_1_771' title='bbox 3203 4217 3394 4285; x_wconf 87' lang='lat' dir='ltr'><strong>supino</strong></span> <span class='ocrx_word' id='word_1_772' title='bbox 3439 4218 3571 4271; x_wconf 90' lang='lat' dir='ltr'><strong>nihil</strong></span> <span class='ocrx_word' id='word_1_773' title='bbox 3610 4216 3824 4285; x_wconf 87' lang='lat' dir='ltr'><strong>prodest</strong></span> 
     </span>
    </p>
   </div>
   <div class='ocr_carea' id='block_1_103' title="bbox 2249 4288 3823 4374">
    <p class='ocr_par' dir='ltr' id='par_1_103' title="bbox 2249 4288 3823 4374">
     <span class='ocr_line' id='line_1_103' title="bbox 2249 4288 3823 4374; baseline 0.002 -15"><span class='ocrx_word' id='word_1_774' title='bbox 2249 4304 2478 4360; x_wconf 89' lang='lat' dir='ltr'><strong>solitudo</strong></span> <span class='ocrx_word' id='word_1_775' title='bbox 2501 4324 2512 4358; x_wconf 91' lang='lat'><strong>:</strong></span> <span class='ocrx_word' id='word_1_776' title='bbox 2538 4318 2709 4372; x_wconf 85' lang='lat' dir='ltr'><strong>neque</strong></span> <span class='ocrx_word' id='word_1_777' title='bbox 2732 4305 2874 4359; x_wconf 89' lang='lat' dir='ltr'><strong>enim</strong></span> <span class='ocrx_word' id='word_1_778' title='bbox 2898 4306 3045 4360; x_wconf 92' lang='lat' dir='ltr'><strong>locus</strong></span> <span class='ocrx_word' id='word_1_779' title='bbox 3073 4321 3168 4360; x_wconf 89' lang='lat' dir='ltr'><strong>nos</strong></span> <span class='ocrx_word' id='word_1_780' title='bbox 3189 4288 3390 4361; x_wconf 80' lang='lat' dir='ltr'><strong>virtute</strong></span> <span class='ocrx_word' id='word_1_781' title='bbox 3403 4306 3530 4360; x_wconf 88' lang='lat' dir='ltr'><strong>facit</strong></span> <span class='ocrx_word' id='word_1_782' title='bbox 3548 4307 3823 4374; x_wconf 69' lang='lat' dir='ltr'><strong>praeditos,</strong></span> 
     </span>
    </p>
   </div>
   <div class='ocr_carea' id='block_1_104' title="bbox 2254 4396 3822 4467">
    <p class='ocr_par' dir='ltr' id='par_1_104' title="bbox 2254 4396 3822 4467">
     <span class='ocr_line' id='line_1_104' title="bbox 2254 4396 3822 4467; baseline 0.001 -16"><span class='ocrx_word' id='word_1_783' title='bbox 2254 4396 2347 4451; x_wconf 84' lang='lat' dir='ltr'><strong>sed</strong></span> <span class='ocrx_word' id='word_1_784' title='bbox 2379 4410 2530 4450; x_wconf 90' lang='lat' dir='ltr'><strong>mens</strong></span> <span class='ocrx_word' id='word_1_785' title='bbox 2560 4407 2613 4450; x_wconf 90' lang='lat' dir='ltr'><strong>et</strong></span> <span class='ocrx_word' id='word_1_786' title='bbox 2653 4409 2832 4451; x_wconf 86' lang='lat' dir='ltr'><strong>mores</strong></span> <span class='ocrx_word' id='word_1_787' title='bbox 2863 4415 2876 4449; x_wconf 88' lang='lat'><strong>:</strong></span> <span class='ocrx_word' id='word_1_788' title='bbox 2920 4397 2989 4450; x_wconf 89' lang='lat' dir='ltr'><strong>ita</strong></span> <span class='ocrx_word' id='word_1_789' title='bbox 3023 4407 3075 4450; x_wconf 89' lang='lat' dir='ltr'><strong>et</strong></span> <span class='ocrx_word' id='word_1_790' title='bbox 3099 4399 3334 4466; x_wconf 87' lang='lat' dir='ltr'><strong>prudens</strong></span> <span class='ocrx_word' id='word_1_791' title='bbox 3361 4406 3522 4465; x_wconf 89' lang='lat' dir='ltr'><strong>atque</strong></span> <span class='ocrx_word' id='word_1_792' title='bbox 3552 4399 3678 4467; x_wconf 86' lang='lat' dir='ltr'><strong>vigil</strong></span> <span class='ocrx_word' id='word_1_793' title='bbox 3718 4413 3822 4452; x_wconf 91' lang='lat' dir='ltr'><strong>non</strong></span> 
     </span>
    </p>
   </div>
   <div class='ocr_carea' id='block_1_105' title="bbox 2254 4485 3819 4557">
    <p class='ocr_par' dir='ltr' id='par_1_105' title="bbox 2254 4485 3819 4557">
     <span class='ocr_line' id='line_1_105' title="bbox 2254 4485 3819 4557; baseline 0.002 -16"><span class='ocrx_word' id='word_1_794' title='bbox 2254 4485 2556 4550; x_wconf 73' lang='lat' dir='ltr'><strong>ohenditur,</strong></span> <span class='ocrx_word' id='word_1_795' title='bbox 2589 4487 2752 4540; x_wconf 89' lang='lat' dir='ltr'><strong>etiam</strong></span> <span class='ocrx_word' id='word_1_796' title='bbox 2778 4488 2831 4540; x_wconf 92' lang='lat' dir='ltr'><strong>in</strong></span> <span class='ocrx_word' id='word_1_797' title='bbox 2862 4487 3031 4542; x_wconf 89' lang='lat' dir='ltr'><strong>media</strong></span> <span class='ocrx_word' id='word_1_798' title='bbox 3063 4488 3278 4542; x_wconf 88' lang='lat' dir='ltr'><strong>civitate</strong></span> <span class='ocrx_word' id='word_1_799' title='bbox 3307 4487 3524 4557; x_wconf 88' lang='lat' dir='ltr'><strong>degens.</strong></span> <span class='ocrx_word' id='word_1_800' title='bbox 3561 4487 3819 4554; x_wconf 80' lang='lat' dir='ltr'><strong>Quocirca</strong></span> 
     </span>
    </p>
   </div>
   <div class='ocr_carea' id='block_1_106' title="bbox 2251 4574 3825 4646">
    <p class='ocr_par' dir='ltr' id='par_1_106' title="bbox 2251 4574 3825 4646">
     <span class='ocr_line' id='line_1_106' title="bbox 2251 4574 3825 4646; baseline 0.003 -18"><span class='ocrx_word' id='word_1_801' title='bbox 2251 4575 2463 4638; x_wconf 87' lang='lat' dir='ltr'><strong>vellem,</strong></span> <span class='ocrx_word' id='word_1_802' title='bbox 2484 4575 2624 4629; x_wconf 91' lang='lat' dir='ltr'><strong>sicut</strong></span> <span class='ocrx_word' id='word_1_803' title='bbox 2649 4574 2862 4629; x_wconf 89' lang='lat' dir='ltr'><strong>beatum</strong></span> <span class='ocrx_word' id='word_1_804' title='bbox 2886 4575 3053 4640; x_wconf 89' lang='lat' dir='ltr'><strong>illum,</strong></span> <span class='ocrx_word' id='word_1_805' title='bbox 3075 4578 3274 4632; x_wconf 88' lang='lat' dir='ltr'><strong>virtute</strong></span> <span class='ocrx_word' id='word_1_806' title='bbox 3297 4587 3614 4646; x_wconf 67' lang='lat' dir='ltr'><strong>prmstantes</strong></span> <span class='ocrx_word' id='word_1_807' title='bbox 3638 4579 3690 4632; x_wconf 89' lang='lat' dir='ltr'><strong>in</strong></span> <span class='ocrx_word' id='word_1_808' title='bbox 3715 4593 3825 4632; x_wconf 85' lang='lat' dir='ltr'><strong>me-</strong></span> 
     </span>
    </p>
   </div>
   <div class='ocr_carea' id='block_1_107' title="bbox 2250 4666 3825 4738">
    <p class='ocr_par' dir='ltr' id='par_1_107' title="bbox 2250 4666 3825 4738">
     <span class='ocr_line' id='line_1_107' title="bbox 2250 4666 3825 4738; baseline 0.004 -19"><span class='ocrx_word' id='word_1_809' title='bbox 2250 4666 2355 4722; x_wconf 88' lang='lat' dir='ltr'><strong>diis</strong></span> <span class='ocrx_word' id='word_1_810' title='bbox 2384 4667 2692 4722; x_wconf 85' lang='lat' dir='ltr'><strong>civitatibus</strong></span> <span class='ocrx_word' id='word_1_811' title='bbox 2717 4682 2868 4731; x_wconf 89' lang='lat' dir='ltr'><strong>esse,</strong></span> <span class='ocrx_word' id='word_1_812' title='bbox 2897 4676 2957 4723; x_wconf 92' lang='lat' dir='ltr'><strong>ut</strong></span> <span class='ocrx_word' id='word_1_813' title='bbox 2987 4670 3138 4738; x_wconf 86' lang='lat' dir='ltr'><strong>quasi</strong></span> <span class='ocrx_word' id='word_1_814' title='bbox 3175 4669 3495 4725; x_wconf 89' lang='lat' dir='ltr'><strong>fermentum</strong></span> <span class='ocrx_word' id='word_1_815' title='bbox 3523 4670 3647 4724; x_wconf 89' lang='lat' dir='ltr'><strong>facti</strong></span> <span class='ocrx_word' id='word_1_816' title='bbox 3681 4670 3825 4732; x_wconf 88' lang='lat' dir='ltr'><strong>aliis,</strong></span> 
     </span>
    </p>
   </div>
   <div class='ocr_carea' id='block_1_108' title="bbox 2246 4756 3821 4828">
    <p class='ocr_par' dir='ltr' id='par_1_108' title="bbox 2246 4756 3821 4828">
     <span class='ocr_line' id='line_1_108' title="bbox 2246 4756 3821 4828; baseline 0.001 -17"><span class='ocrx_word' id='word_1_817' title='bbox 2246 4756 2442 4812; x_wconf 85' lang='lat' dir='ltr'><strong>multos</strong></span> <span class='ocrx_word' id='word_1_818' title='bbox 2485 4760 2552 4812; x_wconf 87' lang='lat' dir='ltr'><strong>ad</strong></span> <span class='ocrx_word' id='word_1_819' title='bbox 2592 4758 2671 4814; x_wconf 89' lang='lat' dir='ltr'><strong>sui</strong></span> <span class='ocrx_word' id='word_1_820' title='bbox 2726 4759 3083 4814; x_wconf 85' lang='lat' dir='ltr'><strong>imitationem</strong></span> <span class='ocrx_word' id='word_1_821' title='bbox 3113 4761 3411 4816; x_wconf 85' lang='lat' dir='ltr'><strong>traherent.</strong></span> <span class='ocrx_word' id='word_1_822' title='bbox 3453 4763 3651 4816; x_wconf 72' lang='lat' dir='ltr'><strong>Verum</strong></span> <span class='ocrx_word' id='word_1_823' title='bbox 3697 4762 3821 4828; x_wconf 86' lang='lat' dir='ltr'><strong>quia</strong></span> 
     </span>
    </p>
   </div>
   <div class='ocr_carea' id='block_1_109' title="bbox 2247 4848 3822 4917">
    <p class='ocr_par' dir='ltr' id='par_1_109' title="bbox 2247 4848 3822 4917">
     <span class='ocr_line' id='line_1_109' title="bbox 2247 4848 3822 4917; baseline 0.001 -13"><span class='ocrx_word' id='word_1_824' title='bbox 2247 4849 2349 4904; x_wconf 83' lang='lat' dir='ltr'><strong>hoc</strong></span> <span class='ocrx_word' id='word_1_825' title='bbox 2373 4848 2583 4904; x_wconf 77' lang='lat' dir='ltr'><strong>difcile</strong></span> <span class='ocrx_word' id='word_1_826' title='bbox 2632 4851 2841 4905; x_wconf 85' lang='lat' dir='ltr'><strong>videtur</strong></span> <span class='ocrx_word' id='word_1_827' title='bbox 2870 4867 3012 4917; x_wconf 86' lang='lat' dir='ltr'><strong>esse,</strong></span> <span class='ocrx_word' id='word_1_828' title='bbox 3054 4854 3243 4906; x_wconf 88' lang='lat' dir='ltr'><strong>saltem</strong></span> <span class='ocrx_word' id='word_1_829' title='bbox 3287 4853 3413 4908; x_wconf 91' lang='lat' dir='ltr'><strong>illud</strong></span> <span class='ocrx_word' id='word_1_830' title='bbox 3444 4855 3672 4908; x_wconf 87' lang='lat' dir='ltr'><strong>alterum</strong></span> <span class='ocrx_word' id='word_1_831' title='bbox 3712 4853 3822 4907; x_wconf 82' lang='lat' dir='ltr'><strong>flat.</strong></span> 
     </span>
    </p>
   </div>
   <div class='ocr_carea' id='block_1_110' title="bbox 2245 4942 3820 5014">
    <p class='ocr_par' dir='ltr' id='par_1_110' title="bbox 2245 4942 3820 5014">
     <span class='ocr_line' id='line_1_110' title="bbox 2245 4942 3820 5014; baseline 0.001 -17"><span class='ocrx_word' id='word_1_832' title='bbox 2245 4942 2454 4997; x_wconf 80' lang='lat' dir='ltr'><strong>Transit</strong></span> <span class='ocrx_word' id='word_1_833' title='bbox 2494 4945 2628 4996; x_wconf 76' lang='lat' dir='ltr'><strong>enim</strong></span> <span class='ocrx_word' id='word_1_834' title='bbox 2673 4944 2844 5012; x_wconf 77' lang='lat' dir='ltr'><strong>gura</strong></span> <span class='ocrx_word' id='word_1_835' title='bbox 2893 4946 3076 4997; x_wconf 73' lang='lat' dir='ltr'><strong>mundi</strong></span> <span class='ocrx_word' id='word_1_836' title='bbox 3116 4946 3273 5014; x_wconf 78' lang='lat' dir='ltr'><strong>ltusz</strong></span> <span class='ocrx_word' id='word_1_837' title='bbox 3303 4946 3355 5010; x_wconf 87' lang='grc'><strong>(1</strong></span> <span class='ocrx_word' id='word_1_838' title='bbox 3389 4945 3513 5000; x_wconf 85' lang='lat' dir='ltr'><strong>Cor.</strong></span> <span class='ocrx_word' id='word_1_839' title='bbox 3541 4948 3595 5000; x_wconf 90' lang='lat'><strong>7.</strong></span> <span class='ocrx_word' id='word_1_840' title='bbox 3626 4945 3740 5014; x_wconf 77' lang='lat' dir='ltr'><strong>5i),</strong></span> <span class='ocrx_word' id='word_1_841' title='bbox 3770 4954 3820 4998; x_wconf 89' lang='lat' dir='ltr'><strong>et</strong></span> 
     </span>
    </p>
   </div>
   <div class='ocr_carea' id='block_1_111' title="bbox 2245 5035 3819 5102">
    <p class='ocr_par' dir='ltr' id='par_1_111' title="bbox 2245 5035 3819 5102">
     <span class='ocr_line' id='line_1_111' title="bbox 2245 5035 3819 5102; baseline 0.001 -12"><span class='ocrx_word' id='word_1_842' title='bbox 2245 5035 2422 5090; x_wconf 89' lang='lat' dir='ltr'><strong>brevis</strong></span> <span class='ocrx_word' id='word_1_843' title='bbox 2464 5044 2550 5088; x_wconf 90' lang='lat' dir='ltr'><strong>est</strong></span> <span class='ocrx_word' id='word_1_844' title='bbox 2586 5035 2695 5088; x_wconf 88' lang='lat' dir='ltr'><strong>vita</strong></span> <span class='ocrx_word' id='word_1_845' title='bbox 2733 5049 2969 5102; x_wconf 84' lang='lat' dir='ltr'><strong>praesens</strong></span> <span class='ocrx_word' id='word_1_846' title='bbox 3007 5051 3020 5088; x_wconf 92' lang='lat'><strong>:</strong></span> <span class='ocrx_word' id='word_1_847' title='bbox 3052 5045 3105 5090; x_wconf 89' lang='lat' dir='ltr'><strong>et</strong></span> <span class='ocrx_word' id='word_1_848' title='bbox 3145 5037 3244 5091; x_wconf 90' lang='lat' dir='ltr'><strong>nisi</strong></span> <span class='ocrx_word' id='word_1_849' title='bbox 3278 5053 3436 5098; x_wconf 88' lang='lat' dir='ltr'><strong>nunc,</strong></span> <span class='ocrx_word' id='word_1_850' title='bbox 3477 5053 3601 5092; x_wconf 88' lang='lat' dir='ltr'><strong>eum</strong></span> <span class='ocrx_word' id='word_1_851' title='bbox 3645 5038 3819 5092; x_wconf 80' lang='lat' dir='ltr'><strong>adhuc</strong></span> 
     </span>
    </p>
   </div>
   <div class='ocr_carea' id='block_1_112' title="bbox 2243 5126 3819 5200">
    <p class='ocr_par' dir='ltr' id='par_1_112' title="bbox 2243 5126 3819 5200">
     <span class='ocr_line' id='line_1_112' title="bbox 2243 5126 3819 5200; baseline 0.001 -19"><span class='ocrx_word' id='word_1_852' title='bbox 2243 5128 2294 5181; x_wconf 91' lang='lat' dir='ltr'><strong>in</strong></span> <span class='ocrx_word' id='word_1_853' title='bbox 2321 5127 2494 5181; x_wconf 86' lang='lat' dir='ltr'><strong>stadio</strong></span> <span class='ocrx_word' id='word_1_854' title='bbox 2509 5142 2715 5193; x_wconf 85' lang='lat' dir='ltr'><strong>sumus,</strong></span> <span class='ocrx_word' id='word_1_855' title='bbox 2741 5126 2950 5181; x_wconf 88' lang='lat' dir='ltr'><strong>labores</strong></span> <span class='ocrx_word' id='word_1_856' title='bbox 2974 5130 3237 5183; x_wconf 84' lang='lat' dir='ltr'><strong>virtutum</strong></span> <span class='ocrx_word' id='word_1_857' title='bbox 3259 5131 3652 5200; x_wconf 83' lang='lat' dir='ltr'><strong>aggrediamur,</strong></span> <span class='ocrx_word' id='word_1_858' title='bbox 3668 5138 3722 5184; x_wconf 89' lang='lat' dir='ltr'><strong>et</strong></span> <span class='ocrx_word' id='word_1_859' title='bbox 3744 5129 3819 5183; x_wconf 64' lang='lat' dir='ltr'><strong>la.</strong></span> 
     </span>
    </p>
   </div>
   <div class='ocr_carea' id='block_1_113' title="bbox 2242 5216 3819 5288">
    <p class='ocr_par' dir='ltr' id='par_1_113' title="bbox 2242 5216 3819 5288">
     <span class='ocr_line' id='line_1_113' title="bbox 2242 5216 3819 5288; baseline 0.003 -18"><span class='ocrx_word' id='word_1_860' title='bbox 2242 5233 2410 5286; x_wconf 88' lang='lat' dir='ltr'><strong>queos</strong></span> <span class='ocrx_word' id='word_1_861' title='bbox 2450 5216 2665 5271; x_wconf 68' lang='lat' dir='ltr'><strong>malitiae</strong></span> <span class='ocrx_word' id='word_1_862' title='bbox 2689 5216 3025 5288; x_wconf 84' lang='lat' dir='ltr'><strong>efl&#39;ugiamus,</strong></span> <span class='ocrx_word' id='word_1_863' title='bbox 3054 5228 3240 5288; x_wconf 88' lang='lat' dir='ltr'><strong>postea</strong></span> <span class='ocrx_word' id='word_1_864' title='bbox 3275 5220 3328 5274; x_wconf 89' lang='lat' dir='ltr'><strong>in</strong></span> <span class='ocrx_word' id='word_1_865' title='bbox 3357 5235 3558 5274; x_wconf 85' lang='lat' dir='ltr'><strong>vanum</strong></span> <span class='ocrx_word' id='word_1_866' title='bbox 3582 5229 3819 5275; x_wconf 83' lang='lat' dir='ltr'><strong>nosmet-</strong></span> 
     </span>
    </p>
   </div>
   <div class='ocr_carea' id='block_1_114' title="bbox 2243 5307 3816 5380">
    <p class='ocr_par' dir='ltr' id='par_1_114' title="bbox 2243 5307 3816 5380">
     <span class='ocr_line' id='line_1_114' title="bbox 2243 5307 3816 5380; baseline 0.004 -19"><span class='ocrx_word' id='word_1_867' title='bbox 2243 5307 2384 5376; x_wconf 83' lang='lat' dir='ltr'><strong>ipsos</strong></span> <span class='ocrx_word' id='word_1_868' title='bbox 2415 5308 2865 5374; x_wconf 84' lang='lat' dir='ltr'><strong>reprehendemus</strong></span> <span class='ocrx_word' id='word_1_869' title='bbox 2885 5351 2899 5373; x_wconf 95' lang='lat'><strong>,</strong></span> <span class='ocrx_word' id='word_1_870' title='bbox 2928 5312 3141 5378; x_wconf 87' lang='lat' dir='ltr'><strong>quando</strong></span> <span class='ocrx_word' id='word_1_871' title='bbox 3185 5310 3328 5365; x_wconf 89' lang='lat' dir='ltr'><strong>nulla</strong></span> <span class='ocrx_word' id='word_1_872' title='bbox 3353 5312 3458 5365; x_wconf 90' lang='lat' dir='ltr'><strong>erit</strong></span> <span class='ocrx_word' id='word_1_873' title='bbox 3483 5311 3816 5380; x_wconf 61' lang='lat' dir='ltr'><strong>poenitentia</strong></span> 
     </span>
    </p>
   </div>
   <div class='ocr_carea' id='block_1_115' title="bbox 2246 5397 3817 5469">
    <p class='ocr_par' dir='ltr' id='par_1_115' title="bbox 2246 5397 3817 5469">
     <span class='ocr_line' id='line_1_115' title="bbox 2246 5397 3817 5469; baseline 0.003 -18"><span class='ocrx_word' id='word_1_874' title='bbox 2246 5398 2473 5452; x_wconf 84' lang='lat' dir='ltr'><strong>utilitas.</strong></span> <span class='ocrx_word' id='word_1_875' title='bbox 2515 5397 2646 5451; x_wconf 81' lang='lat' dir='ltr'><strong>Nam</strong></span> <span class='ocrx_word' id='word_1_876' title='bbox 2664 5401 2896 5467; x_wconf 82' lang='lat' dir='ltr'><strong>quamliu</strong></span> <span class='ocrx_word' id='word_1_877' title='bbox 2923 5401 2974 5453; x_wconf 91' lang='lat' dir='ltr'><strong>in</strong></span> <span class='ocrx_word' id='word_1_878' title='bbox 3000 5401 3248 5469; x_wconf 59' lang='lat' dir='ltr'><strong>praesenti</strong></span> <span class='ocrx_word' id='word_1_879' title='bbox 3264 5402 3370 5454; x_wconf 90' lang='lat' dir='ltr'><strong>vita</strong></span> <span class='ocrx_word' id='word_1_880' title='bbox 3394 5400 3671 5463; x_wconf 74' lang='lat' dir='ltr'><strong>fuerimus,</strong></span> <span class='ocrx_word' id='word_1_881' title='bbox 3691 5415 3817 5469; x_wconf 80' lang='lat' dir='ltr'><strong>pos-</strong></span> 
     </span>
    </p>
   </div>
   <div class='ocr_carea' id='block_1_116' title="bbox 2240 5489 3816 5561">
    <p class='ocr_par' dir='ltr' id='par_1_116' title="bbox 2240 5489 3816 5561">
     <span class='ocr_line' id='line_1_116' title="bbox 2240 5489 3816 5561; baseline 0.003 -18"><span class='ocrx_word' id='word_1_882' title='bbox 2240 5500 2365 5543; x_wconf 88' lang='lat' dir='ltr'><strong>sunt</strong></span> <span class='ocrx_word' id='word_1_883' title='bbox 2408 5489 2529 5542; x_wconf 87' lang='lat' dir='ltr'><strong>inde</strong></span> <span class='ocrx_word' id='word_1_884' title='bbox 2580 5490 2898 5557; x_wconf 77' lang='lat' dir='ltr'><strong>pamitentes</strong></span> <span class='ocrx_word' id='word_1_885' title='bbox 2949 5490 3156 5546; x_wconf 93' lang='lat' dir='ltr'><strong>lucrum</strong></span> <span class='ocrx_word' id='word_1_886' title='bbox 3205 5494 3470 5561; x_wconf 83' lang='lat' dir='ltr'><strong>accipere,</strong></span> <span class='ocrx_word' id='word_1_887' title='bbox 3514 5501 3569 5546; x_wconf 90' lang='lat' dir='ltr'><strong>et</strong></span> <span class='ocrx_word' id='word_1_888' title='bbox 3617 5490 3816 5548; x_wconf 80' lang='lat' dir='ltr'><strong>ablutls</strong></span> 
     </span>
    </p>
   </div>
   <div class='ocr_carea' id='block_1_117' title="bbox 2242 5581 3810 5653">
    <p class='ocr_par' dir='ltr' id='par_1_117' title="bbox 2242 5581 3810 5653">
     <span class='ocr_line' id='line_1_117' title="bbox 2242 5581 3810 5653; baseline 0.004 -24"><span class='ocrx_word' id='word_1_889' title='bbox 2242 5581 2509 5647; x_wconf 88' lang='lat' dir='ltr'><strong>prioribus</strong></span> <span class='ocrx_word' id='word_1_890' title='bbox 2554 5583 2786 5647; x_wconf 86' lang='lat' dir='ltr'><strong>peccatis</strong></span> <span class='ocrx_word' id='word_1_891' title='bbox 2828 5582 3252 5638; x_wconf 84' lang='lat' dir='ltr'><strong>misericordiam</strong></span> <span class='ocrx_word' id='word_1_892' title='bbox 3299 5582 3508 5637; x_wconf 88' lang='lat' dir='ltr'><strong>Domini</strong></span> <span class='ocrx_word' id='word_1_893' title='bbox 3547 5583 3761 5653; x_wconf 79' lang='lat' dir='ltr'><strong>assequi</strong></span> <span class='ocrx_word' id='word_1_894' title='bbox 3795 5599 3810 5636; x_wconf 91' lang='lat'><strong>:</strong></span> 
     </span>
    </p>
   </div>
   <div class='ocr_carea' id='block_1_118' title="bbox 2241 5672 3815 5744">
    <p class='ocr_par' dir='ltr' id='par_1_118' title="bbox 2241 5672 3815 5744">
     <span class='ocr_line' id='line_1_118' title="bbox 2241 5672 3815 5744; baseline 0.004 -21"><span class='ocrx_word' id='word_1_895' title='bbox 2241 5673 2380 5740; x_wconf 88' lang='lat' dir='ltr'><strong>quod</strong></span> <span class='ocrx_word' id='word_1_896' title='bbox 2423 5672 2466 5726; x_wconf 93' lang='lat' dir='ltr'><strong>si</strong></span> <span class='ocrx_word' id='word_1_897' title='bbox 2506 5672 2925 5740; x_wconf 65' lang='lat' dir='ltr'><strong>praeterieriuius</strong></span> <span class='ocrx_word' id='word_1_898' title='bbox 2963 5682 3171 5743; x_wconf 88' lang='lat' dir='ltr'><strong>tempus</strong></span> <span class='ocrx_word' id='word_1_899' title='bbox 3201 5689 3458 5744; x_wconf 65' lang='lat' dir='ltr'><strong>praesens,</strong></span> <span class='ocrx_word' id='word_1_900' title='bbox 3490 5684 3815 5744; x_wconf 81' lang='lat' dir='ltr'><strong>repentequo</strong></span> 
     </span>
    </p>
   </div>
   <div class='ocr_carea' id='block_1_119' title="bbox 2243 5763 3812 5841">
    <p class='ocr_par' dir='ltr' id='par_1_119' title="bbox 2243 5763 3812 5841">
     <span class='ocr_line' id='line_1_119' title="bbox 2243 5763 3812 5841; baseline 0.002 -20"><span class='ocrx_word' id='word_1_901' title='bbox 2243 5764 2448 5836; x_wconf 84' lang='lat' dir='ltr'><strong>abrepti</strong></span> <span class='ocrx_word' id='word_1_902' title='bbox 2471 5763 2765 5820; x_wconf 87' lang='lat' dir='ltr'><strong>fuerimus:</strong></span> <span class='ocrx_word' id='word_1_903' title='bbox 2794 5766 3113 5838; x_wconf 72' lang='lat' dir='ltr'><strong>pmnitentia</strong></span> <span class='ocrx_word' id='word_1_904' title='bbox 3137 5767 3353 5841; x_wconf 77' lang='lat' dir='ltr'><strong>quidem</strong></span> <span class='ocrx_word' id='word_1_905' title='bbox 3383 5776 3509 5824; x_wconf 89' lang='lat' dir='ltr'><strong>tunc</strong></span> <span class='ocrx_word' id='word_1_906' title='bbox 3536 5767 3812 5835; x_wconf 78' lang='lat' dir='ltr'><strong>ducentur.</strong></span> 
     </span>
    </p>
   </div>
  </div>
