4144 6510
289 576 585 646 ζων,οῦτως
613 578 696 643 είς
715 577 815 649 τὴν
843 578 947 649 γῆν
961 575 1156 648 ἀφίησι
1182 575 1253 630 τά
1286 576 1599 649 σπέρματα.
1631 575 1738 632 Καὶ
1760 577 1824 631 σὺ
1848 574 1952 629 τοί-

293 681 395 727 νυν,
430 661 703 733 άγαπητὶ,
740 663 815 734 μὴ
836 661 971 734 πρὸς
1001 661 1093 714 τὸν
1125 660 1469 732 λαμϐάνοντα
1489 662 1592 734 δρα
1611 662 1790 730 μόνον,
1817 661 1954 733 μηδὲ

292 751 420 824 πρὸς
438 750 534 821 τὴν
556 749 802 820 δαπάνην
841 749 940 819 τὴν
969 748 1283 819 γινομένην,
1330 747 1448 802 ἀλλ’
1473 748 1643 804 ιννόει
1683 748 1768 802 ὅτι
1799 744 1951 812 οὗτος

292 839 385 910 μέν
413 839 558 892 ἔστιν
587 841 616 892 6
641 836 936 909 ὁρώμενος,
961 837 990 889 6
1031 835 1184 906 παρά
1213 834 1308 889 σοῦ
1331 835 1640 907 δεχόμενος,
1682 836 1869 908 ἱτερος
1895 835 1955 890 δὲ

291 927 320 979 6
342 926 405 979 τά
423 927 503 988 είς
533 925 738 978 ἐκεῖνον
791 923 1048 994 γινόμενα
1106 922 1495 995 οἰκειούμενος,
1541 925 1638 978 καὶ
1668 923 1767 994 οὐχ
1803 926 1832 977 ό
1861 941 1928 977 τυ

291 1013 414 1082 χὼν,
444 1011 555 1064 ἀλλ’
581 1013 613 1064 6
634 1009 742 1064 τῶν
765 1009 904 1065 ὅλων
930 1009 1225 1080 Δεσπότης,
1253 1012 1282 1064 6
1300 1009 1410 1063 τῶν
1441 1010 1698 1064 ἁπάντων
1726 1010 1952 1082 Κύριος,

290 1097 560 1168 όούρανοῦ
623 1098 716 1150 καὶ
762 1098 872 1168 γῆς
928 1099 1177 1168 ποιητής
1228 1097 1323 1150 καὶ
1366 1097 1516 1168 δτιὴ
1567 1097 1779 1169 δαπάνη
1812 1095 1952 1168 αὕτη

290 1183 539 1256 πρόσοδος
570 1184 800 1252 γίνεται,
841 1183 936 1237 καὶ
966 1184 1028 1237 οὐ
1085 1186 1246 1255 μόνον
1287 1184 1388 1238 οὐκ
1439 1183 1656 1239 ἐλαττοῖ
1712 1201 1808 1238 σου
1855 1184 1954 1257 τὴν

289 1270 486 1334 οὐσίαν,
507 1270 750 1325 ἀλλὰκαὶ
775 1269 1056 1337 πλεονάζει
1074 1271 1301 1342 μᾶλλον,
1331 1272 1428 1328 ἐάν
1445 1272 1510 1326 σὺ
1555 1272 1695 1343 μετά
1716 1272 1954 1337 πίστεως

285 1355 436 1412 τοῦτο
461 1358 672 1428 ἐργάζῃ
707 1359 805 1411 καὶ
849 1357 1039 1429 ίλαράς
1069 1359 1168 1430 τῆς
1222 1357 1549 1430 προθυμίας.
1589 1359 1747 1413 Είπω
1768 1359 1831 1413 :6
1858 1376 1951 1414 κε-

287 1441 505 1512 φάλαιον
531 1443 642 1496 τῶν
678 1442 919 1512 ἀγαθῶν*
961 1444 1100 1515 μετά
1130 1445 1228 1514 τῆς
1265 1445 1533 1515 προσόδου
1578 1445 1680 1518 τῆς
1709 1446 1820 1500 ἀπὸ
1855 1445 1954 1517 τῆς

286 1529 521 1599 δαπάνης
540 1529 745 1602 ταύτης
764 1531 1062 1604 γινομένης
1100 1532 1194 1585 καὶ
1223 1531 1641 1603 ἁμαρτημάτων
1671 1534 1956 1606 συγχωρή-

287 1615 416 1679 sub;
443 1633 523 1670 σοι
577 1618 837 1688 πρόξενος
886 1618 1116 1686 γίνεται,
1150 1613 1213 1674 06
1242 1619 1296 1671 τί
1331 1617 1400 1673 ἂν
1438 1619 1648 1688 γένοιτο
1685 1621 1831 1687 [σονς
1891 1620 1953 1673 El

285 1698 457 1753 τοίνυν
496 1699 823 1772 βουλοίμεθα
855 1701 1054 1756 εἰδέναι
1091 1703 1340 1759 πλουτεῖν
1375 1703 1468 1758 :66
1504 1703 1680 1776 ἀληθῆ
1701 1703 1952 1767 πλοῦτον,

284 1787 373 1840 καὶ
400 1789 537 1858 μετά
570 1788 667 1842 τοῦ
703 1787 936 1843 πλούτου
962 1790 1056 1842 καὶ
1088 1789 1196 1843 τῶν
1227 1790 1643 1863 ἁμαρτημάτων
1685 1791 1788 1861 τὴν
1826 1807 1957 1860 συγ-

286 1874 518 1946 χώρησιν
547 1876 830 1948 εὕρασθαι,
865 1877 1142 1947 ἐκχέωμεν
1170 1877 1242 1931 τά
1280 1878 1410 1933 ὄντα
1437 1880 1519 1944 είς
1560 1879 1662 1943 τὰς
1690 1879 1800 1934 τῶν
1836 1878 1955 1933 δεο-

286 1964 458 2032 μένων
489 1966 698 2036 χεῖρας,
738 1963 1257 2037 προαποστείλωμεν
1287 1965 1428 2021 αὐτὰ
1465 1968 1547 2031 είς
1588 1966 1680 2021 τὸν
1700 1967 1954 2040 οὐρανὸν,

287 2049 409 2103 ἔνθα
435 2051 561 2105 οὐδὲ
593 2051 855 2123 κλέπτης,
880 2052 1000 2106 οὐδὲ
1021 2051 1248 2124 λῃστὴς,
1277 2054 1341 2109 οὐ
1371 2055 1726 2127 τοιχωρύχος,
1746 2057 1848 2110 οὐκ
1878 2058 1959 2110 οί-

286 2136 439 2190 κέτου
465 2138 795 2209 κακουργία,
825 2137 925 2192 οὐκ
957 2137 1088 2193 άλλο
1110 2139 1263 2194 οὸδὶν
1295 2139 1638 2213 λυμήνασθαι
1667 2143 1958 2214 δυνήσεται

287 2224 372 2278 :66
394 2226 623 2282 πλοῦτον
648 2228 740 2282 τὸν
761 2229 1051 2299 ἡμέτερον.
1084 2228 1159 2283 Τὸ
1182 2229 1291 2301 γάρ
1320 2229 1521 2302 χωρίον
1557 2231 1736 2286 έκεῖνο
1774 2232 1958 2303 πάσης

292 2313 534 2386 τοιαύτης
562 2313 766 2386 βλάϐης
795 2313 1087 2386 ἀνώτερον.
1122 2316 1300 2370 Μόνον
1354 2319 1428 2388 μὴ
1464 2317 1601 2389 μετά
1651 2318 1959 2384 κενοδοξίας

285 2399 437 2456 τοῦτο
463 2401 732 2473 ποιῶμεν,
784 2402 920 2456 ἀλλά
952 2403 1097 2458 κατὰ
1136 2404 1264 2468 τούς
1289 2405 1381 2458 ὑπ’
1427 2404 1592 2460 αὐτοῦ
1641 2405 1961 2477 δεδομένους

286 2485 496 2558 νόμους,
522 2487 666 2542 ὥστε
696 2491 773 2560 μὴ
795 2488 888 2542 :66
926 2490 1076 2560 παρά
1113 2490 1222 2544 τῶν
1241 2491 1546 2562 ἀνθρώπων
1579 2491 1802 2547 ἔπαινον
1832 2511 1962 2565 καρ-

282 2573 590 2639 πώσασθαι,
625 2575 764 2630 ἀλλά
801 2575 890 2630 :66
907 2576 1058 2649 παρὰ
1080 2577 1174 2631 τοῦ
1207 2577 1386 2632 κοινοῦ
1417 2579 1634 2633 πάντων
1663 2581 1958 2645 Δεσπότου,

289 2659 370 2714 ῐνα
397 2661 470 2733 μὴ
491 2662 590 2714 καὶ
617 2663 716 2730 τὴν
735 2661 984 2733 δαπάνην
1008 2664 1414 2735 ὑπομείνωμεν,
1461 2665 1556 2717 καὶ
1593 2665 1689 2719 τοῦ
1734 2666 1960 2737 κέρδους

293 2748 778 2820 άποστερηθῶμεν.
809 2750 1022 2820 Ὠσπερ
1050 2750 1159 2822 γάρ
1213 2751 1418 2813 πάσαις
1465 2753 1588 2814 ταῖς
1626 2751 1815 2815 άλλαις
1841 2755 1963 2806 61::-

288 2833 497 2901 ϐουλαῖς
529 2836 804 2900 άνάλωτός
827 2838 977 2891 ἐστιν
1007 2839 1036 2891 ό
1069 2837 1300 2899 πλοῦτος
1331 2839 1360 2890 6
1397 2839 1515 2892 ἐκεῖ
1540 2840 1965 2910 μετατιθέμενος

287 2920 371 2976 διὰ
408 2923 509 2995 τῆς
539 2921 650 2977 τῶν
673 2927 921 2994 πενήτων
951 2925 1154 2996 χειρὸς,
1187 2924 1332 2978 οὕτω
1363 2925 1640 2998 κενοδοξία
1694 2927 1830 2997 μόνη
1867 2927 1963 2980 ἀν-

290 3008 585 3064 αλίσκεται·
621 3010 718 3062 καὶ
746 3011 885 3081 ὅπερ
918 3010 1068 3062 ἐστὶν
1098 3009 1330 3064 ἐνταῦθα
1363 3013 1392 3064 6
1426 3011 1525 3081 σὴς
1561 3012 1654 3064 καὶ
1681 3013 1711 3063 6
1745 3011 1964 3082 σκώληξ

291 3095 422 3165 1:96;
459 3097 558 3167 τὴν
589 3095 688 3165 τῆς
716 3095 943 3166 ἐσθῆτος
981 3096 1300 3168 διαφθορὰν,
1334 3097 1491 3150 τοῦτο
1521 3096 1794 3162 κενοδοξία
1818 3099 1965 3166 γίνε-

289 3198 373 3234 ται
393 3182 529 3253 πρὸς
553 3181 647 3236 :66
669 3183 779 3237 ἀπὸ
792 3186 891 3254 τῆς
912 3183 1034 3252 ἔλθη
1045 3185 1283 3254 μοσύνης
1303 3183 1692 3254 συλλεγόμενον
1714 3185 1963 3239 πλοῦτον.

287 3271 361 3322 Δι’
391 3269 440 3335 6,
479 3271 806 3343 παρακαλῶ,
853 3270 928 3341 μὴ
972 3271 1131 3340 μόνον
1168 3269 1410 3340 ποιῶμεν
1451 3273 1548 3340 τὴν
1572 3272 1963 3344 ἐλεημοσύνην,

291 3354 422 3410 ἀλλὰ
443 3357 538 3410 καὶ
570 3359 710 3428 μετά
751 3357 1052 3426 ἀσφαλείας
1086 3356 1292 3426 ταύτην
1324 3356 1706 3428 ἐργαζώμεθα,
1738 3359 1826 3411 ἵνα
1845 3362 1968 3414 ἀντὶ

294 3443 500 3515 μικρῶν
553 3443 767 3516 μεγάλα
820 3442 1252 3516 καρπωσώμεθα
1300 3443 1501 3511 ἀγαθά,
1551 3445 1648 3499 καὶ
1693 3446 1816 3499 ἀντὶ
1857 3446 1968 3500 τῶν

290 3530 568 3602 ἐπικήρων
605 3529 673 3584 τά
723 3530 997 3602 ἄφθαρτα,
1049 3529 1144 3584 καὶ
1183 3529 1307 3584 ἀντὶ
1368 3530 1478 3583 τῶν
1515 3530 1868 3602 προσκαίρων
1897 3532 1969 3588 τά

287 3619 502 3683 αἰώνια,
534 3618 630 3672 καὶ
658 3619 798 3690 μετὰ
815 3619 1023 3673 τούτων
1053 3619 1311 3673 ἁπάντων
1341 3618 1436 3672 καὶ
1460 3620 1558 3690 τῆς
1585 3619 1832 3690 ἀφέσεως
1861 3622 1970 3679 τῶν

291 3705 704 3778 ἁμαρτημάτων
760 3709 946 3776 τυχεῖν
974 3705 1314 3777 δυνηθῶμεν,
1364 3706 1595 3760 καὶτῶν
1639 3709 1970 3781 ἀπορρήτων

291 3791 513 3846 ἰκείνων
539 3793 781 3860 ἀγαθῶνο
805 3787 884 3848 ὧν
915 3793 1124 3863 γένοιτο
1144 3794 1350 3856 πάντας
1374 3796 1522 3864 ἡμᾶς
1553 3795 1852 3867 ἐπιτυχεῖν,
1883 3799 1973 3868 χάο

290 3895 397 3950 ριτι
426 3881 522 3934 καὶ
543 3880 924 3953 φιλανθρωπίᾳ
945 3880 1040 3934 τοῦ
1071 3881 1280 3950 Κυρίου
1309 3881 1466 3952 ἡμῶν
1500 3881 1676 3953 Ἰησοῦ
1709 3886 1968 3956 Χριστοῦ,

295 3966 411 4034 μεθ’
439 3962 501 4022 οὗ
555 3968 633 4038 τῷ
680 3968 858 4040 Πατρὶ
912 3971 942 4040 ἡ
995 3969 1121 4036 δόξα
1152 3969 1271 4039 ἅμα
1312 3970 1391 4040 τῷ
1438 3971 1577 4041 ἁγίῳ
1602 3971 1699 4026 καὶ
1723 3973 1972 4047 ζωοποιῷ

291 4052 592 4124 Πνεύματι,
625 4053 719 4109 νῦν
736 4056 828 4108 καὶ
847 4055 955 4123 ἀεὶ,
982 4055 1078 4110 καὶ
1107 4058 1188 4119 εἰς
1226 4059 1351 4121 τοὺς
1383 4056 1585 4121 αἰῶνας
1607 4057 1714 4111 τῶν
1739 4058 1968 4117 αίώνων.

301 4139 496 4213 ’Λμὴνο
1242 4206 1246 4208 ,

934 4214 1179 4268 ΟΜΙΛῘΔ
1205 4214 1342 4269 ΜΓ.

288 4291 512 4353 Ἦλθον
530 4298 600 4352 δὲ
618 4341 633 4367 ,
656 4317 730 4370 φη
738 4299 842 4366 σίν,
866 4302 920 4354 οί
940 4300 1050 4355 δύο
1067 4301 1307 4371 ἄγγελοι
1327 4304 1415 4370 είς
1433 4303 1670 4374 Σόδομα
1685 4305 1970 4374 ἑσπέρας.

357 4406 426 4454 α’.
471 4399 746 4472 Καθάπερ
764 4399 970 4472 λειμών
998 4419 1082 4465 τις
1110 4403 1342 4475 εὐανθὴς
1370 4404 1602 4478 διάφορα
1626 4407 1730 4460 καὶ
1757 4409 1976 4463 ποικίλα

287 4485 356 4539 τά
383 4486 524 4560 ἄνθη
558 4488 619 4541 ιν
644 4487 824 4556 ἐαυτῷ
855 4489 1149 4552 δείκνυσιν,
1182 4489 1357 4554 οὕτως
1385 4493 1420 4563 ή
1465 4491 1588 4548 θεία
1639 4495 1831 4567 Γραφὴ
1867 4497 1975 4550 τῶν

288 4571 515 4628 δικαίων
541 4573 644 4637 τάς
666 4573 867 4643 ἀρετάς
897 4577 1031 4645 ήμῖν
1058 4574 1350 4642 δείκνυσιν,
1366 4578 1463 4647 οὐχ
1484 4579 1573 4632 ἴνα
1601 4581 1855 4652 καθάπερ
1883 4582 1976 4636 ἐπὶ

287 4659 394 4712 τῶν
414 4660 598 4714 ἀνθῶν
617 4661 755 4732 1:96;
787 4661 961 4732 βραχὺ
995 4662 1155 4732 μόνον
1185 4664 1583 4736 ἀπολαύσωμεν
1609 4667 1704 4737 τῆς
1722 4669 1971 4735 εὐωδίας,

291 4745 404 4799 ἀλλ’
441 4748 535 4801 ῖνα
559 4748 786 4819 διηνεκῆ
818 4750 918 4820 τὴν
944 4751 1196 4805 ἐντεῦθεν
1229 4752 1497 4820 ὠφέλειαν
1525 4755 1971 4827 καρπωσώμεθα.

302 4833 452 4888 Ἐκεῖ
477 4835 580 4904 μὲν
613 4835 723 4907 γὰρ
759 4837 918 4907 μόνον
942 4837 1242 4909 ἐδεξάμεθα
1273 4843 1338 4911 τῇ
1372 4843 1514 4912 χειρὶ
1545 4841 1699 4915 [455]
1717 4844 1786 4897 τὰ
1815 4845 1974 4916 άνθη,

292 4923 384 4973 καί⁵
405 4925 525 4992 μετ’
545 4923 726 4991 ὀλίγον
751 4925 890 4980 αὐτὰ
913 4927 1257 4997 μαρανθέντα
1278 4930 1376 5000 τήν
1395 4929 1599 4982 οἰκείαν
1616 4930 1775 5002 χάριν
1797 4932 1977 5002 ἠμαύ-

292 5027 490 5080 ρωσεν·
521 5010 758 5065 ἐνταῦθα
780 5011 836 5066 δὲ
864 5015 962 5084 οὐχ
983 5014 1177 5079 οὕτως’
1197 5015 1311 5068 ἀλλ’
1339 5015 1558 5070 ἐπειδάν
1582 5015 1862 5088 δεξώμεθα
1888 5021 1978 5073 διὰ

294 5095 391 5166 τῆς
412 5098 586 5168 ἀκοῆς
608 5097 706 5162 τὰς
736 5099 936 5172 ἀρετὰς
965 5101 1071 5154 τῶν
1089 5101 1332 5167 δικαίων,
1357 5104 1450 5156 καὶ
1479 5105 1558 5166 είς
1590 5105 1714 5168 :06;
1744 5107 1978 5171 κόλπους

292 5187 391 5255 τῆς
426 5186 668 5249 διανοίας
689 5187 846 5257 ήμῶν
870 5188 1038 5253 αὐτὰς
1070 5188 1484 5259 ὲναποθώμεθα,
1522 5191 1608 5245 διὰ
1643 5195 1842 5258 παντὸς
1881 5194 1976 5248 τοῦ

294 5273 488 5341 χρόνου
549 5272 651 5342 τῆς
679 5273 884 5328 τούτων
919 5275 1147 5341 εὐωδίας
1194 5277 1486 5331 ἀπολαύειν
1533 5279 1829 5350 δυνάμεθα,
1885 5282 1978 5336 ἐὰν

296 5357 598 5432 ἐθέλωμεν.
619 5360 754 5432 Φέρε
770 5358 883 5428 οὖν,
913 5364 1097 5434 ἐπειδὴ
1125 5366 1348 5437 τοιαύτη
1370 5367 1479 5419 τῶν
1511 5368 1568 5420 ἐν
1593 5371 1658 5438 τῇ
1688 5368 1808 5439 θείᾳ
1842 5371 1979 5440 Γρα-

299 5451 372 5517 φῇ
424 5449 700 5518 κειμένων
749 5451 920 5518 άγίων
957 5455 990 5522 ή
1047 5453 1262 5517 εὐωδία,
1313 5456 1555 5526 σήμερον
1596 5456 1690 5509 τοῦ
1732 5456 1857 5510 Λὼτ
1879 5459 1978 5529 τὴν

301 5535 530 5590 εὐωδίαν
574 5538 1004 5609 καταμάθωμεν,
1046 5539 1132 5594 ἵνα
1177 5539 1398 5612 γνῶμεν
1426 5542 1694 5613 ἀκριϐῶς,
1719 5546 1866 5610 ὅπως
1900 5550 1982 5611 εἰς

299 5619 477 5691 ᾶκραν
505 5621 610 5693 τῆς
635 5625 958 5697 ἀρετῆςτὴν
973 5626 1220 5699 κορυφὴν
1247 5631 1280 5698 ὴ
1311 5629 1406 5681 τοῦ
1436 5631 1771 5702 πατριάρχου
1796 5650 1982 5688 συνου-

304 5709 505 5764 σίατδν
532 5710 744 5765 δίκαιον
790 5713 981 5768 τοῦτον
1009 5716 1277 5785 ἀνήγαγε,
1327 5717 1421 5770 καὶ
1465 5720 1585 5770 κατ’
1621 5720 1766 5789 ἴχνος
1817 5721 1981 5776 αὐτοῦ

301 5797 394 5848 καὶ
417 5798 586 5861 αὐτὸς
617 5800 716 5870 τὴν
738 5801 949 5856 οίκείαν
976 5803 1280 5874 φιλοξενίαν
1313 5806 1402 5860 διὰ
1437 5806 1544 5860 τῶν
1577 5805 1753 5879 ἔργων
1784 5808 1983 5862 ἐπιδεί-

303 5898 513 5940 κνυται.
579 5887 714 5940 Ἀλλ’
764 5889 852 5942 ἴνα
915 5893 1248 5965 σαφέστερος
1299 5897 1430 5964 ἡμῖν
1472 5894 1674 5964 όλόγος
1735 5898 1976 5967 γένηται,

301 5971 448 6054 ᾇξιον
504 5977 685 6030 αὐτων
731 5979 830 6048 τῆς
885 5980 1106 6050 Γραφῆς
1173 5982 1476 6036 ἐπακοῦσαι
1532 5986 1641 6036 τῶν
1698 5986 1974 6054 ῥημάτων.

303 6053 534 6117 Ἦλθον
568 6065 653 6133 δὲ,
688 6070 873 6137 φησὶν,
910 6071 963 6122 ol
1004 6071 1112 6122 δύο
1161 6071 1400 6141 ἄγγελοι
1425 6076 1511 6137 εἰς
1541 6073 1770 6140 Σόδομα
1805 6074 1950 6124 ἕλ’πέ

1397 461 1466 518 ΙΝ
1500 461 1659 521 CAP.
1691 459 1813 518 XIX
1849 455 2097 516 GENES.
2143 456 2383 514 "DMIL.
2427 455 2614 512 XLIII.

2047 588 2183 643 ρας.
2223 572 2384 636 Τίνος
2397 572 2585 626 ἕνεκεν
2609 569 2782 635 οὕτως
2814 569 3037 642 ήρξατο,
3071 565 3295 626 Ἦλθον
3319 569 3466 624 δὲόί
3491 571 3600 628 δύο
3628 572 3721 643 ἄν

2051 660 2214 728 τελοι
2243 657 2329 722 είς
2359 654 2594 724 Σόδομα
2627 653 2892 721 ἑσπέρας
2903 671 2924 719 ;
2960 653 3178 724 Ἐπειδὴ
3212 653 3349 721 μετά
3375 654 3439 708 :6
3475 653 3729 720 ἐπιξενων

2053 737 2211 808 θῆναι
2241 736 2322 808 τῷ
2357 736 2690 808 πατριάρχῃ.
2748 735 3157 799 ἐξαναστάντων
3210 735 3390 789 αὐτῶν
3431 736 3660 801 ἐκεῖθεν,
3704 737 3736 791 6

2055 819 2155 890 μὲν
2179 817 2434 890 κηδεμὼν
2457 819 2551 872 καὶ
2584 816 2968 889 φιλάνθρωπος
2999 818 3134 881 Θεὸς
3161 818 3262 888 τὴν
3293 817 3501 872 οἰκείαν
3531 817 3734 887 ἁγαθό-

2050 918 2190 972 τητα
2240 900 2596 972 μιμούμενος,
2641 901 2737 956 καὶ
2775 902 3014 973 σχήματι
3060 900 3350 972 ἀνθρώπου
3384 901 3506 955 τότε
3545 900 3737 971 ὀφθεὶς

2059 983 2333 1054 παρέμενε
2375 981 2456 1053 τῷ
2500 981 2814 1054 πατριάρχῃ
2845 983 3246 1054 διαλεγόμενος,
3300 983 3555 1055 καθάπερ
3606 983 3736 1053 χθὲς

2053 1066 2344 1135 ἠκούσατε*
2395 1063 2717 1136 βουλόμενος
2772 1064 3020 1128 ἅπαντας
3070 1067 3218 1136 ἡμᾶς
3269 1064 3476 1128 διδάξαι
3512 1062 3735 1130 καὶτῆς

2053 1147 2250 1204 ἑαυτοῦ
2292 1148 2677 1221 μακροθυμίας
2720 1150 2821 1221 τήν
2851 1148 3179 1221 ὑπερϐολὴν,
3215 1149 3310 1202 καὶ
3346 1147 3440 1201 τοῦ
3464 1146 3734 1218 πατριάρ-

2055 1249 2152 1302 χου
2179 1231 2242 1286 :6
2273 1229 2647 1301 φιλόστοργον,
2681 1231 2732 1284 οί
2764 1229 2823 1284 δὲ
2855 1230 3081 1301 άγγελοι
3113 1230 3382 1301 ὥρμησαν
3411 1229 3506 1283 ἐπὶ
3531 1228 3601 1281 τά
3637 1225 3733 1278 Σό-

2051 1313 2212 1387 δομα·
2247 1315 2347 1387 τὴν
2384 1315 2708 1370 ἀκολουθίαν
2731 1313 2932 1383 ἑαυτῆς
2979 1311 3310 1383 διατηροῦσα
3356 1311 3490 1381 ημῖν
3518 1310 3552 1379 ή
3613 1308 3735 1361 θεία

2051 1396 2246 1471 Γραφὴ
2277 1399 2372 1452 νῦν
2402 1416 2590 1472 φησιν·
2615 1395 2850 1453 *Ηλθον
2898 1395 2966 1449 δὲ
2998 1398 3052 1448 ol
3095 1394 3204 1449 δύο
3238 1394 3481 1463 ἄγγελοι
3508 1394 3596 1458 είς
3632 1390 3738 1444 26-

2051 1480 2206 1551 δομα
2252 1471 2536 1550 ἑσπέρας,
2586 1480 2648 1534 :6
2693 1478 2985 1549 ἐπιταχθὲν
3029 1475 3432 1548 πληρώσοντες.
3476 1473 3585 1528 Καὶ
3633 1471 3736 1543 δρα

2051 1563 2340 1635 ἀκρίϐειαν
2363 1563 2458 1617 καὶ
2490 1564 2880 1636 παρατήρησιν
2908 1562 3009 1632 τῆς
3041 1560 3194 1624 θείας
3220 1561 3464 1632 Γραφῆς.
3493 1555 3614 1620 πῶς
3642 1556 3739 1636 καὶ

2051 1634 2144 1699 :66
2171 1645 2362 1716 καιρὸν
2395 1647 2529 1716 ἡμῖν
2568 1634 2830 1716 ἐσήμανε,
2862 1643 2983 1698 καθ’
3017 1644 3077 1698 ὃν
3109 1641 3494 1714 παρεγένοντο·
3521 1634 3740 1692 Ἑσπέ-

2045 1743 2162 1796 ρας
2212 1728 2320 1800 γάρ
2351 1744 2502 1798 φησι.
2538 1725 2643 1782 Καὶ
2693 1727 2837 1792 τίνος
2885 1727 3070 1782 ἕνεκεν
3121 1725 3211 1781 :66
3241 1726 3433 1798 καιρὸν
3462 1723 3734 1794 ἑδήλωσε;

2053 1811 2149 1864 καὶ
2168 1810 2256 1864 διά
2270 1810 2323 1864 τί
2342 1810 2483 1864 κατὰ
2511 1811 2610 1882 τὴν
2633 1811 2874 1882 ἑσπέραν
2895 1811 3289 1881 παρεγένοντο;
3319 1809 3435 1862 Ἵνα
3473 1806 3572 1877 τὴν
3601 1804 3738 1859 πολ-

2051 1892 2151 1966 λὴν
2179 1895 2314 1964 ήμῖν
2351 1891 2605 1947 ἐπίτασιν
2623 1892 2774 1966 δείξῃ
2795 1895 2897 1963 τῆς
2925 1892 3022 1946 τοῦ
3052 1890 3178 1947 Λὼτ
3199 1889 3527 1962 φιλοξενίας.
3549 1885 3739 1941 Καθά-

2053 1990 2158 2046 περ
2183 1974 2292 2045 γὰρ
2314 1977 2344 2028 6
2375 1974 2722 2047 πατριάρχης
2744 1975 2889 2030 κατά
2924 1976 3016 2029 τὸν
3042 1974 3144 2045 τῆς
3172 1971 3522 2045 μεσημϐρίας
3544 1968 3739 2040 καιρὸν

2054 2057 2364 2130 καθήμενος
2410 2060 2670 2131 ἐπετήρει
2696 2060 2822 2124 τοὺς
2845 2060 3166 2132 παριόντας,
3196 2060 3291 2112 καὶ
3315 2057 3477 2128 ἔργον
3501 2054 3739 2109 ἐποιεῖτο

2053 2142 2153 2213 τὴν
2180 2143 2388 2196 τούτων
2410 2141 2604 2214 θήραν,
2647 2144 2743 2196 καὶ
2771 2144 3036 2215 ἐπέτρεχε
3081 2144 3179 2196 καὶ
3213 2140 3356 2212 μετά
3381 2137 3740 2211 περιχαρείας

2053 2228 2180 2291 τοὺς
2201 2225 2382 2290 όδίτας
2405 2226 2720 2297 ὑπεδέχετο·
2748 2226 2840 2280 τὸν
2861 2227 3024 2280 αὐτὸν
3042 2227 3106 2297 δὴ
3131 2226 3333 2296 τρόπον
3352 2223 3444 2277 καὶ
3467 2224 3497 2276 6
3532 2221 3740 2282 δίκαιος

2055 2301 2232 2376 οὗτος,
2258 2309 2447 2380 ἐπειδὴ
2481 2309 2598 2381 ᾔδει
2623 2310 2718 2380 τῆς
2760 2310 2961 2372 κακίας
3015 2308 3122 2362 τῶν
3157 2310 3215 2361 έν
3241 2307 3496 2376 Σοδόμοις
3524 2300 3742 2356 οίκούν-

2055 2409 2163 2447 των
2189 2392 2290 2464 τὴν
2315 2392 2601 2463 πονηρίαν,
2628 2392 2749 2446 οὐδὲ
2796 2393 2889 2446 :66
2939 2392 3038 2462 τῆς
3070 2390 3310 2465 ἑσπέρας
3349 2388 3539 2458 καιρὸν
3586 2402 3738 2456 παρ-

2057 2476 2356 2547 επέμπετο,
2378 2477 2513 2530 άλλά
2537 2477 2697 2548 μέχρι
2713 2475 2903 2529 τούτου
2923 2475 3222 2545 παρέμενε,
3249 2474 3431 2544 μήπου
3464 2469 3738 2541 θησαυρός

2055 2575 2141 2623 τις
2176 2559 2326 2629 αὐτῷ
2355 2560 2710 2633 παρεμπέσῃ,
2745 2560 2839 2612 καὶ
2867 2559 2958 2612 :66
2997 2557 3105 2611 ἀπὸ
3123 2558 3222 2628 τῆς
3251 2553 3554 2624 φιλοξενίας
3600 2566 3741 2622 καρ-

2058 2642 2158 2696 πὸν
2183 2641 2484 2713 δρέψασθαι
2542 2643 2743 2712 δυνηθῇ
2828 2639 3068 2709 Ἀληθῶς
3113 2639 3390 2709 θαυμάσαι
3428 2635 3545 2688 ἔστι
3600 2633 3742 2703 μετά

2061 2723 2264 2794 πολλῆς
2295 2725 2396 2794 τῆς
2433 2723 2740 2794 ὑπερϐολῆς
2786 2722 2882 2776 :06
2927 2723 3139 2776 δικαίου
3162 2720 3354 2774 τούτου
3387 2718 3489 2789 τὴν
3516 2715 3741 2787 ἀρετὴν,

2059 2801 2142 2858 ὃτι
2164 2807 2222 2858 ὲν
2253 2804 2407 2876 μέσῳ
2440 2804 2697 2859 τοιούτων
2742 2805 3078 2876 παρανόμων
3121 2801 3624 2872 ἀναστρεφόμενος,
3679 2797 3742 2850 οὐ

2063 2887 2224 2957 μόνον
2255 2888 2318 2941 οὐ
2357 2888 2546 2957 γέγονε
2581 2887 2975 2960 ῥαθυμότερος,
3015 2884 3150 2938 ἀλλά
3173 2885 3267 2938 καὶ
3302 2881 3484 2950 πολλῷ
3519 2881 3746 2934 πλείονα

2060 2970 2160 3038 τὴν
2207 2969 2410 3039 ἀρετὴν
2438 2970 2802 3022 ἐπεδείκνυτο.
2849 2971 2958 3022 Καὶ
2986 2969 3222 3032 πάντων,
3259 2966 3336 3029 ὼς
3374 2967 3571 3028 εἰπεῖν,
3600 2963 3748 3016 κατὰ

2063 3052 2326 3123 κρημνῶν
2371 3052 2711 3122 φερομένων,
2750 3047 2904 3112 οὗτος
2955 3051 3114 3120 μόνος
3162 3052 3220 3102 ὲν
3264 3047 3507 3117 τοσούτῳ
3553 3043 3753 3116 πλήθει

2062 3135 2162 3204 τὴν
2189 3132 2403 3187 εὐθεῖαν
2423 3134 2628 3187 ὥδευεν
2669 3133 2808 3188 ὀδόν.
2850 3132 2962 3187 Ποῦ
2995 3131 3089 3185 νῦν
3118 3132 3261 3184 είσιν
3292 3132 3341 3183 οί
3363 3129 3638 3197 λέγοντες,
3667 3129 3751 3181 ὅτι

2062 3218 2162 3286 οὐχ
2182 3212 2293 3270 οἷόν
2327 3234 2384 3270 τε
2413 3219 2470 3269 ὲν
2509 3216 2647 3288 μέσῃ
2705 3215 2857 3269 πόλει
2904 3213 3274 3285 στρεφόμενόν
3314 3227 3438 3265 τινα
3486 3208 3752 3263 διασῶσαι

2062 3297 2162 3370 τὴν
2191 3299 2414 3370 ἀρετὴν,
2446 3297 2562 3352 ἀλλ’
2580 3297 2980 3368 ἀναχωρήσεως
3007 3295 3108 3357 δεῖ,
3141 3295 3236 3346 καὶ
3263 3294 3362 3363 τῆς
3389 3293 3448 3344 ὲν
3465 3295 3578 3354 τοῖς
3598 3291 3755 3361 δρεσι

2065 3380 2369 3452 διατριϐῆς,
2404 3381 2499 3436 καὶ
2535 3380 2596 3433 οὐ
2651 3377 2878 3431 δυνατὸν
2931 3377 3024 3430 τὸν
3052 3375 3231 3438 οἰκίας
3262 3372 3606 3446 προεστῶτα,
3656 3371 3756 3426 καὶ

2066 3465 2305 3531 γυναῖκα
2340 3462 2553 3533 ἔχοντα,
2583 3461 2678 3515 καί⁵
2697 3459 2902 3514 παίδων
2935 3457 3364 3530 ἐπιμελούμενον
3382 3457 3476 3509 καὶ
3504 3455 3754 3520 οἰκετῶν.

2069 3547 2327 3617 ἐνάρετον
2366 3542 2539 3610 εἷναι;
2592 3544 2911 3616 Ὀράτωσαν
2943 3543 3122 3596 τοίνυν
3179 3543 3272 3595 τὸν
3320 3541 3529 3595 δίκαιον
3562 3539 3754 3594 τοῦτον

2073 3629 2214 3699 μετά
2241 3629 2502 3698 γυναικὸς
2531 3628 2628 3681 καὶ
2654 3626 2886 3682 παιδίων
2924 3627 3019 3681 καὶ
3062 3625 3312 3688 οἰκετῶν,
3356 3625 3452 3677 καὶ
3497 3627 3556 3677 ὲν
3601 3622 3754 3677 πόλει

2069 3712 2348 3780 διάγοντα,
2389 3713 2484 3766 καὶ
2545 3710 2748 3782 μεταξὺ
2780 3710 3052 3765 τοσούτων
3090 3709 3347 3780 πονηρῶν
3375 3709 3471 3762 καὶ
3512 3708 3755 3779 παρανό-

2073 3813 2192 3865 μων
2217 3794 2587 3867 διατρίϐοντα,
2632 3795 2725 3849 καὶ
2757 3792 3012 3863 καθάπερ
3054 3790 3332 3862 σπινθῆρά
3364 3806 3488 3844 τινα
3513 3791 3570 3843 ὲν
3601 3787 3754 3860 μέσῳ

2072 3878 2301 3947 πελάγει
2330 3878 2727 3949 διαλάμποντα,
2742 3878 2835 3932 καὶ
2853 3880 2916 3931 οὐ
2948 3878 3108 3948 μόνον
3127 3877 3188 3929 οὐ
3209 3876 3593 3947 σϐεννύμενον,
3619 3876 3760 3930 ἀλλὰ

2074 3965 2168 4018 καὶ
2198 3962 2579 4034 λαμπρότερον
2605 3963 2668 4015 :6
2698 3962 2814 4031 φῶς
2856 3961 3192 4015 δεικνύοντα.
3217 3962 3330 4016 Καὶ
3364 3963 3538 4015 ταῦτα
3589 3961 3754 4028 λέγω.

2071 4049 2133 4101 οὐ
2165 4045 2391 4101 κωλύων
2420 4043 2520 4116 τὴν
2550 4045 2901 4117 ἀναχώρησιν
2925 4047 3026 4115 τὴν
3058 4044 3212 4117 [456]
3241 4046 3351 4101 άπὸ
3380 4045 3492 4100 τῶν
3523 4044 3758 4109 πόλεων,

2074 4131 2171 4185 καὶ
2192 4130 2293 4201 τὴν
2331 4131 2391 4182 ἓν
2410 4131 2523 4192 τοῖς
2561 4127 2712 4199 ὄρεσι
2741 4129 2836 4181 καὶ
2864 4132 2983 4192 ταῖς
3020 4129 3276 4201 ἐρημίαις
3308 4128 3590 4202 διατριϐὴν
3611 4130 3756 4183 ἀπα·-

2075 4212 2339 4285 γορεύων,
2371 4211 2509 4265 άλλὰ
2555 4211 2769 4274 δεικνὺς
2817 4213 2900 4264 ὅτι
2962 4215 3035 4281 τῷ
3089 4211 3397 4282 βουλομένῳ
3439 4213 3633 4280 νήφειν
3662 4209 3759 4262 καὶ

2072 4295 2437 4368 ἐγρηγορέναι
2464 4294 2618 4348 οὐδὲν
2646 4294 2851 4347 τούτων
2877 4294 3108 4364 κώλυμα
3144 4295 3375 4364 γίνεται.
3401 4295 3613 4365 ’Ὥσπερ
3631 4287 3758 4346 οὖν·

2073 4381 2166 4433 τὸν
2193 4379 2436 4451 ῥᾴθυμον
2462 4379 2558 4432 καὶ
2576 4379 3010 4432 ἀναπεπτωκότα
3026 4377 3149 4431 οὐδὲ
3180 4379 3214 4448 ή
3235 4377 3441 4449 ἔρημος
3473 4375 3758 4446 ὠφελῆσαί

2074 4481 2124 4515 τι
2152 4463 2395 4516 δύναται·
2415 4461 2536 4515 οὐδὲ
2559 4461 2668 4530 γάρ
2689 4462 2718 4511 ὁ
2750 4460 2912 4523 τόπος
2953 4460 3101 4513 ἐστὶν
3129 4461 3157 4513 6
3195 4459 3292 4531 τὴν
3323 4460 3526 4530 ἀρετὴν
3556 4476 3730 4529 κατορ

2078 4545 2209 4610 θῶν,
2232 4544 2347 4597 ἀλλ’
2372 4542 2619 4614 ήγνώμη
2649 4544 2741 4596 καὶ
2783 4543 2811 4594 6
2839 4544 3062 4614 τρόπος*
3097 4542 3241 4596 οῦτω
3274 4543 3622 4612 τδννήφοντα
3665 4544 3762 4596 καὶ

2076 4627 2501 4698 διεγηγερμένον
2535 4624 2660 4678 οὐτε
2725 4626 2784 4677 :6
2847 4628 2904 4679 ὲν
2961 4628 3102 4701 μέσῃ
3147 4631 3212 4696 τῇ
3246 4628 3399 4680 πόλει
3460 4627 3760 4698 διατρίϐειν

2078 4713 2421 4780 καταϐλάψαι
2437 4728 2484 4762 τι
2501 4709 2808 4778 δυνήσεται.
2837 4709 2941 4762 Καὶ
2963 4711 3052 4764 διὰ
3065 4711 3223 4764 τοῦτο
3244 4711 3565 4780 ἐϐουλόμην,
3589 4710 3759 4764 καθά-

2079 4783 2187 4866 περ
2237 4795 2329 4846 :66
2389 4793 2658 4862 μακάριον
2694 4791 2904 4855 τοῦτον,
2936 4795 3062 4858 τοὺς
3090 4795 3383 4865 ἐναρέτους
3429 4794 3666 4864 μάλιστα
3701 4796 3760 4845 ἐν

2084 4880 2236 4951 μέσῳ
2284 4876 2394 4930 τῶν
2423 4875 2631 4929 πόλεων
2655 4876 2820 4941 εἶναι,
2853 4876 2938 4929 ἵνα
2970 4877 3223 4946 καθάπερ
3260 4878 3403 4947 ζύμη
3429 4880 3543 4940 τοῖς
3582 4876 3759 4936 ἄλλοις

2081 4962 2375 5031 γινόμενοι,
2409 4957 2638 5018 πολλοὺς
2665 4959 2745 5020 εἰς
2775 4959 2867 5011 τὸν
2889 4962 3086 5011 οἰκεῖον
3121 4957 3280 5028 ζῆλον
3300 4960 3587 5024 ὲνὰγωσιν.
3619 4959 3761 5009 Ἀλλ’

2080 5045 2267 5113 ἐπειδὴ
2311 5041 2569 5112 δυσχερὲς
2604 5039 2763 5094 τοῦτο
2794 5042 3187 5108 καταφαίνεται
3231 5037 3386 5104 εἶναι,
3441 5044 3544 5092 κᾶν
3583 5043 3763 5092 ἐκεῖνο

2084 5127 2334 5196 γινέσθω.
2365 5123 2620 5192 Παράγει
2653 5122 2761 5193 γὰρ
2798 5124 3016 5176 λοιπὸν
3047 5124 3113 5176 τὸ
3142 5122 3349 5193 σχῆμα
3389 5123 3495 5175 τοῦ
3526 5125 3762 5189 κόσμου
3817 5147 3819 5150 ⁴

2078 5213 2316 5275 τούτου,
2353 5209 2445 5261 καὶ
2474 5206 2677 5277 βραχὺς
2698 5208 2726 5259 ὁ
2753 5204 2941 5275 παρὼν
2971 5205 3100 5273 βίοςε
3133 5207 3224 5258 καὶ
3253 5209 3297 5257 εί
3335 5207 3407 5274 μὴ
3435 5205 3551 5265 νῦν,
3583 5205 3658 5267 ὡς
3682 5203 3762 5254 ἔτι

2083 5295 2140 5346 ὲν
2169 5292 2247 5361 τῷ
2302 5293 2588 5360 σκάμματι
2644 5289 2972 5358 ἑστήκαμεν,
3022 5287 3130 5339 τῶν
3183 5287 3357 5339 πόνων
3410 5288 3509 5354 τῆς
3557 5287 3760 5357 ἀρετῆς

2087 5377 2376 5448 ἁψώμεθα,
2398 5375 2492 5427 καὶ
2512 5372 2580 5426 τὰ
2603 5372 2794 5425 δίκτυα
2836 5373 2934 5440 τῆς
2970 5374 3163 5432 κακίας
3198 5370 3571 5441 διαφύγωμεν,
3603 5371 3761 5423 ύστευ

2088 5480 2178 5532 ρον
2215 5462 2390 5531 μάτην
2435 5459 2656 5518 ἑαυτοὺς
2711 5455 3089 5522 αἰτιασόμεθα,
3121 5457 3209 5532 ὅτε
3235 5455 3386 5506 οὐδὲν
3436 5452 3626 5520 ὄφελος
3665 5454 3759 5520 τῆς

2090 5531 2506 5622 μεταγνώσεως.
2549 5539 2696 5601 Ἕως
2747 5539 2843 5606 μὲν
2888 5539 2995 5604 γὰρ
3038 5540 3102 5589 ἂν
3141 5531 3288 5606 ὦμεν
3321 5537 3378 5585 ἐν
3411 5540 3474 5604 τῇ
3515 5536 3764 5604 παρούσῃ

2087 5617 2223 5697 ζωῇ,
2259 5624 2480 5679 δυνατὸν
2517 5622 2880 5693 μεταγνόντας
2909 5621 3000 5671 τοῦ
3031 5619 3278 5673 ἐντεῦθεν
3309 5617 3614 5670 ἀπόνασθαι
3642 5620 3764 5684 κέρ-

2086 5713 2229 5774 δους,
2260 5711 2349 5762 καὶ
2396 5710 2463 5761 τά
2499 5707 2737 5776 πρότερα
2774 5703 3210 5770 ἀπονιψαμένους
3259 5701 3636 5767 ἁμαρτήματα
3665 5700 3764 5764 τῆς

2090 5793 2181 5846 τοῦ
2213 5792 2482 5844 Δεσπότου
2513 5787 2916 5858 φιλανθρωπίας
2934 5783 3247 5851 ἀξιωθῆναι·
3269 5785 3312 5832 εἰ
3345 5779 3407 5831 δὲ
3445 5783 3530 5833 :66
3567 5786 3766 5841 παρόν-

2097 5897 2160 5929 τα
2185 5877 2373 5946 καιρὸν
2404 5875 2713 5944 προϊέμενοι
2749 5872 2934 5940 ἀθρόον
2959 5864 3576 5937 προαναρπα-ῖίὶείημεν,
3605 5877 3773 5929 μεταιο

2176 6086 2180 6098 ⁸
2218 6080 2428 6127 Sudhel
2456 6076 2667 6136 quinque
2702 6087 2759 6118 m~
2842 6076 2868 6116 ἁ
2921 6085 2994 6128 τέῖὲ
3019 6073 3103 6124 ’.έείι
