4144 6498
276 448 379 509 397

280 564 480 621 nullam
508 571 691 619 autem
722 560 1004 617 utilitatem
1033 555 1159 614 inde
1189 555 1485 627 capiemus.
1526 550 1680 621 Quod
1721 558 1778 605 ut
1808 546 1891 604 di-

279 672 419 721 scas,
453 656 583 711 audi
608 656 923 727 prophetam
949 651 1253 709 dicentem:
1280 648 1346 703 In
1372 648 1573 716 inferno
1594 654 1762 699 autem
1777 642 1891 713 quis

284 748 602 817 conﬁtebitur
619 750 709 803 tibi
734 747 755 821 (
786 746 927 802 Psal.
957 746 1012 802 6.
1040 745 1112 816 6)
1140 744 1165 798 ‘l
1210 752 1266 799 et
1308 742 1499 796 iterum
1534 758 1548 795 :
1581 735 1764 792 Frater
1786 750 1890 789 non

280 839 503 905 redimit,
530 839 743 893 redimet
760 838 910 891 homo
930 835 1101 906 (Psal.
1124 833 1214 889 48.
1230 831 1324 902 8)?
1340 830 1547 893 Nullus,
1572 826 1763 897 inquit,
1786 824 1889 878 t'it

275 930 387 986 illic
417 930 727 1001 postea,qui
742 929 933 999 eripiat
959 942 1083 982 eum
1109 940 1269 996 quem
1296 938 1389 977 sua
1410 919 1613 978 desidia
1644 916 1888 988 prodide-

272 1022 546 1092 ﬂuuioque
566 1021 609 1076 si
634 1019 796 1076 frater
819 1017 995 1085 fuerit,
1029 1033 1198 1088 neque
1220 1016 1268 1073 si
1295 1023 1464 1085 pater,
1497 1025 1672 1082 neque
1700 1008 1745 1063 si
1774 1024 1888 1062 ma-

273 1123 375 1168 ter.
407 1113 474 1167 Et
498 1110 625 1183 quid
645 1110 790 1177 dico,
810 1109 995 1176 frater,
1017 1116 1188 1179 pater,
1222 1116 1277 1162 et
1297 1114 1469 1177 mater
1488 1106 1512 1158 ?
1529 1103 1714 1173 Neque
1730 1100 1880 1170 justi,

271 1202 469 1274 quibus
500 1211 643 1257 tanta
687 1202 825 1274 apud
860 1202 1026 1255 Deum
1068 1199 1263 1255 fiducia
1306 1205 1406 1264 est,
1441 1203 1692 1266 poterunt
1728 1192 1883 1248 nobis

274 1304 404 1349 tunc
428 1294 633 1363 aliquid
665 1294 940 1365 prodesse,
980 1292 1027 1347 si
1063 1306 1204 1346 nunc
1233 1288 1448 1345 desides
1476 1287 1754 1343 fuerimus.
1786 1285 1879 1339 Di-

269 1386 345 1439 cit
370 1386 514 1441 euim
540 1403 553 1440 :
579 1385 640 1441 Si
667 1386 893 1441 steterint
938 1383 1054 1438 Noe
1084 1393 1130 1439 et
1158 1381 1257 1437 Job
1283 1391 1331 1436 et
1358 1378 1562 1444 Daniel,
1596 1380 1730 1449 ﬁlios
1758 1394 1879 1431 suos

269 1486 321 1530 et
343 1478 481 1542 ﬁlias
506 1494 607 1531 non
633 1478 845 1549 eripient
867 1475 1079 1549 (Eucti.
1101 1477 1188 1531 u.
1216 1474 1333 1542 20).
1368 1474 1436 1528 Et
1459 1472 1583 1527 vide
1612 1470 1875 1525 minarum

280 1571 622 1640 gravitatem,
652 1570 945 1640 qualesque
985 1570 1159 1639 justos
1200 1568 1255 1623 in
1296 1565 1530 1621 medium
1569 1562 1871 1619 adduxerit.

268 1662 534 1730 Quoniam
574 1662 649 1717 illi
677 1664 789 1718 suis
812 1660 1140 1731 temporibus
1165 1659 1327 1714 etiam
1353 1658 1471 1712 aliis
1496 1656 1682 1711 salutis
1713 1668 1873 1709 causa

267 1753 484 1810 fuerunt
511 1771 524 1806 :
553 1753 667 1811 Noe
692 1755 857 1819 enim,
888 1769 1010 1808 cum
1055 1751 1308 1807 terribilis
1338 1750 1422 1804 illa
1455 1749 1638 1803 dﬂuvii
1672 1755 1875 1815 tempe-

266 1854 379 1900 stas
408 1855 603 1899 terram
629 1855 961 1915 occupasset,
991 1854 1045 1900 et
1074 1859 1321 1904 uxorem.
1346 1851 1399 1897 et
1430 1842 1567 1898 filios
1596 1840 1827 1896 servavit
1856 1857 1869 1892 :

264 1946 323 1992 et
339 1935 442 1992 Job
466 1937 714 1992 similiter
734 1937 853 1992 aliis
882 1936 1070 1991 salutis
1090 1944 1277 1989 auctor
1298 1932 1392 1989 fuit
1417 1952 1430 1986 :
1456 1932 1641 1988 Daniel
1660 1947 1873 2003 quoque

264 2027 462 2082 multos
506 2028 702 2099 eripuit
744 2042 773 2081 ε
806 2035 998 2091 morte,
1040 2025 1255 2095 quando
1285 2024 1543 2081 barbarus
1577 2024 1664 2079 ille
1694 2022 1871 2094 inqui-

264 2117 421 2174 rebat
464 2134 585 2187 qua:
632 2133 793 2188 supra
841 2118 1127 2172 humanam
1172 2125 1298 2171 sunt
1345 2125 1633 2181 naturam,
1680 2123 1735 2169 et
1785 2113 1869 2169 ln-

265 2210 519 2267 terimere
553 2212 767 2267 volebat
801 2210 1087 2267 Chaldaeos
1112 2252 1125 2277 ,
1173 2220 1225 2266 et
1271 2209 1449 2280 Magos
1497 2217 1657 2280 atque
1695 2208 1867 2264 Gaza-

261 2314 449 2356 τινος.

335 2392 391 2446 2.
412 2391 477 2445 In
502 2397 676 2464 futuro
703 2393 889 2447 stacan
906 2392 1247 2462 unusquisque
1269 2407 1362 2461 pro
1391 2408 1446 2446 se
1452 2390 1870 2461 judicabilur.—

262 2483 331 2538 Ει
360 2497 428 2537 ne
455 2492 699 2553 putemus
728 2483 782 2537 in
813 2482 993 2538 futuro
1018 2482 1216 2537 smculo
1246 2481 1360 2536 fore
1402 2481 1544 2544 talia,
1575 2491 1626 2536 et
1652 2495 1747 2537 eos
1777 2480 1865 2550 qni

262 2574 460 2628 virtute
480 2573 687 2643 pr:cditi
708 2582 850 2637 sunt,
869 2583 923 2628 et
946 2572 1191 2628 fiduciam
1214 2572 1413 2628 habent
1430 2574 1480 2626 in
1502 2573 1688 2637 Deum,
1709 2573 1862 2639 alios,

259 2667 352 2736 qui
381 2667 467 2723 hic
488 2666 817 2738 negligenter
835 2667 1103 2733 vixerunt,
1128 2669 1460 2723 necessarios
1487 2681 1613 2722 suos
1634 2666 1865 2722 liberare

259 2758 371 2814 illic
393 2774 423 2813 a
454 2758 715 2828 supplicio
741 2774 936 2829 poSse:
965 2769 1246 2830 propterea
1275 2760 1494 2815 adduxit
1513 2759 1668 2815 nobis
1689 2759 1865 2828 justus

258 2850 404 2916 illos,
441 2860 701 2906 terrorem
732 2850 886 2906 nobis
929 2851 1182 2916 inferens,
1214 2859 1269 2906 et
1310 2851 1511 2906 docens
1554 2851 1605 2903 in
1632 2850 1863 2920 propriis

259 2941 415 2996 bonis
440 2941 695 3011 operibus
720 2957 843 2997 cum
873 2956 1104 3013 superna
1142 2942 1313 3012 gratia
1343 2955 1495 3011 spem
1529 2941 1718 2995 salutis
1760 2955 1860 2995 no-

264 3043 382 3088 stra:
402 3032 724 3098 habendam,
746 3042 800 3088 ct
820 3048 924 3088 non
949 3035 1002 3088 in
1022 3033 1419 3104 progenitorum
1441 3031 1744 3096 virtutibus,
1771 3046 1863 3087 ne-

257 3138 361 3192 que
391 3124 445 3177 in
470 3123 578 3177 alio
602 3124 853 3192 quopiam
877 3122 1317 3193 superbiendum,
1340 3122 1425 3178 vel
1456 3122 1855 3189 confidendum,

257 3212 302 3268 si
332 3228 432 3267 nos
460 3213 513 3267 in
537 3214 782 3283 peccatis
805 3228 927 3269 esse
956 3229 1062 3269 non
1093 3213 1413 3279 desinimus,
1447 3212 1542 3269 sed
1571 3213 1672 3268 hoc
1694 3229 1858 3268 unum

256 3302 576 3368 curandum,
611 3312 669 3359 ut
696 3304 741 3359 si
782 3311 1032 3375 parentes
1062 3304 1407 3361 habuerimus
1435 3305 1635 3360 virtute
1659 3307 1857 3370 claros,

256 3394 529 3451 imitemur
547 3412 733 3453 eorum
759 3398 1047 3453 virtutem:
1078 3408 1133 3453 et
1158 3398 1205 3453 si
1228 3413 1261 3454 e
1289 3399 1504 3454 diverso
1533 3398 1764 3466 accidat,
1803 3410 1857 3455 et

253 3502 316 3542 ex
346 3487 605 3558 improbis
634 3490 801 3545 simus
832 3489 1177 3559 parentibus,
1211 3504 1318 3544 non
1351 3488 1650 3559 putandum
1698 3490 1855 3545 nobis

250 3578 453 3648 aliquid
506 3578 750 3635 accidere
795 3580 1124 3645 nocumenti,
1169 3579 1463 3636 dummodo
1506 3595 1857 3637 exerceamur

248 3667 319 3721 ad
364 3669 619 3723 virtutum
663 3670 909 3726 labores:
948 3671 1152 3726 nullum
1194 3672 1336 3726 enim
1395 3672 1519 3727 hinc
1563 3672 1721 3729 nobis
1756 3673 1856 3729 da-

250 3773 436 3812 mnum
464 3759 586 3814 erit.
604 3758 735 3814 Nam
760 3762 1122 3833 unusquisque
1136 3777 1233 3833 per
1252 3777 1313 3817 ca
1334 3763 1415 3818 vel
1439 3773 1747 3829 coronatur,
1768 3765 1855 3820 vel

249 3852 666 3919 condemnatur,
719 3870 839 3924 qua:
892 3857 1005 3925 ipse
1042 3856 1232 3926 gessit,
1291 3856 1746 3927 quemadmodum
1800 3865 1855 3913 et

247 3942 439 3998 beatus
480 3943 673 3999 Paulus
701 3945 871 4015 inquit
894 3963 907 3999 :
945 3944 1012 4001 Ut
1037 3956 1258 4017 reportet
1287 3948 1630 4017 unusquisque
1652 3964 1711 4002 ea
1739 3964 1855 4018 qua:

246 4050 345 4104 per
374 4050 561 4105 corpus
598 4036 747 4104 ﬁunt,
785 4038 940 4107 juxta
966 4038 1021 4091 id
1049 4040 1185 4108 quod
1208 4039 1349 4111 fecit,
1380 4040 1486 4094 sive
1510 4038 1718 4103 bonum,
1749 4043 1854 4095 sive

245 4126 534 4194 ιιιιιιιιιιβ.
552 4125 672 4183 Cor.
698 4127 882 4199 5.10);
914 4136 969 4184 et
993 4128 1183 4184 iterum
1209 4146 1222 4182 :
1261 4129 1360 4197 Qui
1384 4130 1559 4184 reddet
1585 4132 1849 4195 unicuique

231 4219 397 4291 jwa
419 4235 576 4290 opera
601 4237 695 4275 sua
716 4221 736 4293 (
760 4220 911 4276 Rom.
936 4222 991 4276 2.
1022 4221 1117 4294 6).
1150 4221 1282 4289 Qua:
1313 4222 1494 4278 omnia
1543 4238 1667 4278 cum
1704 4225 1847 4279 scia-

243 4326 391 4380 mus,
436 4326 660 4368 excussa
714 4314 862 4368 omni
912 4315 1255 4386 negligentia,
1306 4316 1519 4371 virtutis
1557 4317 1846 4371 maximam

240 4404 542 4460 habeamus
579 4405 859 4461 rationem.
891 4406 957 4461 Et
992 4422 1114 4462 cum
1145 4407 1322 4463 adhuc
1349 4407 1403 4461 in
1433 4407 1608 4463 stadio
1635 4421 1842 4474 sumus,

237 4502 306 4552 et
328 4495 564 4550 certandi
594 4504 803 4566 tempus
826 4506 930 4565 est,
959 4497 1266 4568 priusquam
1294 4498 1620 4554 dissolvatur
1641 4508 1845 4569 specta-

238 4587 447 4651 culum,
497 4587 712 4643 solliciti
737 4591 907 4645 simus
945 4590 1013 4646 de
1054 4600 1237 4646 nostra
1278 4592 1469 4659 salute,
1510 4602 1567 4647 ut
1601 4592 1654 4647 in
1692 4592 1841 4648 brevi

242 4675 343 4733 i'lo
372 4687 612 4747 tempore
637 4679 866 4735 virtutes
891 4681 1214 4747 exercendo,
1258 4683 1311 4737 in
1351 4684 1550 4739 sarculo
1578 4694 1843 4753 perpatuo

230 4768 455 4824 illarum
506 4771 783 4826 mercedes
826 4773 1192 4841 recipiamus:
1243 4776 1378 4833 sicut
1418 4787 1473 4831 et
1513 4776 1690 4845 justus
1728 4776 1837 4843 ille,

231 4862 333 4920 cui
375 4861 427 4914 in
474 4861 653 4916 medio
695 4870 774 4917 tot
808 4864 1071 4919 malorum
1116 4864 1381 4931 habitans,
1414 4877 1467 4922 et
1504 4869 1706 4923 nullum
1740 4869 1835 4923 ha-

228 4952 376 5007 beas
402 4952 494 5021 qui
518 4966 669 5007 suam
696 4954 994 5010 imitaretur
1020 4957 1290 5022 virtutem,
1311 4957 1405 5013 sed
1432 4959 1621 5014 videns
1650 4975 1837 5017 omnes

228 5043 265 5095 ἰι
288 5043 530 5099 ridentes
552 5052 608 5098 et
631 5043 1023 5101 subsannantes
1047 5088 1062 5112 ,
1091 5062 1195 5103 non
1226 5049 1399 5103 solum
1428 5065 1534 5105 nou
1564 5049 1732 5106 factus
1756 5063 1839 5108 est

232 5136 479 5204 segnior,
524 5150 709 5190 verum
757 5143 901 5191 tanta
949 5138 1142 5193 virtute
1172 5140 1412 5205 emicuit,
1452 5148 1510 5195 ιιι
1536 5150 1591 5197 et
1617 5143 1836 5210 angelos

225 5228 512 5299 suscipere
533 5230 790 5284 meruerit
816 5238 1009 5299 :atque
1033 5246 1155 5284 cum
1184 5231 1259 5287 illi
1290 5233 1447 5287 simul
1479 5248 1668 5289 omnes
1703 5250 1829 5304 per-

227 5322 240 5372 i
279 5327 412 5385 ent,
449 5318 596 5373 solus
636 5318 749 5387 ipse
777 5334 898 5374 cum
926 5318 1134 5376 filiabus
1185 5321 1431 5394 effugerit
1460 5340 1673 5397 paenam
1715 5342 1835 5396 qua:

228 5410 344 5463 illis
389 5408 535 5463 illata
575 5418 676 5464 est.
710 5409 973 5466 Czetcrum
1008 5412 1074 5467 ad
1112 5414 1306 5469 seriem
1347 5421 1612 5479 sermonis
1638 5418 1831 5479 redea-

229 5515 376 5554 mus.
417 5498 670 5555 Venerunt
708 5512 879 5556 autem
929 5505 1031 5560 duo
1056 5507 1222 5577 angeli
1265 5508 1318 5561 in
1355 5507 1583 5565 Sodoma
1617 5513 1829 5580 vesperi.

224 5591 366 5647 iusti
396 5590 553 5660 hujus
574 5592 925 5649 excellentem
953 5596 1207 5653 virtutem
1239 5607 1450 5670 tempus
1492 5601 1593 5657 hoc
1621 5605 1831 5672 potissi-

226 5698 377 5736 mum
427 5682 645 5751 indicat,
678 5684 801 5752 quia
840 5693 897 5739 et
936 5687 1215 5758 ingruente
1253 5707 1475 5761 vespera
1516 5696 1827 5766 permansit,

221 5789 273 5831 et
322 5790 432 5829 non
477 5774 703 5829 destitit.
745 5774 875 5831 Nam
912 5781 1032 5850 quia
1066 5782 1265 5839 sciebat
1291 5786 1494 5844 lucrum
1527 5790 1665 5859 quod
1709 5789 1830 5844 inde

224 5868 568 5935 nascebatur,
598 5866 721 5923 ideo
743 5868 904 5924 hasce
933 5874 1143 5935 divitias
1172 5884 1383 5953 assequi
1408 5888 1645 5957 cupiens,
1671 5884 1825 5941 valde

1281 387 1289 392 ‘
1335 439 1401 498 IN
1428 437 1587 496 CAP.
1625 432 1773 492 XIX.
1813 431 2061 493 GENES.
2103 431 2337 489 llOMlL.
2372 432 2555 491 XLIII.

2004 544 2225 605 sedulus
2273 557 2410 613 erat,
2452 557 2509 604 et
2552 561 2726 620 neque
2770 546 2859 605 die
2902 548 3124 621 impleto
3164 549 3492 610 discedebat.
3530 552 3602 611 Its

1998 639 2144 695 enim
2184 656 2244 698 se
2284 640 2446 697 habet
2493 642 2670 711 anima
2720 639 2924 698 fervida
2962 653 3017 698 et
3061 643 3306 713 vigilans,
3345 654 3403 700 ιιι
3440 644 3603 702 nullis

1998 730 2397 802 impedimentis
2446 732 2825 803 praepediatur,
2871 736 3157 803 qnmninus
3187 750 3338 794 suam
3364 736 3599 795 declaret

1997 824 2248 881 virtutem
2282 844 2296 881 :
2326 826 2453 896 quin
2491 834 2549 882 et
2592 826 2780 882 istlnnc
2819 827 2931 898 ipsa
2962 844 3082 899 qua:
3114 829 3401 898 prohibent
3425 832 3597 887 maxlo

1996 930 2105 982 me,
2138 918 2307 988 magis
2333 918 2578 983 incitant,
2609 928 2665 973 et
2691 932 2949 987 majorem
2977 919 3285 988 cupiditatis
3327 920 3601 980 flammant

1992 1006 2313 1061 accendunt.
2350 1006 2419 1063 Ut
2460 1018 2629 1062 autem
2669 1008 2822 1074 vidit,
2855 1010 3060 1078 inquit,
3106 1008 3241 1076 Lat,
3283 1010 3502 1065 surrexit
3543 1013 3599 1069 its

1993 1114 2259 1154 occursum
2286 1101 2409 1155 illis.
2445 1101 2678 1156 Audiant
2708 1100 2741 1156 ii
2763 1102 2853 1172 qui
2885 1102 3121 1157 advenas
3146 1114 3367 1159 orantes
3390 1112 3446 1159 et
3470 1116 3592 1175 sup.

1990 1189 2282 1259 plicantes,
2318 1204 2381 1244 ac
2405 1190 2599 1246 sedulo
2638 1207 2697 1245 se
2732 1206 2913 1246 coram
2946 1192 3025 1246 eis
3054 1190 3399 1247 demittentes
3430 1192 3594 1249 multa

1990 1279 2379 1337 inhumanitate
2427 1293 2747 1337 aversantur
2802 1293 2857 1337 et
2910 1283 3198 1352 repellunt.
3263 1283 3399 1339 Vide
3447 1284 3593 1340 enim

1988 1372 2260 1442 quomodo
2283 1373 2458 1441 justus
2488 1373 2578 1429 ille
2608 1388 2714 1428 non
2740 1375 3071 1443 exspectavit
3099 1374 3274 1430 donec
3300 1375 3366 1430 ad
3397 1391 3457 1431 se
3496 1392 3596 1433 vo—

1988 1463 2185 1529 nireut,
2213 1462 2309 1518 sed
2339 1464 2475 1519 sicut
2501 1464 2803 1534 patriarcha
2824 1508 2837 1531 ,
2869 1465 3121 1537 ignorans
3170 1468 3260 1537 qui
3288 1478 3471 1524 essent
3493 1469 3590 1525 ho-

1986 1553 2172 1622 spites,
2203 1562 2258 1609 et
2285 1555 2564 1625 suspicans
2590 1557 2825 1613 viatores
2854 1558 3113 1628 quosdam
3144 1574 3286 1626 esse,
3312 1560 3460 1629 quasi
3480 1577 3591 1632 prae

1980 1646 2178 1714 gaulio
2220 1646 2466 1713 saltabat,
2504 1650 2622 1718 quia
2654 1632 3118 1720 assequutus'erat
3143 1655 3421 1722 quzrsitam
3453 1670 3591 1726 prte-

1981 1734 2126 1801 dam,
2171 1748 2225 1792 et
2250 1753 2356 1793 non
2398 1739 2677 1795 aberrarat
2716 1741 2784 1796 ab
2814 1757 2880 1797 co
2906 1744 3046 1812 quod
3080 1744 3347 1814 cupiebat.
3389 1745 3458 1802 Ut
3494 1764 3592 1802 aa-

1980 1834 2078 1880 tem
2103 1829 2246 1893 uidit,
2288 1828 2482 1900 inquit,
2523 1832 2741 1887 surrexit
2783 1836 2837 1887 in
2878 1850 3139 1888 occursum
3167 1836 3291 1903 illis,
3323 1847 3370 1891 et
3396 1838 3585 1893 adora-

1980 1917 2063 1976 bat
2111 1919 2241 1989 facie
2285 1934 2440 1994 super
2476 1932 2681 1977 terram.
2724 1923 2935 1979 Gratias
2973 1926 3079 1995 egit
3130 1926 3262 1991 Deo,
3315 1928 3459 1998 quod
3504 1928 3588 1984 di-

1977 2018 2169 2080 gnatus
2210 2023 2356 2069 esset
2390 2028 2513 2070 eum
2544 2019 2986 2085 praetereuntium
3008 2022 3371 2089 susceptione.
3396 2022 3587 2077 Auitu-

1974 2102 2201 2159 adverte
2247 2104 2386 2161 illius
2429 2108 2623 2164 anima:
2667 2110 2942 2164 virtutem.
2984 2110 3235 2181 Magnum
3281 2112 3374 2168 Dei
3411 2114 3584 2171 bene-

1977 2195 2152 2251 ficium
2180 2198 2540 2256 arbitrabatur
2567 2202 2822 2258 incidisse
2871 2203 2925 2258 in
2970 2204 3068 2259 hos
3097 2206 3241 2261 viros
3262 2248 3277 2270 ,
3309 2216 3369 2261 nt
3396 2222 3583 2264 susce-

1976 2286 2081 2355 ptis
2107 2287 2212 2342 illis
2244 2302 2399 2344 suum
2424 2290 2706 2361 perliceret
2726 2292 3077 2349 desiderium.
3108 2296 3227 2351 Jam
3260 2313 3329 2353 ne
3354 2297 3579 2366 dixeris,

1975 2379 2120 2448 ipsos
2161 2382 2386 2452 angelos
2430 2384 2627 2442 fuisse:
2671 2387 2770 2442 sed
2814 2388 2917 2443 hoc
2956 2391 3135 2459 potius
3163 2399 3336 2445 tecum
3365 2402 3579 2461 reputa,

1968 2469 2173 2540 justum
2221 2473 2370 2530 illum
2401 2476 2639 2532 nondum
2684 2479 2789 2535 hoc
2829 2482 3072 2548 scivisse,
3102 2482 3197 2538 sed
3222 2484 3373 2553 quasi
3400 2484 3581 2539 homi-

1973 2577 2069 2617 nes
2096 2563 2384 2634 iguotoset
2412 2578 2802 2637 praetereuntes
2838 2572 3159 2642 suscipiens,
3202 2574 3275 2628 ita
3320 2574 3578 2632 an‘ectum

1971 2653 2157 2712 fuisse.
2203 2657 2260 2712 2.
2289 2658 2361 2713 Et
2395 2660 2527 2716 dixit
2547 2676 2567 2715 :
2598 2657 2752 2731 Ecce,
2780 2662 2993 2731 domini,
3025 2664 3252 2719 divertite
3282 2665 3338 2719 in
3368 2666 3578 2721 domm

1969 2733 2117 2814 pueri
2152 2750 2331 2816 vestri,
2366 2759 2414 2805 et
2456 2762 2672 2819 inanete,
2722 2754 2979 2825 qaiescite,
3013 2766 3060 2809 et
3098 2755 3264 2809 lavate
3298 2756 3449 2826 pedes
3489 2772 3577 2813 us-

1967 2846 2120 2903 slros,
2149 2848 2197 2892 et
2229 2838 2456 2896 diluculo
2484 2847 2623 2913 facta
2652 2845 3047 2914 proﬁciscentini
3080 2846 3133 2900 in
3163 2847 3298 2901 siam
3332 2858 3574 2904 uestram.

1971 2929 2257 2987 Sufﬁciunt
2304 2933 2422 2990 hate
2462 2936 2624 2992 verba
2656 2936 2724 2992 ad
2769 2937 3127 3009 detegendam
3170 2940 3425 2995 virtutem
3452 2956 3576 3011 qua

1968 3019 2021 3075 in
2047 3033 2265 3091 pectore
2284 3024 2414 3095 justi
2446 3026 2659 3082 latebat.
2690 3028 2761 3084 Et
2778 3028 2903 3101 quid
2934 3031 3128 3086 mirum
3152 3032 3196 3086 si
3225 3032 3348 3102 quis
3380 3032 3575 3089 obstu-

1966 3121 2152 3181 pescat
2187 3116 2449 3172 eximiam
2496 3118 2875 3188 humilitatem,
2921 3136 2985 3177 ac
3024 3122 3296 3179 fervorem
3329 3141 3488 3195 quem
3517 3126 3573 3184 in

1967 3201 2336 3272 hospitalitate
2362 3208 2673 3265 declarabat
2698 3211 2722 3263 ?
2752 3210 2900 3275 Ecce,
2932 3211 3126 3283 inquit,
3159 3212 3372 3281 domini,
3403 3215 3576 3272 dioer-

1964 3294 2053 3347 tite
2077 3295 2131 3348 in
2168 3295 2375 3351 domum
2401 3299 2542 3369 pueri
2567 3300 2737 3354 vestri.
2767 3301 2832 3356 Et
2860 3300 2979 3358 illos
3004 3301 3256 3358 dominos
3287 3314 3463 3373 vocat,
3506 3320 3573 3365 ac

1964 3383 2201 3453 seipsum
2251 3387 2464 3442 illorum
2505 3405 2719 3445 servum
2748 3392 3005 3461 appellat.
3037 3392 3339 3450 Audiamus
3364 3404 3572 3457 attente

1963 3472 2079 3530 haec
2106 3477 2288 3544 verba,
2326 3479 2685 3547 dilectissimi,
2718 3492 2774 3539 et
2816 3485 3015 3539 similia
3060 3502 3160 3542 nos
3186 3502 3401 3558 quoque
3428 3506 3570 3561 prc-

1963 3575 2107 3623 stare
2133 3569 2427 3630 discamus.
2449 3572 2540 3627 Vir
2569 3574 2857 3644 gloriosus,
2882 3578 3099 3643 nobilis,
3130 3590 3235 3636 tam
3261 3583 3567 3653 abundans,

1964 3668 2145 3716 tantus
2191 3664 2601 3735 paterfamilias,
2657 3668 2915 3736 viatores,
2958 3670 3219 3742 hospites,
3248 3674 3479 3745 ignotos,
3510 3686 3572 3734 ut

1959 3752 2311 3822 apparebant,
2350 3756 2506 3823 viles,
2540 3768 2951 3828 praetereuntes,
2984 3761 3225 3833 nihilque
3254 3764 3323 3820 ad
3352 3780 3413 3821 sc
3436 3768 3567 3823 atti-

1961 3854 2172 3910 nentes,
2211 3845 2461 3903 dominos
2498 3850 2759 3917 nominat,
2797 3861 2853 3906 et
2886 3853 3059 3922 inquit
3086 3872 3101 3909 :
3128 3852 3376 3911 Dtvertite
3400 3857 3453 3911 in
3471 3857 3568 3913 do-

1958 3954 2096 3992 mum
2128 3940 2269 4009 pueri
2308 3942 2478 4006 vestri,
2520 3952 2566 3996 et
2591 3944 2850 4013 quiescite.
2880 3944 3115 4015 Vespera
3157 3949 3324 4013 enim,
3368 3949 3560 4019 inquit,

1958 4029 2177 4102 ingruit.
2210 4031 2416 4087 Morem
2448 4032 2581 4087 mihi
2611 4036 2804 4103 gerite,
2848 4045 2905 4091 et
2944 4036 3315 4094 lassitudinem
3340 4038 3447 4095 diei
3474 4055 3564 4095 so-

1958 4123 2141 4179 lamini
2170 4125 2223 4179 in
2250 4124 2473 4180 domum
2512 4126 2655 4181 servi
2695 4127 2858 4183 vestri
2897 4128 3254 4187 divertentes.
3291 4130 3562 4205 Numquid

1954 4230 2207 4286 magnum
2238 4217 2394 4273 vobis
2424 4218 2723 4289 promitto?
2749 4217 2941 4275 Lavate
2975 4221 3128 4292 pedes
3151 4231 3339 4279 vestros
3368 4223 3563 4283 itinere

1954 4306 2112 4377 longo
2151 4306 2423 4379 fatigatos,
2466 4320 2517 4367 et
2556 4311 2784 4367 diluculo
2814 4315 3030 4384 pergetis
3063 4314 3117 4369 in
3153 4316 3285 4369 aiant
3319 4326 3557 4373 vestrm

1955 4396 2105 4453 lianc
2130 4401 2355 4471 gratiam
2395 4401 2595 4457 donate
2642 4403 2795 4470 mihi,
2827 4411 2885 4458 et
2924 4406 3240 4474 petitionem
3284 4422 3460 4464 meam
3491 4424 3560 4466 ne

1956 4488 2305 4547 frustrentlui.
2337 4491 2404 4547 Et
2432 4493 2693 4562 dixerunt,
2728 4494 2921 4565 inquit,
2957 4494 3192 4562 Minime,
3229 4498 3319 4551 sed
3352 4499 3407 4553 in
3441 4500 3559 4571 pla-

1955 4590 2035 4635 tea
2084 4583 2415 4638 manebimus.
2468 4584 2645 4639 Etlam
2696 4594 2819 4656 post
2873 4595 3083 4649 tantam
3123 4588 3559 4651 exhortationem

1949 4690 2109 4744 quam
2148 4674 2373 4742 fecerat,
2401 4693 2524 4733 cum
2557 4678 2690 4733 vidit
2717 4694 2813 4735 eos
2843 4695 3095 4746 renuere,
3122 4698 3228 4737 non
3260 4684 3555 4754 obtorpuit,

1950 4780 2123 4836 neque
2158 4769 2226 4823 ab
2265 4770 2513 4823 instituto
2556 4785 2656 4825 suo
2702 4770 2932 4837 destitit,
2976 4789 3153 4843 neque
3196 4775 3321 4831 fecit
3351 4776 3426 4831 uti
3457 4793 3559 4834 nos

1950 4858 2217 4913 interdum
2274 4858 2501 4916 facimus
2548 4879 2561 4915 :
2608 4862 2701 4932 qui
2753 4864 2799 4918 si
2859 4864 3075 4934 quando
3131 4866 3362 4937 aliquem
3428 4866 3556 4924 hor-

1948 4953 2050 5007 tari
2096 4952 2398 5023 dignamur,
2441 4963 2496 5009 et
2535 4963 2722 5024 postea
2756 4956 3002 5011 videmus
3038 4972 3327 5029 parumper
3377 4959 3554 5015 detre.

1944 5055 2177 5101 ctantem
2223 5056 2279 5102 et
2329 5058 2670 5114 renuentem,
2718 5050 2899 5104 statim
2944 5049 3261 5107 desistimus
3292 5052 3379 5107 :id
3408 5054 3553 5125 quod

1944 5138 2228 5208 contingit,
2282 5140 2404 5209 quia
2459 5140 2590 5195 citra
2656 5139 2990 5196 desiderium
3032 5153 3089 5197 et
3130 5142 3401 5205 fervorem
3444 5146 3548 5203 hoc

1944 5228 2173 5299 agimus,
2201 5238 2257 5285 et
2278 5232 2513 5286 maxime
2540 5232 2662 5301 quia
2694 5241 2943 5302 putamus
2973 5233 3225 5290 sufficere
3247 5241 3549 5295 excusatio-

1943 5339 2090 5389 nem,
2110 5325 2152 5378 si
2175 5325 2356 5380 dicere
2378 5326 2649 5395 possimus
2677 5324 2873 5381 fecisse
2893 5342 2989 5381 nos
3014 5328 3251 5384 officium
3276 5340 3543 5388 nostrum.

2016 5416 2069 5470 5.
2099 5414 2235 5484 Quid
2266 5416 2367 5484 ais,
2399 5416 2636 5471 ofﬁcium
2679 5424 2732 5470 te
2767 5425 2914 5471 tuum
2947 5416 3182 5474 fecisse?
3209 5420 3451 5477 Amisisti
3488 5424 3541 5478 in

1945 5510 2227 5565 venatione
2245 5507 2501 5579 pradam;
2525 5509 2786 5564 aberrasti
2803 5525 2831 5563 a
2853 5508 3130 5576 thesauro;
3153 5522 3205 5567 et
3224 5522 3316 5566 tuo
3330 5512 3544 5568 functus

1941 5616 2001 5656 es
2012 5599 2384 5655 officiol’l‘une
2398 5610 2488 5655 tuo
2505 5600 2719 5656 functus
2735 5615 2884 5655 esses
2905 5600 3104 5667 officio,
3125 5604 3167 5656 si
3187 5617 3289 5655 non
3310 5602 3543 5669 abjecis-

1939 5708 2075 5748 sese
2100 5692 2341 5747 manibus
2373 5693 2768 5758 thesaurum,si
2798 5706 2905 5744 non
2934 5695 3269 5759 prteterisses
3295 5692 3347 5744 in
3380 5708 3536 5749 vena-

1944 5788 2087 5841 tione
2102 5785 2355 5857 prtedam,
2376 5786 2420 5839 si
2450 5800 2558 5839 non
2577 5782 2939 5854 perfunctorie
2969 5791 3020 5836 et
3049 5784 3215 5839 verbo
3243 5792 3395 5836 tenus
3431 5793 3551 5844 tan.

1946 5890 2055 5936 tum
2086 5878 2503 5951 hospitalitatem
2533 5876 2844 5933 iudicasses.
2871 5876 2934 5929 At
2971 5890 3078 5928 non
3112 5877 3287 5947 justus
3316 5871 3409 5928 ille
3426 5878 3552 5934 sic:
