4144 6476
599 407 710 466 ὕην
1313 424 1368 480 s.
1411 415 1687 480 JOANNlS
1721 407 2199 472 cnnvsosrout
2240 407 2556 464 ARCllll-ZP.
2588 405 3116 495 CONS’I‘ANTl-NOP.
3764 406 3874 464 ω

607 526 703 582 scd
726 528 850 599 quid
867 528 891 582 ἳ
923 529 1142 589 Videbat
1159 534 1488 597 obluctantes
1504 540 1616 598 suis
1629 543 1897 615 precibus,
1915 549 1972 597 et
1986 539 2038 594 in
2065 537 2178 610 plac

608 624 690 672 tea
714 633 930 679 manere
953 622 1214 681 volentes.
1236 625 1346 684 Hoc
1376 637 1552 686 autem
1579 632 1842 695 faciebant
1862 631 2055 704 angeli,
2072 631 2180 686 vir-

608 717 774 763 tutem
782 709 910 780 justi
931 713 1104 781 palam
1125 714 1303 775 facere
1323 721 1582 789 volentes,
1598 733 1650 778 et
1671 738 1769 779 nos
1780 737 1967 779 omnes
1985 721 2180 778 docere

605 808 800 866 quanta
821 801 938 870 ejus
963 801 1124 861 fuerit
1148 805 1500 880 hospitalitas.
1531 813 1720 869 Postea
1744 824 1922 870 autem
1943 829 2050 870 non
2067 812 2180 883 jam

604 889 782 944 verbis
800 903 1082 952 contentus
1104 907 1189 954 est
1205 901 1496 970 exhortari,
1522 904 1619 960 sed
1655 915 1710 960 et
1735 905 1841 961 vim
1869 905 2015 961 facit.
2035 904 2181 968 Pro-

603 986 789 1068 pterea
810 991 864 1036 et
883 981 1123 1043 Christus
1137 988 1372 1046 diccbat:
1393 992 1606 1050 l’ioleuti
1629 997 1833 1067 rapiunt
1853 1011 2061 1068 regnum
2079 1011 2182 1050 cte-

603 1067 770 1158 lorum
807 1071 1018 1143 (Matth.
1051 1079 1140 1132 ll.
1174 1079 1288 1152 is).
1319 1081 1419 1138 Ubi
1449 1083 1592 1141 enim
1622 1087 1896 1158 spirituale
1914 1067 2212 1142 aﬂ‘ulserit'

604 1157 828 1229 lucrum,
853 1167 1161 1234 tempestiva
1196 1171 1354 1227 fuerit
1389 1157 1664 1242 violentia,
1683 1185 1740 1233 et
1773 1175 2052 1231 laudabilis
2087 1189 2181 1231 co-

600 1247 764 1304 actio.
795 1251 932 1307 5.Et
959 1259 1305 1329 compellebat,
1336 1264 1526 1334 inquit,
1543 1282 1648 1321 eos.
1675 1266 1801 1321 Mihi
1828 1275 2008 1322 autem
2031 1266 2178 1323 vide-

602 1346 692 1395 tur
722 1348 777 1397 et
810 1343 1003 1401 invitos
1031 1364 1126 1406 eos
1150 1355 1445 1411 attrahere.
1480 1357 1684 1413 Deinde
1705 1357 1798 1413 ubi
1819 1357 2070 1415 viderunt
2092 1357 2178 1428 ju-

599 1439 742 1487 stum
772 1432 844 1488 ita
884 1437 1197 1508 ferventem,
1226 1444 1602 1518 nolentemque
1628 1447 1907 1515 desistere,
1936 1449 2040 1506 nisi
2065 1449 2177 1505 voti

597 1534 819 1594 compos
858 1525 1028 1595 ﬂeret,
1072 1531 1478 1604 Declinauerunt,
1527 1539 1716 1612 inquit,
1755 1541 1825 1596 ad
1860 1558 1995 1609 eum,
2025 1550 2070 1596 et
2097 1542 2178 1596 in-

599 1620 856 1671 trat-erunt
878 1618 931 1670 in
947 1620 1153 1676 domum
1177 1627 1305 1693 ejus.
1328 1625 1396 1681 Et
1411 1628 1530 1695 fecit
1549 1632 1622 1685 eis
1650 1631 1949 1698 conuiuium,
1976 1638 2024 1684 et
2043 1631 2176 1685 coxit

599 1704 998 1778 infermentatos,
1030 1723 1078 1766 et
1107 1717 1445 1784 comederunt,
1485 1723 1535 1777 4.
1580 1732 1847 1795 antequam
1881 1725 2009 1776 irent
2035 1721 2174 1777 cubi-

599 1805 726 1851 tum.
763 1797 946 1857 Vidisti
977 1813 1033 1859 et
1063 1808 1149 1862 hic
1179 1823 1282 1865 non
1310 1811 1362 1865 in
1390 1823 1698 1885 sumptuosa
1725 1829 1908 1870 mensa
1934 1814 2172 1885 hospita-

600 1887 801 1946 litatem
853 1897 1085 1964 ostendi,
1137 1899 1231 1955 sed
1270 1903 1446 1971 potius
1499 1904 1550 1959 in
1589 1905 1904 1960 liberalitate
1933 1905 2176 1960 mentis?

598 1979 730 2068 Nam
757 1986 934 2041 statim
961 1998 1017 2043 ut
1045 2004 1139 2046 eos
1164 1991 1416 2049 inducere
1454 1998 1623 2066 potuit
1661 1998 1712 2051 in
1749 1997 1963 2052 domum
1997 2011 2169 2060 suam,

599 2074 804 2128 nullum
849 2075 1224 2148 hospitalitatis
1271 2083 1506 2140 ol'ﬂcium
1551 2089 1912 2156 prmtermisit.
1951 2087 2017 2141 Et
2061 2089 2174 2156 ipse

596 2164 814 2233 quidem
839 2166 892 2222 in
923 2170 1218 2227 ministerio
1247 2186 1537 2246 occupatus
1562 2188 1696 2245 erat,
1727 2186 1783 2235 et
1812 2179 1961 2235 cibos
2003 2193 2172 2250 appo-

598 2255 722 2318 suit,
762 2266 818 2312 et
850 2271 1062 2315 omnem
1085 2262 1347 2321 honorem
1376 2268 1683 2340 cultumque
1711 2271 1966 2342 impendit
1993 2271 2176 2342 hospi-

600 2342 762 2412 tibus,
796 2344 1041 2404 homines
1065 2367 1158 2408 eos
1184 2363 1239 2410 et
1272 2357 1503 2413 viatores
1525 2359 1782 2428 quosdam
1813 2375 1932 2417 esse
1958 2371 2170 2432 putans.

608 2432 717 2488 Viri
739 2447 905 2492 autem
945 2443 1157 2499 civitatis
1185 2446 1464 2504 Sodomita:
1500 2453 1933 2508 circumdederunt
1966 2453 2174 2509 domum

594 2539 629 2576 a
660 2524 847 2595 juvene
870 2545 1026 2600 usque
1063 2534 1130 2586 ad
1167 2552 1352 2606 senem,
1391 2540 1553 2594 omnis
1590 2541 1807 2611 populus
1835 2543 2006 2607 simul,
2046 2545 2100 2602 5.
2124 2553 2174 2600 et

594 2628 921 2673 evocaverunt
941 2619 1057 2690 Lot,
1091 2635 1137 2678 et
1166 2628 1398 2683 dixerunt
1423 2632 1500 2686 ei:
1532 2627 1630 2687 Ubi
1657 2643 1773 2688 sunt
1795 2636 1910 2699 uiri,
1939 2637 2026 2706 qui
2056 2646 2173 2691 sunt

596 2706 809 2777 ingressi
829 2712 898 2763 ad
926 2721 974 2766 te
1001 2717 1185 2770 nocte?
1203 2717 1352 2773 Educ
1376 2736 1458 2774 eos
1480 2723 1549 2775 ad
1577 2739 1688 2789 nos,
1717 2733 1775 2776 ut
1807 2740 2041 2780 coeamus
2057 2741 2172 2780 cum

595 2798 686 2851 eis.
718 2799 793 2854 Ne
821 2801 1178 2870 perfunctorie
1207 2816 1535 2866 transeamus
1563 2828 1683 2882 qua:
1709 2813 1850 2869 dicta
1880 2824 2039 2880 sunt,
2083 2830 2174 2872 ca-

596 2887 814 2956 rissimi,
855 2903 912 2948 et
956 2909 1060 2950 nou
1107 2899 1278 2953 solum
1331 2901 1551 2956 istorum
1593 2903 1865 2960 videamus
1907 2906 2171 2962 insaniam

597 2979 740 3034 nulla
771 2982 920 3037 venia
954 2985 1273 3056 dignandam
1310 3008 1324 3057 ;
1355 2993 1450 3046 sed
1481 3001 1535 3048 et
1557 2994 1872 3064 cogitemus,
1903 2995 2173 3067 quomodo

595 3069 768 3140 justus
808 3073 861 3128 in
907 3077 1084 3132 medio
1111 3089 1215 3134 tam
1249 3083 1666 3139 truculentarum
1696 3085 1986 3142 bestiarum
2019 3087 2173 3142 habi-

598 3174 738 3231 tans,
763 3167 832 3222 ita
854 3171 1132 3228 excellenti
1158 3174 1350 3231 virtute
1376 3177 1601 3244 fulserit,
1629 3180 1898 3248 quomodo
1920 3181 2061 3237 ferre
2081 3196 2173 3251 po-

601 3258 758 3313 tuerit
790 3260 1116 3330 iniquitatem
1148 3281 1355 3336 eorum,
1398 3270 1666 3340 quomodo
1705 3287 1808 3327 non
1839 3273 2033 3345 fugerit
2074 3289 2171 3329 eo-

598 3363 712 3403 rum
733 3351 1022 3418 civitatem,
1045 3358 1312 3425 quomodo
1337 3359 1415 3415 cis
1444 3361 1584 3430 loqui
1614 3364 2169 3434 potuerit.Quomodo,

598 3451 696 3506 ego
726 3438 919 3494 dicant.
953 3443 1193 3500 Universi
1228 3448 1480 3505 Dominus
1522 3452 1823 3520 prtcvidcns
1857 3456 2171 3524 stupendum

601 3528 808 3586 illorum
842 3535 1150 3603 nequitiam,
1181 3537 1526 3608 dispensavit,
1557 3549 1614 3595 ut
1642 3543 1819 3611 justus
1847 3557 1912 3599 eo
1941 3543 2043 3600 loci
2071 3545 2172 3601 do-

601 3621 854 3677 micilium
887 3623 1137 3690 haberet,
1167 3637 1225 3683 ut
1263 3631 1396 3685 sicut
1427 3633 1659 3699 optimus
1689 3634 1928 3690 medicus
1959 3635 2174 3692 morbos

597 3722 780 3765 eorum
822 3714 1149 3771 emendaret.
1185 3718 1378 3773 Verum
1419 3721 1606 3777 videns
1646 3737 1705 3777 se
1749 3738 1875 3778 cura
1905 3739 1999 3779 sua
2043 3725 2173 3780 nihil

600 3801 878 3869 prolicere,
926 3813 981 3858 et
1023 3805 1142 3860 illos
1185 3807 1381 3862 nullam
1412 3809 1549 3864 velle
1587 3812 1850 3867 medelam
1875 3814 2170 3883 suscipere,

600 3903 704 3944 non
736 3903 1017 3962 propterea
1038 3909 1068 3947 a
1099 3911 1225 3952 cura
1255 3898 1476 3955 destitit.
1521 3901 1689 3956 liabet
1716 3905 1857 3959 enim
1893 3905 2033 3960 hunc
2057 3920 2172 3960 mo-

597 3993 713 4036 rem
734 3983 1009 4042 uiedicus:
1035 3990 1277 4058 quamvis
1302 3992 1473 4048 videat
1513 3997 1727 4048 tuo-bos
1755 4011 1874 4063 esse
1900 3997 2174 4067 graviores

597 4085 754 4141 quam
789 4085 844 4128 ut
874 4085 988 4132 arte
1017 4082 1190 4135 curari
1232 4075 1453 4150 possint,
1490 4100 1595 4140 non
1627 4088 1821 4141 omittit
1844 4098 2019 4144 tamen
2050 4088 2172 4143 ofﬂ-

599 4161 740 4220 cium
768 4177 946 4230 suum,
971 4177 1046 4234 ut,
1074 4171 1120 4224 si
1152 4170 1286 4226 forte
1316 4175 1481 4242 possit
1509 4191 1708 4246 aegrum
1737 4180 1818 4231 vcl
1849 4180 2006 4251 longo
2037 4192 2172 4237 tem-

601 4267 726 4321 pore
746 4269 1017 4323 reparare,
1047 4265 1404 4327 prirstantiam
1422 4267 1552 4319 artis
1568 4267 1808 4322 ostendat
1827 4287 1840 4322 :
1859 4270 2002 4339 quod
2023 4271 2068 4324 si
2094 4272 2174 4325 ni-

599 4343 673 4398 hil
699 4347 924 4416 amplius
953 4353 1211 4421 proliciat,
1246 4354 1434 4411 habeat
1467 4360 1862 4416 excusationem
1891 4362 2169 4429 majorem,

598 4449 664 4488 eo
687 4438 827 4504 quod
857 4439 990 4495 nihil
1013 4446 1415 4511 pra-termiserit
1441 4449 1580 4518 quod
1608 4451 1674 4504 ad
1701 4464 1758 4505 se
1788 4453 2099 4519 pertineret.

672 4527 1001 4584 Esset-renda
1027 4533 1403 4590 Sodomitarum
1422 4540 1657 4607 nequitia.
1687 4570 1756 4582 —-
1786 4542 1838 4595 ld
1861 4558 1988 4597 sane
2006 4553 2060 4598 et
2089 4544 2177 4599 hic

602 4619 795 4676 factum
817 4629 920 4674 cst.
947 4620 1131 4678 Justus
1160 4626 1300 4680 enim
1329 4627 1417 4681 hic
1453 4629 1542 4697 qui
1575 4631 1883 4686 versabatur
1904 4633 1957 4687 in
1999 4635 2174 4690 medio

601 4709 836 4775 illorum,
869 4712 1026 4766 etiam
1059 4716 1134 4768 sic
1153 4719 1344 4772 mansit
1365 4719 1559 4788 justus,
1592 4723 1917 4794 multamque
1940 4726 2174 4795 philoso-

600 4800 781 4867 phiam
831 4802 1072 4858 cxhihuit
1102 4824 1114 4857 :
1147 4807 1221 4861 illi
1274 4819 1448 4865 autem
1498 4822 1778 4883 propterea
1831 4815 1975 4870 omni
2020 4818 2172 4872 venia

596 4901 720 4947 sunt
750 4893 1006 4964 destituti,
1054 4899 1194 4968 quod
1235 4914 1337 4955 non
1386 4905 1554 4958 solum
1577 4920 1608 4959 a
1636 4907 1834 4960 malitia
1864 4922 1970 4961 non
1993 4922 2171 4964 cessa-

599 4984 723 5049 iint,
756 4985 848 5039 sed
875 4995 932 5041 ct
952 4989 1120 5057 magis
1139 5005 1256 5044 eant
1283 4995 1540 5048 auxerint.
1574 4994 1708 5050 Vide
1735 4997 1874 5051 enim
1909 5015 1920 5048 :
1951 4996 2178 5052 Circum-

598 5079 865 5142 dcderuut,
913 5077 1098 5148 inquit,
1141 5081 1345 5134 domum
1379 5100 1408 5134 α
1442 5086 1625 5153 juvene
1669 5104 1818 5154 usque
1870 5088 1938 5140 ad
1985 5105 2170 5156 senem,

602 5169 763 5222 omnis
790 5170 1009 5240 populus
1031 5173 1200 5227 simul.
1229 5174 1442 5228 Summa
1471 5175 1686 5231 malitia:
1710 5180 2053 5248 conspiratio,
2081 5196 2174 5236 vc-

602 5258 822 5313 l;cinens
858 5262 996 5316 male
1032 5265 1221 5333 agendi
1253 5266 1508 5330 studium,
1561 5268 1925 5327 inenarrabilis
1952 5287 2170 5342 perver-

602 5351 773 5403 sitatis
817 5355 1144 5421 magnitudo,
1195 5366 1418 5412 conatus
1449 5357 1590 5412 nulla
1607 5361 1758 5414 venia
1790 5361 1995 5428 dignus.
2022 5364 2062 5416 Α
2083 5367 2173 5432 ju-

603 5455 756 5503 tcne,
795 5439 984 5509 inquit,
1041 5461 1195 5513 usque
1235 5448 1302 5500 ad
1337 5465 1524 5502 senem.
1567 5447 1680 5505 Non
1711 5452 1911 5516 solum,
1960 5453 2168 5522 inquit,

606 5531 850 5591 inventus
881 5533 994 5588 haec
1017 5538 1149 5591 mala
1177 5539 1476 5608 inquirebat
1506 5556 1516 5589 τ
1555 5541 1648 5594 sed
1670 5550 1721 5596 et
1761 5553 2023 5611 provecta:
2045 5557 2170 5597 reta-

609 5629 674 5680 iis
725 5624 816 5678 viri
856 5626 1109 5691 aderant,
1153 5635 1221 5684 ἐι
1274 5633 1448 5685 omnis
1499 5634 1724 5703 populus
1768 5636 1944 5689 simul.
1988 5635 2171 5704 Neque

605 5716 988 5770 erubescebant
1012 5728 1114 5772 tam
1144 5731 1314 5790 turpe,
1341 5731 1553 5793 tamque
1580 5725 1857 5795 impudens
1893 5727 2169 5795 ﬂagitium,

608 5817 775 5874 mque
807 5811 1102 5864 insomnem
1130 5812 1336 5865 oculum
1380 5812 1713 5884 cogitabant,
1753 5829 1927 5887 neque
1969 5815 2169 5889 jusmm

2288 520 2694 586 reverebantur,
2717 535 2889 591 neque
2914 521 2978 575 iis
3003 533 3138 589 quos
3166 517 3406 589 hospites
3424 517 3820 573 arbitrabantur
3850 554 3873 582 ,

2288 613 2488 684 quique
2541 612 2680 683 apud
2724 613 2930 684 justum
2960 611 3290 668 diverterant
3323 609 3689 680 hospitalitate
3737 608 3874 664 insi-

2285 718 2444 773 gnem
2468 743 2483 769 ,
2529 704 2819 772 parcebant
2849 721 2863 757 :
2897 702 2992 758 sed
3025 701 3229 772 absque
3249 699 3468 766 rubore,
3500 709 3555 754 et
3584 698 3763 765 nudo,
3810 707 3876 754 ut

2284 794 2469 858 aiunt,
2501 794 2696 863 capite,
2728 794 2963 850 libidinis
2988 808 3103 849 suae
3138 793 3299 850 verba
3327 793 3589 858 dicentes,
3615 805 3872 848 accesse-

2286 894 2431 953 runt,
2458 895 2513 942 et
2559 896 2749 942 vocato
2773 886 2941 956 justo,
2974 885 3227 942 dixerunt
3245 885 3335 941 ei:
3373 884 3471 941 Ubi
3495 894 3614 939 sunt
3638 883 3738 938 uiri
3782 884 3873 955 qui

2285 979 2499 1050 ingressi
2521 987 2640 1033 sunt
2682 981 2752 1033 ad
2780 978 2905 1032 vos?
2925 976 3077 1032 Edric
3119 993 3205 1032 eos
3223 1017 3240 1042 ,
3281 985 3334 1030 ut
3360 990 3723 1048 cognoscamus
3761 989 3869 1029 eos.

2284 1071 2513 1139 Propter
2551 1070 2693 1128 hunc
2734 1085 2918 1126 eorum
2969 1069 3211 1125 illicitum
3235 1077 3519 1134 conatum,
3547 1078 3604 1124 et
3648 1065 3868 1139 impiam

2285 1159 2696 1229 perversitatem
2719 1201 2736 1227 ,
2789 1161 2980 1231 opinor
3018 1159 3221 1230 justum
3256 1172 3427 1230 usque
3461 1158 3528 1212 ad
3581 1170 3868 1230 vesperam

2283 1249 2509 1317 sedisse,
2541 1258 2692 1307 utne
2715 1249 2917 1306 sineret
2944 1251 3178 1306 viatores
3203 1249 3417 1321 ignaros
3441 1246 3682 1307 incidere
3709 1248 3765 1308 in
3791 1248 3868 1305 il-

2283 1340 2456 1396 lorum
2480 1341 2720 1410 laqueos.
2747 1340 2818 1395 Et
2835 1338 3014 1411 justus
3038 1339 3255 1411 quidem
3279 1355 3402 1396 cum
3422 1338 3786 1409 hospitalitate
3808 1347 3870 1397 et

2283 1444 2472 1500 magna
2499 1430 2747 1500 pudicitia
2773 1428 2911 1486 hanc
2934 1444 3149 1501 quoque
3172 1428 3417 1486 adhibuit
3435 1428 3790 1500 diligentiam,
3808 1437 3872 1486 ut

2279 1535 2470 1576 omnes
2493 1531 2878 1590 praetereuntes
2906 1522 3223 1592 susciperet,
3257 1520 3540 1591 nullusque
3577 1536 3702 1577 eum
3731 1520 3865 1578 late-

2281 1623 2396 1680 ret,
2428 1615 2551 1671 licet
2578 1628 2672 1670 eos
2709 1622 2834 1670 tunc
2880 1629 2986 1669 non
3016 1613 3236 1684 angelos
3268 1655 3282 1679 ,
3323 1611 3417 1669 sed
3465 1613 3711 1670 homines
3744 1626 3867 1670 esse

2284 1713 2517 1776 putaret.
2552 1706 2703 1777 lmpii
2729 1713 2908 1761 autem
2935 1705 3011 1762 illi
3039 1715 3393 1777 praeterquam
3431 1704 3574 1775 quod
3596 1705 3730 1760 nihil
3763 1704 3867 1761 talo

2280 1798 2525 1868 agebant,
2557 1797 2714 1870 quale
2743 1798 2920 1869 justus
2947 1797 3056 1864 ille,
3086 1812 3149 1853 ea
3180 1797 3354 1852 solum
3399 1803 3716 1867 perpetrare
3743 1803 3862 1851 stu-

2279 1888 2479 1944 debant
2503 1931 2518 1954 ,
2558 1905 2678 1961 quae
2703 1890 2993 1961 nequitiam
3016 1904 3229 1946 omnem
3259 1889 3420 1961 longo
3448 1887 3729 1945 intervallo
3773 1901 3866 1945 su-

2281 1989 2552 2050 perarent.
2598 1981 2825 2051 Propter
2845 1982 2946 2037 hoc
2970 1996 3100 2052 ergo
3132 1981 3184 2036 in
3212 1982 3384 2051 platea
3410 1979 3659 2035 volebant
3680 1993 3866 2036 mane-

2279 2088 2357 2138 re,
2390 2082 2446 2127 ut
2476 2072 2668 2128 darent
2699 2071 2852 2142 justo
2875 2071 3219 2129 occasionem
3237 2070 3547 2127 declarandi
3578 2070 3863 2142 hospitali-

2280 2175 2442 2221 tatem
2470 2180 2593 2237 erga
2621 2166 2766 2236 ipsos
2786 2181 2960 2232 suam,
2979 2174 3035 2245 et
3058 2155 3418 2222 monstrarem
3444 2166 3494 2222 ei
3511 2167 3684 2236 reipsa
3703 2179 3865 2237 quam

2276 2258 2433 2328 digne
2451 2256 2727 2328 suppliciis
2749 2255 2827 2312 illi
2848 2256 3207 2327 plecterentur
3233 2256 3329 2327 qui
3363 2257 3416 2312 in
3445 2265 3555 2312 tam
3581 2254 3862 2328 stupenda

2277 2347 2477 2420 ﬂagitia
2519 2356 2946 2419 prorumperent.

2347 2440 2406 2494 4.
2451 2438 2559 2495 Sed
2603 2438 2878 2497 videamus
2933 2439 3002 2497 de
3036 2448 3234 2496 caetero
3281 2439 3550 2510 ingentem
3589 2437 3718 2509 justi
3763 2437 3861 2494 viri

2277 2529 2548 2587 virtutem.
2581 2527 2634 2584 6.
2661 2528 2928 2601 Egressus,
2959 2528 3157 2600 inquit,
3187 2529 3256 2583 ad
3279 2544 3364 2583 eos
3405 2529 3475 2583 ad
3517 2528 3812 2583 uestibulum
3840 2567 3860 2594 ,

2268 2623 2488 2693 ianuam
2532 2621 2734 2693 quidem
2760 2621 2943 2677 clausit
2969 2632 3082 2692 post
3101 2637 3174 2688 se,
3204 2621 3429 2690 dixitque
3475 2620 3542 2674 ad
3571 2636 3676 2676 eos.
3727 2618 3864 2675 Vide

2275 2710 2550 2783 quomodo
2577 2712 2730 2768 timet
2753 2712 2952 2782 justus,
2982 2721 3037 2772 ct
3067 2711 3245 2767 tremit
3269 2726 3366 2782 pro
3410 2711 3679 2780 hospitum
3707 2724 3865 2767 secu-

2276 2805 2450 2858 ritate.
2487 2801 2670 2873 Neque
2712 2803 2857 2859 enim
2887 2810 3092 2858 tantum
3115 2803 3332 2874 januam
3380 2801 3571 2857 clausit
3616 2807 3739 2871 post
3777 2813 3860 2867 sc,

2275 2891 2370 2948 scd
2389 2893 2565 2948 sciens
2587 2907 2772 2948 eorum
2804 2893 3065 2948 insaniam
3092 2902 3148 2947 et
3175 2891 3476 2957 audaciam,
3506 2899 3560 2946 et
3583 2890 3865 2962 suspicans

2277 2999 2463 3042 eorum
2495 2985 2874 3053 temeritatem,
2901 2983 3098 3040 deinde
3147 2984 3319 3054 inquit
3364 2982 3431 3038 ad
3476 2997 3611 3038 eos:
3644 2979 3864 3051 Nequa-

2280 3093 2453 3147 quam,
2485 3079 2692 3148 fratres.
2741 3077 2786 3131 Ο
2808 3076 2937 3145 justi
2981 3076 3085 3130 viri
3133 3074 3500 3130 tolerantiam!
3530 3087 3565 3128 o
3591 3073 3864 3144 ingentem

2277 3168 2666 3224 humilitatem!
2703 3167 2828 3224 Ηωο
2865 3183 2994 3223 vera
3020 3167 3190 3222 virtus
3213 3176 3316 3231 est,
3354 3167 3426 3221 ita
3460 3173 3739 3221 mansuete
3778 3162 3867 3220 al-

2277 3260 2421 3332 loqui
2455 3261 2588 3316 talcs
2623 3260 2891 3316 homines.
2922 3261 3108 3315 Nullus
3155 3261 3297 3315 enim
3327 3274 3527 3329 aegrum
3552 3258 3738 3313 volens
3763 3270 3866 3313 cu-

2277 3365 2418 3418 rare,
2445 3359 2498 3406 et
2538 3351 2890 3406 insanientem
2918 3351 3200 3420 castigare,
3230 3365 3352 3404 cum
3387 3347 3661 3404 iracundia
3688 3359 3748 3403 et
3768 3362 3870 3402 au-

2276 3441 2517 3498 steritate
2549 3439 2652 3495 hoc
2678 3438 2825 3496 facit.
2857 3439 2925 3495 Et
2949 3439 3314 3495 animadverte
3342 3439 3613 3510 quomodo
3632 3453 3748 3502 eos,
3769 3439 3865 3510 qui

2278 3540 2387 3588 tam
2423 3531 2653 3588 absurda
2706 3542 2920 3602 patrare
2964 3531 3243 3596 volebant,
3269 3530 3464 3587 fratres
3501 3540 3674 3593 vocat,
3707 3539 3769 3584 ut
3809 3539 3870 3586 et

2277 3638 2464 3679 eorum
2493 3623 2850 3680 conscientias
2881 3633 3141 3695 tangeret,
3166 3632 3220 3678 et
3244 3640 3274 3678 a
3292 3623 3494 3678 nefario
3514 3621 3714 3692 ﬂagitio
3740 3620 3870 3677 illos

2276 3713 2585 3772 abduceret.
2623 3713 2993 3786 Nequaquam,
3051 3714 3236 3785 inquit,
3274 3717 3489 3784 fratres;
3517 3713 3671 3767 nolite
3693 3713 3869 3783 inique

2285 3825 2445 3880 agere.
2499 3807 2642 3864 Nihil
2675 3809 2782 3864 tale
2810 3808 3055 3878 cogitetis
3081 3849 3095 3874 ,
3126 3823 3194 3861 ne
3219 3806 3514 3861 admittatis
3545 3815 3649 3860 tam
3697 3819 3869 3876 gravo

2278 3901 2453 3971 scelus
2478 3900 2530 3956 in
2561 3909 2794 3957 mentem
2822 3909 3079 3963 vestram,
3110 3914 3178 3954 ne
3198 3908 3442 3953 naturam
3482 3899 3651 3966 ipsam
3677 3896 3864 3951 tradu-

2278 3995 2436 4061 catis,
2482 4009 2550 4050 ne
2574 3994 2790 4051 illicitos
2821 3993 3132 4064 excogitctis
3157 3992 3329 4046 coitus
3359 4007 3372 4043 :
3396 3989 3490 4045 sed
3517 3991 3561 4044 si
3589 3989 3868 4045 volueritis

2281 4085 2501 4141 insanire
2550 4093 2745 4141 vestrm
2792 4085 3026 4141 furorem
3074 4081 3414 4147 demulcere,
3457 4094 3556 4150 ego
3609 4078 3865 4150 quiddam

2275 4175 2548 4246 praebebo,
2594 4190 2702 4245 quo
2748 4175 3006 4244 ﬂagitium
3032 4183 3269 4229 vestrum
3297 4172 3466 4227 levius
3494 4171 3602 4226 tiat.
3638 4172 3692 4226 8.
3729 4170 3866 4226 Sunt

2279 4265 2403 4318 mihi
2430 4265 2546 4320 dua
2572 4267 2712 4335 ﬁliis,
2734 4280 2845 4335 qua:
2872 4265 3006 4320 uiros
3033 4281 3130 4318 non
3157 4270 3511 4334 cognouerunt.
3545 4261 3754 4328 Adhuc,
3783 4262 3869 4316 in-

2279 4358 2424 4427 quit,
2455 4358 2751 4429 inexpertat
2803 4365 2930 4412 sunt
2981 4356 3234 4426 nuptialis
3259 4369 3605 4426 congressus,
3650 4355 3866 4410 intacta!

2280 4458 2424 4516 sunt,
2448 4448 2672 4518 juvenes
2697 4457 2842 4512 sunt,
2872 4456 2927 4502 et
2955 4445 3129 4501 adhuc
3158 4446 3210 4500 in
3241 4443 3371 4500 ﬂore
3394 4444 3566 4499 mtatis
3597 4461 3610 4498 :
3642 4459 3735 4500 eas
3748 4459 3866 4500 om-

2282 4539 2436 4594 nibus
2467 4542 2736 4610 expositas
2765 4540 2858 4606 do,
2905 4548 2958 4595 ct
2983 4538 3190 4593 utimini
3216 4538 3294 4592 eis
3316 4538 3454 4592 sicut
3484 4535 3638 4591 vobis
3665 4537 3861 4606 placet.

2283 4632 2534 4701 Acceptis
2581 4631 2687 4686 illis
2712 4673 2726 4697 ,
2758 4631 2946 4701 inquit,
2979 4629 3188 4699 explete
3216 4639 3448 4685 vestram
3479 4629 3531 4683 in
3572 4629 3652 4683 eis
3685 4628 3864 4684 libidi-

2283 4739 2442 4788 nem,
2492 4731 2546 4778 et
2615 4722 2883 4792 indulgete
2937 4733 3126 4778 vestrae
3169 4721 3322 4775 mala:
3374 4720 3863 4791 concupiscentia):

2283 4816 2500 4870 Tantum
2541 4818 2592 4869 in
2615 4817 2746 4870 t'iros
2770 4815 2886 4869 illos
2915 4815 3041 4868 nihil
3074 4813 3290 4884 feceritis
3317 4812 3565 4883 iniquum,
3599 4823 3866 4881 propterea

2278 4911 2412 4978 quod
2437 4910 2745 4964 intrauerunt
2773 4906 2863 4960 sub
2885 4916 3010 4960 tectu
3043 4907 3292 4975 tignorum
3314 4921 3554 4958 meorum.
3578 4903 3863 4973 Quoniam.

2283 5000 2470 5069 inquit,
2500 5000 2649 5066 coegi
2681 5013 2774 5052 eos
2797 5007 2852 5051 ct
2891 4996 3071 5050 induxi
3104 4996 3201 5051 sub
3234 5004 3428 5050 tectum
3467 5011 3661 5061 meum,
3695 5004 3751 5048 ut
3796 5011 3867 5049 ne

2281 5091 2410 5144 mihi
2451 5089 2791 5142 adscribatur
2841 5087 3089 5157 iniquitas
3123 5088 3172 5140 in
3201 5100 3294 5141 eos
3321 5095 3549 5154 patrata,
3576 5095 3630 5141 et
3656 5099 3756 5155 ego
3785 5087 3866 5140 cis

2281 5190 2466 5233 auctor
2487 5178 2584 5232 sim
2609 5179 2966 5241 contumelim,
3002 5177 3199 5232 ideirco
3244 5190 3337 5245 pro
3364 5176 3444 5230 eis
3463 5176 3596 5230 duas
3621 5190 3769 5231 meas
3805 5173 3880 5224 li-

2281 5271 2378 5324 lias
2407 5269 2494 5329 do,
2529 5279 2586 5322 ut
2621 5269 2692 5322 illi
2739 5282 2768 5322 a
2797 5268 3042 5323 manibus
3070 5267 3264 5321 vestris
3310 5266 3626 5322 liberentur.
3652 5266 3874 5331 Quanta

2277 5363 2403 5431 justi
2435 5361 2644 5415 virtus?
2670 5375 2882 5419 omnem
2932 5362 3180 5415 virtutem
3235 5359 3614 5429 hospitalitatis
3640 5374 3871 5429 supcra-

2281 5456 2373 5506 vit.
2412 5452 2547 5520 Quid
2579 5453 2719 5507 enim
2767 5452 2886 5521 quis
2931 5451 3058 5522 justi
3117 5450 3275 5519 hujus
3303 5450 3628 5521 benignitate
3657 5459 3738 5506 sat
3775 5449 3871 5504 di-

2279 5560 2440 5614 gnum
2475 5542 2775 5612 protulerit,
2803 5543 2897 5613 qui
2947 5555 3118 5610 neque
3145 5540 3353 5596 filiabus
3393 5555 3615 5612 parcere
3645 5541 3813 5594 voluit
3844 5581 3864 5607 ,

2282 5645 2339 5689 ut
2364 5634 2640 5690 exhiberet
2667 5634 2963 5705 hospitibus
2991 5633 3272 5696 honorem,
3301 5641 3353 5688 et
3404 5632 3653 5688 liberaret
3696 5646 3790 5688 eos
3829 5649 3865 5688 ει

2285 5725 2631 5796 perversitate
2655 5724 3093 5782 Sodomitarum?
3122 5723 3187 5779 Et
3221 5723 3310 5778 ille
3342 5723 3557 5794 quidem
3589 5723 3720 5778 tilias
3736 5736 3868 5779 suas

2288 5815 2574 5889 prostituit,
2620 5827 2676 5874 ut
2724 5815 2961 5888 hospites
2991 5816 3220 5872 viatores
3250 5815 3467 5886 (iterum
3498 5816 3637 5872 enim
3669 5812 3861 5871 eadem
