4124 6498
249 417 341 475 399

243 532 628 596 ἀντιτείνοντας
658 533 749 587 καὶ
774 535 850 596 είς
879 533 976 602 τὴν
1013 535 1269 586 πλατεῖαν
1304 533 1604 588 καταλῦσαι
1640 534 1901 604 βουλομέ-

247 636 358 681 νους
381 618 562 684 (τοῦτο
590 620 645 672 δὲ
680 622 893 672 ἐποίουν
919 622 968 672 υί
996 621 1238 687 ἄγγελοι,
1286 622 1378 673 ἐπὶ
1405 621 1565 673 πλέον
1601 620 1904 688 ἐκκαλύψαι

243 705 332 773 τὴν
353 706 552 775 ἀρετὴν
578 706 885 776 βουλόμενοι
935 707 1025 759 τοῦ
1075 707 1305 770 δικαίου,
1336 708 1428 760 καὶ
1453 707 1739 760 παιδεῦσαι
1770 707 1906 759 πάν-

244 807 333 852 τας
355 794 520 861 ἡμᾶς,
558 794 653 862 ὅση
685 792 847 846 αὐτοῦ
874 795 907 863 ἡ
943 795 1256 863 φιλοξενία),
1291 794 1476 847 λοιπὸν
1506 795 1664 855 αὐτὸς
1696 794 1794 846 οὐκ
1825 792 1905 844 έτι

244 879 486 947 ἀνέχεται
513 881 598 932 διὰ
626 880 798 948 λόγων
827 881 923 950 τὴν
954 881 1296 950 παράκλησιν
1321 881 1606 942 ποιεῖσθαι,
1639 880 1773 932 ἀλλά
1812 879 1905 931 καὶ

247 965 357 1032 βίαν
385 966 676 1036 ἐπιτίθησι.
702 967 799 1020 Διά
829 967 981 1019 τοῦτο
1003 967 1094 1018 καὶ
1121 969 1147 1019 6
1177 967 1409 1036 Χριστὸς
1449 965 1621 1032 ἔλεγε·
1651 963 1901 1017 Βιασταὶ

243 1052 558 1118 ἁρπάζουσι
605 1053 721 1120 τὴν
758 1055 1086 1117 βασιλείαν
1122 1053 1242 1105 τῶν
1273 1051 1559 1119 οὐρανῶν.
1596 1051 1762 1104 Ἔνθα
1792 1055 1900 1120 γὰρ

244 1139 304 1191 ἀν
338 1141 703 1208 πνευματικὸν
742 1141 1023 1210 πρόκειται
1070 1140 1280 1209 κέρδος,
1323 1138 1576 1209 εῦκαιρος
1619 1141 1652 1208 ἡ
1686 1139 1900 1207 ἀνάγκη

242 1225 386 1294 καὶή
421 1225 510 1293 βία
545 1228 818 1297 ἐπαινετή.
851 1227 959 1279 Καὶ
987 1224 1370 1289 κατεϐιὰζετο,
1419 1225 1604 1293 φησιν,
1657 1226 1899 1290 αὐτούς.

253 1311 398 1380 Ἐμοὶ
429 1311 574 1364 δοκεῖ
598 1315 690 1364 καὶ
712 1311 940 1374 ἄκοντας
964 1312 1158 1373 αὐτοὺς
1180 1311 1303 1364 ἕλκε
1312 1328 1376 1363 ιν.
1409 1306 1540 1363 Εἶτα
1560 1310 1749 1380 ἐπειδὴ
1766 1306 1902 1362 εἶδον

239 1396 323 1449 τὸν
345 1397 547 1451 δίκαιον
567 1397 726 1467 έργον
764 1398 919 1450 τοῦτο
943 1397 1244 1466 τιθέμενον,
1277 1397 1370 1449 καὶ
1399 1396 1458 1449 οὐ
1485 1396 1752 1466 πρότερον
1796 1397 1904 1464 ἀφ-

241 1484 545 1555 ιστάμενον,
580 1486 627 1536 εἰ
657 1484 730 1554 μὴ
762 1483 821 1536 τὸ
849 1485 1278 1553 σπουδαζόμενον
1308 1482 1458 1552 αὐτῷ
1483 1485 1560 1546 είς
1581 1483 1740 1552 ἔργον
1768 1482 1905 1550 ἀγά-

237 1584 340 1636 γοι,
386 1567 748 1631 Ἐξέκλιναν,
784 1567 935 1635 φησι,
961 1567 1107 1634 πρὸς
1136 1566 1340 1631 αὐτὸν,
1375 1566 1475 1620 καὶ
1508 1565 1797 1633 εἰσῆλθον
1818 1567 1904 1630 είς

238 1656 336 1708 τὸν
365 1656 534 1708 οἷκον
551 1655 758 1710 αὐτοῦ.
806 1654 915 1708 Καί
959 1641 1482 1720 ἐποίησενάὑτοῒς
1511 1651 1662 1724 [459]
1694 1653 1901 1715 πότον,

237 1742 331 1795 καί
360 1739 616 1810 ἀζύμους
665 1744 894 1809 ἐπεψεν
955 1739 1181 1804 αὐτοῖς,
1217 1739 1316 1792 καί
1372 1740 1601 1808 ἔφαγον
1639 1739 1753 1807 πρὸ
1795 1739 1903 1794 τοῦ

235 1823 603 1893 κοιμηθῆναι.
661 1820 813 1888 Εἶδες
847 1824 941 1878 καὶ
967 1823 1200 1876 ἐνταῦθα
1230 1825 1331 1876 οὐκ
1355 1824 1412 1876 ἐν
1454 1823 1520 1892 τῇ
1582 1822 1903 1892 πολυτελείᾳ

233 1911 328 1980 τῆς
359 1911 635 1982 τραπέζης
657 1910 754 1981 τὴν
776 1910 1079 1979 φιλοξενίαν
1100 1909 1566 1980 ἐπιδεικνυμένην,
1597 1909 1733 1963 ἀλλά
1748 1911 1804 1962 ἐν
1835 1911 1901 1980 τῇ

232 1996 478 2068 δαψιλείᾳ
504 1999 600 2067 τῆς
628 1996 882 2068 γνώμης;
923 1998 1139 2068 Ἐπειδὴ
1168 1997 1275 2068 γάρ
1297 1999 1517 2067 ῖσχυσεν
1546 1998 1744 2060 αὐτοὺς
1793 2000 1903 2050 εἰσ-

232 2086 457 2152 αγαγεῖν
489 2085 569 2148 είς
603 2084 692 2137 τὺν
722 2078 869 2137 οἶκον
899 2084 1084 2146 αὐτοῦ,
1109 2083 1311 2148 εὐθέως
1341 2085 1409 2138 τά
1454 2085 1554 2155 τῆς
1599 2083 1900 2153 φιλοξενίας

231 2171 588 2225 ἐπεδείκνυτο.
614 2171 726 2224 Καὶ
752 2171 959 2234 ἐκεῖνος
993 2171 1091 2241 μὲν
1124 2171 1260 2242 πρὸς
1288 2171 1386 2241 τὴν
1408 2171 1701 2242 θεραπείαν
1722 2171 1900 2224 αὐτῶν

231 2257 686 2329 παρεσκευάζετο,
720 2258 812 2310 καὶ
832 2258 900 2309 τά
938 2258 1037 2327 τῆς
1065 2257 1359 2321 ἑστιάσεως
1385 2260 1636 2328 παρεῖχε,
1668 2260 1763 2312 καὶ
1794 2260 1901 2312 πᾶ-

231 2361 326 2399 σαν
345 2344 684 2399 ἐπεδείκνυτο
707 2343 874 2416 τιμὴν
919 2346 1014 2398 καὶ
1048 2343 1343 2415 θεραπείαν
1401 2344 1537 2414 πρὸς
1568 2347 1695 2408 τοὺς
1722 2362 1903 2416 παρα-

228 2433 569 2501 γινομένους,
614 2431 932 2502 ἀνθρώπους
972 2429 1170 2493 αὐτούς
1230 2446 1382 2493 τινας
1412 2431 1591 2495 δδίτας
1631 2428 1771 2484 εἶναι
1815 2448 1902 2484 νο·

229 2517 417 2588 μίζων.
447 2519 512 2570 οι
547 2516 616 2570 δὲ
655 2516 869 2584 ἄνδρες
897 2517 1010 2586 τῆς
1031 2517 1262 2581 πόλεως
1285 2517 1338 2568 οί
1373 2516 1679 2584 Σοδομῖται
1741 2530 1902 2583 περιρ

224 2605 580 2659 εκύκλιικγαν
605 2604 720 2672 τὴν
754 2605 951 2658 οὶκίαν
995 2603 1114 2658 ἀπὸ
1154 2606 1484 2660 νεανίσκου
1509 2605 1620 2670 ἕως
1650 2606 1902 2673 πρεσϐυ-

224 2689 415 2758 τέρου,
450 2690 569 2756 πᾶς
595 2692 629 2745 ὁ
652 2691 802 2756 λαὸς
831 2690 972 2759 ἅμα,
1003 2690 1100 2743 καί
1147 2688 1550 2754 ἐξεκαλοῦντο
1584 2690 1695 2744 τὸν
1745 2690 1898 2760 Λὼτ,

223 2779 320 2832 καί
353 2780 565 2848 ἔλεγον
596 2780 745 2846 πρὸς
781 2781 985 2833 αὐτόν·
1019 2777 1146 2832 Ποῦ
1183 2782 1340 2833 εἰσιν
1367 2781 1422 2833 οἱ
1448 2779 1662 2849 ἄνδρες
1690 2783 1742 2835 οὶ
1773 2783 1900 2834 είσ-

221 2866 496 2931 ιιθόντες
578 2866 729 2933 πρὸς
781 2865 857 2918 σὲ
906 2865 1022 2933 τὴν
1054 2866 1244 2920 νύκτα
1259 2882 1279 2929 ;
1350 2866 1631 2935 ‘EEdrays
1675 2867 1902 2934 αὐτοὺς

222 2952 371 3021 πρὸς
394 2951 572 3021 ἡμᾶς,
607 2954 708 3005 ἵνα
743 2952 1165 3021 συγγενώμεθα
1184 2953 1405 3017 αὐτοῖς.
1445 2953 1535 3023 Μὴ
1567 2952 1754 3017 ἁπλῶς
1799 2970 1901 3006 πα-

224 3039 613 3109 ραδράμωμεν,
648 3039 944 3109 ἀγαπητοὶ,
976 3037 1046 3091 τά
1075 3039 1358 3110 εἰρημένα,
1395 3039 1528 3109 μηδὲ
1565 3039 1724 3109 μόνον
1777 3037 1902 3093 τούο

221 3139 330 3178 των
357 3124 555 3195 ῖδωμεν
580 3124 677 3193 τὴν
713 3126 911 3195 μανίαν
937 3125 1034 3194 τὴν
1088 3127 1269 3195 πάσης
1292 3125 1621 3196 συγγνώμης
1668 3128 1900 3182 ἀπεστε-

226 3212 492 3282 ρημένην·
544 3211 657 3263 ἀλλ’
716 3213 1099 3283 ἐννοήσωμεν,
1147 3213 1263 3276 πῶς
1315 3215 1343 3265 6
1390 3213 1596 3276 δίκαιος
1651 3215 1708 3268 ἐν
1749 3215 1900 3286 μέσῳ

220 3298 476 3352 τοιούτων
509 3297 715 3369 θηρίων
737 3299 908 3362 οὕτως
941 3297 1242 3352 ἀλλοκότων
1264 3298 1448 3364 οίκῶν,
1467 3299 1609 3354 οὑτω
1638 3300 1899 3372 διέλαμψε

220 3387 316 3441 καὶ
341 3386 604 3456 τοσαύτης
625 3388 826 3458 ἀρετῆς
848 3387 1150 3458 ὑπερϐολὴν
1177 3389 1502 3454 ἐπεδείξατο,
1520 3389 1638 3453 πῶς
1657 3391 1900 3458 ἐνεγκεῖν

219 3473 457 3545 ἠδυνήθη
485 3474 584 3544 τὴν
607 3473 836 3544 ἀνομίαν
869 3474 1070 3537 αὐτῶν,
1112 3475 1228 3537 πῶς
1249 3476 1349 3528 οὐκ
1387 3476 1556 3545 ἔφυγε
1581 3478 1680 3548 τὴν
1712 3477 1900 3532 αὐτόθι

216 3560 456 3631 οἴκησιν,
488 3561 606 3622 πῶς
625 3562 722 3631 τῆς
753 3561 890 3632 πρὸς
909 3561 1106 3624 αὐτοὺς
1133 3561 1416 3626 διαλέξεως
1463 3563 1724 3634 ἠνείχετο.
1755 3565 1898 3630 Πῶς,

217 3646 334 3716 ἐγὼ
349 3647 512 3716 λέγω.
544 3648 816 3718 Προειδὼς
850 3650 878 3701 6
897 3650 1004 3701 τῶν
1029 3648 1167 3701 ὅλων
1200 3649 1478 3720 Δεσπότης
1498 3650 1596 3722 τὴν
1626 3651 1902 3723 ὑπερϐάλ-

217 3733 419 3787 λουσαν
459 3734 638 3787 αὐτῶν
664 3735 948 3807 πονηρίαν,
1002 3735 1320 3806 ᾠκονόμησε
1353 3736 1444 3788 τὸν
1469 3737 1677 3791 δίκαιον
1711 3739 1900 3793 τοῦτον

216 3819 411 3874 αὐτόθι
436 3822 780 3890 κατοικῆσαι,
806 3821 892 3873 ἵνα
919 3821 1172 3892 καθάπερ
1207 3823 1391 3893 ἰατρὸς
1414 3824 1636 3893 ἀριστος
1674 3825 1781 3878 τῶν
1796 3827 1899 3898 ἀρο

218 3907 597 3977 ῥωστημάτων
652 3907 831 3961 αὐτῶν
872 3908 1252 3978 περιγενέσθαι
1296 3910 1520 3982 δυνηθῇ.
1580 3911 1718 3964 Ἀλλ’
1757 3911 1900 3983 δρῶν

216 3994 421 4057 αὐτοὺς
449 3994 643 4046 ἀνίατα
684 3994 995 4057 νοσοῦντας,
1027 3994 1122 4048 καὶ
1161 3995 1429 4066 μηδεμίαν
1460 3997 1755 4068 θεραπείαν
1780 4001 1901 4052 ἐπι.

213 4079 476 4144 δέξασθαι
510 4079 893 4150 βουλομένους,
920 4081 1039 4133 οὐδὲ
1067 4081 1238 4143 οὑτως
1283 4083 1596 4151 ἀφίσταται.
1651 4084 1901 4139 Τοιοῦτον

215 4162 330 4232 γάρ
357 4162 388 4214 6
423 4163 624 4233 ἱατρός*
665 4162 770 4215 κᾶν
799 4163 881 4233 ῐδῃ
916 4164 983 4216 τά
1013 4163 1160 4234 πάθη
1197 4164 1433 4219 νικῶντα
1457 4166 1557 4236 τὴν
1587 4168 1803 4239 τέχνην,
1837 4169 1898 4222 οὐ

215 4243 460 4296 παύεται
486 4245 552 4297 τά
581 4247 710 4316 παρ’
756 4247 951 4299 ἐαυτοῦ
981 4246 1226 4317 πληρῶν,
1252 4247 1360 4314 ἴνα,
1396 4247 1463 4300 ἂν
1495 4250 1594 4318 μὲν
1624 4250 1702 4319 τῷ
1725 4252 1901 4322 χρόνῳ

212 4326 670 4397 ἀνακτήσασθαι·
713 4327 911 4400 δυνηθῇ
933 4329 1026 4382 τὸν
1057 4329 1355 4400 κάμνοντα,
1378 4332 1526 4403 δείξῃ
1551 4335 1650 4403 τὴν
1676 4351 1898 4406 περιου-

213 4408 344 4461 σίαν
374 4408 474 4478 τῆς
494 4409 709 4478 τέχνης’
749 4411 796 4462 εί
848 4410 906 4462 δὲ
937 4410 1104 4480 μηδὲν
1134 4411 1294 4464 πλέον
1324 4411 1498 4476 ἀνύει,
1541 4413 1637 4483 ἔχῃ
1671 4415 1771 4484 τὴν
1801 4433 1899 4484 με-

209 4491 414 4558 γίστην
446 4489 760 4556 ἀπολογίαν,
779 4491 859 4543 ὅτι
887 4492 1039 4544 οὐδὲν
1072 4492 1179 4545 τῶν
1212 4493 1599 4563 προσηκόντων
1630 4498 1708 4558 είς
1740 4495 1900 4548 αὐτὸν

210 4571 539 4643 παρέλιπεν·
571 4571 600 4623 6
621 4571 684 4640 δὴ
711 4572 802 4623 καὶ
833 4573 1066 4625 ἐνταῦθα
1106 4573 1414 4643 γεγένηται.
1458 4576 1515 4628 ’0
1565 4576 1662 4645 μὲν
1686 4577 1794 4647 γὰρ
1817 4576 1897 4628 δί-

208 4666 373 4714 καιος
397 4647 552 4715 οὗτος
586 4653 679 4705 καὶ
722 4651 927 4706 τούτων
962 4655 1019 4706 ἐν
1073 4656 1223 4724 μέσῳ
1275 4657 1766 4727 ἀναστρεφόμενος,
1806 4658 1898 4710 καὶ

207 4733 392 4797 οὕτως
426 4735 582 4804 ἔμενε
623 4736 830 4799 δίκαιος
865 4737 1067 4807 πολλὴν
1116 4738 1215 4807 τὴν
1265 4738 1582 4806 φιλοσοφίαν
1623 4740 1898 4795 ἐκδεικνύ-

210 4832 402 4887 μενοςο
444 4820 639 4872 ἐκεῖνοι
659 4819 715 4871 δὲ
757 4820 851 4872 καὶ
883 4820 970 4873 διὰ
995 4821 1152 4873 τοῦτο
1181 4817 1322 4890 ἦσαν
1349 4821 1529 4893 πάσης
1569 4824 1897 4896 συγγνώμης

207 4899 678 4970 ἀπεστερημένοι,
724 4902 806 4956 ὅτι
837 4902 897 4954 οὐ
954 4902 1114 4973 μόνον
1147 4903 1245 4955 οὐκ
1277 4903 1472 4973 ἔληξαν
1527 4905 1626 4976 τῆς
1675 4908 1894 4973 κακίας,

208 4979 352 5033 ἀλλά
373 4981 466 5033 καὶ
498 4981 695 5050 μᾶλλον
729 4981 898 5053 αὐτὴν
931 4984 1231 5037 ἐπέτεινάν.
1272 4985 1413 5054 ’Ὀρα
1463 4987 1592 5057 γάρ·
1623 4991 1898 5056 Περιεκύ-

212 5069 486 5131 agimur,
506 5067 660 5136 φησὶ,
675 5067 790 5133 τὴν
805 5071 1000 5122 οὶκίαν
1027 5070 1144 5124 ἀπὸ
1163 5072 1487 5126 νεανίσκου
1509 5072 1616 5139 ἕως
1640 5077 1899 5142 πρεσϐύ-

207 5156 417 5240 του-,ρ
445 5152 594 5240 ,ίαὸς
630 5154 770 5240 ἄρα.
825 5156 1069 5240 Μεγίστη
1105 5157 1203 5225 τῆς
1241 5159 1558 5240 πονηρίαςὴ
1585 5163 1893 5230 συμφωνία,

208 5234 391 5304 πολλὴ
433 5236 531 5304 τῆς
562 5237 762 5300 κακίας
812 5237 1039 5308 ηφορά,
1081 5241 1284 5307 ἄφατος
1313 5234 1413 5310 τῆς
1461 5243 1808 5313 παρανομίας
1863 5249 1896 5317 ή

207 5320 516 5394 ὑπερϐολὴ,
566 5323 948 5390 ἀσύγγνωστος
995 5327 1028 5395 ή
1080 5326 1440 5397 ἐπιχείρησις.
1507 5329 1650 5382 Ἀπὸ
1701 5333 1898 5384 νεανί-

208 5419 406 5484 axoni,
438 5407 621 5474 φησὶν,
652 5407 763 5472 ἕως
803 5409 1161 5474 πρεσϐύτου.
1197 5411 1271 5461 Οὐ
1307 5411 1467 5478 μόνον
1494 5413 1526 5480 ἠ
1560 5413 1768 5480 νεότης,
1790 5432 1890 5484 φη-

208 5487 326 5546 σὶν,
359 5481 427 5555 ἦν
461 5489 495 5558 η
532 5488 601 5540 τὰ
625 5490 912 5560 παράνομα
943 5491 1116 5544 ταῦτα
1149 5491 1501 5561 ἐπιζητοῦσα,
1563 5492 1700 5546 ἀλλά
1727 5481 1819 5548 καί
1846 5481 1894 5548 οί

205 5567 524 5638 πρεσϐῦται
560 5571 658 5640 τὴν
681 5571 917 5640 ἡλικίαν,
967 5575 1060 5626 καὶ
1099 5576 1254 5636 πᾶςό
1297 5575 1424 5638 λαὸς
1458 5576 1594 5645 ἀμα.
1632 5577 1742 5630 Καὶ
1773 5578 1895 5632 οὐτε

203 5649 318 5720 τὴν
345 5649 550 5720 τόλμαν
580 5652 678 5722 τὴν
707 5655 897 5725 ἀναιδῆ
929 5656 1021 5708 καὶ
1044 5657 1397 5726 ἀναίσχυντον
1418 5657 1620 5727 ταύτην
1649 5659 1893 5728 ᾐδοῦντο,

205 5729 343 5785 οὔτε
365 5730 455 5786 τὸν
480 5733 775 5805 ἀκοίμητον
799 5737 1074 5808 ὀφθαλμὸν
1092 5740 1172 5801 είς
1196 5739 1404 5792 ἐννοιαν
1427 5739 1750 5810 ἐλάμϐανον,
1768 5742 1893 5798 οὔτε

287 5864 312 5942 ,'
359 5863 811 5942 5}.Y"-..F£q“f<"m
842 5871 1049 5942 ωτι.τῷ
1073 5872 1230 5942 κρίὲνφ
1258 5873 1577 5942 περιγένηται
1618 5873 1892 5942 ἀνακτήσα-

211 5921 354 5997 ςθᾳι,
369 5930 480 5997 μοι
505 5926 564 5997 ξι
588 5921 734 5997 ρεύιο
756 5940 866 5992 post
902 5921 1051 5980 iidczh
1073 5921 1284 5994 ΓΞὶιὶιιίιοι
1305 5921 1588 5984 δὶἐειδίίιιίιιέι
1629 5937 1766 5997 parvi
1786 5921 1892 5986 ἤιο-

210 5987 381 6035 Inenli
405 5987 658 6037 exhibent.

615 6035 888 6131 ΡΑτιιοι.
934 6073 1052 6135 Gn.
1073 6035 1261 6135 ἰιν.

1353 420 1418 474 IN
1460 420 1611 477 CAP.
1656 419 1773 474 XIX
1814 417 2059 474 GENES.
2105 414 2339 472 IIOMIL.
2381 378 2559 473 xuii.

3581 413 3686 469 600

2012 532 2101 586 τὸν
2131 533 2336 585 δίκαιον
2364 534 2678 603 ᾐσχύνοντο,
2731 529 2852 584 οὔτε
2885 530 2992 582 τῶν
3021 528 3185 594 ξένων
3207 525 3573 598 νομιζομένων
3596 531 3691 580 καὶ

2009 619 2102 670 ἐπὶ
2149 618 2248 688 τὴν
2303 619 2396 671 τοῦ
2455 617 2663 670 δικαίου
2699 616 3004 686 φιλοξενίαν
3056 614 3242 667 αὐτόθι
3273 611 3692 666 καταλυσάντων

2007 705 2318 770 ἐφείδοντο,
2363 706 2491 758 ἀλλ’
2542 703 3078 775 ἀπηρυθριασμένως
3123 701 3218 755 καὶ
3255 702 3459 770 γυμνῇ,
3491 698 3568 760 ὡς
3610 698 3690 749 ει·-

2007 793 2146 852 πεῖν,
2199 794 2264 859 τῇ
2300 791 2504 860 κεφαλῇ
2537 791 2605 844 τὰ
2658 793 2758 860 τῆς
2804 789 3090 855 ἀσελγείας
3130 791 3312 841 ἐκεῖνα
3357 791 3575 856 ῥήματα
3604 783 3692 835 λέ-

2008 894 2193 944 γοντες
2225 878 2373 949 [410]
2402 879 2677 948 προσίασι,
2721 879 2814 930 καὶ
2843 877 3174 938 καλέσαντες
3205 876 3297 926 τὸν
3330 875 3558 927 δίκαιον.
3582 871 3692 922 ἔλε-

2007 980 2102 1030 γεν
2139 965 2276 1033 πρὸς
2304 965 2488 1016 αὐτόν·
2521 965 2643 1018 Ποῦ
2687 967 2843 1018 εἰσιν
2882 967 2931 1015 οἱ
2979 963 3194 1029 ἄνδρες
3221 964 3274 1013 οὶ
3308 960 3693 1023 εἰσελθόντες

2007 1051 2158 1118 πρὸς
2177 1051 2332 1119 ὑμᾶς
2357 1071 2375 1115 ;
2420 1051 2706 1121 Ἐξάγαγε
2739 1050 2981 1113 αὐτοὺς,
3009 1052 3109 1103 ἵνα
3141 1047 3562 1118 συγγενώμεθα
3583 1046 3692 1099 αὺ-

2005 1139 2148 1204 τοῖς.
2176 1139 2276 1191 Διά
2306 1140 2510 1210 ταύτην
2543 1140 2723 1194 αὐτῶν
2746 1136 2899 1209 οἶμαι
2922 1140 3019 1208 τὴν
3065 1138 3432 1208 ἐπιχείρησιν,
3459 1136 3552 1188 καὶ
3591 1131 3691 1202 τὴν

2004 1228 2320 1297 παράνομον
2354 1227 2639 1298 πονηρίαν,
2677 1227 2887 1280 καὶτὸν
2917 1227 3123 1278 δίκαιον
3163 1224 3323 1294 μέχρι
3387 1222 3485 1292 τῆς
3527 1218 3692 1274 ἐσπέ‹

2009 1329 2107 1383 ρας
2146 1314 2594 1383 παρακαθῆσθαι,
2643 1313 2784 1366 ὥστε
2825 1314 3017 1383 μηδενὶ
3053 1312 3410 1381 συγχωρῆσαι
3439 1308 3548 1360 τῶν
3581 1307 3694 1360 ὁδιο

2003 1401 2111 1453 τῶν
2141 1401 2419 1468 ἀγνοοῦντι
2453 1404 2770 1471 περιπεσεῖν
2823 1403 2942 1462 ταῖς
2975 1399 3201 1451 ἐκείνων
3235 1397 3462 1465 πάγαις.
3514 1395 3622 1448 Καὶ
3661 1394 3692 1446 6

2006 1486 2105 1556 μὲν
2143 1487 2347 1550 δίκαιος
2379 1488 2515 1557 μετὰ
2543 1488 2642 1555 τῆς
2695 1486 3022 1555 φιλοξενίας,
3082 1484 3175 1537 καί¹
3203 1483 3302 1553 τῆς
3333 1480 3690 1552 σωφροσύνης

2002 1571 2102 1643 τῆς
2165 1574 2369 1636 οἰκείας
2421 1574 2862 1644 ἐπιδεικνύμενος
2923 1573 3022 1643 τὴν
3072 1569 3420 1642 ὑπερϐολὴν,
3479 1567 3689 1636 ταύτην

2002 1659 2238 1713 ἐποιεῖτο
2269 1661 2369 1729 τὴν
2402 1661 2633 1730 σπουδὴν
2677 1659 2818 1713 ὥστε
2872 1659 3083 1720 πάντας
3114 1659 3240 1720 τοὺς
3291 1654 3689 1726 παροδεύοντας

2003 1745 2377 1816 ὑποδέχεσθαι,
2413 1747 2508 1800 καὶ
2561 1747 2752 1817 μηδεὶς
2780 1746 2943 1800 αὐτὸν
3000 1744 3174 1802 λάθοι.
3211 1743 3260 1795 εί
3291 1743 3386 1796 καὶ
3427 1740 3563 1803 τέως
3587 1740 3691 1793 οὐκ

2002 1831 2287 1900 ἀγγέλους,
2321 1832 2435 1885 ἀλλ’
2472 1832 2796 1903 ἀνθρώπους
2825 1828 2962 1884 εἶναι
2999 1829 3273 1900 ἐνόμιζεν.
3306 1828 3370 1880 Ol
3402 1827 3460 1881 δὲ
3512 1825 3691 1896 παρά-

2002 1919 2156 1988 νομοι
2179 1920 2374 1971 ἐκεῖνοι
2397 1919 2537 1988 μετά
2563 1918 2658 1971 τοῦ
2689 1919 2854 1988 μηδὲν
2876 1916 3117 1971 τοιοῦτον
3143 1912 3549 1968 ἐπιδείκνυσθαι
3576 1907 3690 1965 οἷον

2000 2003 2029 2054 6
2066 2004 2294 2067 δίκαιος,
2320 2005 2389 2057 τὰ
2417 2006 2596 2056 πᾶσαν
2621 2005 2822 2057 κακίαν
2848 2002 3275 2072 ἀποκρύπτοντα
3313 2000 3451 2070 μόνα
3483 1997 3690 2068 τολμᾷν

2001 2091 2344 2161 ἐπετήδευον.
2387 2091 2486 2143 Διά
2526 2090 2684 2144 τοῦτο
2725 2087 2820 2143 οὖν
2858 2091 2936 2152 είς
2977 2090 3077 2159 τὴν
3109 2088 3370 2141 πλατεῖαν
3403 2085 3688 2139 ἐϐούλοντο

2000 2176 2319 2241 καταλῦσαι,
2344 2178 2432 2230 ἵνα
2467 2178 2792 2248 παράσχωσι
2814 2175 2891 2247 τῷ
2912 2177 3107 2246 δικαίῳ
3129 2170 3688 2246 ἀφορμὴνηὲπιδείξα-

2003 2263 2126 2317 σθαι
2154 2265 2251 2334 τὴν
2279 2267 2408 2334 περὶ
2436 2266 2634 2327 αὐτοὺς
2659 2263 2988 2332 φιλοξενίαν,
3018 2263 3114 2315 καὶ
3151 2249 3401 2327 δείξωσίν
3427 2258 3575 2327 αὐτῷ
3599 2257 3691 2311 διά

1999 2350 2108 2404 τῶν
2139 2351 2314 2423 ἔργων
2334 2351 2409 2414 ὡς
2437 2350 2594 2417 ἀξίαν
2621 2350 2906 2420 μέλλουσιν
2931 2348 3261 2416 ὑφίστασθαι
3277 2347 3375 2416 τὴν
3393 2343 3687 2416 τιμωρίαν,

1999 2435 2144 2490 οὕτω
2171 2438 2267 2506 τὴν
2301 2436 2645 2506 παρανομίαν
2676 2435 2794 2506 μεθ’
2821 2435 3127 2505 ὑπερϐολῆς
3161 2431 3614 2502 ἐπιδεικνύμενοι.

2069 2522 2130 2576 δ’.
2186 2521 2325 2576 Ἀλλ’
2359 2524 2559 2592 ἴδωμεν
2611 2521 2796 2574 λοιπὸν
2839 2520 2935 2573 τοῦ
2976 2520 3184 2574 δικαίου
3232 2521 3332 2589 τῆς
3375 2518 3582 2588 ἀρετῆς
3627 2513 3692 2569 τὸ

2003 2608 2250 2680 μέγεθος.
2269 2608 2586 2671 Ἐξελθὼν,
2601 2608 2756 2678 φησὶ,
2775 2606 2925 2676 πρὸς
2954 2605 3178 2671 αὐτοὺς
3207 2605 3358 2673 πρὸς
3384 2602 3452 2656 τὸ
3469 2601 3692 2669 πρόθυο

1992 2711 2127 2762 ρον,
2147 2693 2262 2762 τὴν
2283 2694 2402 2764 μὲν
2428 2695 2618 2761 θύραν
2645 2693 3015 2762 προσέῳξεν,
3028 2688 3159 2745 εἶπε
3188 2689 3255 2743 δὲ
3270 2689 3421 2757 πρὸς
3441 2687 3690 2752 αὐτούς.

2003 2781 2144 2852 Ὅρα
2191 2781 2309 2844 πῶς
2336 2781 2578 2834 δέδοικεν
2620 2781 2649 2833 6
2675 2781 2882 2844 δίκαιος
2909 2780 3003 2833 καὶ
3039 2779 3234 2850 τρέμει
3258 2775 3400 2847 ὑπὲρ
3430 2775 3532 2844 τῆς
3576 2772 3692 2828 τῶν

2000 2867 2168 2933 ξένων
2209 2867 2530 2938 ἀσφαλείας.
2575 2868 2708 2922 Οὐδὲ
2755 2867 2862 2937 γὰρ
2914 2866 3101 2928 ἁπλῶς
3153 2865 3252 2935 τὴν
3310 2863 3481 2935 θύραν
3520 2876 3692 2933 προσ-

1999 2955 2165 3025 έῳξεν
2196 2956 2373 3008 ὀπίσω
2409 2954 2600 3019 αὐτοῦ,
2627 2952 2742 3008 ἀλλ’
2772 2953 2936 3018 είδὼς
2979 2951 3162 3007 αὐτῶν
3207 2951 3306 3022 τὴν
3347 2949 3547 3021 μανίαν
3594 2946 3694 3002 καὶ

1996 3042 2369 3115 τδτολμηρὺν,
2408 3045 2503 3097 καὶ
2535 3042 2886 3114 ὑφορώμενος
2928 3043 3109 3095 αὐτῶν
3160 3041 3261 3111 τὴν
3318 3039 3688 3110 προπέτειαν,

1998 3124 2120 3183 εῐτά
2147 3145 2280 3200 φησι
2311 3129 2448 3200 πρὸς
2474 3129 2675 3193 αὐτούς
2699 3145 2712 3160 ⁸
2746 3127 3062 3197 Μηδαμῶς,
3085 3125 3359 3196 ἀδελφοί.
3385 3127 3449 3179 Ὢ
3469 3125 3569 3196 τῆς
3588 3124 3704 3180 τοῦ»

1997 3215 2206 3271 δικαίου
2261 3215 2672 3287 μακροθυμίας,
2712 3215 2758 3269 ὣ
2808 3214 3317 3284 ταπεινοφροσύνης
3377 3211 3682 3284 ὑπερϐολή.

2004 3302 2177 3356 Τοῦτο
2209 3302 2427 3372 ἀληθῶς
2458 3301 2660 3372 ἀρετὴ,
2682 3300 2743 3354 τὸ
2785 3301 2902 3371 μετ’
2933 3301 3238 3363 ἐπιεικείας
3281 3301 3398 3362 τοῖς
3425 3296 3691 3362 τοιούτοις

2005 3388 2435 3460 προσφέρεσθαι.
2495 3388 2683 3451 Οὐδεὶς
2736 3388 2846 3456 γάρ
2892 3387 2984 3440 τὸν
3049 3385 3312 3440 νοσοῦντα
3351 3384 3690 3456 θεραπεῦσαι

2001 3473 2343 3544 βουλόμενος,
2373 3475 2467 3527 καὶ
2496 3473 2589 3527 τὸν
2620 3474 2943 3544 μαινόμενον
2970 3473 3327 3547 σωφρονίσαι,
3349 3473 3487 3543 μετά
3512 3471 3689 3542 θυμοῦ

1999 3562 2094 3615 καὶ
2128 3562 2427 3634 αὐστηρίας
2472 3561 2629 3615 τοῦτο
2678 3563 2819 3614 ποεῖ.
2875 3561 3077 3614 Σκόπει
3133 3559 3262 3631 γὰρ,
3306 3558 3426 3622 πῶς
3455 3556 3584 3620 τοὺς
3619 3557 3692 3611 τά

1998 3647 2224 3701 τοιαῦτα
2269 3651 2608 3719 παρανομεῖν
2662 3648 3020 3718 βουλομένους
3062 3647 3329 3716 ἀδελφοὺς
3376 3645 3569 3710 καλεῖ,
3597 3644 3692 3698 ιν-

1997 3734 2194 3807 τρέψαι
2222 3735 2418 3798 αὐτοὺς
2450 3735 2792 3806 βουλόμενος,
2849 3735 2944 3788 καὶ
2988 3734 3313 3789 καθικέσθαι
3363 3731 3545 3788 αὐτῶν
3581 3729 3688 3802 τῆς

2002 3821 2379 3893 συνειδήσεως,
2410 3822 2506 3875 καὶ
2558 3822 2867 3892 ἀποστῆσαι
2905 3822 3102 3884 αὐτοὺς
3145 3821 3245 3892 τῆς
3287 3820 3690 3891 ἐπιχειρήσεως

1998 3908 2095 3979 τῆς
2131 3910 2349 3978 μιαρᾶς.
2380 3907 2696 3978 Μηδαμῶς,
2734 3908 2918 3980 φησιν,
2945 3908 3199 3978 ἀδελφοί
3233 3923 3247 3939 ’
3270 3906 3358 3977 μὴ
3387 3905 3693 3974 πονηρεύ-

1999 3997 2213 4062 σησθε.
2234 3990 2444 4064 Μηδὲν,
2479 3995 2634 4065 φησι,
2663 3995 2903 4049 τοιοῦτον
2935 3994 3249 4066 λογίσησθε,
3281 3993 3356 4065 μὴ
3384 3993 3486 4063 τὴν
3519 4008 3690 4061 πονη-
3737 4032 3754 4037 _.

2005 4083 2103 4154 ράν
2141 4083 2347 4154 ταύτην
2378 4083 2577 4153 πρᾶξιν
2604 4084 2929 4154 ἐννοήσητε,
2974 4083 3108 4154 μηδὲ
3155 4081 3256 4152 τὴν
3307 4080 3471 4150 φύσιν
3516 4079 3693 4148 αὐτὴν

1998 4169 2565 4241 παραδειγματίσητε,
2603 4169 2737 4240 μηδὲ
2789 4169 3062 4239 ἀθέσμους
3103 4169 3430 4239 ἐπινοήσητε
3460 4166 3635 4238 μίξεις
3671 4179 3688 4196 ο

2003 4257 2118 4310 ἀλλ’
2155 4258 2202 4310 εί
2229 4258 2322 4311 καὶ
2357 4256 2614 4324 βούλεσθε
2643 4257 2744 4327 τῆς
2775 4257 2972 4327 μανίας
3011 4256 3167 4327 ὑμῶν
3206 4256 3300 4308 τὸν
3329 4253 3546 4325 οἶστρον
3585 4271 3691 4308 πα-

2007 4343 2448 4414 ραμυθήσασθαι,
2488 4343 2600 4411 ἐγὼ
2639 4344 2797 4396 τοῦτο
2858 4343 3117 4414 παρέξω,
3171 4343 3313 4396 ὥστε
3358 4341 3692 4412 κουφότερον

2002 4431 2156 4500 ὑμῶν
2187 4431 2443 4498 γενέσθαι
2470 4431 2531 4483 τὸ
2558 4431 2836 4501 τόλμημα.
2859 4431 3103 4499 Είσίμοι
3125 4428 3236 4483 δύο
3265 4427 3609 4500 θυγατέρες,
3626 4426 3692 4479 aI

2001 4517 2113 4568 οὐκ
2137 4516 2414 4584 ἔγνωσαν
2442 4515 2692 4583 ἄνδρας.
2742 4516 2885 4580 Ἔτι,
2941 4517 3131 4583 φησιν,
3172 4514 3391 4587 ἄπειροί
3435 4517 3542 4567 είσι
3577 4529 3693 4580 γα·-

2004 4603 2168 4671 μικῆς
2201 4602 2524 4665 συνουσίας,
2578 4603 2850 4671 ἀνέπαφοι
2890 4603 3283 4672 τυγχάνουσιν,
3332 4603 3390 4655 ἐν
3436 4602 3573 4672 αὐτῇ
3623 4603 3690 4672 τῇ

2000 4689 2152 4758 ἀκμῇ
2181 4688 2283 4758 τῆς
2316 4688 2531 4760 ἡλικίας
2549 4689 2676 4752 εἰσὶ,
2704 4689 3018 4760 λάμπουσαι
3040 4691 3106 4760 τῇ
3126 4687 3270 4760 ὥρᾳ·
3305 4687 3505 4752 ταύτας
3524 4689 3690 4742 πᾶσιν

2001 4775 2251 4838 ἐκδότους
2294 4775 2507 4845 δίδωμι,
2535 4775 2631 4828 καὶ
2680 4775 2882 4846 χρᾶσθε
2920 4776 3110 4839 αὐταῖς
3147 4775 3224 4838 ὡς
3257 4775 3479 4846 ἀρέσκει
3537 4775 3690 4845 ὑμῖν.

2001 4860 2272 4925 Λαϐόντες
2298 4862 2489 4926 αὐτὰς,
2526 4862 2681 4933 φησὶ,
2708 4862 3034 4932 πληρώσατε
3081 4861 3236 4933 ὑμῶν
3271 4863 3351 4926 είς
3394 4861 3568 4924 αὑτάς
3591 4862 3693 4932 τὴν

1999 4948 2306 5016 ἀσέλγειαν,
2329 4951 2421 5003 καὶ
2451 4950 2802 5022 ἐμφορήθητε
2839 4952 2941 5021 τῆς
2968 4949 3262 5021 ἐπιθυμίας
3291 4950 3445 5019 ὑμῶν
3471 4951 3569 5021 τῆς
3595 4966 3694 5004 πο-

2004 5037 2194 5108 νηρᾶς.
2237 5037 2443 5092 Μόνον
2471 5039 2558 5102 εὶς
2587 5038 2728 5104 τοὺς
2767 5037 2997 5106 ἄνδρας
3025 5039 3279 5103 τούτους
3295 5037 3493 5106 μηδὲν
3528 5036 3696 5104 axoni-

2001 5137 2154 5190 σητε
2179 5122 2408 5189 ἄδικον,
2447 5119 2519 5179 οὗ
2555 5124 2790 5177 εἵνεκεν
2843 5122 3142 5190 εἰσῆλθον
3163 5124 3282 5179 ὑπὸ
3303 5124 3421 5192 τὴν
3447 5124 3692 5193 σκέπην

1999 5210 2119 5262 τῶν
2139 5208 2336 5263 δοκῶν
2356 5229 2496 5279 μου.
2535 5211 2755 5283 Ἐπειδὴ
2784 5211 3114 5283 ἐϐιασάμην,
3134 5211 3320 5281 φησιν,
3339 5212 3562 5278 αὐτοὺς,
3591 5213 3689 5266 καὶ

2000 5299 2290 5368 εἰσήγαγον
2323 5297 2429 5350 ὑπὺ
2452 5297 2551 5361 τὰς
2572 5297 2762 5362 δοκούς
2804 5317 2925 5369 μου,
2943 5299 3032 5352 ἴνα
3068 5299 3143 5369 μὴ
3184 5299 3308 5366 ἐμοὶ
3334 5300 3612 5372 ἐπιγραφῇ
3654 5301 3690 5372 ἡ

2001 5384 2082 5446 είς
2115 5383 2315 5446 αὐτοὺς
2348 5384 2609 5455 γινομένη
2641 5384 2956 5456 παρανομία
2977 5424 2991 5448 ,
3024 5386 3118 5438 καὶ
3148 5383 3262 5452 ἐγὼ
3301 5386 3484 5447 αὐτοῖς
3518 5387 3690 5450 αῖτιος

1998 5469 2099 5538 τῆς
2146 5469 2358 5541 ῦϐρεως
2391 5471 2595 5543 ταύτης
2644 5473 2922 5543 γένωμαι,
2970 5471 3059 5526 διά
3119 5470 3278 5525 τοῦτο
3331 5473 3474 5543 ὑπὲρ
3507 5473 3691 5527 αὐτῶν

1999 5555 2096 5617 τὰς
2128 5555 2222 5609 δύο
2246 5574 2348 5626 μου
2364 5556 2669 5629 θυγατέρας
2690 5559 2904 5630 δίδωμι,
2926 5558 3066 5612 ὥστε
3078 5559 3302 5621 τούτους
3326 5558 3687 5629 ἐλευθερῶσαι

1999 5642 2106 5695 τῶν
2137 5643 2422 5715 ὑμετέρων
2434 5647 2652 5716 χειρῶν.
2677 5647 2826 5718 Πόση
2854 5646 2946 5700 τοῦ
2971 5647 3181 5700 δικαίου
3217 5647 3469 5716 ήάρετής
3503 5650 3686 5700 πᾶσαν

2002 5731 2208 5802 ἀρετὴν
2237 5732 2548 5800 φιλοξενίας
2577 5735 2816 5804 ἐνίκησε.
2853 5735 2918 5788 Τί
2971 5735 3080 5805 γάρ
3134 5735 3198 5788 ἄν
3247 5751 3332 5797 τις
3377 5734 3522 5787 εῖποι
3563 5737 3684 5789 κατ’

2005 5817 2165 5881 ἀξίαν
2189 5819 2289 5889 τῆς
2315 5821 2409 5874 τοῦ
2439 5821 2647 5875 δικαίου
2672 5823 2863 5876 τούτου
2894 5820 3314 5892 φιλοφροσύνης,
3344 5821 3401 5885 6;
3432 5822 3553 5873 οὐδέ
3575 5821 3684 5874 τῶν

2005 5903 2322 5978 θυγατέρων
2348 5909 2635 5975 φείσασθαι
2669 5911 2949 5979 ἠνέσχετο,
2989 5910 3076 5962 ἵνα
3111 5907 3208 5978 τὴν
3239 5910 3318 5969 εἰς
3344 5909 3469 5971 τοὺς
3499 5908 3681 5974 ξένους

2003 5993 2172 6064 τιμὴν
2196 5994 2552 6068 ἐπιδείξηται,
2579 5998 2673 6052 καὶ
2695 5998 3038 6070 ἐλευθερώσῃ
3073 5996 3172 6066 τῆς
3201 5996 3551 6066 παρανομίας
3571 5997 3676 6052 τῶν
