4124 6518
338 528 487 603 dico)
508 529 733 588 omnino
758 529 968 604 ignotos
986 529 1221 602 eriperet
1238 530 1309 588 ab
1335 530 1623 603 impiorum
1650 537 1934 599 contume-

339 620 408 676 lia
435 638 452 676 :
482 636 584 679 nos
606 631 786 679 autem
813 622 1058 679 videntes
1071 635 1217 693 sepe
1235 620 1432 679 fratres
1444 629 1661 679 nostros
1686 620 1742 677 in
1757 620 1934 692 ipsum

340 711 633 784 impietatis
660 713 1006 785 profundum,
1041 722 1098 771 et
1132 728 1301 786 prope
1354 713 1583 769 dixerim
1604 752 1622 779 ,
1652 712 1707 770 in
1753 711 1937 768 fauces

337 800 539 859 diaboli
576 803 792 872 cadere,
818 817 994 874 neque
1018 818 1271 861 sermone
1308 817 1406 860 eos
1430 802 1735 874 dignamur,
1762 816 1938 873 neque

338 892 645 960 consulere,
677 907 854 964 neque
896 894 1075 951 verbis
1097 892 1421 957 admonere.
1445 902 1502 949 ct
1524 893 1736 964 eripere
1759 908 1791 948 a
1816 908 1936 948 ma-

342 980 457 1038 litia
474 1023 491 1049 ,
515 990 571 1039 et
588 982 656 1038 ad
684 982 940 1040 virtutem
975 982 1358 1041 manuducere.
1385 984 1613 1053 Qualem
1641 984 1802 1056 igitur
1833 986 1933 1039 ha-

339 1070 585 1129 bebimus
610 1076 1016 1132 excusationem
1045 1115 1062 1141 ,
1108 1090 1231 1132 cum
1273 1075 1455 1146 iustus
1494 1090 1669 1147 neque
1723 1076 1936 1132 ﬁliabus

341 1172 544 1234 parcat,
566 1175 626 1221 ut
645 1164 915 1238 hospitum
945 1176 1127 1225 servet
1148 1182 1335 1224 curam
1359 1186 1373 1223 :
1396 1184 1499 1225 nos
1526 1177 1708 1227 autem
1740 1170 1811 1226 ita
1834 1170 1935 1226 im-

341 1253 766 1312 misericorditer
786 1271 911 1329 erga
928 1256 1123 1314 fratres
1149 1265 1361 1331 nostros
1383 1258 1701 1328 efﬁciamur,
1718 1269 1772 1317 et
1791 1273 1937 1331 sazpe

340 1340 532 1415 frigida
562 1345 649 1402 illa
687 1355 744 1403 et
789 1347 1141 1405 absurditatis
1165 1350 1325 1421 plena
1370 1350 1532 1406 verba
1562 1351 1937 1423 proleramusl

338 1432 479 1504 Quid
506 1438 685 1505 enim,
741 1438 915 1511 inquit
939 1478 957 1507 ,
1011 1440 1144 1497 mihi
1185 1456 1310 1497 cum
1335 1456 1404 1499 eo
1443 1443 1767 1500 commune?
1803 1442 1935 1500 mihi

340 1540 449 1582 non
478 1534 564 1583 est
583 1543 748 1593 cura,
778 1530 911 1586 nihil
942 1531 1075 1587 mihi
1117 1532 1313 1604 negotii
1347 1548 1470 1591 cum
1490 1548 1576 1591 eo.
1601 1533 1741 1605 Quid
1759 1533 1895 1591 dicis
1914 1573 1933 1604 ,

343 1613 548 1674 homo?
574 1616 716 1673 Nihil
735 1620 830 1678 tibi
847 1634 1134 1679 commune
1158 1637 1284 1679 cum
1320 1625 1433 1680 eo?
1470 1624 1662 1683 Frater
1684 1634 1808 1683 tuus
1828 1635 1933 1696 est,

339 1706 582 1777 eiusdem
614 1718 792 1767 tecum
843 1721 1069 1781 naturae,
1126 1715 1228 1771 sub
1253 1714 1446 1773 eodem
1481 1719 1614 1775 estis
1666 1717 1931 1787 Domino,

344 1811 493 1870 sape
515 1802 678 1858 etiam
706 1802 949 1875 eiusdem
977 1806 1268 1878 participes
1293 1822 1515 1875 mensa,
1549 1808 1844 1880 spiritualis
1862 1811 1930 1866 il-

344 1889 481 1961 lius,
521 1894 759 1966 inquam,
790 1904 846 1952 et
878 1898 1153 1967 terribilis,
1185 1910 1241 1956 et
1273 1899 1409 1956 dicis
1440 1919 1455 1956 :
1485 1900 1631 1961 Nihil
1645 1917 1934 1961 commune

344 1981 521 2040 habeo
550 2000 672 2042 eum
694 2002 791 2055 eo;
818 1997 873 2044 et
900 1989 1399 2050 immisericorditcr
1426 1994 1690 2065 prcteris,
1729 2003 1787 2051 et
1824 2010 1934 2052 non

339 2073 570 2146 porrigis
592 2076 793 2147 iacenti
824 2079 1083 2136 manum?
1099 2080 1169 2137 Et
1194 2080 1394 2140 ludatis
1414 2082 1633 2155 quidem
1654 2086 1742 2141 lex
1766 2087 1935 2157 impe-

343 2163 521 2234 tabat,
581 2182 651 2223 ne
722 2169 1061 2227 inimicorum
1096 2171 1247 2243 lapsa
1294 2173 1541 2244 iumenta
1602 2175 1937 2248 negligerent

341 2252 539 2324 (Exod.
570 2258 663 2314 23.
686 2258 746 2330 5)
772 2277 786 2315 :
819 2268 875 2317 tu
894 2270 1078 2318 autem
1098 2261 1319 2320 fratrem
1333 2272 1482 2321 tuum
1509 2281 1539 2321 a
1555 2266 1771 2324 diabolo
1788 2281 1935 2338 saepe

339 2348 635 2404 sauciatum
655 2358 712 2407 et
743 2351 1012 2423 iacentem
1056 2369 1164 2411 non
1210 2371 1374 2427 super
1403 2365 1624 2428 terram,
1647 2360 1743 2417 sed
1772 2375 1937 2433 super

342 2439 546 2508 peccati
567 2440 880 2500 barathrum
917 2444 1129 2513 videns,
1158 2455 1247 2503 tua
1274 2448 1653 2506 exhortatione
1691 2466 1799 2507 non
1846 2467 1933 2509 re-

344 2528 533 2597 trahis,
563 2546 671 2588 non
691 2532 1109 2593 admonitionem
1135 2547 1277 2593 tuam
1304 2539 1549 2609 adhibes,
1578 2555 1685 2597 non
1720 2542 1858 2599 alios
1879 2543 1935 2603 in

342 2622 599 2678 auxilium
643 2639 828 2694 vocas,
858 2634 921 2682 ut
943 2630 989 2683 si
1018 2627 1136 2685 ﬁeri
1168 2630 1359 2701 possit,
1393 2646 1423 2685 a
1458 2631 1700 2690 faucibus
1746 2633 1935 2691 bestire

342 2712 642 2769 mmnhrum
665 2722 814 2777 tuum
840 2732 1031 2774 eruere
1046 2719 1255 2786 valeas,
1284 2730 1339 2777 et
1363 2722 1433 2777 ad
1458 2738 1612 2780 suam
1658 2724 1924 2782 reducere

342 2801 677 2861 nobilitatem
706 2822 722 2860 :
749 2816 810 2863 ut
858 2816 913 2864 et
962 2809 1101 2880 ipse,
1152 2812 1196 2867 si
1222 2814 1439 2883 quando
1485 2814 1767 2881 cecideris,
1788 2816 1935 2887 quod

342 2892 520 2961 absit,
551 2896 606 2951 in
626 2896 847 2968 laqueos
872 2900 998 2955 mali
1014 2901 1275 2959 «lunonis
1304 2904 1450 2959 illius
1470 2946 1485 2972 ,
1532 2907 1709 2976 possis
1733 2906 1935 2965 habere

341 2981 557 3053 aliquos
586 2987 677 3056 qui
700 2996 753 3043 te
775 2987 990 3059 iuvent,
1023 3000 1081 3046 et
1106 2991 1337 3048 liberant
1362 3008 1391 3047 a
1417 2996 1667 3052 manibus
1697 2996 1935 3053 diaboli?

342 3071 438 3163 Sic
455 3082 511 3129 et
533 3074 732 3134 Paulus
755 3081 1002 3138 excitare
1033 3083 1221 3141 volens
1261 3085 1499 3153 Galatas,
1525 3096 1584 3143 ut
1609 3089 1723 3145 suis
1749 3092 1935 3163 provi-

341 3161 507 3221 deant
525 3168 807 3235 membris.
835 3170 1010 3245 inquit
1040 3190 1055 3228 :
1088 3173 1432 3231 Considamus
1464 3161 1781 3249 temetipsum
1810 3222 1828 3250 ,
1873 3198 1939 3240 us

341 3263 392 3309 et
413 3264 468 3309 tu
490 3258 695 3313 tenta-is
728 3258 923 3330 (Calas.
948 3261 1022 3343 ’6.
1076 3262 1133 3336 l)
1158 3281 1173 3318 :
1194 3267 1348 3337 quasi
1378 3266 1607 3336 diceret,
1638 3270 1700 3327 Si
1730 3272 1935 3344 absque

342 3347 816 3407 commiseratione
839 3361 897 3409 et
920 3346 1213 3413 inhumane
1238 3357 1459 3415 fratrem
1488 3364 1757 3433 prcteris,
1796 3364 1938 3423 forte

341 3444 401 3492 et
431 3446 505 3505 te,
533 3438 889 3508 sieecideris,
917 3443 1054 3501 alius
1083 3445 1331 3504 similiter
1353 3452 1667 3519 praeteribit.
1699 3454 1754 3511 Si
1776 3456 1938 3527 igitur

346 3530 435 3585 vis
466 3545 571 3587 non
610 3534 813 3605 despici
858 3538 1033 3594 sicubi
1077 3538 1311 3609 labaris,
1344 3558 1413 3598 ne
1460 3543 1578 3614 ipse
1620 3546 1937 3617 despexeris

342 3619 513 3675 alium
540 3624 667 3679 :sed
694 3640 942 3697 magnam
968 3642 1082 3698 pm
1114 3637 1168 3686 te
1188 3629 1271 3686 fer
1294 3631 1700 3705 benignitatem,
1728 3647 1783 3694 et
1819 3638 1937 3696 the-

344 3727 566 3795 saturum
587 3716 751 3772 crede
780 3720 1105 3789 maximum,
1134 3722 1178 3777 si
1214 3737 1436 3782 servare
1471 3729 1647 3798 possis
1691 3730 1932 3788 fratrem.

344 3800 487 3861 Nihil
515 3807 659 3863 enim
688 3808 813 3867 huic
853 3827 1104 3884 umquam
1144 3830 1242 3886 par
1281 3816 1394 3873 fieri
1447 3821 1665 3887 poterit,
1696 3823 1837 3893 quod
1866 3822 1935 3880 ad

347 3896 598 3954 virtutem
626 3901 839 3956 attinet.
865 3901 1000 3959 Nam
1041 3904 1085 3959 si
1133 3906 1309 3965 solum
1365 3907 1688 3979 cogitaveris
1746 3913 1931 3981 illum,

345 4001 509 4057 quem
528 3988 762 4059 despicis
786 4000 841 4048 et
876 3994 1143 4065 prmtcris,
1165 4010 1196 4050 a
1219 3995 1447 4053 Domino
1477 4008 1570 4055 tuo
1591 4009 1739 4057 tanto
1756 4003 1809 4057 in
1832 4003 1935 4059 hoc

351 4092 486 4135 noro
529 4077 771 4137 habitum
816 4083 1001 4151 fuisse,
1035 4094 1095 4140 ut
1119 4096 1361 4157 ‘prOpter
1390 4088 1563 4159 ipsum
1592 4106 1699 4147 non
1727 4092 1938 4165 refuge-

347 4168 420 4226 rit
441 4182 497 4227 et
517 4175 829 4244 sanguinem
852 4192 1010 4233 suum
1041 4178 1343 4247 eﬁ’undere,
1370 4182 1512 4237 sicut
1535 4193 1593 4239 et
1615 4184 1812 4242 Paulus
1848 4187 1935 4244 di-

347 4261 465 4317 cit:
500 4260 569 4316 Et
596 4264 776 4333 peribit
824 4267 1060 4337 inﬁrmus
1086 4271 1242 4339 frater
1286 4271 1339 4325 in
1369 4280 1456 4326 tua
1475 4275 1703 4341 scientia,
1732 4288 1939 4348 propter

345 4367 495 4425 ραι
531 4352 764 4413 Christus
790 4367 1112 4415 mortuusest
1158 4360 1236 4433 (l.
1269 4361 1388 4417 Cor.
1416 4363 1471 4419 8.
1506 4365 1635 4436 ll):
1667 4369 1939 4436 quomodo

347 4463 458 4507 non
499 4466 608 4521 pra:
646 4447 852 4521 pudore
884 4448 987 4509 sub
1017 4458 1160 4509 terra
1216 4461 1269 4513 te
1301 4452 1647 4511 abscondas?
1674 4456 1733 4513 Si
1777 4458 1940 4529 igitur

347 4550 569 4611 propter
596 4542 745 4599 illum
789 4543 1032 4601 Christus
1076 4548 1390 4619 sanguinem
1429 4544 1635 4620 effudit,
1663 4548 1791 4623 quid
1832 4565 1939 4611 lna-

344 4642 510 4700 gnum
534 4628 723 4699 facies,
753 4632 799 4688 si
831 4644 974 4689 tuam
1004 4635 1057 4689 in
1082 4650 1205 4691 eum
1233 4636 1477 4695 declares
1506 4640 1936 4700 benevolentiam

346 4727 404 4777 et
429 4721 799 4778 exhortatione
818 4726 1101 4782 verborum
1126 4726 1395 4797 iacentem
1420 4730 1617 4801 erigas,
1635 4736 1936 4791 etanimam

345 4826 578 4870 uersam
605 4815 744 4873 forte
777 4825 833 4872 et
860 4817 1194 4875 submersam
1224 4821 1425 4877 referas
1453 4838 1519 4878 ex
1546 4824 1810 4894 profundo
1826 4843 1941 4882 ma-

344 4907 498 4974 litiae,
530 4918 589 4965 et
616 4909 747 4967 illud
773 4920 987 4982 satagas
1007 4921 1065 4967 ut
1089 4913 1262 4969 videat
1292 4916 1506 4975 virtutis
1526 4915 1726 4987 luam,
1750 4935 1939 4977 senon

345 5009 593 5055 recurrat
616 4999 685 5054 ad
716 5000 971 5071 vitiorum
1005 5002 1329 5074 caliginem?

417 5088 474 5143 5.
508 5088 793 5145 Imitemur
815 5090 995 5162 igitur,
1037 5094 1283 5161 obsecro,
1310 5095 1515 5166 iustum
1546 5098 1698 5154 illum
1721 5142 1737 5175 ,
1788 5110 1843 5156 et
1893 5104 1939 5159 si

344 5176 762 5249 periclitandum
800 5181 962 5235 etiam
991 5180 1155 5237 fuerit
1184 5200 1284 5255 pro
1315 5188 1488 5242 salute
1527 5191 1778 5259 proximi,
1832 5208 1938 5249 non

347 5270 453 5327 hoc
477 5272 949 5345 subterfugiamus.
976 5272 1112 5331 Nam
1132 5277 1236 5333 tale
1260 5280 1557 5348 periculum
1584 5283 1738 5339 nobis
1753 5285 1942 5344 salutis

345 5362 508 5420 fuerit
525 5366 758 5434 occasio,
782 5366 1114 5439 multamque
1139 5370 1447 5427 conciliabit
1491 5374 1763 5432 ﬁduciam.
1792 5379 1939 5435 Con-

347 5454 526 5512 ἀδεῆ
553 5458 719 5523 enim,
752 5459 1003 5525 obsecro,
1048 5461 1321 5532 quomodo
1341 5464 1519 5537 iustus
1545 5468 1637 5523 ille
1656 5472 1753 5525 toti
1772 5487 1943 5543 popli.-

350 5546 439 5615 In,
464 5550 555 5620 qui
586 5550 657 5606 ita
683 5551 737 5606 in
761 5551 1023 5613 malitiam
1052 5553 1483 5625 conspiraverat,
1514 5572 1575 5613 se
1593 5564 1939 5633 opposuerit,

344 5650 406 5699 et
428 5656 673 5715 mnam
704 5644 1046 5701 clementiam
1094 5646 1529 5721 inelabilemque
1572 5652 1941 5711 fortitudinem

348 5748 467 5807 pra:
488 5748 551 5792 se
577 5734 784 5800 tulerit,
805 5736 1051 5807 quamvis
1095 5750 1272 5808 neque
1316 5738 1396 5795 sic
1414 5742 1687 5815 corrigere
1708 5745 1945 5815 potuerit

350 5825 667 5893 indomitam
688 5828 899 5886 illorum
925 5828 1210 5885 insaniam.
1236 5829 1443 5905 Quippe
1468 5843 1591 5906 post
1621 5836 1783 5894 verba
1809 5835 1902 5896 illa
1919 5874 1937 5908 ,

1324 416 1416 483 ,ΙΝ
1450 416 1605 475 CAP.
1646 414 1793 475 XIX.
1831 412 2079 473 GENES.
2121 412 2356 473 BOIIIL.
2397 413 2583 473 xun.

3536 418 3644 475 Ml!

2044 535 2102 584 et
2132 535 2242 584 tam
2286 526 2539 583 eximiam
2589 524 3099 595 mansuetudinem.
3154 541 3277 585 cum
3326 526 3512 585 verbis
3539 531 3653 583 suis

2040 618 2193 689 quasi
2217 617 2465 675 mnibus
2480 616 2849 689 prostituisset
2866 616 3026 687 ﬁlias,
3050 616 3181 691 quid
3205 618 3393 676 dicunt
3405 617 3477 675 ad
3491 618 3653 675 um?

2040 710 2098 766 9.
2124 709 2324 767 Recede
2369 709 2515 766 illas.
2545 708 2592 766 Ο
2631 724 2850 782 gravem
2894 710 3251 769 ebrietatem!
3287 726 3324 769 o
3374 712 3651 783 ingentem

2042 799 2438 873 insipientiam!
2472 799 2529 857 in
2576 800 2719 856 hunc
2766 800 2985 857 modum
3015 816 3075 858 se
3122 801 3289 859 habet
3345 801 3569 859 eﬂerata
3595 812 3651 858 rt

2043 891 2182 947 mala
2210 892 2381 948 bestia
2408 892 2844 961 concupiscentia
2870 910 2883 945 :
2910 892 3125 963 quando
3147 893 3413 950 rationem
3432 892 3651 959 vicerit,

2042 981 2177 1039 nihil
2201 982 2460 1039 decorum
2480 991 2537 1039 et
2565 984 2849 1040 honestum
2888 984 3073 1041 videre
3100 984 3250 1052 sinit,
3282 983 3381 1041 sed
3405 985 3562 1057 quasi
3595 984 3651 1041 in

2042 1072 2286 1129 tenebris
2312 1084 2366 1128 et
2393 1088 2567 1143 pugna
2601 1083 2863 1129 nocturna
2891 1074 3070 1129 omnia
3097 1072 3243 1129 facit.
3280 1074 3475 1133 Recede
3499 1074 3647 1139 illuc,

2040 1162 2259 1220 dicunt:
2283 1165 2459 1219 venisti
2486 1174 2540 1218 ut
2568 1179 2701 1239 esses
2720 1164 2941 1233 advena,
2966 1166 3212 1237 numquid
3239 1166 3395 1221 etiam
3417 1174 3475 1221 ut
3491 1166 3648 1237 judi-

2038 1255 2175 1309 cium
2204 1255 2407 1327 judices
2426 1254 2454 1309 .’
2479 1254 2621 1327 Ergo
2648 1272 2782 1311 nunc
2803 1264 2852 1311 te
2870 1256 3147 1329 aﬁigensas
3176 1259 3361 1329 magis,
3392 1273 3550 1325 quast
3576 1258 3650 1312 it-

2041 1345 2137 1401 los.
2168 1345 2304 1402 Vide
2333 1346 2605 1418 quomodo
2627 1348 2807 1418 iustus
2827 1358 3108 1406 mansuete
3134 1363 3256 1404 cum
3273 1348 3354 1406 eis
3374 1348 3635 1420 loquitur.

2041 1436 2117 1492 illi
2155 1447 2335 1494 autem
2364 1449 2565 1509 quanta
2601 1439 2885 1496 terocitate
2919 1439 3271 1511 respondent.
3320 1440 3481 1497 Enim
3514 1454 3648 1498 vero

2038 1528 2192 1599 quasi
2218 1543 2249 1583 a
2272 1528 2491 1586 diabolo
2528 1530 2805 1603 exagitati,
2848 1538 2906 1587 et
2928 1546 2998 1588 eo
3046 1531 3299 1589 ducatum
3326 1531 3641 1604 prebeate,

2039 1620 2113 1677 ita
2135 1629 2323 1678 contra
2346 1621 2554 1693 iustum
2583 1623 2885 1695 insurgunt,
2916 1631 2975 1680 et
2996 1622 3184 1681 dicunt
3210 1640 3225 1679 :
3254 1621 3451 1679 Venisti
3469 1632 3525 1679 ut
3548 1624 3647 1677 ad-

2038 1727 2167 1767 vena
2193 1728 2346 1781 esses,
2374 1712 2624 1785 numquid
2646 1713 2800 1773 etiam
2818 1723 2874 1769 ut
2903 1713 3160 1785 judicium
3175 1714 3383 1787 judices
3402 1715 3430 1770 ἲ
3456 1713 3643 1771 Adve-

2039 1818 2163 1859 nam
2219 1811 2292 1872 te,
2323 1803 2589 1875 inquiunt,
2628 1804 2965 1875 suscepimus
2996 1822 3011 1860 :
3038 1821 3165 1861 num
3186 1813 3241 1862 et
3264 1805 3431 1877 iudex
3458 1814 3648 1863 noster

2039 1906 2100 1949 es
2151 1892 2367 1949 factus?
2406 1893 2453 1950 0
2493 1903 2793 1951 extremam
2861 1895 3301 1966 improbitatem!
3346 1895 3646 1967 Oportebat

2038 1986 2379 2053 erubescere,
2406 1986 2691 2058 oportebat
2710 1986 2945 2045 revereri
2965 1988 3247 2045 consilium
3259 1987 3389 2059 justi
3415 2006 3431 2043 :
3453 2002 3643 2044 verum

2040 2077 2179 2133 sicut
2202 2078 2376 2134 insani
2396 2080 2559 2135 etiam
2583 2078 2852 2135 medicum
2895 2079 3158 2150 impetere
3178 2087 3464 2145 conantur,
3489 2079 3559 2133 ita
3586 2088 3647 2134 et

2040 2166 2118 2224 illi
2150 2185 2165 2222 :
2197 2167 2290 2235 Te,
2319 2170 2490 2235 aiunt,
2537 2170 2701 2241 magis
2725 2169 3024 2242 emimus,
3053 2185 3209 2243 quam
3252 2171 3390 2227 illos.
3444 2169 3501 2227 Si
3532 2184 3641 2225 non

2039 2260 2143 2328 vis,
2164 2260 2334 2329 aiunt,
2360 2262 2526 2318 silere
2549 2271 2605 2318 et
2634 2263 2939 2334 quiescere,
2967 2262 3149 2320 disces
3164 2271 3217 2320 te
3233 2264 3531 2335 patrocinio
3548 2271 3644 2319 tuo

2038 2350 2174 2407 nihil
2200 2351 2345 2411 aliud
2369 2352 2711 2422 eiecturum,
2738 2364 3099 2425 praeterquam
3144 2354 3290 2425 quod
3313 2354 3391 2411 illi
3420 2355 3641 2427 quidem

2036 2441 2336 2512 periculum
2358 2442 2639 2514 ell'ugient,
2673 2452 2729 2499 tu
2748 2451 2927 2499 autem
2955 2444 3009 2499 in
3049 2444 3226 2515 ipsum
3254 2443 3483 2507 incides.
3525 2443 3641 2499 ιιό-

2037 2533 2234 2590 cieboat
2259 2545 2426 2591 autern
2448 2538 2547 2591 vim
2575 2534 2672 2591 Lot
2701 2538 2866 2593 estde.
2891 2537 3027 2593 Vide
3045 2538 3248 2607 iustum
3280 2538 3432 2594 illum
3458 2551 3637 2608 quan-

2039 2633 2148 2682 tam
2174 2626 2540 2682 fortitudinem
2574 2627 2849 2695 declarat,
2884 2637 2940 2684 et
2991 2637 3152 2684 tanta:
3177 2628 3505 2684 multitudini
3535 2642 3635 2697 op-

2038 2731 2241 2789 ponere
2267 2732 2329 2778 se
2366 2720 2559 2775 leniat.
2598 2718 2663 2773 Et
2702 2720 3266 2791 appropinquarunt,
3314 2719 3523 2791 inquit,
3584 2727 3641 2772 ut

2042 2817 2357 2863 contererent
2372 2810 2615 2881 ianuam.
2643 2809 2777 2866 Nam
2803 2812 3058 2881 quoniam
3091 2825 3427 2881 egressurus,
3454 2818 3511 2865 et
3538 2808 3639 2865 ho-

2042 2915 2162 2957 rum
2191 2900 2453 2957 insaniam
2475 2902 2778 2973 praevidens
2803 2902 2997 2958 clausit
3022 2911 3143 2973 post
3169 2915 3232 2959 se
3256 2900 3499 2971 ianuam,
3530 2916 3640 2957 non

2039 2991 2274 3049 ferentes
2318 2993 2468 3063 impii
2506 3001 2563 3050 et
2607 2993 2823 3050 scelesti
2885 2994 2964 3050 illi
3016 2992 3439 3050 admonitionem
3480 2991 3639 3062 iusti,

2040 3082 2214 3152 ipsum
2242 3084 2290 3138 vi
2317 3083 2654 3154 premebant,
2692 3093 2747 3139 et
2761 3083 2984 3154 ianuam
3028 3090 3312 3139 conterere
3341 3082 3641 3138 molieban-

2043 3180 2148 3229 tur.
2181 3172 2290 3230 Sed
2319 3174 2447 3245 quia
2473 3175 2730 3245 operibus
2755 3176 2889 3230 satis
2912 3174 3281 3231 demonstrata
3310 3171 3486 3228 fuerat
3504 3172 3637 3244 iusti

2041 3265 2230 3334 virtus,
2274 3276 2331 3321 et
2368 3266 2705 3337 hospitalitas
2740 3281 2867 3338 erga
2918 3280 3015 3323 eos
3043 3266 3135 3337 qui
3185 3266 3454 3338 peregrini
3479 3276 3638 3337 puta-

2041 3356 2254 3421 bantur,
2281 3371 2381 3413 nec
2423 3373 2530 3414 non
2554 3368 2611 3412 et
2647 3356 2978 3427 conspiratio
3020 3356 3183 3414 totius
3211 3356 3394 3428 pepuli
3432 3356 3486 3411 in
3517 3371 3638 3411 ma-

2041 3446 2172 3512 lum,
2208 3455 2336 3502 tunc
2356 3456 2413 3503 et
2443 3447 2477 3502 ii
2508 3447 2599 3519 qui
2619 3447 2973 3514 advenerant,
3006 3446 3422 3503 manifestarunt
3458 3461 3538 3503 se.
3566 3446 3640 3503 Et

2042 3539 2167 3609 quia
2205 3538 2448 3595 viderant
2480 3540 2682 3609 iustum
2710 3554 2873 3595 omne
2898 3538 3138 3596 ofﬁcium
3160 3555 3317 3596 suum
3345 3539 3598 3611 implesse
3618 3579 3638 3606 ,

2041 3646 2194 3690 suam
2224 3631 2563 3687 declarantes
2614 3632 2927 3702 potentiam,
2949 3633 3225 3705 suppetias
3249 3632 3427 3688 ferunt
3450 3631 3599 3702 iusto
3620 3671 3640 3698 .

2041 3706 2243 3779 cuivis
2272 3720 2437 3776 ﬁebat
2462 3722 2533 3776 ab
2565 3722 2778 3777 illorum
2828 3722 3056 3777 insania.
3089 3721 3177 3777 l0.
3211 3720 3415 3791 Itaque,
3443 3723 3640 3792 inquit,

2041 3814 2134 3868 viri
2160 3813 2393 3868 manibus
2417 3815 2629 3869 extentis
2671 3823 2987 3869 attraxerant
3015 3814 3113 3870 Lot
3138 3814 3208 3869 ad
3227 3831 3281 3871 ss
3308 3815 3362 3870 iu
3387 3815 3593 3872 domum
3623 3857 3641 3882 ,

2040 3913 2089 3957 et
2103 3904 2325 3973 ianuam
2351 3903 2535 3960 deum
2564 3905 2853 3959 clauserunt
2874 3922 2896 3970 ;
2928 3906 3016 3961 ll.
3047 3906 3180 3961 viros
3199 3915 3370 3961 autem
3389 3906 3478 3977 qui
3500 3916 3647 3961 eram

2040 3993 2183 4069 apud
2208 3994 2428 4065 ianuam
2474 4003 2827 4065 percusserunt
2869 3995 3097 4049 recitata
3138 4011 3172 4049 o
3202 4011 3358 4066 parvo
3382 4011 3538 4065 usque
3576 3995 3648 4049 ad

2041 4102 2305 4158 maguum,
2330 4096 2381 4142 et
2403 4087 2638 4143 dissoluti
2654 4096 3069 4157 antqua-entes
3087 4089 3328 4158 ianuam.
3356 4087 3518 4144 Vides
3536 4103 3647 4158 quo

2043 4184 2202 4248 pacto
2238 4177 2418 4248 iustus
2458 4178 2553 4235 ille
2583 4178 2765 4233 statim
2797 4179 3179 4248 hospitalitatis
3216 4178 3413 4249 accipit
3439 4193 3650 4234 merce-

2042 4268 2167 4325 dem
2190 4309 2206 4335 ,
2244 4276 2300 4325 et
2340 4268 2489 4339 impii
2550 4268 2628 4324 illi
2670 4267 2831 4339 digna
2884 4269 3190 4339 plectuntur
3250 4270 3455 4341 ρωιηῖ
3497 4269 3641 4326 Dicit

2042 4358 2188 4415 enim
2221 4376 2235 4412 :
2264 4359 2591 4413 Attrnaerunt
2616 4357 2715 4413 Lot
2740 4359 2793 4412 in
2820 4358 3053 4427 domum,
3106 4370 3153 4414 et
3197 4361 3409 4427 ianuam
3435 4360 3636 4415 clausa-

2043 4459 2201 4517 runt;
2225 4452 2359 4505 siros
2382 4460 2552 4504 autem
2598 4460 2957 4520 percusserunt
2985 4450 3212 4505 recitata
3252 4467 3285 4504 α
3312 4467 3465 4523 parvo
3485 4467 3646 4527 usque

2044 4543 2113 4602 ad
2133 4558 2397 4619 magnum,
2427 4550 2479 4600 et
2504 4536 2746 4599 dissoluti
2786 4556 2904 4599 sunt
2924 4556 3206 4615 querentes
3225 4549 3471 4618 justum.
3500 4547 3645 4617 Quo-

2044 4639 2190 4695 niam
2215 4637 2415 4694 mentis
2443 4650 2631 4693 eorum
2674 4635 2867 4692 oculus
2906 4645 3211 4693 excaecatus
3260 4646 3400 4703 erat,
3429 4648 3651 4710 propter

2046 4732 2151 4789 hoc
2176 4731 2360 4788 etvisu
2390 4729 2579 4801 privati
2607 4736 2733 4785 sunt
2759 4744 2774 4783 :
2797 4736 2855 4784 ut
2876 4727 3086 4799 discant
3102 4728 3234 4785 nihil
3263 4729 3364 4786 sibi
3392 4730 3651 4801 prodesse

2044 4822 2353 4895 corporales
2381 4821 2567 4877 oculos
2592 4862 2608 4888 ,
2638 4820 2685 4876 si
2711 4817 2854 4875 oeuli
2906 4819 3105 4875 mentis
3145 4818 3347 4876 fuerint
3370 4822 3649 4876 excmati.

2048 4915 2117 4971 Et
2136 4914 2261 4985 quia
2286 4912 2737 4982 conspiraverant
2773 4910 2829 4967 in
2863 4910 3088 4978 malitia,
3119 4919 3177 4967 et
3221 4925 3252 4965 a
3283 4911 3427 4967 malo
3453 4920 3651 4967 conatu

2048 5022 2225 5079 neque
2245 5019 2598 5075 serranoque
2627 5002 2856 5074 iuvenes
2898 5002 3264 5067 abstinebant,
3304 5002 3431 5057 ideo
3458 5015 3655 5059 omnes

2047 5098 2299 5155 excmcati
2328 5106 2454 5152 sunt
2483 5112 2498 5149 :
2522 5104 2577 5150 et
2600 5109 2709 5149 non
2734 5093 2908 5150 solum
2938 5093 3215 5159 excmcati,
3245 5093 3343 5149 sed
3372 5101 3429 5148 et
3449 5092 3655 5150 viribus

2047 5190 2295 5261 corporis
2330 5187 2569 5244 destituti
2596 5192 2764 5241 sunt:
2796 5183 3231 5256 quandoquidem
3266 5184 3411 5242 enim
3442 5183 3654 5254 potiere

2050 5280 2284 5337 hominis
2313 5288 2468 5350 parte
2493 5277 2671 5333 anima
2706 5272 2976 5333 debilitati
3004 5284 3183 5342 erant,
3214 5274 3415 5333 idcirco
3448 5274 3655 5332 viribus

2049 5375 2213 5429 etiam
2260 5369 2505 5441 corporis
2534 5375 2660 5423 sunt
2700 5365 3059 5423 destituti:et
3106 5366 3201 5437 qui
3248 5365 3395 5436 prius
3431 5366 3653 5434 ianuam

2049 5474 2332 5521 conterere
2385 5460 2694 5516 nitebantur
2732 5456 3096 5528 adhibitisque
3144 5455 3305 5512 mittis
3339 5470 3462 5511 cum
3504 5456 3654 5526 iusto

2050 5554 2424 5627 loquebantur,
2449 5551 2627 5607 subito
2645 5557 2913 5606 steterunt
2934 5536 3131 5605 luxa'tis
3150 5545 3428 5612 membris,
3452 5558 3505 5602 et
3528 5554 3656 5602 ante

2050 5648 2238 5706 oculos
2258 5646 2415 5703 sitam
2442 5643 2661 5716 ianuam
2696 5657 2801 5697 non
2826 5640 3086 5697 videntes.
3114 5639 3266 5695 Tunc
3292 5638 3445 5709 quasi
3477 5638 3655 5715 respi-

2055 5743 2195 5800 ravit
2245 5741 2444 5812 iustus,
2492 5738 2681 5793 videns
2738 5735 2932 5807 quales
2997 5732 3239 5803 hospites
3304 5738 3533 5799 essent,
3596 5738 3652 5784 ct

2055 5850 2214 5910 quam
2242 5847 2452 5908 magna
2490 5831 2721 5890 virtutis.
2756 5828 2843 5888 l2.
2888 5828 3102 5889 Etenim
3145 5825 3400 5886 Diam
3438 5826 3509 5883 ad
3536 5834 3651 5884 sum
