4124 6464
561 398 667 456 ωδ

551 498 806 564 viridia
835 499 948 569 quis
978 497 1075 552 tibi
1121 495 1201 564 ltic
1255 511 1403 564 gener
1452 495 1528 547 rel
1576 493 1672 560 ﬁlii
1714 492 1789 546 vel
1838 491 1989 559 ﬁlice.
2041 494 2116 546 rel

543 594 688 646 alius
717 590 939 669 quisin
986 584 1381 641 civitateINide
1412 583 1680 656 quomodo
1715 581 1841 650 justi
1887 581 2120 648 hospita-

1263 384 1319 444 8.
1357 382 1630 442 ΙΟᾹΝΝΙΞ
1665 375 2139 438 εηκγεοεῑοηι
2179 376 2494 435 ARCHIEP.
2534 377 3057 438 CONSTANTINOP.

3709 369 3816 428 404

2229 497 2342 560 ipse
2366 492 2741 547 internecionis
2762 494 2984 548 istorum
3010 492 3288 563 impiorum
3307 494 3572 566 particeps
3598 492 3711 549 das.
3744 491 3810 546 Et

2229 583 2412 635 turbati
2441 594 2579 649 sunt,
2613 596 2668 638 ut
2698 583 2811 638 haec
2851 585 3134 640 audierunt
3161 583 3260 639 Lot
3298 596 3353 640 et
3379 601 3514 640 uxor
3553 598 3608 642 et
3649 586 3808 650 ﬁlim:

545 685 759 739 ditatem
799 689 1168 742 remunerant,
1213 687 1270 734 et
1307 673 1572 746 quomodo
1618 676 1666 730 ei
1711 675 1888 743 largiri
1938 674 2120 726 volunt
2226 669 2438 727 Turbati
2471 687 2604 739 sunt,
2648 676 2834 745 inquit,
2868 675 2967 730 hoc
2995 686 3099 741 est,
3130 672 3336 730 attoniti
3383 675 3616 748 luet-imi,
3656 688 3818 746 atque

557 775 790 830 omnium
818 773 1054 827 omnium
1107 767 1439 824 salutem.'8i
1488 768 1605 836 quis
1640 776 1726 821 est
1766 768 1857 818 tibi
1882 807 1899 826 ,
1932 764 2116 832 inquit,

549 864 614 916 in
668 867 880 917 civitate
909 903 925 926 ,
977 865 1020 914 si
1061 875 1215 930 quem
1256 874 1468 913 servare
1516 858 1685 924 cupis,
1737 857 1779 909 si
1816 871 1971 924 quem
2017 856 2121 907 scis

554 954 624 1007 ab
655 954 874 1007 istorum
896 951 1116 1005 crimine
1144 950 1394 1013 alienum,
1422 947 1567 1000 Educ
1614 962 1678 999 ea:
1712 945 1823 997 -ltoc
1875 944 1983 997 loco
2009 983 2024 1007 ,
2069 951 2122 995 ct

547 1043 624 1095 .dc
679 1054 853 1104 tera;
917 1054 1104 1093 omnes
1156 1033 1262 1108 qui
1291 1037 1382 1091 tibi
1417 1035 1601 1104 juncti
1637 1043 1779 1088 sunt
1812 1033 2001 1088 educz
2037 1034 2120 1085 l3.

543 1130 826 1184 -Perdimus
871 1129 1006 1182 enim
1054 1128 1353 1182 nos-locum
1400 1127 1566 1178 hunc:
1586 1124 1788 1177 Deinde
1814 1133 1865 1176 et
1909 1138 2122 1175 Causam

549 1221 1069 1290 ﬁeruntgjustum
1123 1219 1297 1275 milia
1343 1218 1629 1287 diligenter
1654 1218 1930 1271 docentes.
1993 1216 2125 1281 Quia

554 1313 804 1364 exaltatus
877 1322 970 1375 est,
1048 1311 1244 1378 inquit,
1289 1309 1482 1362 clamor
1527 1323 1698 1360 eorum
1744 1323 1911 1359 coram
1954 1304 2127 1359 Domi-

555 1419 660 1466 no,
717 1412 763 1454 et
801 1401 931 1455 misit
967 1417 1060 1455 nos
1119 1381 1365 1457 Dominus
1397 1408 1453 1452 ut
1495 1409 1826 1452 euereremus
1867 1413 1969 1450 eos.
2019 1397 2128 1451 iloc

555 1503 672 1548 erat
709 1493 849 1563 quod
909 1493 1182 1548 dicebatur
1222 1491 1536 1561 patriarcha:
1592 1489 1819 1544 Abrahae
1869 1507 1882 1542 :
1928 1489 2129 1543 Clamor

559 1582 897 1638 Sodomorum
941 1593 986 1636 et
1029 1581 1323 1636 Gomorrlue
1358 1580 1721 1648 multiplicatus
1744 1588 1816 1632 est
1849 1580 1988 1646 apud
2029 1592 2125 1632 me.

561 1673 831 1728 Eultatus
871 1683 964 1733 est.
1013 1672 1205 1742 inquit,
1261 1671 1454 1726 clamor
1480 1687 1654 1725 eorum
1697 1686 1868 1725 coram
1914 1669 2130 1723 Domina

559 1763 710 1832 (Gen.
742 1764 828 1820 18.
859 1764 973 1834 90).

553 1849 556 1852 ’
617 1858 683 1920 ⁴ϐ.
712 1857 940 1914 Grandis
971 1854 1336 1926 perversitatls
1373 1870 1558 1912 eorum
1589 1854 1915 1924 magnitudo,
1953 1862 2016 1909 et
2044 1853 2129 1909 id-

559 1947 724 2025 circo,
753 1947 874 2016 quia
903 1946 1205 2002 ineuitabilis
1234 1948 1468 2008 morbus.
1499 1956 1553 2001 et
1581 1948 1772 2002 vulnus
1792 1945 1904 2000 hoc
1935 1945 2131 1999 nullam

549 2048 742 2104 curam
763 2037 978 2106 recipit,
994 2036 1142 2090 misit
1168 2049 1265 2089 nos
1283 2035 1533 2091 Dominus
1551 2045 1604 2088 ut
1627 2046 1990 2090 extereremus
2017 2048 2130 2088 eos.

559 2125 629 2181 Et
655 2125 757 2181 ltoc
782 2135 864 2182 est
886 2126 1026 2196 quod
1047 2126 1256 2182 dicebat
1281 2126 1442 2180 David
1468 2144 1480 2179 :
1502 2126 1612 2193 ‘Qui
1641 2127 1762 2197 facit
1787 2127 1992 2196 angelos
2017 2142 2134 2179 suos

559 2217 787 2285 spiritus,
828 2225 874 2271 et
900 2217 1153 2271 ministros
1189 2232 1308 2271 suos
1333 2217 1592 2286 ﬂammam
1621 2217 1751 2288 ignis
1787 2216 1805 2285 (
1833 2214 1977 2269 Psal.
2011 2217 2132 2270 105.

560 2305 644 2374 ὁ).
672 2306 826 2372 Quia,
857 2307 1043 2376 inquit,
1074 2306 1385 2361 advenimus
1410 2306 1476 2362 ad
1504 2306 1640 2360 hanc
1662 2305 1930 2375 regionem
1953 2305 2137 2360 delen-

559 2397 684 2452 dam
736 2400 992 2467 (propter
1036 2398 1286 2452 malitiam
1335 2397 1475 2452 enim
1525 2395 1927 2450 inhabitantium
1976 2397 2137 2450 etiam

562 2497 703 2542 terra
732 2502 940 2556 ponam
965 2487 1528 2559 accipiet),'egredere
1553 2497 1609 2541 tu
1629 2486 1784 2542 ‘hinc.
1814 2486 1938 2541 ilzrc
1963 2494 2020 2540 ut
2045 2501 2138 2539 au-

563 2575 700 2630 divit
719 2577 912 2646 justus,
935 2587 988 2632 et
1007 2579 1188 2633 didicit
1212 2594 1424 2633 causam
1452 2571 1668 2648 propter
1691 2592 1848 2647 quam
1879 2577 2140 2632 aﬂuerunt

561 2667 664 2721 viri
695 2667 924 2736 quidem,
957 2678 1014 2722 ut
1055 2670 1398 2736 apparebant,
1443 2669 1614 2738 angeli
1654 2679 1830 2723 autem
1861 2683 2046 2723 revera
2086 2676 2141 2723 et

564 2756 789 2812 ministri
812 2757 903 2812 Dei
928 2758 1182 2820 omnium,
1212 2759 1298 2814 ib.
1323 2757 1571 2830 Egressus
1597 2757 1691 2812 Lat
1707 2758 1948 2825 loquutus
1971 2767 2044 2813 est
2054 2774 2140 2828 ge-

564 2855 696 2902 nerts
722 2848 844 2912 suis,
869 2849 956 2912 qui
978 2857 1271 2915 acceperant
1294 2849 1428 2917 [ilius
1457 2867 1584 2919 ejus.
1613 2849 1766 2918 Atqui
1793 2863 1955 2918 supra
1983 2849 2136 2904 dice-

563 2937 657 2993 bat
696 2939 870 3008 impiis
915 2939 1038 3007 illis,
1079 2940 1208 2995 Ecse
1243 2941 1368 2996 duas
1402 2941 1537 3010 ﬁlias
1569 2939 1880 3010 [tabemque
1918 2941 2141 2995 nondum

569 3040 904 3100 cognoverunt
933 3034 1066 3086 viros
1086 3047 1106 3087 :
1129 3035 1396 3102 quomodo
1437 3035 1595 3103 igitur
1620 3034 1706 3089 hic
1741 3034 1888 3097 dicit,
1936 3033 2141 3088 Generis

561 3121 690 3185 suis,
712 3122 794 3190 qui
823 3133 1113 3192 acceperant
1133 3125 1264 3191 ﬁlias
1291 3125 1436 3194 ejus?
1459 3124 1536 3179 Ne
1560 3134 1714 3193 putes
1735 3127 1998 3179 contraria
2023 3140 2142 3180 esse

566 3210 685 3264 hcc
716 3210 840 3274 illis,
871 3226 990 3280 qua
1015 3215 1257 3282 superius
1285 3230 1315 3268 a
1349 3214 1493 3283 justo
1519 3222 1646 3269 sunt
1670 3214 1830 3269 dicta.
1863 3215 1974 3270 Mos
1998 3217 2138 3269 enim

565 3301 658 3357 ille
685 3302 948 3358 veteribus
968 3313 1104 3368 erat,
1133 3314 1256 3360 ante
1280 3306 1502 3360 multum
1533 3314 1741 3378 tempus
1765 3307 2028 3376 sponsalia
2061 3307 2139 3361 la-

564 3405 724 3451 cero:
753 3409 894 3464 sepe
923 3395 1049 3450 item
1075 3407 1128 3450 et
1150 3397 1454 3453 cohabitare
1482 3398 1815 3468 desponsatis
1833 3440 1849 3465 ,
1889 3409 1944 3455 et
1983 3400 2140 3455 simul

562 3498 687 3538 cum
732 3485 1036 3553 parentibus
1073 3487 1312 3543 versari:
1343 3488 1393 3543 id
1431 3489 1573 3558 quod
1613 3500 1667 3545 et
1697 3505 1837 3546 nunc
1877 3490 2058 3544 multis
2087 3491 2139 3544 in

559 3569 704 3627 locis
748 3573 861 3628 fleri
909 3574 1066 3654 solet.
1110 3575 1439 3654 Quia-igitur
1460 3579 1571 3647 jam
1619 3579 1960 3650 desponsatio
2001 3580 2139 3634 facta

561 3669 700 3727 erat,
735 3661 861 3717 ideo
888 3653 1162 3718 vocateos
1181 3653 1496 3734 generos-et
1515 3665 1675 3732 dicit,
1705 3668 1806 3734 Qui
1845 3678 2140 3739 acceperant

561 3751 702 3818 ﬁlias
725 3749 856 3822 ejus,
891 3754 1162 3824 proposito
1187 3755 1429 3813 videlicet
1454 3771 1517 3812 ac
1545 3767 1730 3814 metuo
1753 3774 2037 3815 consensu.
2070 3759 2141 3814 Et

554 3837 690 3892 dicit
713 3857 732 3893 :
758 3841 984 3912 Surgite,
1007 3852 1054 3896 et
1083 3846 1210 3899 erile
1232 3847 1293 3900 de
1320 3847 1413 3900 hoc
1441 3848 1550 3902 loco
1573 3865 1592 3902 :
1617 3850 1737 3918 quia
1755 3851 1934 3905 atterit
1958 3850 2141 3906 Domi-

557 3931 956 3988 nus~eivitatem.
973 3932 1142 3990 μνίου
1163 3943 1235 3990 est
1257 3947 1423 3991 autem
1450 3937 1837 4011 ﬁdicula’loqni
1850 3929 2021 3996 eorum
2047 3959 2138 4013 gs-

567 4019 702 4073 neris
729 4021 852 4075 suis.
891 4022 1019 4078 Vide
1045 4025 1312 4092 quomodo
1338 4042 1370 4082 e
1397 4027 1656 4082 malo-illo
1685 4028 1946 4085 fermento
1987 4042 2140 4088 erant

569 4117 624 4162 et
654 4109 758 4162 isti.
789 4111 853 4166 Et
880 4124 1160 4181 propterea
1183 4117 1368 4171 volens
1393 4117 1532 4172 Deus
1557 4119 1916 4175 cim-ﬁbenre
1936 4121 2138 4190 justum

568 4196 639 4250 ab
664 4198 872 4255 illorum
892 4202 1170 4271 afﬁnitate,
1202 4195 1306 4260 non
1333 4208 1572 4276 permisit
1593 4217 1649 4263 ut
1671 4211 2142 4266 commiscerentur

568 4300 689 4342 cum
719 4290 922 4346 ﬁliabus
943 4294 1070 4362 justi
1095 4312 1110 4348 :
1132 4297 1226 4351 sed
1249 4313 1368 4351 cum
1407 4299 1578 4367 impiis
1604 4301 1763 4355 etiam
1802 4301 1920 4356 illos
1958 4303 2139 4374 perdi-

567 4377 666 4445 dit,
698 4391 757 4436 ut
791 4397 1038 4453 egressus
1059 4385 1235 4456 justus
1274 4404 1392 4442 cum
1426 4389 1629 4445 ﬁliabus
1662 4392 1917 4462 effugeret
1939 4409 2140 4450 eorum

561 4473 958 4539 cognationem.
1002 4475 1180 4547 Itaque
1215 4493 1334 4532 cum
1365 4479 1606 4535 audirent
1633 4496 1664 4535 a
1698 4482 1841 4550 justo
1863 4483 2142 4539 terribiles

569 4557 691 4613 illas
714 4561 906 4628 minus,
933 4566 1530 4633 quasi-subsannabant,
1557 4579 1612 4623 et
1643 4571 1893 4639 putabant
1936 4573 2138 4628 delira-

571 4656 749 4702 merta
773 4663 891 4706 esse
915 4669 1031 4719 qua:
1051 4653 1379 4710 dicebantur.
1413 4657 1784 4714 Verumtamen
1801 4660 1975 4730 justus
1997 4662 2139 4732 quod

569 4751 726 4794 suum
751 4749 867 4796 orat
886 4742 1125 4812 faciebat,
1152 4757 1206 4801 et
1229 4748 1348 4816 quia
1373 4751 1537 4804 semel
1567 4750 1669 4805 illis
1697 4750 1830 4806 illius
1849 4752 2142 4823 desponsa-

571 4837 673 4893 rat.
702 4832 1096 4902 roluitcripere
1121 4852 1213 4891 eos
1245 4853 1274 4891 a
1298 4840 1557 4908 supplicio
1586 4859 1600 4896 :
1631 4850 1686 4895 at
1716 4842 1789 4896 illi
1819 4843 2096 4901 noluerunt
2121 4889 2138 4915 ,

567 4921 666 4977 aed
695 4924 745 4978 in
774 4928 1007 4982 moribus
1032 4931 1141 4983 suis
1178 4943 1508 4999 manserunt,
1536 4943 1605 4989 εει
1623 4937 1808 5007 ϊθὶιιδθ
1847 4938 2143 4998 didicerunt

570 5026 632 5065 se
675 5029 865 5083 magno
902 5033 998 5071 suo
1037 5020 1231 5075 damno
1265 5024 1543 5079 consilium
1579 5025 1708 5094 justi
1754 5030 2019 5100 reiecisse.
2054 5033 2140 5088 15.

575 5101 680 5156 ι’ὸί
701 5116 884 5172 autem,
918 5109 1103 5177 inquit,
1127 5129 1273 5165 mane
1296 5114 1483 5181 factum
1511 5126 1602 5182 est,
1643 5121 1867 5175 studiose
1889 5124 2143 5178 adhortati

569 5203 689 5250 sunt
709 5197 874 5265 angeli
901 5196 993 5250 Lat
1011 5239 1024 5260 ,
1051 5200 1269 5256 dicentes
1296 5218 1315 5256 :
1341 5202 1522 5276 Surge,
1549 5208 1722 5278 accipe
1746 5226 1952 5266 uxorem
1979 5223 2137 5280 tuam,

570 5292 619 5336 et
641 5285 782 5376 ﬁlius
801 5287 948 5354 duas,
978 5305 1102 5357 quas
1125 5292 1296 5357 babes,
1319 5305 1365 5349 et
1391 5299 1489 5361 exi,
1516 5308 1570 5351 ut
1594 5315 1656 5352 ne
1679 5310 1726 5353 et
1752 5310 1806 5353 tu
1825 5319 1935 5356 rum
1958 5305 2142 5376 iniqui-

570 5375 752 5467 tatibus
775 5379 986 5434 cioilatis
1022 5397 1214 5467 pergas.
1244 5384 1330 5440 l6.
1363 5385 1431 5440 Et
1472 5388 1657 5442 turbati
1695 5400 1828 5446 sunt.
1852 5392 1928 5449 Ne
1968 5396 2140 5463 (ἥσειν,

557 5465 738 5534 inquit
762 5484 776 5520 :
795 5467 902 5536 jam
918 5470 1058 5524 enim
1083 5465 1186 5527 illis
1201 5476 1460 5542 pernicies
1483 5477 1761 5548 inﬂigenda
1779 5491 1860 5537 est
1881 5500 1894 5537 :
1919 5484 2143 5554 teipsnrn

574 5555 730 5625 igitur
767 5567 822 5612 et
850 5574 1068 5615 uxorem
1113 5573 1167 5617 et
1195 5563 1328 5620 ﬁlias
1356 5581 1527 5623 serva.
1557 5568 1633 5623 liii
1671 5571 1814 5626 enim
1842 5575 1930 5642 qui
1959 5575 2143 5630 nolue-

573 5657 700 5702 runt
719 5649 1063 5732 admonitioni
1094 5661 1197 5710 tua
1223 5670 1432 5725 parere,
1468 5673 1573 5714 non
1600 5659 1755 5732 longe
1778 5672 1898 5731 post
1925 5666 2140 5734 partici-

568 5752 833 5818 peserunt
848 5745 1143 5806 communis
1171 5747 1436 5811 interitus.
1457 5749 1533 5809 Ne
1549 5752 1704 5826 igitur
1717 5753 1892 5828 dill‘er,
1911 5768 1967 5812 ut
1991 5767 2059 5815 ne
2083 5769 2136 5819 et

2230 765 2282 818 in
2330 767 2547 820 nimium
2602 783 2849 836 pavorem
2903 769 3238 834 inciderant,
3288 777 3602 840 et'propter
3644 771 3817 824 minas

2230 857 2568 911 anxii‘l’uere.
2615 858 2679 910 Et
2708 857 2828 912 ideo
2855 859 3052 928 Angeli,
3084 874 3267 914 curam
3290 871 3507 930 agentes
3542 859 3694 929 justi,
3722 875 3819 927 ap-

2232 948 2619 1017 prchertderrml,
2643 947 2832 1016 inquit,
2857 965 3061 1001 manum
3086 948 3356 1018 ejus.'Jam
3384 965 3488 1003 non
3513 959 3568 1002 ut
3591 947 3659 1002 'de
3686 948 3817 1001 viris

2235 1040 2465 1107 luquitnr
2502 1039 2568 1091 de
2593 1039 2670 1091 eis
2696 1039 2970 1108 Scriptura
3001 1040 3199 1102 divina,
3226 1041 3318 1094 sed
3349 1042 3472 1108 quia
3505 1041 3709 1110 plagam
3740 1042 3820 1094 iu-

2232 1126 2422 1180 ilictnri
2443 1138 2613 1191 erant,
2638 1130 2854 1198 angelos
2879 1144 2972 1182 eos
3004 1130 3239 1182 nominat
3258 1128 3489 1183 et'dieit:
3521 1131 3824 1199 Appre'hen-

2233 1219 2407 1270 derunt
2424 1235 2626 1270 manum
2645 1221 2772 1287 ejus,
2793 1228 2838 1270 et
2851 1235 3054 1271 manum
3071 1221 3242 1272 noris
3253 1221 3385 1286 ejus,
3403 1230 3450 1272 et
3471 1237 3674 1272 manuni
3699 1221 3827 1278 ﬁlia-

2231 1324 2343 1360 rum
2355 1309 2546 1377 ejus,eo
2560 1310 2694 1377 quod
2707 1310 2989 1378 parceretei
3009 1309 3373 1365 Dominus.l“id
3380 1311 3546 1363 ueiam
3560 1310 3827 1364 addebant

2232 1396 2567 1450 eismanuum
2582 1407 2826 1450 contacta
2839 1407 2893 1452 et
2905 1397 3482 1453 roboraverunteorum
3497 1399 3751 1463 animum,
3768 1407 3826 1452 ut

2233 1504 2302 1542 ne
2340 1489 2497 1541 timur
2520 1503 2703 1542 eorum
2729 1489 3045 1544 dissolveret
3077 1491 3272 1553 robur;
3302 1501 3581 1559 propterea
3610 1490 3823 1558 adjecit,

2234 1576 2315 1631 Eo
2331 1580 2465 1648 quod
2481 1588 2708 1647 parceret
2736 1581 2780 1632 ei
2799 1578 3064 1632 Dominus.
3095 1581 3227 1646 Quia
3243 1583 3382 1634 enim
3405 1579 3824 1648 Dnminusjndi—

2232 1669 2374 1723 cavit
2399 1684 2521 1722 eum
2555 1669 2729 1723 salute
2755 1670 2996 1738 dignum,
3042 1671 3240 1725 idcirco
3264 1680 3316 1724 et
3361 1671 3532 1740 angeli
3580 1671 3823 1726 volentes

2237 1775 2421 1814 eorum
2451 1761 2688 1814 animum
2730 1761 3006 1825 roborare,
3040 1776 3255 1815 manum
3285 1776 3470 1814 eorum
3521 1760 3824 1829 apprehen-

2235 1851 2387 1915 dunt,
2423 1852 2509 1905 l7.
2546 1851 2607 1904 Et
2635 1852 2900 1906 educentes
2922 1868 3004 1906 eos
3030 1855 3188 1920 foras,
3216 1854 3452 1906 dixerunt
3477 1868 3495 1906 :
3526 1851 3684 1906 Sa‘loa
3702 1853 3819 1906 arii-

2235 1957 2373 1993 mam
2399 1953 2536 1994 tuam
2559 1959 2578 1994 :
2603 1958 2666 1994 ne
2683 1943 2926 2011 respicias
2952 1953 3064 2010 post
3092 1953 3285 2012 tergum
3318 1961 3332 1995 :
3363 1959 3425 1996 ne
3451 1952 3548 1997 stes
3587 1943 3640 1995 in
3685 1941 3826 1996 omni

2238 2032 2350 2084 loco
2371 2046 2461 2101 per
2486 2033 2749 2084 circuitum
2783 2050 2802 2085 :
2837 2033 2890 2086 in
2919 2044 3134 2086 montem
3165 2035 3359 2087 salvum
3389 2037 3572 2103 te‘fac.
3602 2048 3666 2088 ne
3695 2033 3829 2102 [om

2237 2121 2390 2175 simul
2407 2123 2700 2193 abripiar-is.
2729 2122 2998 2189 Quoniam.
3017 2124 3383 2180 liberamus-te
3411 2125 3478 2178 ab
3504 2124 3680 2193 impiis
3694 2123 3825 2189 illis,

2238 2214 2430 2284 inquit,
2467 2231 2533 2270 ne
2577 2216 2712 2270 ultra
2740 2217 3137 2286 circumspicias
3177 2225 3302 2288 post
3327 2224 3574 2285 tergum,
3607 2230 3673 2270 ne
3699 2213 3830 2269 velis

2239 2308 2422 2363 videre
2448 2324 2568 2378 quae
2607 2309 2710 2362 illis
2739 2317 2994 2363 eventura
3033 2316 3176 2371 sunt,
3199 2307 3296 2362 sed
3341 2307 3530 2362 festina
3557 2315 3614 2362 et
3647 2306 3830 2376 procul

2242 2411 2418 2468 perge,
2452 2407 2508 2451 ut
2528 2396 2758 2467 ell'ugere
2785 2411 2952 2466 queas
2971 2411 3181 2466 poenam
3206 2397 3284 2450 eis
3307 2393 3830 2465 inﬂigwdamesin

2237 2488 2411 2556 justus
2441 2488 2651 2547 timens,
2678 2502 2744 2540 ne
2786 2485 2920 2540 forte
2949 2501 3054 2539 non
3085 2495 3264 2554 posset
3293 2485 3626 2555 designatum
3657 2484 3725 2537 ab
3750 2484 3832 2538 eis

2242 2579 2418 2634 locum
2444 2577 2690 2647 assequi,
2721 2584 2777 2632 et
2803 2577 2852 2628 in
2885 2586 3121 2630 montem
3149 2575 3446 2645 pervenire,
3488 2575 3660 2645 inquit
3691 2574 3828 2629 :18.

2247 2666 2371 2732 Oro;
2397 2667 2631 2731 Domine,
2664 2667 2749 2722 19.
2778 2666 2894 2736 quia
2923 2666 3106 2719 invenit
3137 2682 3262 2734 puer
3290 2674 3406 2718 tuus
3434 2665 3830 2719 misericordiam

2241 2775 2413 2812 coram
2453 2767 2518 2824 te,
2565 2768 2612 2812 et
2640 2758 2978 2827 magni/icasti
3010 2758 3266 2826 justitiam
3307 2768 3464 2818 luant,
3506 2773 3658 2827 quam
3703 2756 3831 2826 facit

2241 2867 2453 2916 mecum,
2483 2861 2537 2903 ut
2563 2852 2693 2904 vivat
2716 2850 2887 2902 anima
2914 2865 3024 2902 mea
3046 2864 3065 2902 :
3093 2865 3185 2919 ego
3207 2858 3374 2902 autem
3401 2865 3501 2903 non
3528 2859 3701 2918 potero
3723 2849 3832 2902 sal-

2243 2943 2349 2994 uari
2371 2941 2422 2992 in
2447 2952 2632 3004 monte,
2655 2956 2718 2992 ne
2732 2939 3220 3007 apprehendunt-me
3246 2939 3402 3000 mala,
3432 2950 3478 2992 et
3500 2941 3708 2993 moriar.
3736 2938 3829 2995 20.

2241 3031 2380 3085 Ecce
2401 3031 2574 3084 civitas
2592 3030 2696 3084 ista
2725 3047 2900 3101 prope,
2930 3031 2999 3084 ad
3025 3047 3178 3100 quam
3206 3032 3498 3103 mnfag‘iam
3528 3047 3641 3102 ego,
3674 3047 3831 3101 pana

2237 3133 2315 3177 est
2347 3124 2360 3153 ¹
2384 3139 2398 3187 ;
2424 3123 2493 3176 ibi
2518 3120 2770 3187 seruabar,
2805 3133 2850 3175 et
2868 3123 2995 3176 vivet
3015 3123 3195 3175 anima
3224 3139 3334 3175 mea
3367 3133 3571 3192 prapter
3601 3134 3667 3176 te.
3696 3123 3828 3190 Quia

2242 3215 2407 3278 enim,
2454 3213 2646 3282 inquit,
2687 3214 2853 3268 semel
2897 3213 3208 3268 decrevistis
3253 3213 3479 3267 salutem
3522 3213 3652 3267 mihi
3700 3228 3831 3268 cnn-

2245 3306 2406 3368 l‘erre.
2450 3304 2742 3360 ascendam
2766 3314 2947 3358 autem
2983 3307 3039 3359 in
3076 3305 3273 3359 montis
3305 3306 3666 3374 verticem,id
3693 3308 3834 3364 vires

2240 3411 2388 3451 meas
2424 3404 2660 3466 superat,
2692 3395 3006 3464 ampliorem
3045 3395 3467 3450 miscricordiam
3509 3395 3638 3450 milii
3683 3397 3834 3452 erini-

2243 3488 2383 3553 bete,
2423 3496 2480 3542 et
2508 3487 2741 3543 laborem
2770 3501 2946 3542 meum
2975 3485 3476 3543 leviorenrreddite.
3515 3487 3591 3542 Ne
3621 3487 3833 3558 quando

2246 3581 2404 3652 igitur
2427 3579 2795 3650 apprehendar
2818 3594 2849 3633 a
2880 3593 3035 3649 pinna
3059 3594 3179 3650 qua:
3205 3578 3457 3650 inﬂigitur
3482 3580 3605 3647 illis,
3632 3592 3685 3635 et
3713 3596 3827 3650 par-

2245 3673 2412 3740 ticeps
2449 3671 2575 3726 tiam
2598 3671 2844 3727 interitus
2870 3685 3077 3733 eorum,
3122 3671 3391 3725 civitatem
3423 3671 3560 3726 hanc
3600 3674 3828 3728 vicinam

2241 3770 2297 3817 et
2316 3777 2530 3831 parvam
2554 3772 2830 3832 segregate
2848 3760 3005 3817 mihi.
3026 3759 3157 3815 Nam
3182 3761 3305 3816 licet
3332 3761 3452 3816 vilis
3477 3763 3544 3816 sit
3568 3772 3622 3817 et
3648 3777 3828 3832 parva,

2242 3863 2476 3909 attamen
2512 3854 2622 3908 illic
2649 3863 2912 3915 servatus,
2954 3867 3143 3908 secure
3189 3863 3370 3923 postea
3421 3867 3581 3923 agere
3623 3863 3831 3923 potero.

2238 3944 2329 3998 21.
2363 3943 2428 3998 Et
2452 3944 2580 3998 dixit
2605 3943 2693 3998 ei:
2721 3941 2854 3998 Ecca
2878 3942 3161 3997 dminus
3187 3960 3300 3998 sum
3325 3954 3464 3997 tuam
3489 3944 3670 4014 {aciem
3699 3955 3745 3998 et
3773 3945 3827 3999 in

2235 4035 2386 4090 verba
2411 4036 2611 4101 Λαέρτα
2633 4052 2698 4090 ne
2717 4037 2997 4090 subsertam
3017 4036 3263 4090 civitatem
3289 4036 3352 4091 de
3372 4053 3469 4106 qua
3493 4037 3726 4107 loquutus
3754 4054 3828 4094 ea.

2244 4128 2435 4196 Accepi
2463 4135 2581 4181 tuas
2628 4140 2840 4195 preces,
2886 4112 3075 4195 inquit,
3109 4136 3164 4182 et
3209 4127 3310 4182 hoc
3353 4126 3561 4191 iaciam,
3591 4143 3654 4183 ac
3688 4127 3828 4198 quod

2243 4213 2419 4288 petisti
2459 4217 2714 4279 concedo,
2747 4224 3148 4286 propterquete
3177 4217 3342 4271 etiam
3366 4216 3564 4272 civitati
3594 4232 3827 4288 parcam.

2239 4309 2330 4364 ξε.
2361 4307 2567 4363 Festina
2591 4308 2766 4379 igitur,
2798 4317 2845 4362 et
2873 4323 3065 4378 occupa
3089 4310 3276 4372 locum,
3308 4324 3369 4361 ac
3393 4309 3627 4384 αττεμπτ
3657 4325 3829 4379 nequo

2243 4401 2384 4455 enim
2416 4400 2605 4454 iaciam
2634 4398 2853 4468 aliquid,
2886 4397 3058 4453 donec
3089 4397 3444 4453 iilucvenins.
3473 4397 3593 4452 Non
3622 4409 3827 4469 potero,

2246 4491 2431 4561 inquit,
2457 4497 2620 4561 facere
2635 4489 2930 4560 quidquam,
2954 4499 3221 4559 antequam
3238 4499 3292 4542 tu
3311 4489 3435 4543 illuc
3453 4488 3754 4560 ingrediaris
3768 4491 3790 4524 '
3809 4507 3827 4556 ;

2244 4581 2363 4651 quia
2393 4595 2571 4636 curam
2601 4594 2701 4649 ago
2735 4589 2846 4633 tum
2874 4580 3089 4644 salutis,
3133 4579 3452 4648 exspectabo
3495 4580 3664 4634 donec
3705 4580 3832 4638 illuc

2241 4666 2423 4736 abeas,
2473 4679 2528 4748 et
2569 4681 2697 4725 tunc
2739 4670 2818 4724 eis
2863 4669 3094 4740 indigam
3144 4684 3378 4738 pmnam.
3409 4669 3500 4724 25.
3535 4670 3630 4726 Sal
3677 4672 3832 4741 igitur

2245 4780 2469 4834 egressus
2492 4773 2562 4817 est
2584 4779 2735 4831 super
2751 4773 2958 4827 terram,
2981 4771 3026 4815 et
3040 4760 3136 4816 Lat
3156 4763 3356 4816 intravit
3385 4764 3438 4816 in
3465 4762 3648 4833 Segor.
3677 4763 3829 4820 Circa

2243 4857 2374 4911 Solis
2397 4866 2596 4920 ortum,
2621 4855 2809 4924 inquit,
2838 4854 2983 4908 venit
3000 4855 3060 4908 in
3091 4855 3356 4910 civitatem
3383 4871 3397 4918 ;
3429 4865 3483 4911 et
3505 4857 3681 4910 statim
3705 4871 3828 4912 cum

2246 4947 2359 5015 ipse
2383 4957 2522 5000 esset
2552 4947 2687 5000 intra
2718 4945 3006 5010 civitatem,
3048 4945 3122 4999 illi
3150 4945 3412 5015 supplicio
3440 4934 3828 5014 plectebantur.

2245 5035 2335 5091 24.
2368 5035 2507 5089 Pluit
2533 5036 2690 5099 enim,
2719 5035 2908 5105 inquit,
2941 5034 3188 5090 Dominus
3217 5032 3368 5104 super
3395 5036 3622 5091 Sodoma
3649 5048 3698 5090 et
3727 5036 3830 5092 ϐο-

2246 5128 2450 5182 morrlta
2488 5125 2702 5195 sulphur
2729 5137 2778 5180 et
2819 5127 2987 5197 ignem
3029 5143 3062 5180 a
3101 5124 3322 5180 Domino
3353 5128 3417 5180 de
3450 5125 3576 5181 celo
3599 5143 3617 5181 :
3644 5128 3734 5184 25.
3779 5137 3830 5183 et

2244 5222 2480 5277 subvertit
2504 5222 2722 5274 civitates
2746 5220 2881 5284 illas.
2905 5230 2950 5272 et
2969 5218 3214 5288 quidquid
3233 5219 3366 5272 circa
3385 5235 3470 5273 eas
3489 5219 3823 5284 habitabatur,

2247 5325 2293 5370 et
2314 5329 2483 5367 omnes
2523 5312 2608 5382 qui
2649 5307 2942 5365 habitabant
2983 5310 3037 5363 iu
3075 5309 3376 5375 ciuitatibus,
3421 5319 3470 5364 et
3515 5326 3661 5363 omne
3694 5312 3830 5380 quod

2243 5404 2560 5460 «oriebatur
2585 5403 2648 5458 de
2672 5411 2825 5456 terra.
2854 5400 2930 5456 Ne
2956 5401 3028 5456 ob
3052 5401 3194 5455 hunc
3223 5399 3474 5470 loquendi
3503 5399 3717 5455 modum
3733 5401 3829 5455 ad-

2242 5496 2527 5552 miratione
2552 5494 2800 5557 tenearis,
2829 5491 3055 5552 dilecte:
3088 5492 3386 5562 proprietas
3409 5491 3550 5547 enim
3577 5503 3656 5547 est
3685 5492 3830 5548 Scri-

2309 5593 2329 5680 :
2361 5590 3106 5717 ἓῗὲἓῗὶεΐὲέἱέαίὶξῗὲααητέ
3117 5656 3302 5717 sensus
3559 5649 3616 5717 ut
3637 5644 3704 5694 ibi
3723 5642 3825 5695 sal-

2244 5723 2389 5823 ;eérrsii.
2413 5723 2505 5761 non
2527 5705 2653 5760 enim
2676 5714 2838 5771 potero
2859 5707 3021 5770 facere
3044 5705 3308 5771 quidquam
3343 5708 3495 5758 donec
3516 5705 3633 5757 illuc
3653 5717 3824 5769 peno-
