4144 6486
299 530 495 592 ptum,
521 533 642 589 qua:
668 515 1127 574 iudiderentersic
1144 529 1288 585 stupe
1306 515 1459 585 ponit
1478 514 1639 570 verba
1659 531 1672 568 :
1695 512 1745 569 id
1766 512 1906 583 quod

299 598 358 667 et
381 622 526 665 nunc
552 606 735 665 videre
758 607 901 663 licet.
937 604 1082 661 Pluit
1106 606 1271 672 enim,
1299 605 1489 675 inquit,
1518 604 1769 659 Dominus
1797 602 1910 657 sul-

302 702 437 772 phur
478 708 526 754 et
550 700 718 770 igneus
757 714 793 753 ο
819 696 1041 753 Densius
1066 697 1130 752 de
1150 694 1279 751 celo
1299 712 1320 750 :
1347 705 1405 749 ut
1428 696 1592 760 dicat,
1624 694 1910 748 Dominum

305 809 522 866 pinnam
544 791 816 850 induxisse
837 806 853 844 :
881 799 939 846 et
967 805 1074 845 me
1092 791 1267 846 solum
1290 789 1537 845 civitates
1556 786 1908 850 snbvertisse,

294 900 633 955 nutumque
668 882 813 938 circa
850 882 1238 951 regionem,.et
1275 896 1466 936 omnes
1511 878 1906 942 inhabitantes,

302 975 403 1035 sed
428 978 594 1034 etiam
616 990 739 1046 qum
756 974 1141 1032 exoriebantur
1160 973 1236 1031 de
1254 983 1397 1030 terra
1422 972 1745 1029 abolevisse.
1776 971 1910 1040 Quia

300 1070 449 1127 enim
473 1067 738 1132 homines.
764 1067 856 1140 qui
876 1082 999 1123 eam
1030 1065 1417 1131 inhabitabant,
1444 1065 1641 1120 multos
1668 1063 1920 1133 impieta-

304 1162 380 1217 tis
422 1149 629 1215 [racius
677 1158 1051 1230 protulerunt:
1101 1156 1323 1222 ideirco,
1371 1154 1564 1226 inquit,
1596 1162 1653 1210 et
1696 1153 1913 1209 inutiles

306 1250 529 1306 fructus
562 1259 721 1307 terrae
747 1247 906 1314 facio,
939 1257 1000 1304 us
1036 1256 1091 1303 ct
1116 1248 1222 1304 illis
1249 1247 1462 1303 abolitis
1493 1254 1806 1318 perpetuum
1843 1243 1912 1301 sit

307 1340 701 1398 mouisnentutn
726 1339 1085 1411 sequentibus
1107 1339 1542 1411 generationibus
1568 1355 1583 1392 :
1630 1346 1776 1392 terra
1819 1349 1917 1405 per

308 1446 473 1490 suam
491 1433 1038 1491 sterilhatemomnes
1062 1430 1313 1496 ducente,
1341 1438 1545 1503 quanta
1570 1429 1730 1484 fuerit
1757 1426 1907 1482 inha-

312 1525 601 1582 bitantium
642 1524 870 1580 malitia;
901 1523 1091 1579 Vidisti
1130 1530 1328 1594 quanta
1365 1537 1455 1578 res
1499 1521 1571 1577 sit
1615 1521 1819 1587 virtus,
1859 1527 1917 1576 et

310 1623 514 1686 quanta
541 1629 633 1671 res
658 1615 857 1671 malitia
883 1631 899 1671 :
942 1622 1000 1670 et
1028 1614 1301 1685 quomodo
1322 1613 1502 1684 justus
1536 1619 1779 1668 senatus
1804 1611 1916 1679 sit,

310 1708 405 1765 alii
429 1716 611 1765 autem
634 1706 850 1778 dignam
876 1721 971 1762 sua
999 1706 1199 1761 malitia
1228 1718 1443 1776 pmmm
1480 1700 1823 1774 receperint?
1851 1702 1920 1757 Et

313 1798 653 1870 sicut-justus
678 1813 775 1868 per
792 1812 949 1853 suam
972 1797 1226 1853 virtutem
1252 1803 1309 1850 ct
1330 1794 1466 1850 tilias
1492 1794 1717 1849 salvavit
1758 1803 1809 1848 et
1842 1792 1923 1848 ci-

298 1888 499 1965 _vitatis
536 1888 685 1945 illius
712 1888 1131 1945 subverslonem
1148 1886 1458 1957 prohibuit:
1490 1885 1563 1940 ita
1602 1894 1659 1939 et
1688 1883 1761 1939 illi
1792 1898 1918 1955 pro.

315 1993 439 2053 pter
475 1981 745 2052 ingentem
774 1995 927 2036 suam
955 1980 1213 2035 malitiam
1244 1992 1352 2033 non
1388 1978 1566 2033 solum
1601 1975 1702 2047 ipsi
1744 1974 1918 2046 perie-

316 2083 448 2131 runt
471 2073 713 2131 etdcleti
740 2082 884 2139 sunt,
929 2072 1103 2128 sedet
1124 2073 1419 2127 cil'ecerunt
1449 2068 1645 2125 terram
1676 2067 1920 2123 inutilem

316 2167 373 2223 iu
393 2163 653 2223 Mutus.
676 2165 767 2222 26.
792 2164 861 2219 Et
883 2166 1123 2233 respexit,
1150 2164 1343 2233 inquit,
1383 2179 1515 2218 uxor
1534 2164 1644 2233 ejus
1682 2170 1795 2233 post
1818 2169 1921 2214 ter-

314 2272 461 2327 m
487 2266 537 2314 st
564 2259 702 2328 facta
725 2264 798 2310 est
823 2255 1060 2311 columna
1079 2255 1227 2309 salis.
1259 2253 1391 2309 Nam
1416 2254 1669 2323 quoniam
1709 2250 1921 2306 audivit

317 2348 939 2421 augelesprtecipientes
957 2346 1128 2419 justo,
1156 2354 1215 2402 ut
1240 2361 1308 2401 ne
1332 2361 1394 2402 se
1421 2352 1801 2404 converterent
1828 2358 1919 2398 re-

318 2447 577 2504 trorsum,
599 2439 695 2496 sed
719 2453 844 2495 cum
861 2453 1052 2509 magna
1082 2437 1423 2494 festinatione
1450 2436 1803 2493 accederent:
1827 2449 1924 2491 ne-

317 2529 482 2600 glexit
510 2529 694 2593 verba,
716 2540 773 2585 et
810 2538 1135 2599 praeceptum
1162 2545 1267 2585 non
1298 2529 1607 2596 custodiuit,
1637 2536 1922 2598 propterea

318 2635 436 2677 sum
460 2621 798 2692 negligentiae
824 2620 971 2677 dedit
1001 2636 1237 2691 pinnam.

392 2714 449 2767 ’1.
482 2712 701 2769 lautis
751 2714 1055 2769 exhortatio.
1078 2744 1150 2755 —
1174 2714 1438 2771 Caeterum
1494 2726 1594 2768 nos
1641 2712 1924 2783 audientes

322 2805 434 2871 illa,
467 2814 666 2862 eos":
683 2806 877 2862 salutis
902 2820 1086 2862 curam
1111 2805 1501 2876 diligentiorem
1524 2804 1836 2869 habeamus,
1868 2811 1923 2859 ct

319 2896 453 2951 vitia
488 2895 673 2950 illa-ne
692 2895 963 2951 imitemur
984 2910 1288 2951 caveamus.
1332 2894 1753 2965 lmitemuejusti
1776 2894 1919 2950 illius

322 2984 739 3057 hospitalitatem
768 2985 978 3041 etalias
1005 2985 1251 3053 virtutes,
1272 2994 1330 3041 ut
1354 2985 1623 3055 possimus
1652 2994 1708 3040 et
1734 2999 1924 3054 super-

322 3072 610 3131 nariram
634 3071 928 3142 depellere.
952 3072 1134 3144 Neque
1156 3073 1299 3128 enim
1328 3072 1584 3143 possibile
1610 3081 1715 3136 est,
1747 3079 1808 3127 ut
1831 3071 1926 3143 qui

320 3166 575 3222 virtutem
605 3163 747 3220 hanc
782 3179 980 3236 magno
1019 3166 1198 3220 studio
1224 3174 1496 3232 exerceat,
1521 3178 1630 3221 non
1658 3167 1921 3235 grandem

321 3255 451 3312 inde
486 3262 725 3327 reportet
760 3254 1097 3311 thesaurum.
1123 3254 1333 3311 Etenim
1357 3253 1489 3324 justi
1527 3253 1605 3310 illi
1637 3255 1715 3310 sic
1737 3267 1924 3325 super—

325 3360 454 3403 nam
481 3346 710 3417 gratiam
745 3345 1061 3416 consequuti
1101 3353 1245 3409 sunt,
1274 3353 1383 3401 tam
1409 3344 1733 3415 patriarcha,
1761 3357 1924 3417 quam

322 3437 449 3504 Lat,
476 3447 533 3493 et
555 3437 647 3507 qui
673 3436 921 3494 homines
954 3437 1225 3508 suscipere
1250 3451 1312 3493 se
1336 3446 1681 3508 putaverunt,
1706 3454 1923 3495 merue-

321 3536 452 3584 runt
476 3527 752 3597 suscipere
774 3528 1015 3599 angelos,
1057 3535 1112 3582 et
1140 3528 1452 3598 angelorum
1483 3527 1788 3583 Dominum.
1817 3528 1928 3585 No-

321 3617 411 3674 bis
447 3631 661 3688 quoque
697 3624 755 3671 et
792 3630 954 3684 nunc,
994 3616 1041 3671 si
1079 3616 1428 3683 voluerimus,
1466 3618 1742 3687 suscipere
1779 3617 1924 3674 licet.

323 3706 449 3778 Ipse
474 3706 619 3763 enim
642 3718 726 3764 est
763 3707 854 3777 qui
877 3705 1013 3762 dixit
1044 3723 1060 3762 :
1096 3706 1197 3775 Qui
1224 3706 1437 3779 suscipit
1465 3724 1573 3774 vos,
1610 3725 1692 3763 me
1714 3710 1927 3782 suscipit

323 3798 544 3873 “sttit.
573 3799 665 3855 io.
703 3799 821 3871 ιο).
853 3799 943 3856 Sic
968 3799 1131 3871 igitur
1169 3800 1411 3872 hospites
1454 3801 1840 3871 suscipiamus,
1869 3811 1927 3858 et

322 3907 433 3947 non
459 3890 527 3947 ad
549 3898 825 3952 externam
854 3890 1113 3947 vilitatem
1141 3892 1511 3961 respiciamus.
1542 3892 1852 3958 Enimvero,
1876 3894 1927 3949 si

321 3982 420 4040 tali
458 3991 641 4039 mente
682 3982 1097 4053 hospitalitatem
1144 3984 1304 4038 etiam
1348 3997 1448 4037 nos
1485 3985 1920 4051 exercuerimus,

322 4074 473 4147 dini
497 4074 700 4131 erimus
724 4082 782 4130 et
802 4088 903 4129 nos
925 4074 1017 4144 qui
1040 4073 1175 4129 tales
1196 4073 1435 4143 hospites
1454 4073 1806 4143 excipiamus,
1831 4075 1925 4144 qui

322 4164 581 4224 Videntur
601 4164 819 4237 quidem
845 4166 976 4232 viri,
996 4164 1308 4235 angelorum
1338 4174 1520 4220 autem
1545 4165 1767 4221 virtutes
1795 4181 1935 4237 ope-

323 4266 554 4315 natur:
586 4265 792 4313 Ianum
826 4271 894 4312 ne
919 4256 1115 4312 curiosi
1153 4256 1524 4325 exploratores
1550 4266 1605 4312 et
1642 4258 1925 4328 inquisito.

327 4364 419 4406 res
434 4350 632 4416 simus,
648 4356 711 4403 ut
730 4364 799 4404 ne
816 4347 1123 4404 thesaurum
1144 4347 1458 4418 perdamus.
1481 4349 1926 4420 Quandoquidem

323 4450 381 4499 et
405 4441 591 4497 beatus
632 4439 831 4497 Paulus
858 4440 956 4496 hos
976 4440 1153 4510 justas
1190 4440 1512 4507 subindicat,
1548 4450 1602 4497 et
1628 4442 1787 4499 docet
1825 4458 1926 4500 nos

323 4530 596 4604 motio
619 4530 755 4588 tales
783 4531 1023 4600 hospites
1046 4532 1373 4602 exceperint.
1404 4530 1811 4601 Hospitalitatis,
1842 4535 1922 4591 im

322 4624 475 4697 quit,
508 4640 573 4679 ns
614 4625 978 4680 obliviscamini
1013 4641 1031 4677 :
1061 4637 1268 4697 propter
1304 4626 1437 4679 lianc
1471 4627 1603 4680 enim
1648 4630 1929 4684 nescientes

325 4717 539 4789 quidam
565 4717 786 4789 hospitio
806 4728 1109 4787 exceperunt
1137 4718 1343 4788 angelos
1366 4718 1550 4787 (Hebr.
1580 4720 1663 4774 l5.
1702 4721 1778 4791 l).
1809 4720 1923 4778 Hoc

323 4810 471 4866 etum
512 4823 609 4865 eos
649 4808 983 4878 potissimum
1028 4807 1155 4864 fecit
1193 4808 1569 4877 admirabiles,
1612 4811 1754 4881 quod
1804 4827 1919 4880 eos,

323 4914 462 4975 quos
486 4912 596 4956 non
635 4908 915 4963 novemnt,
956 4899 1379 4957 ministeriosuo
1420 4901 1820 4959 honoraverint.
1854 4904 1924 4960 Et

324 5008 426 5051 nos
454 4991 616 5063 igitur
642 5006 764 5047 cum
805 4990 909 5047 (ide
944 5006 1009 5047 ac
1048 4992 1246 5061 pietate
1285 5008 1399 5049 rem
1435 4995 1715 5062 obeamus,
1759 5006 1817 5049 ut
1845 4997 1923 5053 sic

325 5087 639 5145 thesaurum
680 5084 894 5156 assequi
934 5085 1201 5155 possimus
1236 5085 1425 5157 :quod
1473 5087 1629 5141 nobis
1670 5087 1922 5143 omnibus

320 5178 683 5255 eameedaturg
699 5177 875 5248 gratia
906 5186 960 5232 et
999 5176 1327 5248 benignitate
1365 5178 1575 5233 Domini
1598 5182 1766 5235 nostri
1794 5180 1922 5237 Jesu

323 5270 559 5335 Christi,
589 5268 687 5325 cui.
712 5285 835 5324 cum
868 5269 1023 5324 Patre
1050 5278 1107 5324 et
1146 5276 1333 5325 sant-to
1376 5268 1579 5339 Spiritu
1619 5272 1690 5327 sit
1726 5273 1919 5344 gloria,

323 5378 468 5420 nunc
490 5374 547 5419 et
569 5376 808 5433 semper,
829 5369 889 5416 et
915 5362 965 5416 in
990 5361 1183 5417 stecula
1209 5362 1550 5419 saeculorum.
1584 5366 1776 5420 Amen.

872 5450 1151 5507 llOMlLIA
1187 5451 1370 5509 XLIV.

323 5544 567 5601 Diluculo
608 5552 779 5597 autem
827 5543 957 5597 venit
992 5543 1253 5598 Abraham
1271 5544 1341 5598 ad
1387 5545 1554 5601 locum
1600 5548 1682 5602 ubi
1719 5558 1922 5604 steterat

679 5651 852 5689 coram
878 5632 1099 5690 Domino
1129 5634 1294 5705 (Gen.
1326 5636 1413 5691 l9.
1436 5636 1562 5707 27).

396 5726 446 5782 l.
478 5725 603 5782 Heri
626 5741 728 5781 nos
751 5734 1126 5796 argumentum
1146 5725 1215 5781 de
1235 5726 1458 5795 muliere
1478 5726 1807 5786 Samaritana
1837 5747 1923 5787 sa-

325 5816 393 5876 tis
429 5817 614 5879 docuit
638 5816 969 5875 ineffabilem
995 5816 1207 5877 Domini
1230 5816 1713 5890 longanimitatem,
1745 5831 1798 5881 et
1825 5838 1920 5880 ex-

1333 401 1399 459 IN
1462 403 1616 460 CAP.
1658 399 1801 456 XIX.
1842 396 2089 456 GENES.
2130 396 2361 456 ιιοιιιι.
2401 399 2585 457 XLIV.

3514 400 3617 458 406

2021 511 2304 569 cellentem
2350 530 2475 585 erga
2506 516 2661 570 illam
2680 513 3092 586 providentiam,
3132 522 3294 587 atque
3333 515 3474 573 illius
3500 528 3625 584 gra-

2016 612 2130 658 tum
2156 604 2415 659 animum.
2443 605 2664 661 Vidistis
2690 605 2983 677 quomodo,
3010 613 3067 662 ut
3091 622 3280 677 aquam
3307 605 3620 665 sensibich

2018 694 2278 761 hauriret,
2305 694 2524 750 advenit
2550 695 2653 767 (a),
2675 706 2733 751 et
2756 696 3111 768 exspirituali
3137 697 3284 753 fonte
3309 698 3489 753 divina
3516 696 3622 755 ilu-

2016 790 2160 843 miua
2202 788 2400 854 hausit,
2429 804 2494 845 se
2526 789 2747 845 domum
2778 789 2968 857 rediit,
2988 788 3217 861 implens
3249 789 3393 860 quod
3416 790 3625 848 dictum

2015 889 2099 934 est
2141 894 2171 933 a
2202 879 2429 936 Domino
2466 895 2480 933 :
2514 880 2659 948 Aqua
2678 919 2694 945 ,
2723 896 2877 950 quam
2915 896 3007 951 ego
3032 879 3186 946 dabo,
3208 880 3305 933 erit
3338 880 3393 934 in
3420 896 3481 934 eo
3508 884 3626 951 [ous

2016 987 2169 1043 aqua
2189 972 2419 1027 salientis
2443 972 2497 1027 in
2524 972 2678 1027 vitam
2698 981 2943 1027 uanam
2970 970 3147 1042 (Ioan.
3172 971 3373 1042 4.14).
3399 970 3627 1044 lmpleta

2019 1065 2163 1121 enim
2190 1066 2303 1137 ipsa
2344 1065 2528 1121 divino
2556 1065 2649 1121 illo
2674 1073 2728 1121 et
2767 1064 3033 1136 spirituali
3059 1064 3248 1133 fonte,
3263 1080 3371 1120 non
3396 1064 3629 1120 detinuit

2018 1162 2157 1215 intra
2182 1174 2244 1216 se
2270 1158 2491 1215 flumina
2532 1176 2547 1213 :
2590 1159 2687 1215 sed
2728 1159 3207 1229 superscaturiens,
3234 1166 3293 1213 ut
3322 1156 3394 1214 ita
3420 1157 3623 1222 dicam,

2018 1251 2207 1306 alludit
2239 1259 2295 1307 et
2337 1250 2389 1305 in
2422 1250 2750 1308 habitatores
2790 1250 3024 1305 civitatis
3062 1247 3306 1305 coiicessi
3350 1248 3453 1305 sibi
3491 1247 3625 1304 doni

2018 1342 2266 1413 gratiam,
2293 1351 2349 1398 et
2368 1342 2634 1413 pneconis
2662 1340 2899 1397 oliicium
2927 1341 3039 1412 egit
3066 1341 3258 1396 mulier
3284 1338 3626 1396 Samaritana

2021 1446 2075 1491 et
2094 1434 2420 1508 alienigena.
2439 1435 2660 1491 Vidistis
2676 1444 2935 1505 quantum
2954 1433 3152 1489 bonum
3174 1433 3243 1488 sit
3260 1432 3425 1487 animi
3447 1438 3632 1503 gratus

2021 1529 2284 1595 edoctus;
2312 1530 2520 1586 vidistis
2548 1528 2759 1584 Domini
2779 1527 3185 1597 benignitatem,
3208 1521 3633 1595 quomodonul-

2023 1623 2136 1681 lum
2174 1628 2505 1686 contemnat,
2535 1619 2631 1675 sed
2671 1619 2835 1674 etiam
2868 1617 2921 1673 in
2950 1616 3195 1681 muliere,
3224 1615 3385 1670 etiam
3414 1614 3469 1669 in
3500 1627 3632 1684 pau-

2025 1722 2247 1784 pertate,
2296 1721 2367 1770 et.
2389 1713 2713 1783 ubicumque
2758 1711 3023 1767 invenerit
3049 1708 3284 1764 animam
3310 1706 3525 1779 vigilem
3568 1719 3636 1762 ae

2024 1805 2307 1871 fervidam,
2353 1805 2533 1859 statim
2576 1804 2802 1875 gratiam
2845 1817 2997 1858 suam
3025 1801 3098 1857 illi
3144 1800 3422 1872 largiatur.
3452 1796 3639 1857 Imite—

2025 1908 2146 1950 mur
2171 1895 2351 1965 igitur,
2381 1894 2642 1959 obsecro,
2678 1902 2735 1949 et
2764 1907 2863 1949 nos
2889 1892 3031 1948 hanc
3068 1892 3375 1958 mulierem,
3399 1902 3643 1962 cumque

2026 2001 2215 2057 magna
2260 1985 2559 2041 attentione
2600 1986 2931 2055 accipiamus
2987 1983 3289 2039 doctrinam
3340 1997 3371 2038 ιι
3428 1980 3635 2053 Spiritu

2027 2076 2341 2148 profectam.
2365 2075 2551 2148 Neque
2573 2078 2719 2132 enim
2750 2085 2933 2133 nostra
2953 2086 3078 2132 sunt
3098 2090 3217 2147 qua:
3242 2074 3516 2139 dicuntur,
3540 2088 3635 2129 ne-

2024 2184 2131 2240 que
2164 2184 2232 2225 ca
2264 2171 2477 2240 propria
2507 2170 2683 2242 lingua
2728 2162 2995 2240 loquimur
3033 2181 3388 2240 quzecumque
3425 2166 3630 2224 dixeri-

2026 2278 2174 2328 mus,
2217 2262 2313 2318 sed
2344 2262 2551 2318 Domini
2596 2262 2928 2333 benignitate
2968 2262 3233 2334 dirigente
3282 2268 3502 2331 propter
3544 2273 3642 2316 ve-

2027 2361 2196 2408 stram
2225 2352 2451 2408 salutem
2476 2352 2973 2410 etaiditleationem
2999 2351 3259 2407 Ecclesia:
3285 2351 3397 2407 Dei.
3431 2350 3510 2406 Ne
3540 2351 3638 2423 igi-

2026 2450 2116 2498 tur
2148 2442 2219 2497 ad
2245 2458 2332 2498 me
2357 2442 2645 2508 dicentem,
2669 2443 2986 2508 carissime,
3016 2455 3191 2512 neque
3220 2440 3286 2496 ad
3321 2442 3645 2498 tenuitatem

2025 2534 2201 2591 meam
2231 2535 2490 2608 respicias
2525 2554 2541 2591 :
2584 2536 2679 2592 sed
2722 2536 2978 2607 quoniam
3000 2549 3065 2591 ea
3091 2549 3215 2605 quae
3255 2533 3466 2589 Domini
3511 2540 3639 2591 sunt

2024 2627 2212 2694 alii-ro,
2244 2627 2313 2682 ad
2329 2642 2456 2683 eum
2480 2625 2570 2696 qui
2590 2640 2681 2683 me
2701 2626 2848 2682 misit
2871 2634 3076 2681 attenta
3106 2632 3288 2681 mente
3315 2637 3643 2690 conversus,

2028 2720 2172 2791 vigili
2216 2719 2398 2775 animo
2426 2730 2555 2790 qum
2574 2718 2827 2775 dicuntur
2851 2719 3067 2789 accipe.
3096 2716 3547 2787 Quandoquidem
3585 2726 3646 2776 et

2029 2813 2083 2869 in
2139 2811 2392 2868 humanis
2438 2812 2690 2884 negotiis,
2730 2810 2947 2881 quando
2993 2810 3290 2881 Imperator
3332 2809 3643 2868 diademate

2027 2913 2323 2959 coronatus
2343 2903 2535 2959 literas
2552 2903 2733 2967 mittit,
2766 2910 2895 2957 tunc
2921 2902 2987 2970 is,
3016 2900 3108 2972 qui
3134 2916 3229 2957 eas
3252 2901 3431 2967 ati'crt,
3459 2917 3557 2974 per
3580 2915 3639 2960 se

2029 2994 2228 3049 nullius
2255 2994 2521 3049 niomemi
2545 3002 2649 3059 est,
2678 2992 2775 3049 sed
2799 2993 2883 3048 vir
2910 3010 2942 3049 e
2968 2993 3163 3061 trivio,
3179 2994 3271 3063 qui
3296 3008 3441 3064 saepe
3467 3006 3645 3066 neque

2030 3086 2403 3156 progenitores
2422 3098 2710 3142 numerare
2737 3085 2925 3155 possit,
2951 3085 3235 3148 obscurus,
3268 3092 3417 3141 ct=cx
3445 3084 3642 3142 obscu-

2029 3178 2107 3234 ris
2130 3178 2270 3233 :-sed
2296 3191 2404 3233 non
2442 3176 2510 3233 ad
2536 3177 2686 3233 illum
2717 3185 2964 3246 spectant
2992 3178 3083 3247 qui
3127 3178 3310 3233 literas
3337 3176 3642 3247 suscepturi

2030 3276 2181 3337 sunt,
2206 3269 2300 3325 sed
2324 3276 2543 3340 propter
2574 3268 2947 3338 imperatorias
2974 3266 3156 3322 literas
3176 3266 3249 3321 illi
3270 3281 3482 3337 quoque
3503 3265 3642 3323 mul-

2030 3369 2145 3417 tum
2189 3360 2447 3416 exhibent
2487 3358 2730 3423 honoris,
2778 3368 2843 3413 ac
2868 3358 3055 3413 literas
3097 3372 3290 3427 magna
3320 3372 3445 3413 cum
3484 3371 3644 3414 reve-

2032 3451 2203 3509 rentia
2244 3459 2300 3506 et
2332 3448 2550 3506 silentio
2594 3447 2882 3519 recipiunt.
2927 3447 2985 3504 Si
3018 3449 3179 3519 igitur
3205 3448 3252 3504 is
3288 3449 3379 3518 qui
3410 3448 3644 3508 hominis

2031 3540 2244 3605 literas,
2277 3547 2332 3595 et
2371 3538 2613 3595 chartam
2645 3536 3059 3603 tantumatl‘ert,
3100 3537 3180 3593 sic
3207 3540 3458 3595 omnibus
3482 3552 3645 3597 acce-

2031 3643 2153 3705 ptus
2171 3641 2257 3689 est
2280 3632 2356 3703 (b)
2391 3648 2405 3685 :
2428 3633 2598 3688 multo
2625 3632 2796 3702 magis
2821 3646 2919 3687 vos
2936 3631 3191 3686 convenit
3204 3631 3439 3701 eloquia,
3472 3647 3592 3703 qua.-
3611 3647 3643 3690 a

2030 3725 2230 3796 Spiritu
2281 3723 2437 3780 vobis
2464 3738 2562 3794 per
2608 3737 2711 3779 nos
2750 3723 3058 3790 mittuntur,
3107 3737 3299 3793 magna
3345 3724 3646 3782 attentione

2030 3816 2323 3885 suscipere,
2356 3823 2419 3870 ut
2465 3830 2712 3885 magnam
2755 3815 2891 3886 grati
2920 3815 3087 3870 animi
3125 3815 3399 3885 recipiatis
3437 3828 3651 3876 mereo—

2029 3908 2174 3964 dem.
2203 3908 2343 3965 Nam
2356 3908 2402 3965 si
2433 3908 2907 3964 viderit'Dominus
2931 3910 3311 3964 universorum
3332 3909 3643 3967 animarum

2030 4008 2332 4056 vestrarum
2381 3999 2757 4064 alacritatem,
2799 4007 2852 4054 et
2880 3998 3041 4054 nobis
3086 3999 3349 4070 largiores
3392 4008 3645 4070 sumptus

2031 4101 2261 4163 propter
2274 4099 2508 4146 vestram
2537 4090 2950 4146 mdilleatiouem
2993 4090 3378 4161 suppeditabit,
3410 4100 3466 4147 et
3491 4090 3646 4147 vobis

2030 4184 2290 4255 majorem
2334 4182 2592 4255 praebebit
2638 4182 2990 4250 intellectum,
3024 4192 3084 4238 ut
3122 4199 3187 4239 ea
3222 4199 3344 4254 qua:
3386 4184 3643 4243 dicuntur

2030 4278 2337 4349 intelligere
2358 4277 2599 4333 valeatis.
2625 4276 2888 4333 Liberalis
2911 4277 3061 4333 enim
3083 4286 3167 4332 est
3193 4278 3428 4348 Spiritus
3448 4281 3647 4350 gratia,

2029 4380 2085 4425 et
2110 4385 2168 4425 se
2188 4369 2243 4424 in
2269 4382 2460 4424 omnes
2482 4367 2788 4431 edundens,
2818 4368 3021 4422 nullam
3042 4367 3361 4424 divisionem
3390 4370 3642 4437 sustinet,

2031 4461 2133 4518 scd
2158 4476 2281 4515 cum
2306 4458 2665 4523 distribuitur,
2697 4458 2872 4529 magis
2894 4458 3113 4525 crescit,
3142 4466 3197 4513 et
3225 4469 3429 4529 quanto
3460 4462 3645 4533 plures

2029 4561 2155 4608 sunt
2178 4553 2296 4622 ejus
2326 4550 2630 4621 participes,
2658 4558 2809 4605 tante
2835 4560 2890 4605 et
2910 4550 3229 4606 beneﬁcium
3255 4552 3428 4624 magis
3452 4562 3648 4611 esten-

2027 4642 2194 4698 ditur.
2230 4643 2340 4713 Age
2364 4641 2525 4713 igitur
2542 4641 2589 4697 si
2616 4642 2846 4707 videtur,
2876 4649 2935 4697 et
2954 4641 3114 4697 hodie
3133 4643 3201 4697 ad
3228 4644 3424 4700 seriem
3450 4659 3639 4703 eorum

2027 4751 2151 4807 quae
2204 4735 2353 4807 prius
2400 4734 2541 4791 dicta
2586 4743 2714 4790 sunt
2761 4736 3065 4801 veniamus,
3111 4749 3177 4791 ac
3222 4735 3501 4792 videamus
3551 4736 3646 4794 ubi

2028 4828 2473 4895 sermodesierit,
2500 4837 2555 4883 et
2584 4827 2727 4884 unde
2745 4842 2870 4883 eum
2900 4837 3160 4899 repetere
3176 4827 3338 4883 hodie
3366 4840 3637 4900 oporteat.

2094 4967 2168 5029 (a)
2203 4973 2271 5015 De
2292 4964 2491 5029 (piahic
2513 4964 2715 5013 Homilia
2736 4975 3023 5017 sermonem
3054 4962 3254 5021 habeat,
3280 4962 3496 5013 nondum
3518 4966 3643 5018 satis

2028 5026 2345 5093 perspectum
2369 5026 2511 5075 nobis
2540 5034 2635 5075 est.

2094 5034 2514 5201 ἱῗῖθᾶῗιῐιῗιίιωοιῖξι
2538 5034 2822 5138 merentis
2844 5087 2960 5137 olim
2997 5086 3356 5149 exciperentur
3378 5085 3623 5149 imperato

2094 5166 2117 5201 ε
2158 5156 2318 5201 item.
2359 5149 2528 5200 videre
2568 5155 2646 5197 est
2668 5149 2795 5201 apud
2818 5149 3084 5201 scriptores
3108 5156 3212 5197 tum
3256 5146 3623 5200 Ecclesiastioos

2026 5146 2117 5203 ne
2141 5146 2318 5210 literae,
2359 5149 2528 5200 videre
2568 5155 2646 5197 est
2668 5149 2795 5209 apud
2818 5149 3084 5210 scriptores
3108 5146 3212 5197 tum
3256 5146 3436 5210 Ecclcsi

2450 5217 2620 5284 locum
2648 5208 2889 5284 inSignem
3173 5208 3304 5284 apud
3479 5208 3567 5284 lib.
3592 5208 3640 5271 l,

2026 5291 2070 5328 c.
2097 5277 2161 5327 Si
2185 5271 2213 5324 τ’
2228 5277 2311 5326 ubi
2346 5280 2567 5323 narratur
2602 5284 2715 5321 cum
2747 5271 2797 5321 in
2833 5271 3139 5333 depositione
3175 5271 3425 5327 Eustathii,
3473 5273 3633 5333 etnec.

2031 5291 2070 5328 c.
2097 5285 2197 5327 2s:
2228 5285 2311 5326 ubi
2346 5285 2567 5323 narratur
2602 5285 2715 5321 cum
2747 5285 2797 5321 in
2833 5285 3139 5380 ognsmone
3176 5285 3425 5327 eusutnu,
3473 5285 3633 5333 epse.

2031 5339 2314 5396 Antiochiae,
2336 5342 2435 5385 tota
2467 5347 2599 5395 pene
2628 5334 2848 5397 civitnss
2916 5333 3065 5397 itione
3078 5332 3458 5397 .contlagrasset,
3485 5341 3642 5397 atque

2028 5403 2261 5463 utrinque
2281 5393 2490 5463 armatis
2532 5395 2777 5463 stantibus
2822 5393 3079 5463 factionum
3117 5395 3355 5463 partibus,
3394 5393 3640 5463 quesibi

2029 5454 2213 5511 milites
2234 5462 2576 5522 adjuuxerant,
2595 5458 2693 5519 jam
2718 5468 2872 5522 prope
2898 5454 3073 5522 fuisset
3090 5454 3150 5522 ut
3166 5456 3225 5503 ad
3248 5463 3389 5506 atrox
3412 5454 3637 5522 praelium

2029 5516 2308 5583 veniretur;
2328 5516 2744 5583 supervenientes
2765 5516 3101 5579 imperatorias
3113 5516 3301 5583 literas
3315 5516 3551 5583 populum
3573 5519 3639 5568 ιι.

2030 5557 2500 5646 initiatuses;
2514 5557 2815 5646 ἒῖὧὲιίξξόε
2834 5557 3103 5638 ’ὡηιῇεἰὲῐῆ
3111 5557 3647 5646 tangens.

2040 5653 2177 5697 romo
2199 5638 2533 5708 tlt'epistolam
2556 5641 2751 5708 Honorii
2787 5648 2988 5708 sacram
3010 5648 3105 5698 :pp
3122 5638 3242 5708 silari
3280 5654 3293 5689 :
3318 5638 3639 5708 dixinutsque

2066 5710 2206 5758 assim
2224 5700 2559 5769 imperatorias
2575 5700 2807 5767 epistolas
2823 5701 2914 5769 hac
2936 5711 3031 5745 una
3054 5710 3171 5769 voce
3194 5706 3349 5769 Sacra
3364 5700 3640 5762 appetng

2066 5721 2206 5758 assam
2224 5721 2559 5769 imperatorias
2575 5721 2807 5767 eplswsas
2825 5721 2914 5749 nat;
2938 5721 3031 5745 uua
3055 5721 3171 5748 voce
3194 5721 3349 5750 διίστη
3364 5721 3633 5762 ululatum

2028 5721 2202 5826 liiiasc,
2233 5766 2361 5832 quod
2383 5764 2543 5832 solum
2574 5777 2753 5819 nomen
2782 5762 2844 5814 ad
2876 5760 3207 5811 reverentiam
3250 5768 3405 5827 atque
3443 5772 3633 5820 meum

2025 5828 2265 5899 populum
2296 5828 2512 5884 vocabat.
