4144 6468
601 382 707 444 ιοτ

592 492 833 558 Quonam
888 489 1045 561 igitur
1081 506 1247 561 nuper
1282 494 1600 563 appulimus,
1629 508 1691 550 ac
1731 492 1954 550 docendi
2001 494 2160 549 tinem

595 579 856 635 Mimos?
879 579 952 635 De
975 580 1073 636 Lot
1093 582 1239 637 vobis
1265 582 1629 652 narrabamus,
1650 594 1707 642 et
1729 586 1796 642 de
1814 585 2166 641 Sodomorum

590 669 856 736 incendio,
885 670 994 727 illic
1017 686 1046 725 a
1071 687 1317 728 sermone
1343 672 1663 742 destitimus,
1686 676 1773 731 ubi
1796 678 1970 745 justus
1990 676 2042 731 in
2071 674 2169 732 Se-

590 773 690 828 gor
716 769 956 817 senatus
979 772 1082 819 est.
1114 763 1209 818 Sol
1244 765 1386 820 enim
1411 783 1638 837 egressus
1666 778 1739 822 est
1767 785 1918 839 super
1943 778 2166 833 terram;

587 860 635 904 et
665 848 763 904 Lot
781 851 983 906 intravit
1005 855 1059 907 in
1079 853 1262 924 Seqor,
1289 864 1345 910 et
1371 864 1494 912 tunc
1521 858 1597 912 ira
1620 873 1649 913 a
1681 859 1791 914 Deo
1811 860 2045 914 immissa
2066 857 2166 914 So-

588 939 817 997 domitas
841 944 1209 1013 apprehendit,
1233 956 1287 1002 et
1304 956 1498 1003 terram
1525 951 1665 1004 illam
1686 950 1935 1018 abolevit,
1953 952 2165 1021 quando

584 1040 641 1086 et
672 1045 804 1085 uxor
823 1032 952 1102 justi
978 1049 1161 1091 eorum
1190 1052 1308 1107 qua:
1334 1039 1401 1093 ab
1425 1042 1625 1109 angelis
1661 1040 1800 1097 dicta
1832 1042 2039 1097 fuerant
2066 1043 2167 1098 im-

586 1136 813 1189 inemor,
840 1127 1096 1193 spectavit
1120 1136 1428 1194 retrorsum,
1454 1138 1508 1185 et
1537 1129 1669 1185 facta
1696 1141 1778 1187 est
1805 1132 2051 1187 columna
2081 1148 2165 1188 sa-

584 1213 668 1277 lis,
729 1225 1040 1285 perpetuum
1100 1221 1479 1277 monimentum
1526 1226 1908 1292 posterioribus
1954 1226 2164 1283 saeculis

582 1318 693 1359 sine
724 1307 1055 1378 negligentiae
1092 1312 1351 1380 praebens.
1381 1314 1570 1383 Opera:
1610 1318 1834 1385 pretium
1880 1336 2020 1376 nunc
2046 1321 2162 1378 fue-

582 1393 653 1446 rit
694 1394 1009 1452 intermissze
1036 1401 1191 1455 seriei
1232 1402 1492 1471 insistere,
1535 1416 1588 1460 ct
1634 1421 1796 1475 pauca
1840 1418 2035 1465 vestrae
2074 1427 2163 1467 ca-

582 1481 727 1536 ritati
758 1482 922 1554 loqui,
954 1495 1010 1540 ut
1035 1486 1225 1543 iterum
1254 1492 1471 1547 videatis
1500 1494 1772 1551 caritatem
1800 1507 1853 1553 et
1876 1503 2161 1558 commise-

582 1574 845 1630 rationem
874 1579 1203 1648 patriarchae.
1235 1594 1288 1637 et
1316 1585 1408 1640 Dei
1448 1588 1499 1641 in
1540 1588 1686 1643 illum
1716 1591 2158 1652 benevolentiam.

584 1660 719 1717 Nam
751 1664 860 1732 ubi,
891 1678 1010 1721 orto
1036 1674 1169 1737 sole,
1192 1672 1366 1740 justus
1392 1675 1492 1730 Lot
1518 1678 1571 1732 in
1602 1679 1770 1750 Segor
1794 1695 2032 1740 servatus
2054 1697 2157 1754 est,

586 1751 673 1819 qui
699 1763 875 1809 autem
900 1755 1146 1814 Sodomis
1173 1773 1344 1830 erant,
1370 1780 1578 1831 penam
1608 1770 1833 1836 luerunt,
1862 1751 2160 1843 patriarcha

582 1844 738 1897 simul
778 1853 833 1901 et
877 1847 1085 1905 illorum
1122 1852 1390 1909 interitum
1432 1859 1708 1924 miserans,
1749 1878 1905 1933 quem
1945 1876 2161 1937 propter

582 1946 739 1989 suum
769 1948 1036 2005 peceatum
1076 1946 1455 2014 sustinuerunt,
1493 1961 1545 2006 et
1568 1952 1636 2009 de
1654 1954 1801 2023 justo
1821 1958 1975 2015 valde
2007 1961 2161 2014 solli-

582 2025 741 2093 citus,
769 2044 922 2086 mane
948 2035 1166 2090 veniens
1196 2042 1467 2107 spectabat
1493 2059 1611 2113 quae
1648 2047 1718 2100 ibi
1757 2046 1893 2103 facta
1924 2049 2154 2108 fuerant.

581 2116 670 2170 27.
703 2118 941 2176 Diluculo
965 2135 1132 2179 autem
1152 2132 1301 2193 venit,
1326 2131 1515 2203 inquit,
1542 2135 1798 2191 Abraham
1822 2156 1968 2195 mane
1988 2144 2059 2196 ad
2076 2143 2155 2197 lo-

579 2391 823 2461 regionis,
847 2406 896 2450 et
935 2399 1075 2453 vidit.
1103 2400 1173 2455 Et
1196 2419 1309 2459 ecce
1346 2409 1642 2463 ascendebat
1668 2413 1880 2480 ﬂamma
1912 2391 1977 2469 dc
1998 2426 2155 2484 terra,

580 2481 727 2546 quasi
752 2486 922 2551 [uinus
946 2490 1148 2543 camini.
1183 2492 1239 2546 in
1268 2509 1352 2558 eo,
1380 2495 1567 2566 inquit,
1600 2500 1739 2566 loco,
1768 2502 1823 2557 in
1852 2519 1959 2573 quo
1984 2481 2156 2562 collo;

579 2580 773 2665 quutus
796 2584 877 2630 est
895 2591 1015 2633 cum
1042 2581 1283 2649 Domino,
1313 2595 1367 2640 et
1392 2601 1490 2655 pro
1510 2589 1798 2647 Sodomitis
1820 2597 2043 2665 rogavit,
2076 2600 2158 2654 vi-

579 2659 741 2717 debat
770 2666 1018 2758 terribilis
1062 2672 1202 2729 illius
1238 2690 1412 2744 pcenaa
1436 2681 1672 2753 vestigia,
1711 2693 1767 2739 et
1798 2659 2041 2758 dejusto
2071 2690 2157 2747 di-

580 2767 731 2809 scere
767 2755 963 2827 aliquid
999 2762 1223 2819 volebat.
1250 2767 1299 2820 ls
1325 2770 1467 2825 enim
1497 2782 1801 2830 sanctorum
1829 2755 1946 2834 mos
1969 2788 2071 2848 est,
2102 2792 2159 2838 ut

580 2842 864 2911 plurimum
899 2850 1088 2907 aliectu
1116 2868 1447 2929 moveantur,
1488 2872 1543 2916 et
1569 2868 1971 2937 compatiuntur.
2005 2842 2071 2929 Et
2101 2882 2159 2929 ut

579 2931 768 2990 doceat
804 2952 902 2994 ttos
940 2940 1120 2997 divina
1149 2944 1418 3018 Scriptura
1455 2931 1943 3029 Spiritusvgratiam
1978 2965 2157 3021 statim

581 3023 679 3093 ipsi
711 3025 868 3099 hujus
906 3036 979 3087 rei
1008 3029 1247 3092 notitiam
1283 3045 1635 3116 concessisse,
1678 3058 1735 3105 et
1766 3050 1968 3121 justum
2005 3070 2154 3125 cura,

576 3127 737 3182 quam
784 3133 881 3187 pro
920 3121 1018 3178 Lot
1058 3128 1294 3195 gerebat.
1340 3132 1630 3206 liberasse,
1661 3139 1870 3211 inquit:
1898 3142 1992 3200 29.
2031 3121 2157 3201 Cum

578 3217 851 3264 contereret
882 3211 1125 3273 Dominus
1155 3221 1378 3277 ciuitates
1404 3227 1623 3297 regionis
1658 3231 1820 3299 illius,
1862 3236 2158 3293 recordatus

578 3307 654 3349 est
688 3296 829 3357 Deus
856 3305 1093 3375 Abralue,
1139 3320 1185 3363 et
1221 3314 1383 3369 emisit
1417 3296 1517 3371 Lat
1552 3336 1583 3373 e
1624 3296 2152 3383 media-subuersione.

577 3390 717 3459 Quid
736 3401 844 3463 \est,
870 3394 1182 3457 Recordatus
1201 3413 1274 3457 est
1301 3404 1441 3462 Deus
1469 3408 1727 3468 Αὐταὴωῖ
1754 3414 1867 3471 Hoc
1890 3427 1993 3485 est,
2019 3428 2155 3490 peti-

580 3483 739 3539 tionis
776 3501 933 3555 qttam
976 3489 1123 3580 iecit,
1175 3494 1402 3553 dicens:
1432 3498 1516 3554 Ne
1552 3503 1706 3558 simul
1747 3506 1931 3576 perdas
1958 3483 2157 3580 justum

578 3589 694 3628 cura
737 3576 893 3646 impio
930 3579 1081 3673 (Gen.
1119 3584 1207 3640 i8.
1234 3586 1351 3659 22).
1379 3587 1486 3645 Cur
1508 3591 1685 3662 igitur,
1730 3595 1922 3654 dixerit
1945 3576 2155 3673 aliquis,

581 3674 797 3734 propter
809 3671 1098 3728 orationem
1117 3676 1426 3744 patriarcha:
1438 3680 1613 3751 justus
1627 3696 1874 3745 servatus
1887 3700 1969 3746 est
1982 3671 2158 3749 etnon

536 3794 539 3795 ν
581 3767 798 3826 propter
821 3773 969 3816 suam
995 3765 1290 3833 justitiam?
1319 3769 1391 3825 ita
1418 3783 1589 3841 certe,
1611 3775 1767 3832 etiam
1800 3789 2016 3850 pr0pter
2033 3796 2158 3838 ora-

579 3846 779 3902 tionem
808 3852 1123 3920 patriarcha:
1154 3875 1167 3911 :
1195 3860 1407 3927 quando
1445 3864 1588 3925 enim
1629 3867 1769 3935 quod
1794 3846 1859 3924 ex
1889 3846 2043 3927 nobis
2079 3884 2161 3929 est

580 3936 739 3993 simul
786 3940 1088 4012 aﬂ'erimns,
1114 3944 1117 3947 ’
1139 3947 1252 4017 ipsa
1294 3951 1452 4007 etiam
1484 3954 1812 4013 intercessio
1848 3971 2155 4019 sanctorum

582 4027 862 4119 plurimum
885 4032 1043 4089 nobis
1058 4036 1281 4093 confert.
1310 4040 1459 4107 Quod
1489 4043 1533 4096 si
1560 4043 1658 4114 ipsi
1688 4048 2014 4119 negligentes
2040 4052 2156 4110 fue-

580 4116 769 4186 rimus,
797 4129 851 4176 et
876 4136 1026 4191 spem
1053 4126 1104 4179 in
1133 4127 1240 4182 illis
1262 4131 1392 4185 solis
1420 4140 1615 4188 nostras
1642 4116 2158 4197 salutis'collocavc-

582 4209 770 4299 rimus,
799 4212 929 4267 nihil
959 4218 1186 4285 amplius
1212 4219 1367 4275 nobis
1393 4222 1608 4290 prodest
1634 4240 1648 4277 :
1682 4240 1786 4281 non
1818 4231 1957 4299 quod
1983 4234 2161 4289 minus

580 4298 791 4355 valeant
818 4302 967 4371 justi,
994 4306 1089 4361 sed
1115 4309 1235 4379 quia
1266 4321 1482 4381 propter
1514 4324 1747 4371 nostram
1776 4318 2033 4377 desidiam
2058 4338 2158 4381 nos

579 4388 723 4457 ipsos
744 4392 1036 4461 prodimus.

649 4480 705 4535 2.
738 4481 806 4537 Et
834 4494 891 4539 ut
916 4485 1090 4541 discas
1114 4490 1416 4559 quomodo,
1439 4507 1562 4549 cum
1588 4498 1914 4570 negligentes
1941 4515 2158 4572 sumus,

580 4570 791 4633 etiamsi
825 4571 953 4642 justi
997 4576 1104 4630 sint
1140 4580 1228 4649 qui
1268 4596 1365 4650 pro
1400 4583 1554 4639 nobis
1579 4598 1770 4655 orant,
1798 4590 2005 4648 etiamsi
2032 4570 2159 4663 pro;

582 4661 795 4731 phetaz,
838 4665 983 4721 nulla
1022 4668 1174 4724 nobis
1217 4672 1340 4728 inde
1383 4675 1453 4729 sit
1492 4676 1692 4733 utilitas
1718 4678 1819 4748 (illi
1843 4681 1984 4737 enim
2009 4661 2161 4739 suam

580 4754 834 4811 virtutem
874 4771 971 4825 per
1012 4760 1115 4815 hoc
1149 4762 1551 4833 demonstrant,
1580 4766 1735 4822 nobis
1758 4776 1937 4825 autem
1963 4772 2033 4827 ob
2059 4774 2159 4829 im-

582 4844 778 4913 probos
810 4861 990 4903 mores
1027 4850 1168 4906 nulla
1194 4853 1298 4907 erit
1316 4855 1535 4927 utilitas)
1562 4895 1579 4921 ,
1611 4856 1733 4913 audi
1762 4858 1927 4914 Deum
1947 4862 2160 4919 univer-

578 4948 778 5002 sorum,
812 4937 881 4993 ad
906 4954 1049 5008 eum,
1075 4943 1261 5013 αυεβα
1285 4954 1436 5002 utero
1461 4949 1645 5005 matris
1666 4950 2025 5008 sanctiﬁcatus
2050 4965 2157 5021 est,

580 5024 871 5083 Jeremiam
898 5032 1212 5101 prophetam
1230 5036 1532 5105 loquentem
1556 5058 1572 5094 :
1600 5039 1683 5095 Ne
1701 5058 1813 5097 ores
1834 5059 1927 5112 pro
1973 5045 2167 5114 popqu

580 5118 702 5183 hoc,
750 5120 868 5189 quia
904 5137 1005 5176 non
1049 5126 1316 5179 exaudiam
1357 5137 1405 5182 te
1432 5127 1563 5196 (Jer.
1588 5131 1674 5187 i6.
1701 5132 1779 5203 7).
1803 5133 1935 5190 Vide
1956 5132 2163 5192 Domini

585 5211 963 5282 benignitatem
1009 5233 1024 5270 :
1071 5218 1309 5286 pradicit
1350 5224 1657 5292 prophetae,
1707 5235 1764 5281 ut
1808 5242 1875 5281 ne
1900 5242 2021 5283 cum
2044 5239 2163 5299 post

582 5304 879 5360 orationem
909 5322 1013 5362 non
1039 5311 1381 5379 exaudiatur,
1411 5312 1513 5369 hoc
1532 5315 1643 5370 suis
1667 5319 1897 5387 peccatis
1926 5320 2119 5376 tribuat
2144 5339 2159 5389 ;

583 5404 640 5450 et
664 5394 785 5450 ideo
808 5396 919 5467 jam
944 5403 1262 5469 prtenuntiat
1281 5404 1329 5459 ei
1354 5406 1533 5476 populi
1562 5409 1869 5479 nequitiam,
1899 5420 1953 5466 et
1977 5412 2160 5482 prohi-

587 5485 680 5541 bet
712 5502 779 5543 ne
810 5499 1053 5557 precetur
1072 5533 1087 5558 ,
1117 5502 1174 5547 ut
1200 5502 1254 5549 et
1282 5496 1397 5565 ipse
1421 5496 1562 5553 scire
1588 5508 1746 5569 queat
1772 5502 2036 5572 ingentem
2064 5501 2162 5558 Ju-

584 5577 819 5635 darorum
840 5583 1236 5649 perversitatem
1258 5603 1273 5642 :
1295 5595 1351 5644 et
1376 5588 1451 5645 illi
1478 5591 1647 5647 sciant
1674 5591 1803 5648 nihil
1824 5595 1902 5649 eis
1915 5594 2165 5665 prodesse

591 5668 903 5741 prophetam
924 5715 939 5740 ,
974 5675 1073 5731 nisi
1102 5686 1156 5732 et
1186 5677 1285 5747 ipsi
1311 5695 1427 5751 quae
1452 5696 1545 5736 sua
1568 5692 1692 5739 sunt
1714 5684 1954 5756 proferre
1975 5686 2161 5744 velint.

662 5759 921 5819 Invomtio
963 5776 1010 5822 et
1051 5767 1337 5828 intercessio
1377 5783 1685 5834 mactarunt.
1711 5805 1782 5818 —
1811 5777 1868 5836 Id
1892 5779 2118 5838 scientes
2140 5822 2157 5850 ,

1327 378 1383 437 S.
1422 378 1699 436 JOANNIS
1733 369 2201 436 CIIRYSOSTOM
2237 369 2551 432 ARCIIIEP.
2592 370 3123 430 CONSTANTINOP.

3751 367 3855 426 ωε

2274 488 2485 555 dilecti,
2513 489 2877 560 confugiamus
2903 490 2969 544 ad
2991 497 3294 545 sanctorum
3316 502 3501 560 preces
3523 529 3538 554 ,
3567 500 3621 544 et
3640 505 3855 546 oremus

2274 590 2329 634 ut
2371 595 2469 650 pro
2516 581 2669 637 nobis
2710 582 3041 637 intercedant
3079 597 3092 634 :
3126 580 3219 635 sed
3246 595 3350 634 non
3379 580 3589 636 illorum
3611 582 3856 651 precibus

2272 678 2476 726 tantum
2514 671 2845 727 conﬁdamus
2865 714 2880 739 ,
2918 671 3012 726 sed
3041 680 3095 727 et
3125 670 3223 741 ipsi
3252 680 3431 726 nostra
3453 710 3471 736 ,
3499 680 3557 725 ut
3605 682 3818 739 optinet
3837 712 3853 733 .

2270 760 2637 829 dispensemus
2682 771 2859 827 recte,
2903 770 2955 817 et
2998 762 3063 815 ad
3103 763 3324 816 meliora
3365 777 3577 830 semper
3613 762 3855 819 converti

2271 850 2535 916 nitamur,
2582 859 2639 905 ut
2681 851 2856 906 locum
2902 851 3093 905 demus
3138 851 3366 907 orationi
3409 867 3527 922 qua:
3568 866 3666 922 pro
3702 850 3860 907 nobis

2270 940 2523 995 l‘nnditur.
2566 942 2680 998 Hoc
2715 952 2770 1010 et
2795 943 2860 997 ad
2888 944 3050 997 alium
3076 945 3389 1013 [ιι-οριιεωηι
3410 942 3490 1016 (θ)
3514 945 3642 999 die“
3671 944 3869 1031 Dm"?

2268 1047 2367 1087 nus
2411 1034 2781 1099 universorum
2824 1053 2837 1089 :
2884 1034 3005 1089 Non
3036 1035 3171 1089 vides
3205 1036 3326 1104 quid
3369 1036 3469 1105 ipsi
3493 1037 3733 1106 faciunt!
3758 1032 3853 1089 In-

2267 1125 2482 1177 ceudunt
2510 1124 2735 1194 adipem,
2756 1136 2803 1179 et
2829 1126 3084 1195 placentas
3110 1126 3306 1195 faciunt
3334 1127 3573 1180 exercitui
3592 1127 3703 1180 caeli
3719 1125 3855 1196 (Jer-

2267 1213 2320 1267 Ἰ.
2366 1214 2451 1267 l7.
2502 1215 2590 1286 l8)
2624 1232 2636 1268 :
2664 1230 2730 1271 ac
2759 1216 2803 1270 si
2834 1216 3039 1271 diceret
3069 1234 3081 1270 :
3117 1217 3217 1270 Pro
3244 1216 3350 1271 illis
3376 1232 3462 1272 me
3486 1230 3673 1285 rogas,
3704 1216 3791 1285 qui
3822 1230 3855 1270 a

2266 1315 2489 1373 peccato
2527 1320 2632 1361 non
2671 1306 2969 1371 desistunt,
3012 1309 3100 1377 qui
3134 1317 3317 1363 carent
3342 1322 3501 1361 sensu
3530 1307 3852 1363 inﬁrmitatis

2264 1408 2375 1449 sua:
2410 1410 2513 1465 qua
2556 1396 2799 1452 laborant
2818 1439 2834 1462 ,
2882 1398 2976 1453 sed
3002 1399 3079 1452 sic
3112 1398 3258 1452 nullo
3277 1398 3465 1453 dolore
3491 1408 3615 1453 sunt
3634 1396 3851 1451 alIccti?

2263 1482 2380 1538 Non
2408 1484 2557 1541 vides
2599 1502 2868 1543 summum
2907 1503 3092 1543 eorum
3132 1490 3543 1557 contemptum?
3573 1505 3675 1543 non
3703 1488 3851 1544 vidre

2264 1588 2449 1628 eorum
2483 1591 2730 1645 magnam
2767 1578 3064 1634 insaniam?
3102 1579 3367 1649 quomodo
3391 1579 3624 1634 nonduin
3656 1580 3854 1634 satien—

2264 1672 2351 1717 tur
2392 1664 2695 1735 impietate,
2743 1669 2837 1724 sed
2876 1671 3025 1738 quasi
3062 1685 3156 1724 sus
3196 1671 3247 1723 in
3287 1670 3497 1735 luto,se
3526 1672 3764 1724 volutent
3798 1669 3853 1723 in

2262 1754 2629 1820 iniquitatibus
2670 1760 2820 1814 suis?
2852 1761 3044 1815 Annon
3084 1762 3126 1815 si
3168 1762 3369 1817 vellent
3395 1763 3675 1829 converti,
3704 1761 3859 1818 audio

2224 1864 2232 1915 χ
2263 1858 2380 1901 rent
2408 1848 2792 1906 cohortantes?
2816 1852 3005 1907 Nonne
3030 1868 3129 1924 ego
3153 1869 3272 1908 sum
3304 1869 3399 1923 per
3425 1855 3714 1923 prophetas
3740 1855 3845 1909 cla-

2262 1954 2413 1993 mans
2434 1981 2449 2002 ,
2479 1949 2535 1995 et
2572 1941 2757 1997 dicens
2783 1961 2796 1995 :
2828 1942 2895 1997 Et
2921 1944 3030 1997 dixi
3056 1956 3321 2015 postquam
3347 1946 3460 2014 ipsa
3484 1954 3703 1999 scortatu
3734 1956 3851 2001 est:

2268 2026 2391 2084 Post
2428 2032 2538 2085 nec
2574 2035 2747 2087 omnia
2784 2035 2853 2088 ad
2878 2051 2955 2087 me
2979 2046 3263 2087 convertere
3281 2075 3299 2101 ,
3320 2046 3368 2088 et
3389 2051 3487 2088 non
3514 2045 3587 2087 est
3612 2051 3855 2089 conversa

2262 2119 2371 2191 (1d.
2402 2122 2456 2176 5.
2502 2123 2600 2194 7)?
2638 2123 2777 2179 Num
2813 2126 2956 2180 aliud
2999 2142 3184 2196 qua-ro
3204 2168 3217 2189 ,
3247 2141 3406 2197 quam
3434 2134 3485 2179 ut
3514 2127 3792 2197 quiescant
3817 2140 3853 2181 ι

2260 2220 2478 2279 peceato
2507 2220 2745 2283 tantum,
2774 2223 2830 2270 et
2856 2216 3049 2271 sistant
3079 2217 3261 2270 mala?
3288 2232 3413 2271 num
3444 2230 3541 2285 pro
3566 2218 3855 2285 pra-teritis

2259 2300 2521 2357 rationem
2563 2304 2719 2374 exigo
2743 2346 2759 2372 ,
2804 2306 2851 2360 si
2888 2305 3097 2362 videam
3144 2307 3265 2361 illos
3305 2307 3443 2379 velle
3490 2306 3851 2376 resipiscere?

2261 2408 2440 2449 nonne
2479 2396 2719 2465 quotidie
2759 2400 2967 2467 clamo,
3002 2398 3187 2453 dicens
3232 2416 3248 2453 :
3298 2397 3564 2469 Numquid
3601 2400 3851 2453 voluntate

2260 2482 2374 2538 volo
2413 2495 2623 2540 mortem
2667 2490 2975 2557 peccatoris,
3018 2490 3148 2543 sicut
3189 2489 3408 2543 converti
3444 2505 3560 2543 eunt
3600 2498 3649 2543 et
3687 2490 3853 2544 virere

2264 2574 2475 2646 (Ezech.
2508 2578 2594 2635 s8.
2618 2577 2712 2649 εδ)
2732 2580 2755 2632 ?
2778 2579 2963 2635 Nonne
2995 2590 3278 2650 pr0pterea
3302 2581 3482 2635 omnia
3508 2580 3678 2645 iacio,
3700 2590 3758 2635 ut
3782 2582 3851 2637 ab

2261 2667 2479 2724 interitu
2516 2672 2738 2740 eripiam
2766 2687 2862 2727 eos
2884 2674 2975 2743 qui
3004 2674 3073 2727 ab
3102 2688 3283 2730 errore
3315 2677 3665 2744 prmoccupati
3687 2673 3853 2729 sunt?

2260 2759 2456 2814 Annon
2480 2760 2524 2815 si
2550 2762 2759 2817 videam
2785 2778 3073 2820 conversos
3095 2806 3114 2832 ,
3143 2765 3374 2821 dili'ero?
3397 2766 3583 2821 Nonne
3608 2780 3710 2837 ego
3729 2782 3853 2823 sunt

2260 2849 2351 2918 qui
2376 2850 2499 2905 dico
2530 2868 2547 2906 :
2578 2852 2762 2907 Adhuc
2789 2864 2838 2908 te
2857 2854 3090 2925 loquente
3116 2856 3284 2910 dicam
3312 2872 3332 2910 :
3360 2873 3472 2911 ecce
3494 2858 3678 2933 adsunt
3713 2856 3853 2927 (lsa.

2260 2943 2348 3000 58.
2373 2944 2433 3015 9)
2453 2945 2477 3001 ἲ
2495 2945 2633 3002 Num
2654 2947 2732 3003 sic
2752 2947 2852 3018 ipsi
2878 2961 2991 3004 sum
3008 2950 3196 3004 salutis
3223 2950 3366 3004 avidi
3390 2958 3537 3017 sunt,
3560 2960 3618 3004 ut
3642 2950 3769 3005 mihi
3796 2950 3852 3007 in

2264 3038 2464 3107 optatis
2490 3048 2575 3095 est
2603 3054 2791 3095 otnnes
2816 3040 3058 3097 homines
3085 3042 3265 3097 salvos
3292 3042 3405 3097 lteri
3421 3082 3437 3109 ,
3463 3050 3517 3097 et
3535 3042 3611 3096 ad
3623 3042 3855 3113 agnitio-

2262 3143 2385 3185 nem
2408 3132 2651 3186 veritatis
2664 3131 2849 3188 venire
2874 3133 2953 3203 (i.
2976 3132 3162 3187 rima.
3195 3132 3251 3203 4)
3272 3132 3296 3187 2
3320 3132 3457 3187 Nmu
3486 3134 3629 3188 enim
3659 3148 3757 3188 vos
3784 3148 3849 3190 es

2262 3219 2429 3275 nihilo
2466 3222 2690 3291 produxi
2710 3260 2728 3287 ι,
2760 3232 2819 3279 ut
2845 3223 3066 3293 perdam
3084 3225 3111 3279 ἲ
3136 3239 3263 3278 num
3292 3224 3409 3279 sine
3436 3239 3595 3279 causa
3627 3239 3849 3295 regnum

2262 3308 2495 3365 laturum
2542 3319 2598 3367 et
2634 3313 2913 3368 innumera
2959 3314 3095 3367 bona
3137 3315 3473 3383 prmparavi‘!
3509 3315 3701 3370 Annon
3732 3331 3855 3385 pro-

2262 3409 2381 3470 pter
2411 3400 2513 3457 hoc
2550 3410 2604 3458 et
2630 3403 2929 3473 gehennam
2966 3406 3196 3459 minatus
3232 3419 3351 3458 sunt
3372 3446 3386 3469 ,
3419 3415 3477 3460 ut
3512 3405 3669 3473 hujus
3708 3416 3853 3462 metu

2261 3491 2505 3548 homines
2544 3493 2596 3548 in
2627 3509 2853 3565 regnum
2877 3497 3127 3551 caelorum
3155 3494 3530 3552 introducam?
3555 3495 3633 3552 Nc
3660 3496 3851 3565 igitur,

2261 3597 2295 3638 ο
2322 3584 2478 3639 beate
2505 3583 2763 3654 propheta
2785 3627 2801 3653 ,
2835 3587 2960 3642 illos
2987 3587 3292 3658 relinquens
3313 3629 3330 3655 ,
3355 3587 3486 3641 mihi
3510 3583 3703 3643 aderas
3727 3600 3853 3642 ora-

2264 3675 2465 3730 tionem
2509 3694 2523 3731 :
2566 3676 2661 3731 sed
2704 3675 2829 3732 illud
2875 3693 3041 3734 unum
3096 3679 3189 3735 tibi
3238 3694 3382 3734 cura:
3413 3677 3520 3741 sit,
3550 3688 3606 3731 ut
3639 3677 3854 3733 illorum

2264 3766 2481 3822 morbus
2514 3776 2732 3824 sanetur
2750 3810 2766 3836 ,
2796 3778 2853 3825 et
2882 3770 2935 3824 in
2961 3785 3179 3826 sensum
3208 3767 3532 3825 inﬁrmitatis
3557 3783 3670 3824 sua:
3692 3778 3855 3840 atque

2262 3857 2329 3911 ad
2365 3858 2719 3914 valetudinem
2756 3861 2855 3931 ipsi
2894 3861 3257 3928 reducantur;
3302 3871 3355 3916 et
3380 3876 3495 3916 mea
3522 3862 3742 3916 omnino
3766 3875 3855 3917 se-

2262 3958 2509 4017 quentur.
2556 3949 2740 4021 Neque
2788 3953 2933 4007 enim
2981 3968 3199 4020 moror,
3250 3953 3332 4010 vel
3377 3952 3601 4021 dill‘ero,
3640 3952 3856 4023 quando

2262 4041 2417 4097 video
2455 4045 2687 4099 animam
2712 4052 2920 4115 gratam
2952 4062 2963 4097 :
3000 4061 3160 4100 unum
3186 4046 3330 4100 enim
3355 4055 3559 4099 tantum
3585 4046 3803 4117 requiro
3824 4086 3843 4115 ,

2266 4148 2454 4201 nempe
2484 4146 2540 4189 ut
2566 4136 2925 4191 conﬁteantur
2952 4144 3164 4205 peccata
3183 4179 3197 4204 ,
3230 4149 3284 4192 et
3308 4138 3376 4193 ab
3402 4138 3482 4193 eis
3509 4136 3848 4209 abstineant,
3935 4137 3939 4140 ’

2264 4232 2320 4277 et
2361 4239 2467 4278 non
2515 4226 2649 4279 ultra
2691 4224 2865 4280 infero
2909 4242 3121 4296 pmnam
3160 4230 3415 4298 peccatis.
3450 4228 3586 4284 Num
3610 4238 3855 4300 graveet

2264 4314 2549 4370 molestum
2596 4324 2680 4371 est
2724 4317 2867 4387 quod
2918 4334 2947 4372 a
2997 4334 3083 4373 me
3128 4321 3482 4389 proponitur?
3520 4320 3632 4375 Nisi
3660 4321 3853 4377 scirem

2262 4406 2559 4463 deteriores
2590 4408 2703 4464 ﬁeri
2722 4450 2737 4475 ,
2770 4409 2983 4479 quando
3009 4411 3187 4480 priora
3216 4419 3431 4480 peccata
3455 4424 3563 4465 non
3590 4411 3857 4469 conﬁten-

2266 4507 2379 4566 tur,
2410 4514 2582 4570 neque
2603 4500 2829 4570 idipsum
2857 4501 3204 4571 requirerem.
3235 4500 3430 4556 Verum
3457 4501 3579 4571 quia
3602 4502 3716 4558 scio
3743 4501 3844 4559 ho-

2265 4588 2671 4661 minnm'genus
2700 4591 2869 4661 magis
2897 4591 2964 4646 ad
2995 4601 3268 4661 peccatum
3297 4607 3536 4663 vergere,
3570 4603 3852 4666 propterea

2265 4681 2389 4736 volo
2433 4691 2490 4736 ιιι
2537 4682 2893 4738 conﬁteantur
2934 4682 3110 4752 priora
3150 4693 3400 4753 peccata,
3440 4693 3495 4741 et
3519 4686 3858 4745 confessione

2268 4771 2647 4841 prohibeantur
2675 4787 2743 4827 ne
2769 4772 2822 4828 in
2845 4772 3031 4828 eadem
3060 4773 3321 4829 recidant.
3796 4858 3801 4862 μ

2336 4862 2391 4917 3.
2427 4862 2554 4917 "me
2579 4863 2739 4932 igitur
2767 4865 3061 4933 cogitantes
3081 4904 3096 4929 ,
3129 4864 3346 4933 dilecti,
3376 4880 3440 4920 ac
3469 4866 3678 4923 Domini
3698 4866 3856 4927 heni-

2264 4953 2518 5023 gnitatem
2547 4953 2602 5008 in
2626 4952 2803 5007 animo
2829 4964 3103 5010 versantes
3127 4996 3141 5018 ,
3174 4970 3241 5010 ne
3269 4957 3437 5012 simus
3464 4956 3679 5014 desides
3713 4977 3729 5015 :
3760 4960 3857 5016 sed

2268 5058 2511 5114 magnam
2540 5043 2706 5097 nostri
2729 5042 2962 5114 ipsorum
2985 5060 3232 5115 geramus
3261 5060 3442 5101 curam
3467 5088 3480 5112 ,
3511 5057 3565 5101 et
3593 5058 3846 5117 peceato-

2268 5150 2387 5189 rum
2435 5134 2670 5188 maculas
2696 5149 2978 5205 purgemus
3002 5176 3017 5199 ,
3048 5144 3208 5203 atque
3236 5138 3314 5191 sic
3338 5138 3403 5191 ad
3430 5148 3737 5194 sanctorum
3768 5140 3859 5195 in—

2270 5224 2649 5281 tercessionem
2700 5239 3064 5295 preperemus.
3106 5226 3237 5281 Nam
3284 5228 3329 5282 si
3366 5228 3530 5282 sobrii
3575 5238 3630 5283 et
3669 5229 3859 5297 vigiles

2268 5331 2389 5374 esse
2433 5317 2757 5372 voluerimus
2777 5357 2791 5381 ,
2829 5318 2989 5371 etiam
3029 5333 3125 5388 per
3154 5334 3253 5373 nos
3283 5319 3426 5389 ipsos
3450 5328 3665 5375 orantes
3686 5320 3858 5390 pluri-

2268 5424 2413 5464 mum
2458 5410 2613 5464 nobis
2645 5408 2997 5479 proderimus.
3038 5410 3169 5465 Nam
3211 5412 3461 5481 quoniam
3500 5413 3737 5468 clemens
3773 5425 3857 5471 est

2274 5500 2529 5555 Dominus
2556 5510 2738 5555 noster
2762 5541 2776 5566 ,
2800 5516 2905 5556 non
2936 5501 3014 5555 sic
3042 5502 3228 5555 annuit
3250 5517 3371 5556 cum
3400 5501 3471 5557 ab
3496 5502 3615 5556 aliis
3636 5517 3733 5572 pro
3759 5520 3861 5560 no-

2271 5593 2353 5648 bis
2379 5601 2590 5660 oratur,
2618 5600 2678 5646 ut
2704 5607 2823 5647 cum
2852 5609 2884 5648 a
2909 5592 3062 5648 nobis
3092 5592 3241 5663 ipsis.
3271 5592 3401 5649 Vide
3424 5592 3715 5649 bonitatem
3737 5596 3860 5651 exi-

2336 5728 2409 5789 (a)
2444 5727 2577 5795 Atqui
2603 5726 2731 5795 idem
2750 5728 2853 5795 ipse
2878 5724 3114 5789 proiibeta
3139 5724 3277 5795 estis
3304 5725 3385 5785 qui
3402 5725 3486 5795 hic
3507 5736 3864 5781 commemora-

2276 5788 2373 5855 tur,
2392 5788 2449 5842 et
2462 5788 2601 5855 cujus
2624 5788 2758 5843 locus
2780 5788 2999 5852 affertur,
3024 5799 3205 5850 nempe
3234 5788 3484 5838 Jeremias.
