4144 6518
193 458 290 518 ιω

188 574 344 629 uiam
371 588 387 627 :
411 586 535 628 nam
561 572 606 629 si
635 571 826 629 viderit
848 585 949 627 nos
972 570 1064 643 qui
1092 569 1415 627 odendimus
1434 609 1451 635 ,
1470 578 1527 626 et
1553 566 1784 640 ignomi-

193 664 323 720 niosi
362 662 487 720 facti
511 680 720 733 sumus,
751 664 1061 733 nullamque
1088 662 1348 718 habemus
1370 659 1637 730 ﬁduciam,
1658 672 1789 729 putt-

192 753 355 811 lulum
379 756 625 823 excitari,
649 764 704 811 et
724 755 792 811 ad
814 755 1112 812 clementia
1132 769 1244 809 suae
1264 752 1478 810 divitias
1497 751 1790 822 confugere

192 855 437 902 volentes
458 886 476 912 ,
505 847 685 902 statim
716 845 965 918 precibus
988 846 1208 914 annuit,
1235 854 1292 902 et
1319 850 1536 901 martum
1568 843 1792 915 porrigit

189 934 490 1003 iacentibus
515 945 571 992 et
596 936 774 1008 lapsos
803 937 1021 1004 exciuit,
1048 937 1350 1007 clamatque
1375 936 1596 991 dicens:
1616 933 1790 989 Num-

192 1025 315 1093 quid
355 1025 443 1094 qui
490 1025 660 1093 cadit,
709 1043 812 1081 non
850 1036 1074 1098 resurget
1117 1025 1335 1098 (larem.
1378 1025 1432 1081 8.
1462 1023 1562 1098 ψ
1592 1024 1790 1080 Verum

194 1124 251 1170 ut
303 1116 464 1170 etiam
501 1132 568 1171 ex
608 1117 771 1172 rebus
801 1117 932 1187 ipsis
970 1117 1188 1173 discatis
1215 1115 1486 1187 quomodo
1514 1113 1666 1171 multi
1698 1129 1794 1185 per

192 1207 514 1277 semctipsos
550 1218 767 1264 orantes
797 1209 849 1264 id
875 1209 1017 1279 quod
1044 1208 1330 1280 cupiebant
1355 1207 1790 1277 melius‘assequi

192 1298 504 1366 valuerunt,
534 1314 692 1369 quam
729 1314 828 1369 per
854 1301 1081 1356 aliorum
1110 1314 1329 1371 preces,
1356 1314 1535 1371 Operae
1561 1298 1791 1371 pretium

194 1387 352 1467 fuerit
378 1404 475 1445 eos
493 1431 509 1455 ,
539 1390 731 1459 quibus
757 1390 807 1445 id
833 1391 1054 1461 contigit
1071 1432 1089 1460 ,
1120 1391 1173 1447 in
1196 1391 1431 1447 medium
1458 1390 1791 1461 producere,

192 1489 247 1533 ut
272 1491 327 1535 et
358 1494 458 1535 nos
480 1481 781 1548 imitemur,
815 1491 867 1537 et
898 1481 967 1536 ad
996 1482 1387 1538 aestimationem
1415 1495 1792 1552 provocenlur.

194 1574 490 1634 Audiamus
520 1575 678 1646 igitur
704 1575 976 1647 quomodo
1000 1574 1305 1632 Cbananaza
1335 1574 1424 1631 illa
1450 1574 1645 1630 mulier
1666 1587 1792 1628 cum

194 1674 343 1721 esset
389 1666 711 1738 alienigena,
743 1676 799 1722 et
825 1667 1004 1722 anima
1023 1667 1177 1723 valde
1194 1667 1561 1733 cruciaretur,
1591 1666 1682 1721 ubi
1710 1664 1794 1720 vi-

193 1757 268 1812 dit
308 1756 573 1813 Medicum
612 1757 911 1813 animarum
932 1798 950 1825 ,
977 1766 1032 1814 et
1061 1758 1240 1815 Solem
1261 1757 1484 1829 iustitiae
1511 1756 1603 1828 qui
1630 1770 1795 1813 exor-

196 1857 277 1903 tus
296 1858 385 1904 est
408 1850 474 1903 iis
498 1850 588 1920 qui
615 1848 807 1905 sedent
831 1850 883 1904 in
915 1849 1184 1916 tenebris,
1214 1848 1441 1905 accessit
1459 1847 1528 1904 ad
1548 1862 1669 1904 cum
1692 1848 1799 1903 ler-

195 1941 316 1995 vido
344 1950 401 1994 et
424 1940 589 1995 alacri
617 1940 796 1996 studio
823 1950 967 1996 mota
1000 1957 1015 1995 :
1047 1956 1221 2012 neque
1246 1940 1368 1996 ideo
1390 1940 1607 2011 segnior
1633 1938 1795 2009 facta,

196 2032 337 2102 quod
379 2031 464 2087 vel
506 2031 734 2101 mulier,
762 2031 847 2088 vel
875 2032 1173 2103 alienigena
1204 2040 1349 2089 esset
1375 2048 1391 2087 :
1421 2031 1518 2089 sed
1546 2031 1798 2086 omnibus

198 2123 599 2192 impedimentis
624 2124 859 2195 repulsis
875 2165 893 2192 ,
920 2133 977 2179 ut
1001 2124 1229 2180 accessit
1246 2165 1262 2191 ,
1293 2123 1466 2195 inquit
1491 2140 1507 2177 :
1540 2121 1793 2189 Domine,

196 2216 433 2270 miserere
461 2216 593 2282 mei,
618 2218 737 2287 quia
766 2217 876 2285 ﬁlia
901 2233 1012 2271 mea
1038 2218 1173 2272 male
1193 2232 1227 2270 a
1255 2215 1509 2271 dissuasio
1537 2222 1799 2285 torquetur

198 2306 410 2375 (Matth.
441 2308 530 2363 15.
561 2306 679 2380 22).
706 2308 905 2365 Verum
932 2308 1024 2380 qui
1051 2308 1151 2363 scit
1176 2306 1486 2363 abscondita
1515 2306 1759 2364 cut-dium
1778 2344 1795 2373 ,

199 2409 337 2454 tacet
364 2408 419 2455 et
447 2415 554 2454 non
586 2400 898 2470 respondet,
923 2416 1097 2470 neque
1117 2414 1364 2455 sermone
1384 2413 1503 2454 cans
1522 2398 1794 2468 dignatur,

198 2506 373 2560 neque
414 2490 701 2546 miseretur
744 2492 1018 2558 mulieris,
1060 2506 1221 2562 quam
1259 2490 1475 2547 videbat
1503 2498 1651 2545 tanto
1675 2504 1797 2545 eum

196 2580 395 2650 ejulatu
420 2581 712 2647 accedere;
737 2582 833 2637 sed
860 2582 1040 2637 diﬂ‘ert
1060 2623 1074 2646 ,
1096 2584 1283 2638 volens
1306 2581 1577 2637 occultum
1609 2580 1801 2638 mulie-

198 2672 272 2727 ris
318 2671 635 2728 thesaurum
684 2673 934 2728 omnibus
972 2672 1314 2729 manifestum
1356 2672 1551 2729 facere.
1580 2671 1799 2727 Sciebat

196 2764 336 2818 enim
365 2764 699 2820 reconditam
727 2766 1103 2835 margaritam,
1135 2780 1295 2835 quam
1322 2778 1422 2820 nos
1446 2764 1614 2820 latere
1642 2763 1801 2819 nole-

199 2854 285 2909 bat
317 2873 331 2909 :
360 2866 419 2910 et
450 2855 650 2911 ideirco
686 2834 968 2911 din‘erebat
986 2896 1003 2919 ,
1032 2868 1087 2911 et
1116 2834 1218 2911 nec
1246 2870 1508 2926 responso
1536 2834 1799 2925 dignaba-

196 2953 297 3011 tur,
321 2954 380 3001 ut
404 2947 633 3016 posteris
657 2947 905 3001 omnibus
927 2946 1165 3003 mulieris
1184 2946 1442 3002 sedulitas
1456 2960 1646 3017 magna
1666 2945 1803 3001 foret

193 3035 460 3092 doctrina.
517 3036 584 3092 Et
634 3036 756 3092 vide
798 3036 1119 3093 ineﬂ‘abilem
1168 3037 1262 3093 Dei
1308 3036 1623 3092 bonitatem.
1678 3034 1799 3106 Ipso

193 3126 335 3180 enim
355 3166 372 3192 ,
406 3126 614 3198 inquit,
641 3142 751 3182 non
788 3127 1147 3197 respondebat
1174 3127 1224 3183 ei
1248 3143 1265 3192 ;
1300 3126 1548 3196 discipuli
1576 3136 1754 3182 autem
1776 3164 1797 3195 ,

193 3214 283 3285 qui
322 3216 618 3272 admodum
652 3216 1026 3273 misericordes
1052 3227 1106 3273 et
1133 3218 1351 3289 benigni
1382 3232 1503 3274 esse
1530 3215 1793 3272 videban-

150 3308 311 3369 ‘tur,
339 3320 452 3360 non
493 3305 691 3361 audent
717 3306 999 3362 manifeste
1025 3307 1205 3362 dicere
1223 3347 1239 3370 ,
1273 3307 1347 3361 Da
1374 3306 1423 3362 ei
1448 3306 1593 3378 quod
1625 3306 1795 3376 petit,

190 3394 456 3451 miserere
480 3396 551 3460 ei,
572 3410 688 3452 esto
715 3398 763 3452 ei
789 3396 1028 3452 clemens
1052 3414 1065 3451 :
1096 3397 1191 3453 sed
1218 3397 1385 3467 quid?
1410 3395 1623 3452 Dimitte
1648 3415 1759 3452 eam
1776 3437 1797 3466 ,

186 3486 306 3554 quia
352 3488 548 3541 clamat
593 3497 705 3556 post
750 3503 844 3541 nos
886 3486 1051 3555 (Ibid.
1091 3503 1140 3542 υ.
1168 3488 1262 3559 25)
1287 3528 1303 3553 ,
1333 3489 1487 3558 quasi
1513 3488 1750 3543 dicerent
1775 3502 1795 3543 :

186 3574 382 3632 Libera
430 3592 534 3633 nos
574 3592 604 3632 a
644 3577 923 3644 molestia,
972 3577 1140 3633 libera
1182 3593 1283 3633 nos
1320 3593 1350 3631 a
1376 3577 1611 3632 clamore
1637 3593 1797 3648 quem

182 3667 410 3723 excitat.
460 3666 598 3735 Quid
648 3667 807 3739 igitur
856 3668 1160 3725 Dominus?
1202 3668 1407 3724 Putatis
1440 3683 1561 3735 me,
1592 3669 1795 3738 inquit,

184 3758 399 3831 absque
440 3774 603 3815 causa
639 3761 907 3827 tacuisse,
951 3772 1004 3818 et
1059 3775 1321 3831 responso
1347 3775 1466 3816 eam
1492 3775 1601 3815 non
1632 3760 1799 3816 fuisse

180 3848 465 3921 dignatum
483 3851 509 3903 ?
541 3851 734 3907 Audite
773 3869 788 3905 :
834 3851 953 3907 Non
992 3870 1102 3908 sum
1130 3853 1315 3907 missus
1341 3854 1440 3907 nisi
1461 3854 1531 3907 ad
1549 3868 1663 3908 oves
1686 3868 1800 3923 qua

181 3942 449 4010 perierunt
495 3943 679 3997 domus
722 3942 890 3998 Israel
918 3944 1077 4019 (Ibid.
1103 3962 1148 3998 υ.
1177 3944 1292 4013 25).
1324 3944 1573 4010 Nescitis,
1605 3945 1795 4015 inquit,

179 4033 553 4105 aiienigenam
594 4035 874 4091 mulierem
917 4051 1039 4092 esse
1067 4037 1091 4090 ?
1122 4035 1343 4091 nescitis
1386 4050 1473 4092 me
1504 4034 1655 4090 vobis
1685 4035 1797 4104 jam

180 4129 521 4197 praecepisse
564 4142 635 4183 ne
674 4128 825 4183 iretis
851 4128 906 4183 in
942 4128 1082 4184 viam
1108 4128 1392 4199 gentium?
1428 4126 1608 4195 Quare
1635 4127 1798 4197 igitur

177 4220 297 4277 sine
324 4223 590 4279 examine
613 4222 1134 4281 commiserationem
1165 4240 1289 4296 erga
1317 4240 1436 4282 eam
1466 4223 1797 4281 declaratis?

175 4310 488 4369 Considera
517 4314 863 4371 multifariam
886 4318 977 4373 Dei
1004 4318 1321 4388 sapientiam
1340 4358 1356 4382 ,
1381 4317 1654 4389 quomodo
1672 4333 1796 4374 cum

178 4403 527 4473 respondere
555 4404 866 4472 videbatur,
898 4407 1177 4463 mulierem
1209 4408 1378 4479 magis
1406 4409 1799 4479 perstringebat

174 4509 337 4563 quam
374 4495 604 4553 silendo
638 4515 653 4552 :
688 4508 742 4553 et
775 4498 927 4569 quasi
959 4498 1174 4555 letalem
1209 4502 1416 4571 plagam
1447 4501 1643 4567 dabat,
1670 4516 1800 4573 pro-

174 4597 375 4642 vocare
407 4588 677 4659 paulatim
704 4604 823 4645 eam
847 4590 1035 4646 volens
1052 4631 1069 4658 ,
1104 4600 1161 4646 ut
1187 4592 1459 4648 discerent
1488 4593 1798 4665 ignorantes

174 4675 478 4747 discipuli,
529 4688 729 4748 quanta
774 4679 827 4748 in
867 4695 929 4736 ea
970 4681 1159 4737 lateret
1202 4682 1353 4738 ﬁdes.
1386 4682 1491 4738 Sed
1523 4698 1695 4754 neque
1718 4684 1799 4739 sic

174 4768 384 4823 tardior
417 4768 861 4839 ,negligentiorve
903 4770 1039 4827 facta
1076 4782 1160 4827 est
1186 4772 1315 4827 visis
1351 4772 1628 4843 discipulis
1659 4774 1797 4832 nihil

176 4861 606 4930 proﬁcientibus
623 4900 640 4926 ,
668 4876 843 4930 neque
871 4860 1010 4918 dixit
1028 4864 1166 4918 intra
1193 4864 1539 4935 semetipsum
1570 4884 1586 4919 :
1610 4865 1666 4921 Si
1688 4882 1795 4922 non

176 4963 477 5020 potuerunt
530 4952 611 5007 illi
645 4951 927 5009 Dominum
980 4970 1077 5026 pro
1107 4972 1194 5013 me
1218 4971 1444 5015 exorare
1462 4999 1478 5024 ,
1506 4974 1671 5030 quare
1697 4976 1799 5032 ego

176 5047 375 5104 frustra
420 5062 733 5118 sequerer,
772 5057 827 5104 et
873 5050 1128 5105 continuo
1172 5050 1474 5107 instarem?
1511 5052 1608 5109 sed
1647 5055 1799 5124 quasi

174 5149 359 5196 mente
381 5140 460 5196 ab
493 5140 627 5210 igne
655 5138 983 5196 inﬂammata
1008 5150 1063 5197 et
1083 5156 1341 5199 succensa
1358 5185 1376 5210 ,
1398 5144 1800 5216 visceribusque

172 5234 499 5314 conscissis,
526 5232 743 5287 accedit
767 5233 1019 5302 adorans,
1039 5244 1094 5292 et
1116 5236 1299 5293 dicens
1323 5255 1335 5291 :
1356 5238 1595 5306 Domine,
1614 5241 1802 5312 ndjuua

175 5340 254 5377 me
291 5324 468 5395 (Ibid.
497 5340 557 5378 υ.
601 5322 721 5395 25).
749 5324 843 5380 Ille
869 5333 1049 5381 autem
1074 5343 1249 5399 neque
1273 5330 1350 5385 sic
1374 5330 1593 5401 adjuvat
1614 5332 1802 5388 mulie-

174 5431 288 5471 rem
307 5457 323 5482 ,
362 5414 467 5472 sed
510 5429 839 5484 responsum
865 5416 956 5472 dat
981 5420 1258 5490 superiore
1279 5422 1515 5491 gravius.
1547 5422 1670 5477 Non
1691 5435 1798 5492 est,

176 5506 371 5577 inquit,
405 5509 615 5563 bonum
641 5518 693 5561 ut
711 5509 923 5564 tollatur
944 5508 1099 5581 panis
1116 5513 1378 5580 ﬁliorum,
1405 5523 1454 5567 et
1482 5514 1628 5568 detur
1657 5518 1803 5569 cani-

178 5599 265 5653 bus
290 5599 462 5672 (Ibid.
499 5616 559 5654 ιι.
589 5599 707 5669 26),
736 5601 1026 5658 Considera
1048 5644 1064 5669 ,
1096 5604 1309 5672 dilecte,
1337 5617 1392 5662 et
1422 5607 1508 5663 hic
1534 5608 1803 5665 admirare

179 5690 374 5746 anima:
400 5692 532 5763 ejus
555 5689 913 5757 desiderium,
945 5702 1001 5748 et
1024 5693 1181 5750 iidem
1204 5697 1477 5755 eximiam.
1503 5697 1573 5754 Ut
1595 5698 1803 5754 audivit

179 5799 237 5839 se
268 5799 466 5841 auem
515 5784 637 5840 dici
658 5821 673 5851 ,
701 5798 805 5839 non
832 5786 1089 5854 gravatim
1119 5787 1280 5854 tulit,
1312 5804 1417 5843 non
1448 5792 1755 5847 retrocessit
1784 5808 1799 5845 :

179 5876 272 5935 sed
310 5894 519 5953 magno
568 5887 631 5935 et
672 5877 760 5949 pio
785 5878 979 5937 affectu
1024 5882 1195 5953 inquit
1236 5901 1251 5938 :
1293 5882 1501 5954 Etiam,
1532 5884 1745 5942 Domine
1776 5904 1795 5942 :

1208 454 1276 513 IN
1312 453 1465 513 ειη».
1507 446 1654 511 XIX.
1692 441 1941 511 Cm.
1986 449 2219 510 IIOMIL.
2260 451 2450 511 ιιιν.

3397 456 3506 513 ΜΟ

1898 582 2016 620 nam
2046 576 2092 621 et
2113 568 2276 623 catuli
2302 568 2458 623 edunt
2484 568 2550 623 de
2576 568 2720 623 micis
2744 582 2931 624 meum
2950 566 3275 624 dominorum
3296 584 3506 625 suorum

1897 660 2112 731 (κακὴ.
2139 660 2228 718 16.
2246 661 2367 734 27).
2399 660 2704 726 Conﬁteor,
2729 661 2935 733 inquit,
2972 659 3208 716 catulum
3234 674 3322 716 me
3342 675 3506 720 esse:

1897 752 2065 823 igitur
2085 753 2225 808 sicut
2249 752 2486 808 catulum
2509 751 2732 823 dignare
2758 766 2847 807 me
2865 751 3019 807 micis
3041 765 3243 806 mensa:
3258 764 3507 821 Irascere.

1899 842 2092 899 Vidisti
2134 843 2376 899 mulieris
2409 842 2575 898 iidem
2611 852 2668 897 et
2694 843 3017 913 probitatem
3037 842 3063 895 t
3090 839 3335 910 Suscepit
3362 839 3507 911 quod

1895 934 2098 992 dictum
2125 942 2212 992 est
2228 977 2244 1001 ,
2267 942 2325 992 et
2347 936 2528 991 statim
2554 934 2605 991 id
2630 935 2700 991 de
2720 950 2828 1005 quo
2850 933 3076 990 sollicita
3101 942 3218 989 erat
3236 933 3470 989 obtinuit
3490 971 3509 999 ,

1897 1027 2236 1098 obtinuitque
2285 1027 2456 1099 magis
2500 1041 2625 1081 cum
2675 1025 2942 1080 laudibus.
2995 1022 3137 1092 Quid
3182 1023 3326 1079 enim
3375 1021 3510 1079 dicit

1897 1118 2189 1175 Christus?
2214 1118 2267 1174 0
2296 1118 2496 1184 mulier,
2515 1134 2703 1189 magna
2729 1127 2803 1172 est
2829 1116 2957 1186 ﬁdes
2983 1124 3071 1169 tua
3100 1129 3120 1169 :
3145 1114 3239 1185 ﬁat
3261 1112 3351 1167 tibi
3376 1114 3511 1168 sicut

1897 1212 1972 1267 vis
2014 1210 2178 1281 (Ibid.
2219 1227 2267 1265 υ.
2314 1209 2433 1281 28).
2475 1207 2522 1264 Ο
2547 1209 2757 1275 mulier,
2806 1204 3179 1263 admirationis
3202 1204 3425 1260 verbum
3452 1210 3511 1258 et

1899 1305 2103 1362 dictum
2152 1304 2308 1359 laude
2349 1303 2589 1374 plenum.
2635 1301 2917 1372 Magnam,
2968 1300 3171 1371 inquit,
3220 1297 3506 1353 declarasti

1902 1396 2105 1462 iidem;
2150 1405 2437 1466 propterea
2482 1402 2629 1449 tanta
2666 1393 2761 1448 tibi
2804 1401 2997 1458 erunt,
3020 1400 3215 1462 quanta
3244 1390 3343 1445 vis.
3374 1388 3509 1446 Vide

1888 1487 2237 1546 «liberalitatis
2279 1484 2688 1556 amplitudinem
2710 1523 2727 1551 ,
2775 1492 2832 1539 et
2873 1482 3140 1539 admirare
3164 1481 3377 1537 Domini
3412 1495 3506 1536 sa-

1901 1580 2178 1651 pientiam.
2222 1579 2417 1635 Annon
2464 1576 2533 1633 ab
2580 1576 2732 1632 initio
2767 1576 3118 1647 putabamus,
3165 1589 3288 1630 eum
3314 1572 3395 1629 sic
3421 1587 3512 1629 ro-

1899 1674 2125 1745 pelieret
2160 1687 2281 1729 eam
2300 1713 2318 1741 ,
2362 1670 2835 1727 commiseratione
2862 1668 3008 1723 illum
3037 1668 3267 1724 carere?
3297 1665 3367 1722 Et
3387 1664 3510 1739 pri-

1901 1780 2049 1823 mum
2074 1763 2293 1835 quidem
2320 1779 2426 1819 non
2446 1763 2772 1834 dignabatur
2793 1775 3057 1831 responso
3076 1801 3093 1827 ,
3118 1766 3305 1830 postea
3326 1766 3507 1815 autem

1902 1873 2000 1929 per
2038 1856 2272 1928 primum
2295 1865 2349 1911 et
2374 1854 2671 1911 secundum
2698 1867 3016 1923 responsum
3045 1850 3200 1923 quasi
3222 1849 3507 1922 abigebat,

1899 1959 1957 2006 et
1996 1963 2118 2004 eam
2161 1963 2283 2018 quae
2304 1962 2433 2003 eum
2475 1955 2625 2002 tanto
2667 1944 2962 2001 advenerat
3003 1942 3275 1999 desiderio
3312 1949 3370 1998 at
3404 1941 3512 1998 ler-

1901 2055 2053 2107 vore,
2102 2039 2416 2109 repellebat.
2451 2036 2646 2093 Verum
2676 2051 2708 2090 a
2738 2036 2845 2091 line
2869 2035 3017 2091 disce
3041 2032 3137 2089 Dei
3167 2032 3464 2091 bonitatem
3490 2047 3508 2096 ;

1900 2145 2028 2187 eum
2076 2144 2270 2201 nempe
2304 2129 2576 2184 volentem
2616 2141 2734 2181 eam
2756 2124 3042 2182 clariorem
3070 2122 3333 2190 reddere,
3363 2129 3509 2179 tanta

1902 2224 2160 2281 dilatione
2200 2222 2366 2279 fuisse
2404 2237 2583 2277 usum.
2625 2219 2836 2275 Etenim
2882 2217 2928 2273 si
2965 2216 3146 2273 statim
3193 2214 3509 2280 annuisset,

1903 2314 2321 2372 nescivissemus
2348 2326 2449 2368 nos
2472 2309 2714 2366 mulieris
2734 2308 2987 2364 virtutem
3019 2324 3034 2361 :
3066 2306 3193 2377 quia
3209 2314 3391 2365 autem
3407 2318 3511 2375 pa-

1903 2422 2123 2478 rumper
2157 2405 2400 2471 distulit,
2447 2412 2501 2459 et
2541 2400 2751 2456 Domini
2792 2399 3142 2470 cognovimus
3189 2393 3510 2453 inelabilcm

1904 2498 2328 2565 humanitatem,
2356 2504 2412 2552 ct
2432 2495 2574 2550 ilfius
2597 2493 2755 2549 iidem
2778 2490 3054 2547 eximiam.

1975 2593 2030 2646 ι.
2064 2590 2188 2645 Non
2217 2599 2414 2644 tantum
2444 2587 2738 2659 perﬁcimus
2767 2600 2859 2655 per
2886 2583 3018 2637 alios
3056 2588 3262 2639 omnia
3282 2621 3301 2647 ,
3342 2594 3512 2651 μ’

1905 2692 2013 2738 tum
2042 2698 2131 2750 per
2159 2697 2251 2735 nos
2278 2681 2438 2750 ipsos.
2472 2705 2546 2718 —-
2582 2676 2774 2730 Totam
2817 2682 2998 2727 autem
3044 2671 3183 2725 hanc
3228 2668 3508 2724 historiam

1905 2774 1959 2830 in
1987 2773 2223 2830 medium
2248 2771 2448 2827 ali'erre
2467 2767 2641 2824 coacti
2668 2779 2877 2831 sumus,
2905 2773 2965 2818 ut
2985 2762 3258 2818 discamus
3282 2774 3383 2815 nos
3402 2772 3510 2815 non

1906 2876 2115 2922 tantum
2144 2862 2406 2935 perﬁcere
2432 2876 2531 2930 per
2556 2859 2694 2913 alios
2713 2865 2955 2922 orantes,
2983 2862 3245 2925 quantum
3267 2865 3367 2923 per
3386 2863 3513 2906 nos-

1904 2958 2081 3027 ipsos,
2109 2955 2153 3010 si
2180 2953 2396 3024 quidem
2423 2967 2547 3008 cum
2576 2948 2741 3005 alacri
2786 2956 2842 3003 et
2880 2946 3031 3017 vigili
3059 2953 3241 3000 urente
3282 2939 3512 2998 acceda-

1904 3063 2046 3102 mus.
2076 3047 2371 3102 Euimvero
2396 3043 2485 3098 illa
2512 3050 2567 3098 et
2589 3039 2885 3110 discipulos
2909 3037 3116 3093 habens
3144 3048 3245 3106 pro
3268 3049 3327 3089 se
3352 3047 3510 3088 oran-

1904 3147 2009 3204 tes,
2023 3136 2166 3193 nihil
2196 3134 2444 3207 proiecit,
2469 3134 2644 3189 donec
2669 3133 2784 3201 ipsa
2817 3144 2915 3198 per
2940 3142 3001 3183 se
3030 3138 3272 3197 praesens
3297 3133 3352 3180 et
3382 3138 3508 3193 per-

1902 3243 2160 3285 severans
2198 3225 2544 3282 clementiam
2575 3220 2785 3276 Domini
2816 3218 2919 3273 sibi
2954 3216 3289 3272 conciliaret.
3332 3216 3513 3283 Atque

1904 3318 2157 3392 parabola
2184 3317 2275 3372 illa
2296 3316 2454 3370 amici
2482 3315 2806 3381 intempesta
2829 3318 2988 3366 nocte
3009 3306 3296 3373 venientia,
3318 3314 3383 3360 et
3399 3315 3513 3359 tres

1901 3426 2072 3483 panes
2097 3408 2351 3479 petentis,
2378 3405 2519 3461 idem
2549 3404 2724 3475 ipsum
2766 3400 3089 3457 subindicat.
3121 3397 3263 3453 Natu
3286 3397 3509 3463 etiami,

1902 3506 2099 3558 amicus
2125 3503 2261 3564 licet,
2294 3517 2396 3554 non
2428 3498 2688 3561 exaudiat,
2720 3504 2946 3549 attamen
2973 3492 3052 3546 vei
3078 3502 3285 3561 propter
3314 3490 3512 3560 impar-

1870 3626 1873 3627 ν
1902 3594 2167 3649 tuuitatetu
2196 3600 2392 3661 surget,
2420 3599 2469 3643 et
2494 3589 2540 3642 ei
2565 3586 2706 3640 dabit
2743 3583 2909 3653 (Luc.
2940 3584 3028 3638 Η.
3058 3582 3153 3653 8).
3179 3582 3358 3651 Itaque
3383 3594 3511 3637 cu.

1901 3683 2184 3740 videamus
2211 3678 2534 3735 inellabilcm
2556 3674 2897 3731 clementiam
2931 3672 3146 3727 Domini
3187 3671 3378 3736 nostri,
3420 3684 3512 3725 ae-

1900 3774 2162 3832 eedamus
2190 3772 2257 3827 ad
2301 3787 2427 3827 eum
2452 3808 2468 3834 ,
2510 3767 2837 3830 declaratis,
2881 3774 2938 3820 et
2965 3764 3117 3834 quasi
3156 3770 3283 3817 ante
3320 3760 3513 3817 oculus

1904 3875 2123 3924 nostros
2152 3864 2444 3935 propositis
2472 3860 2753 3932 speciatim
2780 3858 3008 3930 singulis
3034 3855 3268 3927 peccatis
3288 3854 3507 3920 nostris,

1900 3961 2066 4016 etiam
2099 3972 2196 4025 pro
2238 3954 2522 4025 pne-teritis
2554 3952 2767 4007 veniam
2814 3960 3094 4020 petamus,
3126 3955 3185 4000 ut
3228 3944 3284 3999 in
3329 3942 3512 4000 futuro

1902 4050 2094 4122 majori
2123 4048 2395 4119 diligentia
2418 4048 2681 4111 viventes,
2705 4043 3013 4099 uberiorem
3031 4037 3149 4109 ejus
3174 4035 3508 4093 benevolen-

1903 4145 2031 4201 tiam
2077 4155 2451 4210 assequamur.
2506 4137 2703 4193 Verum
2753 4133 3078 4198 redeamus,
3122 4132 3166 4185 si
3200 4130 3408 4201 placet,
3436 4127 3506 4184 ad

1901 4236 2148 4294 lectionis
2190 4235 2410 4291 seriem.
2441 4232 2532 4288 30.
2569 4229 2808 4285 Ascendit
2848 4237 3018 4281 autem
3040 4265 3056 4287 ,
3088 4224 3291 4294 inquit,
3324 4221 3420 4279 Lat
3452 4222 3508 4278 iu

1903 4331 2105 4400 Segor,
2145 4336 2193 4383 et
2222 4326 2351 4381 sedit
2395 4325 2449 4379 in
2492 4332 2699 4387 monte,
2740 4328 2789 4373 et
2832 4318 2952 4372 duo
2979 4316 3103 4385 [ilic
3127 4322 3240 4385 ejus
3281 4329 3398 4367 cunt
3424 4327 3506 4367 ea.

1900 4421 2201 4477 Timuerunt
2231 4417 2364 4471 enim
2390 4414 2620 4468 habitare
2648 4412 2700 4465 in
2722 4410 2923 4481 Segor;
2950 4418 2999 4462 et
3034 4406 3277 4459 habitavit
3304 4403 3359 4457 in
3393 4419 3511 4472 spe-

1903 4512 2054 4567 lunca
2080 4510 2222 4580 ipse,
2263 4515 2311 4561 et
2333 4506 2451 4559 duc
2480 4504 2603 4572 (itii:
2640 4502 2751 4571 ejus
2792 4514 2910 4553 eum
2946 4512 3030 4551 eo.
3076 4495 3264 4551 Justus
3306 4492 3512 4549 invale-

1901 4610 2088 4658 scente
2115 4599 2295 4655 adhuc
2320 4597 2535 4659 timore,
2563 4607 2724 4663 quem
2745 4596 3071 4660 emneeperat
3096 4603 3129 4641 a
3156 4586 3308 4658 plaga
3336 4584 3511 4641 Sodo-

1902 4696 2051 4751 mitis
2080 4692 2319 4758 inducta,
2353 4687 2539 4760 procul
2569 4686 2703 4752 abit,
2731 4691 2788 4739 et
2814 4683 2865 4738 in
2893 4689 3099 4746 monte,
3130 4679 3323 4749 inquit,
3351 4677 3509 4733 babi-

1903 4794 1981 4841 tat
2020 4799 2143 4840 cum
2192 4782 2404 4836 ﬁliabus
2443 4779 2557 4834 suis
2589 4792 2605 4831 :
2635 4782 2693 4831 et
2729 4774 2784 4831 in
2830 4772 3122 4829 solitudine
3162 4778 3219 4827 et
3260 4770 3510 4826 vastitate

1901 4886 2146 4934 extrema
2188 4881 2377 4945 postea
2424 4869 2524 4924 fuit
2550 4883 2674 4923 cum
2718 4864 2970 4931 ﬁliabus,
3013 4863 3069 4918 in
3110 4870 3295 4917 monte
3322 4860 3510 4916 aedem

1903 4969 2132 5025 habens.
2165 4967 2260 5021 3|.
2288 4964 2433 5019 Dixit
2457 4971 2645 5028 autem,
2675 4959 2866 5029 inquit,
2899 4958 3068 5029 major
3093 4966 3219 5010 natu
3245 4954 3314 5009 ad
3329 4953 3518 5026 junio-

1902 5078 2009 5116 reiu
2037 5076 2055 5114 :
2079 5057 2236 5113 Pater
2262 5065 2432 5111 noster
2455 5069 2613 5108 senex
2640 5061 2737 5116 est,
2764 5062 2812 5105 et
2837 5050 3011 5103 nullus
3040 5057 3115 5102 est
3140 5063 3293 5118 super
3320 5056 3511 5101 terram

1903 5154 1991 5225 qui
2014 5150 2331 5223 ingrediatur
2368 5148 2439 5201 ad
2481 5162 2595 5210 nos,
2633 5146 2789 5216 juxta
2829 5158 3021 5197 morem
3057 5140 3306 5195 uniuersa
3340 5147 3511 5205 terra,

1904 5246 1997 5303 52.
2032 5245 2179 5310 Veni,
2207 5252 2253 5297 et
2283 5250 2510 5313 putemus
2540 5246 2737 5309 patrem
2767 5246 2997 5290 nostrum
3022 5232 3140 5286 vino
3158 5271 3175 5298 ,
3206 5240 3253 5285 et
3282 5228 3511 5283 dormia-

1904 5356 2019 5395 mus
2050 5355 2165 5393 cum
2191 5353 2249 5391 eo
2266 5376 2281 5401 ,
2311 5343 2359 5388 et
2384 5333 2657 5387 excitemus
2693 5345 2863 5384 semen
2890 5344 2953 5382 ea:
2980 5335 3126 5397 patre
3150 5332 3343 5379 nostra.
3375 5318 3511 5376 Cum

1906 5428 2209 5486 reverentia
2237 5433 2293 5482 et
2319 5424 2513 5479 timore
2541 5421 2710 5476 multo
2734 5418 3018 5475 audiamus
3048 5431 3132 5479 ea,
3163 5413 3367 5477 dilecti,
3391 5424 3512 5481 qua

1906 5522 1959 5577 in
1989 5521 2185 5575 divinis
2216 5515 2511 5587 Scripturis
2548 5513 2931 5574 continentur;
2979 5522 3088 5562 non
3128 5504 3275 5561 enim
3309 5512 3515 5558 temere

1905 5622 1960 5667 et
1987 5610 2191 5681 absque
2220 5623 2379 5665 causa
2408 5606 2605 5675 scripta
2634 5613 2789 5666 sunt,
2816 5599 2913 5656 sed
2951 5599 3131 5653 omnia
3163 5596 3367 5655 utiliter
3395 5598 3451 5681 et
3478 5604 3514 5646 e

1908 5719 1966 5759 re
1995 5680 2202 5768 nostra,
2233 5698 2443 5755 etiamsi
2470 5710 2570 5753 nos
2590 5692 2834 5765 quadam
2865 5693 3195 5760 ignoremus.
3224 5684 3340 5737 Non
3365 5680 3511 5737 enim

1908 5795 2087 5850 omnia
2118 5806 2405 5865 possumus
2447 5788 2727 5846 evidenter
2768 5782 2908 5840 scire
2940 5799 2955 5836 :
2987 5781 3085 5837 sed
3127 5780 3173 5835 si
3219 5785 3275 5830 et
3318 5785 3515 5831 causas

1913 5886 2138 5945 reddere
2166 5902 2262 5959 pro
2311 5892 2499 5943 nostro
2540 5888 2699 5952 captu
2745 5884 3045 5942 tentcmus,
3089 5869 3289 5929 habent
3331 5874 3512 5923 tamen
