4144 6466
655 421 749 480 ὃυ

652 534 826 589 adhuc
852 531 1111 586 latentem
1130 522 1409 597 quemdam
1441 520 1745 576 tltesaurum
1776 516 1793 548 '
1820 530 1851 570 a
1881 511 2062 568 multis
2099 507 2224 564 abs-

653 615 947 682 cmiditum,
1011 633 1108 672 nec
1135 612 1577 683 investigabilem.
1602 606 1888 663 Considera
1920 605 2076 673 igitur
2094 614 2230 669 quo-

656 711 818 766 nodo
847 709 1122 777 Scriptura
1149 705 1330 760 omnia
1369 701 1647 757 manifeste
1693 697 1950 765 narrarit,
1989 705 2043 749 et
2081 691 2232 746 nobis

658 816 877 870 scopum
907 800 979 854 ad
1013 800 1168 853 ﬁnem
1197 795 1487 852 ostenderit
1530 793 1754 846 ﬁliarum
1793 789 1953 859 justi,
1997 795 2050 840 et
2094 796 2232 838 nunc

654 893 868 962 quidem
903 901 996 960 pro
1028 891 1130 944 illis
1151 930 1165 951 ,
1201 904 1341 942 nunc
1379 903 1508 941 vero
1537 899 1635 955 pro
1658 883 1802 952 juSto
1830 880 2042 949 dignam
2071 889 2232 930 excu-

659 982 918 1034 sationem
967 981 1236 1034 all‘erens:
1271 987 1326 1031 ut
1366 976 1540 1028 nullus
1569 973 1633 1026 ad
1676 970 1870 1024 factum
1919 966 2229 1034 respiciens,

656 1071 964 1138 Veljustum
989 1071 1323 1130 condemnet,
1353 1067 1434 1120 vel
1456 1065 1582 1134 justi
1616 1062 1771 1126 ﬁlias,
1799 1059 1948 1130 quasi
1978 1071 2232 1124 congres-

655 1176 750 1217 sus
781 1163 871 1216 ille
899 1171 1114 1230 propter
1141 1157 1572 1213 incontinentiam
1617 1155 1793 1209 fuerit.
1824 1149 2101 1220 Quomodo
2132 1149 2236 1219 igi-

657 1260 747 1306 tur
775 1251 1014 1304 ﬁliarum.
1022 1251 1149 1317 justi
1194 1249 1588 1301 excusationem
1616 1244 1810 1298 atl‘ert?
1839 1241 1979 1294 Dixit
1999 1282 2012 1305 ,
2043 1239 2232 1309 inquit,

656 1337 823 1405 major
864 1350 982 1392 natu
1023 1339 1092 1392 ad
1124 1338 1424 1406 juniorem:
1453 1335 1609 1388 Pater
1646 1343 1812 1388 noster
1849 1341 1921 1387 est
1963 1346 2145 1392 senex,
2188 1337 2234 1382 et

659 1429 830 1482 nullus
855 1438 927 1482 est
969 1445 1122 1496 super
1149 1437 1334 1480 terram
1361 1428 1447 1496 qui
1491 1425 1802 1496 ingrediatur
1827 1423 1898 1474 ad
1935 1437 2054 1483 nos,
2081 1421 2234 1489 juxta

658 1536 848 1573 morem
894 1521 1139 1573 universa
1177 1530 1346 1575 terrm.
1389 1517 1528 1572 Vide
1562 1530 1778 1585 scopum
1821 1513 2136 1582 diligenter,
2180 1518 2236 1564 et

662 1613 809 1667 αιτιιὶ
855 1627 943 1665 eas
992 1611 1243 1665 liberabis
1267 1610 1506 1663 crimine.
1542 1609 1863 1661 Putaverunt
1900 1605 2040 1659 enim
2070 1616 2237 1671 gene-

661 1703 827 1755 ralem
869 1701 1024 1753 totius
1054 1700 1199 1754 orbis
1227 1700 1418 1752 factum
1448 1698 1752 1758 interitum,
1783 1693 2090 1760 nullumque
2118 1706 2234 1742 am-

662 1791 799 1860 plius
844 1805 961 1842 esse
1008 1789 1344 1857 superstitem
1395 1805 1407 1839 :
1451 1785 1641 1840 deinde
1689 1793 1742 1838 et
1789 1785 1951 1852 patris
1993 1781 2238 1835 viderunt

657 1890 1004 1937 mueetutem.
1050 1879 1118 1935 Ut
1157 1880 1343 1948 igitur,
1378 1878 1578 1946 inquit,
1615 1892 1719 1930 non
1751 1875 2023 1929 abolentur
2048 1886 2237 1942 genus,

665 1987 763 2026 nec
789 1980 969 2040 pereat
995 1985 1190 2024 nomen
1219 1979 1457 2024 nostrum
1483 1968 1621 2037 (lucc
1642 1968 1781 2022 enim
1807 1975 1922 2020 erat
1945 1964 2238 2033 priscorum

665 2077 787 2124 max
799 2063 898 2114 ima
926 2076 1048 2114 cura
1073 2100 1086 2122 ,
1119 2059 1385 2128 quomodo
1408 2073 1575 2128 genus
1601 2073 1754 2111 suum
1797 2055 2094 2110 liberorum
2113 2066 2237 2107 suc-

664 2153 907 2206 cessione
935 2150 1245 2218 dilatareut‘)
1275 2168 1287 2202 :
1317 2164 1384 2204 ne
1407 2164 1568 2217 ergo,
1604 2148 1804 2217 inquit,
1834 2147 2000 2200 nostri
2027 2143 2239 2213 generis

666 2249 771 2295 tota
799 2239 886 2293 ﬁat
909 2240 1146 2304 abolitio,
1179 2239 1468 2307 prazsertlm
1491 2238 1598 2306 jam
1626 2236 1776 2290 senio
1803 2245 1951 2304 patre
1972 2233 2237 2299 confecto,

667 2339 723 2383 et
751 2330 935 2384 nullus
960 2329 1258 2383 inveniatur
1289 2328 1492 2396 vir'qui'
1511 2327 1667 2382 nobis
1688 2327 1939 2396 jungatur
1959 2367 1972 2387 ,
2019 2334 2076 2378 ut
2115 2339 2240 2393 pos-

665 2419 833 2474 simus
863 2419 1155 2474 extendere
1187 2427 1240 2472 et
1270 2417 1569 2485 relinquere
1608 2417 1828 2470 seminis
1856 2416 2020 2468 nostri
2053 2429 2243 2483 propa-

665 2507 930 2578 gationem
962 2525 974 2559 :
1013 2506 1158 2571 Veni,
1193 2509 1389 2576 inquit,
1427 2516 1483 2559 ut
1509 2521 1575 2560 ne
1619 2505 1719 2560 boc
1747 2506 1870 2570 ﬁat,
1903 2515 2128 2574 petemus
2152 2521 2245 2574 pa-

666 2606 791 2650 trem
819 2608 1042 2652 nostrum
1070 2598 1205 2651 vino.
1231 2596 1390 2666 Quasi
1411 2597 1591 2652 dicere
1614 2597 1739 2650 velit
1763 2614 1776 2650 :
1801 2597 1933 2662 Quia
1957 2611 2244 2665 numquam

671 2685 833 2741 ferret
865 2689 947 2742 vel
983 2687 1205 2742 auribus
1231 2686 1331 2740 boc
1376 2697 1544 2756 mter,
1576 2688 1699 2740 vino
1743 2685 2070 2755 decipiamus
2097 2700 2242 2740 eum.

671 2776 764 2831 55.
799 2775 1106 2830 Potaverunt
1139 2784 1301 2828 autem
1333 2787 1526 2845 patrem
1548 2792 1692 2828 suum
1720 2776 1834 2827 vino
1871 2785 2015 2830 nocte
2043 2775 2139 2828 ista
2158 2816 2179 2839 τ
2199 2784 2248 2826 et

671 2867 895 2934 ingressa
920 2877 991 2918 est
1013 2866 1198 2930 senior,
1221 2875 1267 2916 et
1291 2865 1525 2918 dormivit
1552 2881 1666 2917 cum
1691 2876 1833 2933 patre
1852 2881 1941 2917 suo
1967 2881 1985 2918 :
2009 2875 2055 2918 et
2083 2865 2244 2918 nesci-

669 2959 736 3009 vit
772 2958 975 3026 quando
1016 2957 1105 3009 illa
1129 2957 1411 3009 accubuerit
1432 2998 1445 3021 ,
1478 2958 1554 3010 vel
1578 2958 1864 3010 surrexerit.
1896 2955 2086 3010 Vidisti
2113 2971 2246 3025 quo-

673 3049 831 3102 modo
872 3046 1051 3100 divina
1094 3046 1367 3115 Scriptura
1416 3063 1511 3116 pro
1552 3048 1696 3116 justo
1740 3048 1998 3102 rationem
2039 3046 2247 3101 dederit

674 3153 777 3191 non
821 3138 986 3192 semel
1033 3147 1259 3198 tantum,
1303 3138 1394 3191 sed
1441 3147 1495 3192 et
1537 3137 1775 3190 iterum?
1819 3137 1972 3191 Prius
2007 3136 2245 3206 quidem,

675 3229 793 3300 quia
826 3230 946 3282 ﬁlim
976 3229 1098 3282 vino
1128 3230 1298 3297 ipsum
1325 3228 1677 3297 deceperunt,
1709 3227 1997 3281 declaravit
2021 3242 2112 3281 eas
2142 3240 2249 3281 non

679 3317 834 3373 aliter
860 3319 1095 3388 potuisse
1123 3318 1445 3387 persuadere
1489 3320 1655 3387 patri,
1684 3335 1841 3386 quam
1867 3320 1945 3373 sic
1975 3319 2248 3374 iaciendo:

673 3424 814 3463 nunc
843 3417 1025 3463 autem
1048 3409 1237 3477 opinor
1262 3418 1317 3463 et
1356 3423 1582 3477 superna
1605 3409 1998 3476 dispensatione
2017 3424 2136 3464 esse
2167 3408 2247 3461 fa—

678 3509 840 3564 ctum,
871 3499 941 3551 ita
968 3499 1130 3553 fuisse
1155 3513 1274 3553 eum
1301 3507 1640 3567 aggravatum
1665 3499 1818 3566 vino,
1853 3510 1909 3553 ut
1935 3516 2046 3554 rem
2074 3500 2250 3554 omni-

682 3605 749 3645 no
793 3592 1092 3658 ignoraret,
1140 3601 1196 3643 ut
1236 3600 1374 3644 notia
1403 3598 1460 3645 et
1498 3592 1719 3646 crimine
1749 3607 1946 3646 vacuus
1979 3604 2142 3649 esset.
2175 3596 2252 3652 Ea

680 3682 821 3735 enim
865 3691 1075 3751 peccata
1119 3695 1218 3735 nos
1243 3682 1597 3737 condemnant
1616 3725 1629 3749 ,
1658 3699 1778 3753 qua:
1817 3685 2048 3740 scientes
2073 3696 2126 3741 et
2155 3703 2252 3741 vo-

680 3773 907 3827 luntarie
950 3771 1188 3827 faciams.
1217 3773 1377 3828 Vides
1415 3776 1680 3844 quomodo
1721 3779 2085 3833 testimonium
2114 3797 2255 3851 prte—

684 3863 805 3916 beat
849 3861 994 3932 justo
1041 3863 1348 3932 Scriptura,
1403 3867 1573 3933 ipsum
1622 3869 1841 3920 omnino
1888 3885 2000 3923 rem
2051 3881 2254 3939 gestam

684 3953 956 4020 ignorasse
979 3952 1001 4004 ?
1033 3952 1224 4006 Verum
1250 3954 1416 4007 altera
1443 3957 1664 4022 qtta'slio
1688 3959 1853 4029 surgit
1880 3959 1945 4012 de
1971 3959 2250 4016 ebrietate.

683 4041 910 4110 Oportet
933 4044 1073 4095 enim
1101 4046 1275 4096 omnia
1309 4044 1645 4114 investigare,
1674 4057 1729 4100 ut
1755 4050 1895 4101 nulla
1923 4049 2177 4118 improbis
2203 4060 2258 4107 et

687 4131 1080 4218 impudentibus
1118 4133 1471 4188 calumniandi
1506 4137 1834 4206 relinquatur
1861 4142 2092 4194 occasio.
2119 4141 2259 4208 Quid

690 4221 841 4290 igitur
871 4220 940 4272 de
968 4220 1066 4274 bac
1097 4236 1155 4275 re
1185 4223 1462 4276 dicemus?
1487 4225 1601 4278 Non
1630 4236 1733 4279 tam
1762 4242 1824 4281 cx
1855 4228 2259 4298 intemperantia

689 4311 765 4364 illi
795 4311 1051 4364 accidisse
1075 4312 1409 4376 ebrietatem,
1443 4329 1598 4384 quam
1624 4331 1688 4370 ex
1717 4317 1945 4371 tristitia.

760 4402 814 4456 ὕ.
849 4399 1025 4470 Neque
1055 4400 1151 4455 Lat
1179 4419 1336 4468 neque
1361 4405 1483 4470 ﬁlia:
1515 4407 1621 4476 ejus
1649 4406 1942 4461 damnandi.
1968 4437 2038 4449 —-
2076 4408 2260 4465 Nullus

692 4491 848 4562 igitur
875 4492 1068 4546 audeat
1095 4502 1187 4546 aut
1209 4493 1429 4562 justum,
1451 4504 1544 4548 aut
1564 4495 1690 4564 justi
1722 4497 1854 4551 tilias
1878 4498 2258 4554 condemnare.

688 4585 965 4652 Quomodo
993 4586 1133 4639 enim
1169 4601 1274 4640 non
1301 4598 1444 4642 esset
1483 4599 1734 4641 extremm
1763 4589 2044 4644 dementiae
2085 4599 2140 4644 et
2181 4591 2262 4645 in.

693 4677 975 4746 sipientize,
1006 4677 1050 4730 si
1083 4691 1175 4730 eos
1209 4692 1343 4746 quos
1367 4678 1542 4731 divina
1567 4678 1837 4747 Scriptura
1862 4680 1929 4733 ab
1957 4682 2098 4736 omni
2130 4682 2264 4736 libe-

691 4781 772 4824 rat
798 4770 1022 4824 crimine
1041 4810 1057 4835 ,
1088 4769 1193 4823 imo
1221 4784 1315 4836 pro
1348 4771 1536 4839 quibus
1573 4779 1770 4825 tantam
1799 4772 2093 4842 apologiam
2119 4789 2264 4830 com-

691 4863 882 4932 ponit,
930 4877 1028 4916 nos
1083 4861 1373 4916 innumeris
1431 4873 1771 4931 peccatorum
1839 4864 2063 4919 sarcinis
2125 4867 2264 4935 pleni

692 4953 1108 5008 condemnemus
1137 4971 1150 5006 :
1181 4961 1234 5006 et
1261 4968 1365 5006 non
1394 4952 1670 5009 audiamus
1697 4953 1920 5008 Paulum
1960 4955 2224 5012 dicentem
2250 4976 2263 5011 :

697 5043 836 5100 Deus
865 5047 946 5113 qui
970 5046 1218 5114 justi/ient
1241 5087 1256 5110 ,
1293 5046 1404 5114 quis
1448 5055 1520 5098 est
1549 5049 1633 5112 qui
1661 5047 1949 5102 condemnet
1990 5051 2006 5116 (
2033 5050 2178 5103 Rom.
2212 5053 2265 5107 8.

691 5135 776 5191 35.
811 5136 959 5201 54)?
987 5136 1050 5190 Et
1076 5147 1130 5189 ut
1159 5135 1367 5202 discas,
1395 5135 1497 5190 hoc
1535 5154 1638 5190 non
1672 5139 1720 5191 in
1752 5154 1942 5193 vanum
1974 5150 2028 5195 et
2060 5143 2268 5212 simpli-

697 5224 828 5281 t-ite'r
869 5227 1061 5281 factum
1102 5243 1242 5293 esse,
1282 5227 1376 5282 sed
1422 5229 1684 5282 tristitiam
1730 5231 1944 5285 nimiam
1982 5234 2270 5290 accedente

700 5317 821 5369 vino
850 5317 1050 5370 nullum
1081 5317 1130 5370 ei
1174 5316 1452 5385 reliquisse
1492 5331 1705 5372 sensum
1728 5360 1743 5384 ,
1779 5320 1900 5373 audi
1940 5321 2064 5388 quid
2105 5323 2266 5378 dicat.

696 5407 786 5462 δι.
819 5407 880 5461 Et
912 5414 1100 5480 factum
1128 5419 1200 5463 est
1227 5410 1307 5463 die
1331 5412 1585 5479 sequenti,
1617 5411 1838 5482 dixitque
1866 5415 2030 5483 major
2056 5427 2177 5470 natu
2204 5417 2272 5470 ad

688 5493 942 5565 iuniorem
970 5514 988 5553 :
1019 5499 1148 5553 Ecce
1178 5500 1388 5554 dormivi
1417 5501 1523 5555 heri
1567 5518 1681 5554 eum
1728 5513 1870 5572 patre
1897 5515 2064 5560 nostro
2089 5523 2108 5560 :
2137 5518 2273 5578 pote-

763 5653 780 5685 ⁸
815 5654 954 5717 savil.
981 5663 1031 5704 et
1048 5653 1229 5717 aliquot
1251 5663 1378 5714 stss.,
1402 5667 1494 5704 non
1513 5656 1660 5717 enim
1697 5656 1906 5707 omnium
1930 5672 2174 5717 possumus
2193 5676 2274 5711 ac-

691 5714 1009 5823 lscire
1032 5714 1250 5777 causam,
1270 5720 1478 5766 attamen
1503 5715 1674 5768 habent
1696 5718 1903 5780 aliquem
1926 5714 2148 5773 latentem
2171 5724 2271 5776 the-

1361 408 1417 466 ει
1458 402 1738 464 ιολΝΝιε
1768 391 2242 458 CHRVSOSTOMI
2281 389 2595 450 ARCIIIEP.
2632 385 3170 448 CONSTANTINOP.

3820 384 3926 434 ΜΣ

2340 523 2449 561 mus
2471 507 2626 577 igitur
2645 504 2894 559 eum'vino
2911 511 3134 556 et'nocte
3153 500 3270 564 ista,
3298 498 3590 568 et‘inqmsa
3616 494 3780 549 dormi
3806 508 3922 548 eum

2337 615 2414 662 eo,
2442 609 2487 651 et
2514 597 2790 650 excitemus
2811 610 2874 648 ea:
2900 604 3042 662 patre
3060 601 3232 645 nostro
3261 606 3445 645 semen.
3471 586 3633 642 Vides
3652 589 3922 658 quomodo

2336 698 2482 742 recta
2503 688 2764 742 sententia
2791 686 2893 740 boc
2914 682 3197 738 faciebant.
3231 680 3361 737 Nam
3386 679 3506 749 quia
3531 678 3700 748 potui,
3727 676 3920 746 inquit,

2336 793 2435 846 ego
2465 777 2604 846 quod
2636 776 2938 846 quaerebam
2982 773 3206 844 implere
3226 814 3241 839 ,
3275 769 3631 826 necessarium
3663 776 3746 823 est
3787 776 3922 824 et’te

2340 869 2477 923 idem
2511 869 2687 923 facere
2715 885 2729 922 :
2764 869 2896 922 forte
2924 868 3336 922 enim‘votorum
3367 875 3668 918 nostrorum
3696 875 3921 931 compo-

2338 967 2420 1013 tes
2445 959 2675 1024 erimus,
2708 967 2761 1012 et
2795 973 2902 1011 non
2933 957 2985 1011 in
3026 967 3281 1011 aeternum
3310 970 3477 1024 genus
3507 963 3745 1009 nostrum
3801 968 3921 1021 per-

2339 1049 2452 1104 ibit.
2487 1051 2575 1104 55.
2614 1049 2921 1103 Potavernnt
2968 1058 3212 1122 autemet
3251 1057 3392 1100 nocte
3420 1046 3512 1100 illa
3556 1056 3751 1114 patrem
3783 1053 3930 1096 tuum

2339 1143 2472 1200 vino,
2503 1142 2806 1211 eringressa
2831 1149 2904 1194 est
2922 1141 3121 1211 junior,
3151 1148 3197 1191 et
3226 1138 3458 1191 dormivit
3483 1153 3597 1188 cum
3626 1145 3772 1204 patre
3797 1152 3925 1189 suo:

2338 1244 2384 1286 et
2412 1234 2658 1302 ignoravit
2686 1234 2771 1286 ille
2793 1234 2996 1303 quando
3023 1233 3135 1300 ipsa
3163 1231 3241 1284 vel
3265 1228 3572 1290 accubuerit,
3597 1226 3677 1280 vel
3693 1241 3925 1279 surrexe-

2338 1324 2419 1376 rit.
2455 1321 2747 1376 Considera
2771 1363 2784 1385 ,
2825 1321 3055 1386 dilecte,
3093 1328 3260 1374 totum
3306 1318 3499 1372 factum
3544 1317 3705 1371 fuisse
3745 1314 3924 1369 divina

2338 1413 2772 1482 dispensatione,
2815 1413 2954 1467 sicut
2984 1420 3037 1466 et
3081 1410 3254 1480 primo
3300 1407 3501 1462 homini
3544 1405 3741 1461 evenit.
3790 1403 3924 1457 Nam

2339 1506 2476 1560 sicut
2503 1505 2706 1560 illic-ex
2734 1503 3052 1558 donnientis
3081 1503 3248 1556 latere
3277 1500 3451 1570 portio
3477 1507 3685 1567 smnpta
3715 1505 3832 1561 est,
3860 1511 3930 1550 co

2341 1613 2447 1650 non
2472 1597 2735 1650 sentiente
2761 1613 2776 1661 ;
2808 1594 2903 1650 sed
2929 1595 3018 1665 qui
3045 1593 3271 1648 ﬁnxerat
3297 1592 3437 1646 latus
3466 1589 3617 1653 illud,
3646 1589 3768 1643 inde
3793 1597 3930 1643 uxo-

2341 1701 2452 1740 rem
2485 1687 2612 1739 Adze
2657 1687 2903 1754 produxit
2944 1701 2958 1738 :
2999 1684 3160 1739 simili
3206 1682 3366 1737 modo
3403 1692 3457 1737 et
3500 1697 3659 1735 nunc.
3705 1680 3835 1734 Nam
3881 1679 3929 1734 si

2342 1789 2505 1832 costa:
2532 1777 2758 1846 ereptio,
2784 1790 3005 1831 excessu
3031 1773 3224 1828 mentis
3251 1788 3279 1826 a
3309 1773 3418 1826 Deo
3444 1771 3703 1837 immisso,
3727 1770 3934 1838 absque

2344 1870 2485 1923 illius
2515 1868 2798 1923 sensu-luit
2827 1886 2839 1918 :
2873 1868 3040 1922 multo
3064 1867 3227 1936 magis
3249 1874 3303 1920 et
3324 1880 3466 1919 nunc
3493 1865 3565 1918 ita
3592 1862 3791 1918 factum
3820 1870 3928 1917 est.

2343 1961 2473 2015 Nam
2508 1959 2557 2014 id
2588 1959 2727 2029 quod
2758 1958 2889 2013 dixit
2921 1959 3026 2012 illic
3049 1957 3225 2011 divina
3254 1956 3549 2023 Scriptura,
3593 1951 3812 2006 Immisit
3837 1968 3931 2005 eaa-

2344 2053 2513 2107 stasim
2542 2053 2593 2104 iu
2622 2051 2815 2116 Adam,
2848 2060 2893 2102 et
2924 2049 3154 2102 dormivit
3183 2047 3344 2116 (Gen.
3374 2047 3428 2099 2.
3454 2046 3516 2099 El
3540 2045 3558 2116 )
3587 2063 3599 2098 ς
3633 2045 3736 2098 hoc
3763 2055 3816 2098 et
3843 2043 3933 2098 hic

2343 2142 2661 2212 signiﬁcavit
2700 2139 2964 2202 dicendo,
3006 2138 3223 2192 Nescivit
3261 2137 3462 2207 quando
3507 2134 3928 2201 vel'accub‘uerit,

2344 2235 2420 2287 vel
2448 2233 2736 2288 surrexerit.
2765 2231 2850 2286 56.
2880 2230 2949 2284 Et
2973 2236 3327 2299 conceperant,
3352 2227 3541 2296 inquit,
3565 2226 3627 2278 de
3655 2219 3930 2294 patre'suo.

2345 2326 2434 2380 57.
2464 2324 2529 2376 Et
2561 2323 2941 2391 peperit'major
2979 2333 3101 2374 natu
3131 2321 3296 2388 ﬁlium
3324 2329 3368 2371 et
3397 2319 3584 2372 vocavit
3615 2334 3796 2370 nomen
3822 2317 3953 2385 ejus

2349 2416 2520 2480 Moab,
2540 2417 2730 2478 dicens,
2753 2413 2835 2467 Ea:
2863 2423 3006 2483 patre
3035 2430 3159 2466 meo.
3188 2411 3237 2464 Η
3244 2413 3287 2464 ic
3313 2420 3451 2480 pater
3475 2419 3544 2463 est
3567 2408 3619 2462 Μ
3626 2409 3931 2462 oabitaruns.

2347 2507 2435 2563 38.
2474 2507 2676 2575 Peperit
2716 2515 2878 2558 autem
2917 2515 2963 2558 et
2998 2505 3181 2571 junior
3205 2504 3400 2572 ﬁlium,
3443 2511 3490 2556 et
3533 2501 3724 2554 vocavit
3755 2516 3938 2554 nomen

2345 2599 2454 2666 ejus
2478 2598 2692 2649 Ammon
2713 2638 2726 2660 ,
2762 2595 2932 2649 dicens
2952 2636 2966 2660 ,
3008 2593 3173 2647 Filius
3200 2593 3395 2662 generis
3421 2594 3535 2645 mei.
3571 2589 3668 2644 Hic
3695 2600 3768 2644 est
3797 2601 3940 2659 pater

2349 2690 2768 2741 Ammanitarum.
2789 2685 2952 2741 Vides
2974 2685 3024 2739 id
3047 2700 3154 2740 non
3177 2681 3756 2739 fuisse'incontinentim
3777 2697 3937 2750 opus,

2351 2796 2470 2834 cum
2503 2779 2720 2833 nomina
2749 2779 2926 2832 statim
2966 2777 3109 2831 natis
3141 2773 3468 2839 indiderint,
3508 2774 3697 2844 quibus
3738 2771 3950 2827 factum.

2350 2871 2754 2940 signiﬁcabant,
2788 2879 2842 2924 et
2871 2870 2922 2922 in
2951 2869 3177 2922 ﬁliorum
3211 2866 3516 2921 nominibus
3557 2865 3712 2935 quasi
3756 2864 3810 2918 in
3838 2879 3938 2918 co.

2351 2963 2529 3017 lunma
2574 2960 2742 3014 ferme
2768 2957 2996 3027 quadam
3025 2957 3338 3012 memoriam
3376 2954 3501 3010 facti
3544 2953 3938 3024 inscripserint,

2361 3075 2416 3121 et
2441 3065 2552 3133 jam
2583 3072 2692 3115 tum
2733 3059 3110 3127 prtesignarmt
3133 3060 3318 3122 gentes
3350 3063 3414 3102 ex
3447 3045 3525 3099 eis
3555 3043 3766 3097 futuras
3793 3057 3943 3107 esse,

2363 3167 2418 3212 et
2454 3155 2506 3208 in
2536 3149 2930 3206 multitudinem
2953 3160 3010 3200 se
3035 3148 3452 3212 propagatur-um
3469 3145 3716 3190 natorum
3747 3147 3941 3204 genus.

2365 3247 2496 3303 Nam
2527 3245 2612 3300 ille
2638 3241 2881 3311 quidem,
2898 3235 3091 3304 inquit,
3117 3229 3402 3302 pater-erit
3424 3226 3807 3290 unabitarum',
3840 3224 3951 3281 iste

2329 3352 2332 3354 ‘
2366 3347 2544 3392 autem
2571 3329 3021 3386 Ammanitarum.

2433 3425 2486 3478 6.
2531 3419 2748 3475 Moralis
2774 3416 3087 3470 exhortatio.
3117 3409 3341 3464 Collatia
3369 3406 3585 3476 Iosephi
3608 3404 3950 3458 continenth

2363 3533 2480 3573 cum
2519 3509 2841 3581 Babylonica
2877 3500 3382 3573 fornace—Verum
3410 3495 3952 3566 tuncquidem,quo—

2365 3607 2508 3662 niam
2525 3603 2676 3672 origo
2694 3610 2743 3654 et
2763 3597 2914 3652 initia
2937 3603 3112 3658 erant,
3131 3601 3186 3647 et
3200 3607 3294 3662 per
3311 3589 3522 3662 generis
3540 3587 3969 3642 successionem.

2366 3695 2678 3751 memoriam
2701 3705 2852 3744 suam
2877 3686 3129 3741 volebant
3147 3696 3485 3742 conservare,
3505 3685 3713 3733 tantum
3731 3675 3845 3744 ejus
3871 3678 3951 3730 rei

2367 3787 2599 3842 studium
2619 3779 2854 3848 fuitjusti
2871 3778 3102 3831 ﬁliabus:
3118 3789 3260 3829 nunc
3273 3771 3592 3830 autemauia
3603 3783 3703 3837 per
3714 3769 3950 3837 gratiam

2367 3879 2460 3934 Dei
2491 3875 2674 3944 religio
2696 3870 2912 3939 majora-
2927 3866 3156 3934 sumpsit
3181 3865 3533 3922 incrementa,
3565 3867 3620 3913 et
3647 3857 3949 3913 secundum

2365 3971 2581 4026 beatum
2605 3964 2849 4027 Paulum,
2869 3959 3106 4015 Praeterit
3123 3958 3293 4025 ﬁgura
3307 3953 3488 4006 mundi
3502 3951 3662 4020 hujus
3680 3948 3732 4019 (I
3752 3947 3879 4003 Cor.
3894 3950 3950 4003 7.

2366 4062 2480 4131 5i),
2507 4074 2671 4130 opera
2701 4057 2842 4110 bona
2875 4052 3083 4124 agendo
3121 4047 3437 4103 memoriam
3464 4042 3635 4096 nostri
3667 4041 3949 4108 relinqua-

2366 4166 2486 4207 mus
2509 4168 2522 4203 :
2553 4162 2612 4204 ut
2628 4163 2750 4203 cum
2775 4148 2900 4201 hinc
2915 4141 3344 4212 migraverimus,
3367 4139 3492 4192 vita:
3507 4145 3707 4191 nostra
3722 4135 3972 4203 diligens-

2367 4248 2423 4297 et
2455 4246 2704 4294 accurata
2738 4235 2878 4289 ratio
2901 4235 2971 4289 sit
3003 4231 3390 4286 monimentum
3420 4235 3475 4282 et
3499 4225 3748 4280 doctrina
3780 4223 3934 4279 omni

2367 4328 2470 4383 bus
2496 4327 2585 4397 qui
2621 4326 2670 4379 in
2709 4339 2808 4379 nos
2849 4321 3157 4391 respicient.
3202 4317 3338 4372 Nam
3371 4316 3463 4385 qui
3504 4316 3709 4366 virtute
3737 4310 3971 4380 prtediti.

2369 4428 2514 4481 sunt,
2542 4425 2595 4471 et
2619 4413 3013 4471 castamvitam
3038 4410 3273 4471 ducunt,
3297 4421 3403 4459 non
3429 4404 3602 4458 solum
3632 4401 3686 4455 in
3715 4401 3815 4454 hac
3837 4399 3957 4454 vita

2369 4509 2643 4579 degentes,
2667 4506 2761 4560 sed
2785 4513 2839 4557 et
2855 4511 2976 4572 post
3002 4504 3124 4554 vita:
3145 4498 3370 4560 exitum,
3387 4492 3677 4564 plurimum
3693 4489 3959 4560 prodesse

2370 4605 2623 4669 poterunt
2650 4595 2716 4648 iis
2747 4593 2837 4662 qui
2866 4593 2918 4646 in
2950 4606 3008 4644 se
3039 4585 3398 4656 respexerint.
3433 4583 3499 4637 Et
3531 4589 3589 4635 ut
3618 4582 3720 4635 hoc
3747 4579 3959 4643 discas,

2368 4687 2786 4757 vide,obsecro,
2831 4689 3063 4751 quantus
3113 4691 3376 4731 annorum
3433 4686 3691 4728 numerus
3737 4671 3965 4728 transiit

2371 4794 2538 4850 usque
2563 4780 2613 4832 in
2628 4775 2946 4831 hodiernum
2969 4772 3131 4832 diem,
3159 4784 3224 4821 ao
3243 4766 3454 4835 quoties
3470 4763 3716 4817 volumus
3742 4760 3965 4831 aliquos

2370 4871 2424 4926 in
2457 4868 2856 4925 simulationem
2898 4859 3242 4918 continentiae
3289 4868 3606 4927 provocare.
3653 4851 3852 4920 Josepli
3899 4851 3961 4906 in

2374 4960 2607 5017 medium
2640 4955 2912 5010 aﬂ‘erimus
2934 4951 3260 5020 speciosum,
3292 4945 3617 5007 formosum,
3640 4941 3965 4996 adolescen-

2375 5066 2504 5119 tem,
2542 5052 2594 5105 in
2636 5051 2751 5119 ipso
2779 5047 2955 5100 aetatis
2995 5042 3126 5097 ﬁore
3171 5050 3374 5095 tantam
3402 5036 3672 5093 castitatis
3702 5041 3967 5088 constan-

2371 5141 2495 5192 tiam
2541 5153 2650 5206 pra:
2702 5151 2763 5192 se
2811 5136 3104 5190 ferentem:
3135 5141 3188 5189 et
3237 5133 3316 5188 sic
3357 5132 3424 5187 ad
3456 5131 3804 5186 imitationem
3824 5129 3961 5199 iussi

2370 5234 2529 5300 liuius
2571 5231 2839 5286 auditores
2875 5244 3162 5298 provocare
3199 5227 3494 5282 studemus.
3521 5225 3653 5290 Quis
3676 5227 3820 5280 enim
3848 5238 3972 5286 non

2371 5327 2725 5379 admiraretur
2748 5321 2956 5376 beatum
2983 5321 3153 5384 illum,
3185 5319 3274 5389 qui
3304 5319 3357 5373 in
3386 5319 3640 5372 servitute
3666 5315 3962 5382 exsistens,

2373 5415 2496 5470 etin
2525 5416 2639 5484 ipso
2665 5413 2798 5467 ﬂore
2823 5411 3012 5475 aetatis,
3041 5409 3255 5480 quando
3285 5410 3513 5463 maxime
3548 5406 3732 5461 fornax
3754 5419 3976 5461 concu-

2375 5505 2754 5577 piscentiarnm
2773 5502 3098 5566 accenditur,
3125 5515 3248 5555 cum
3278 5499 3482 5554 videret
3505 5497 3776 5551 dominam
3804 5510 3967 5552 suam

2378 5595 2735 5657 invadentem,
2785 5601 2840 5648 et
2883 5592 3232 5646 insanientem
3277 5591 3330 5644 in
3375 5605 3456 5654 se,
3491 5596 3688 5643 tantam
3721 5584 3972 5644 ostendit

2379 5686 2762 5745 fortitudinem,
2805 5691 2861 5737 et
2906 5683 2971 5735 ita
3019 5681 3084 5733 ad
3113 5680 3369 5734 castitatis
3397 5693 3592 5747 agones
3617 5692 3677 5732 se
3695 5681 3968 5747 exercuit,

2382 5787 2438 5833 ut
2476 5780 2541 5834 ab
2590 5777 2973 5846 intemperante
3000 5773 3087 5828 illa
3113 5771 3334 5827 muliere
3359 5771 3531 5826 nudus
3553 5768 3764 5842 quidem
3797 5770 3972 5828 vcsti-
