4144 6504
178 436 183 445 ’
292 445 406 506 ιιδ

294 559 400 615 bus
414 554 737 628 profugeret,
750 546 1013 607 castitatis
1028 551 1206 602 autem
1229 540 1597 596 indumentum
1618 532 1891 594 servaret?

295 650 622 714 Lieebatque
651 643 831 700 videre
859 654 971 696 rem
997 650 1189 692 novam
1208 640 1263 687 et
1280 630 1671 692 admirabilem,
1697 639 1895 697 agnum

296 745 350 795 in
380 735 510 808 lupi,
547 738 656 792 imo
682 736 866 789 lemnze
893 743 1097 800 ungues
1118 725 1390 792 incidisse,
1413 732 1469 780 et
1492 721 1693 778 servari
1716 729 1895 775 tamen

293 830 575 903 potuisse:
625 835 681 882 et
724 824 865 880 sicut
892 820 1139 877 columba
1169 818 1367 887 aquilae
1394 814 1648 868 damnum
1676 810 1891 903 eﬂ‘ngit,

295 902 369 980 ita
388 932 445 977 et
471 920 646 991 justus
674 915 743 971 ab
784 914 925 970 illius
969 909 1214 967 manibus
1241 907 1429 963 evasit.
1455 904 1577 981 Non
1621 903 1699 958 sic
1725 902 1896 957 admi—

297 1012 467 1068 rabile
515 1010 644 1064 mibi
687 1006 898 1061 videtur
938 1017 1080 1066 esse,
1128 1008 1239 1055 tres
1268 1012 1462 1068 pueros
1493 995 1613 1050 illos
1639 995 1692 1049 in
1715 992 1894 1047 medio

295 1101 630 1175 Babyloniae
680 1095 910 1153 fornacis
944 1094 1122 1163 ignem
1161 1090 1354 1145 vicisse
1376 1086 1395 1159 (
1420 1086 1557 1141 Dan.
1581 1087 1615 1142 ὃ
1635 1086 1680 1155 ),
1709 1084 1894 1139 ilizesis

291 1210 483 1252 eorum
528 1191 865 1259 corporibus,
907 1195 966 1241 ut
1011 1183 1255 1238 mirabile
1274 1189 1329 1236 et
1352 1196 1535 1235 rarum
1560 1187 1662 1242 est,
1688 1178 1892 1247 justum

292 1290 479 1349 istum,
528 1284 691 1355 quiin
737 1281 1005 1335 fornacem
1052 1278 1190 1332 banc
1221 1274 1537 1347 Babylonica
1582 1273 1751 1329 multo
1773 1287 1895 1342 gra-

289 1382 519 1446 viorem,
565 1378 619 1431 in
663 1372 1125 1437 incontinentiam,
1170 1370 1407 1440 inquam,
1464 1366 1734 1437 Egyptite
1762 1365 1895 1419 inci-

290 1470 484 1534 disset,
531 1468 789 1522 intactum
831 1461 1213 1534 permansisse,
1259 1472 1499 1528 puroque
1524 1455 1788 1510 castitatis
1816 1454 1897 1508 in-

289 1562 554 1614 damento
575 1564 810 1620 servato,
828 1554 1045 1609 exiissc.
1075 1550 1143 1605 Et
1167 1565 1233 1603 ne
1255 1547 1487 1613 mireris,
1509 1546 1704 1601 dilecte
1730 1564 1743 1600 :
1770 1545 1893 1615 quia

290 1652 439 1705 enim
465 1648 607 1720 quod
634 1661 790 1701 suum
822 1653 937 1699 erat
984 1641 1182 1703 attulit,
1214 1639 1397 1717 balntit
1438 1651 1724 1707 supernam
1772 1650 1895 1706 gra-

292 1741 421 1794 tiam
468 1737 745 1802 comitem,
778 1748 899 1804 quae
942 1731 1248 1787 incendium
1276 1728 1403 1784 illud
1431 1729 1807 1798 restingueret,
1839 1734 1897 1781 et

290 1828 345 1884 in
379 1829 552 1884 media
584 1829 799 1883 fornace
830 1841 1008 1881 rorem
1038 1822 1271 1894 Spiritus
1295 1822 1467 1893 daret.
1510 1819 1732 1876 Vidistis
1760 1835 1896 1888 quo-

292 1920 456 1976 modo
475 1921 576 1977 viri
596 1921 794 1975 virtute
817 1916 1046 1987 traditi,
1076 1926 1131 1969 et
1150 1929 1273 1969 cum
1300 1913 1387 1966 hic
1402 1912 1577 1965 adhuc
1601 1920 1895 1981 prtusentes

288 2020 438 2076 sunt,
484 2019 536 2065 et
584 2018 704 2080 post
743 2006 1115 2077 migrationem
1143 2019 1207 2059 ex
1241 2002 1341 2057 bac
1368 2003 1494 2067 vita,
1522 2015 1727 2070 magna:
1755 1998 1895 2053 utili-

292 2105 417 2158 tatis
445 2110 697 2158 auctores
725 2100 879 2156 nnbis
920 2097 1068 2152 sint?
1115 2097 1289 2167 Atque
1319 2094 1390 2150 ob
1414 2108 1533 2149 eam
1564 2107 1782 2148 causam
1808 2091 1894 2161 ju-

289 2201 432 2249 stum
465 2192 614 2247 illum
635 2192 691 2246 in
721 2190 956 2246 medium
982 2188 1324 2251 adduximus,
1356 2192 1415 2240 ut
1434 2200 1557 2240 eum
1585 2198 1775 2239 omnes
1803 2197 1891 2237 se-

286 2300 541 2355 quamur.
576 2283 726 2337 Hunc
750 2281 907 2351 igitur
928 2295 1118 2335 omnes
1135 2279 1426 2341 imitemur,
1450 2286 1505 2331 et
1519 2276 1896 2347 concupiscent.

291 2380 395 2432 tias
420 2385 630 2429 nostras
647 2374 943 2437 vincamus,
972 2373 1311 2441 scientesque
1330 2370 1480 2436 illud,
1515 2370 1634 2424 Non
1659 2379 1730 2425 est
1752 2369 1895 2423 nobis

287 2482 463 2536 pugna
506 2465 745 2518 adversus
791 2464 1087 2534 sanguinem
1127 2474 1175 2516 et
1227 2478 1462 2524 carnem,
1514 2462 1606 2518 scd
1656 2463 1894 2515 adversus

290 2557 604 2627 priuripattts
628 2566 674 2610 et
700 2564 987 2624 potestates,
1015 2554 1257 2609 adversus
1286 2554 1466 2607 mundi
1495 2564 1713 2607 rectores
1752 2562 1893 2607 teneo

288 2650 496 2702 brorum
541 2648 693 2719 hujus
745 2647 919 2701 seaculi
966 2647 985 2715 (
1015 2645 1207 2717 κρίκε.
1256 2646 1313 2700 6.
1342 2645 1409 2699 l2
1430 2643 1474 2717 ),
1519 2645 1597 2699 sic
1624 2661 1722 2700 uos
1749 2647 1894 2715 ipsos

287 2756 599 2794 annomus:
628 2748 685 2794 et
724 2739 1045 2809 cogitantes,
1092 2752 1202 2792 non
1246 2751 1474 2807 corpore
1510 2736 1890 2802 circumdatos,

286 2833 546 2886 adversus
569 2833 912 2900 incorporeas
938 2830 1055 2900 cogi
1084 2830 1311 2885 virtutes
1335 2837 1561 2894 certare,
1588 2832 1895 2884 muniamnr

284 2925 457 2979 anuis
502 2923 886 2994 spiritualibus.
935 2922 1162 2991 Propter
1190 2921 1293 2975 hoc
1320 2922 1463 2974 enim
1494 2921 1752 2990 benignus
1781 2920 1891 2974 Do-

287 3016 489 3078 minus,
523 3016 646 3085 quia
672 3028 834 3068 carne
865 3013 1041 3067 vestiti
1083 3026 1291 3075 sumus,
1322 3018 1377 3065 et
1405 3020 1487 3064 est
1515 3009 1670 3065 nobis
1695 3010 1889 3065 adver-

286 3123 383 3163 sus
429 3106 727 3161 invisibiles
773 3105 999 3159 virtutes
1045 3113 1340 3168 certamen,
1392 3101 1680 3157 invisibilia
1735 3101 1891 3157 nobis

288 3198 610 3268 prmparavit
634 3211 805 3262 arma,
852 3203 912 3249 ut
936 3194 1134 3248 auxilio
1161 3208 1436 3247 armorum
1470 3200 1673 3247 natura:
1701 3192 1893 3247 adven-

286 3290 463 3343 sarios
508 3302 897 3357 cxpugnemus.
944 3285 1089 3339 Bene
1142 3285 1300 3353 igitur
1342 3283 1570 3339 ﬁdentes
1615 3298 1890 3339 armorum

285 3382 563 3453 potentiae,
613 3380 754 3449 quod
799 3393 828 3432 a
861 3377 1014 3431 nobis
1043 3386 1126 3430 est
1156 3376 1466 3438 afferamus,
1514 3387 1569 3430 et
1597 3375 1891 3445 poterimus

287 3478 390 3529 hac
416 3473 675 3543 spirituali
702 3479 970 3525 armatura
1004 3468 1211 3533 muniti,
1242 3468 1414 3537 ipsam
1460 3468 1655 3523 diaboli
1696 3466 1888 3523 faciem

284 3566 470 3621 ferire.
520 3562 703 3632 Neque
746 3561 891 3617 enim
933 3561 1072 3615 ferre
1114 3560 1312 3629 poterit
1350 3558 1607 3628 fulgorem
1637 3559 1727 3629 qui
1762 3558 1887 3613 inde

282 3655 581 3726 egreditur,
625 3652 718 3708 sed
760 3654 859 3708 etsi
900 3660 1125 3707 conetur
1153 3661 1298 3706 stare
1335 3665 1401 3705 ex
1431 3650 1679 3715 adverso,
1709 3652 1887 3706 statim

281 3748 663 3805 escmmbitur.
692 3744 793 3801 Ubi
831 3746 974 3799 enim
1005 3741 1333 3798 continentia
1364 3750 1418 3797 et
1455 3741 1727 3805 honestas.
1755 3741 1889 3797 alia-

284 3854 514 3909 rumque
557 3838 808 3891 virtutum
855 3848 1171 3901 concursus,
1214 3834 1342 3889 illuc
1386 3842 1440 3887 et
1482 3834 1625 3903 larga
1656 3833 1890 3904 Spiritus

280 3930 453 4000 gratia
501 3925 734 3980 advolat.
782 3925 1119 3994 Quapropter
1162 3922 1360 3977 Paulus
1406 3922 1656 3979 dicebat:
1697 3922 1890 3979 Pacem

282 4019 541 4074 sectemini
566 4033 682 4070 cum
710 4015 961 4080 omnibus,
983 4024 1031 4067 et
1071 4014 1524 4083 sanctiﬁcatione»:
1550 4013 1572 4084 (
1598 4011 1759 4069 Hebr.
1778 4013 1884 4086 ⁹19..

286 4113 398 4180 Η).
433 4108 782 4165 Purificemus
809 4106 1238 4176 igitur,nbsecro,
1265 4104 1626 4185 conscientias
1654 4115 1889 4176 nostras,

282 4214 336 4259 et
364 4212 710 4270 extergamus
755 4206 993 4253 mentem
1041 4207 1325 4253 nostram:
1376 4211 1435 4254 ut
1476 4199 1625 4255 omni
1670 4200 1888 4257 sordida

283 4291 608 4362 cogitatione
657 4289 891 4355 liberati,
935 4287 1167 4356 Spiritus
1192 4288 1413 4357 gratiam
1444 4290 1598 4345 nobis
1631 4290 1889 4346 concilie-

286 4398 429 4443 mus,
463 4393 888 4450 superemusque
928 4378 1125 4434 diaboli
1173 4378 1618 4448 machinationes,
1666 4396 1731 4437 ac
1767 4397 1887 4437 me-

282 4487 503 4530 rcamur
522 4470 880 4527 inen‘abilibus
910 4470 1014 4525 illis
1038 4471 1193 4525 bonis
1220 4470 1342 4538 frui,
1371 4472 1539 4539 gratia
1569 4480 1624 4526 et
1649 4472 1892 4542 benigni-

284 4573 394 4621 tate
441 4564 655 4617 Domini
700 4563 871 4617 nostri
920 4562 1045 4618 Jesu
1083 4562 1306 4627 Christi,
1351 4568 1435 4617 cui
1483 4579 1605 4619 cum
1651 4565 1809 4621 Patre
1835 4575 1891 4622 et

281 4655 475 4713 sancto
493 4654 695 4724 Spiritu
720 4655 789 4710 sit
805 4654 995 4725 gloria,
1024 4670 1168 4710 nunc
1196 4666 1250 4710 et
1279 4670 1513 4722 semper.
1536 4668 1591 4715 et
1609 4658 1663 4714 in
1690 4660 1888 4721 saecula

281 4747 627 4805 saeculorum.
656 4747 853 4803 Amen.

845 4916 1122 4975 HOMIIJA
1166 4918 1330 4977 XLV.

284 5077 358 5133 Et
384 5076 537 5131 etot-it
579 5074 721 5130 illinc
760 5074 1017 5128 Abraham
1060 5075 1113 5127 in
1140 5082 1326 5130 terram
1349 5090 1522 5128 versus
1557 5075 1810 5146 africum,
1841 5087 1890 5131 et

368 5167 601 5223 habitarit
639 5166 768 5219 inter
786 5162 971 5227 Gades,
999 5172 1050 5215 et
1070 5165 1206 5218 inter
1234 5163 1362 5232 sur,
1393 5174 1438 5219 et
1466 5166 1764 5236 peregrinas
1792 5160 1889 5238 fuit

358 5259 413 5311 in
438 5256 645 5312 Ceraris
673 5254 825 5327 (Gen.
852 5254 945 5310 20.
976 5254 1054 5325 l).

364 5394 416 5448 ι.
440 5390 677 5454 Gaudeo.
700 5405 822 5446 cum
844 5404 938 5446 vos
963 5388 1270 5460 frequenter
1292 5390 1450 5446 video
1475 5390 1544 5446 ad
1574 5392 1888 5449 concionem

317 5499 589 5548 rcurrere,
606 5496 671 5538 ac
687 5497 875 5552 magna
897 5497 1021 5536 cum
1038 5482 1307 5551 voluptate
1327 5483 1626 5539 doctrinam
1650 5494 1889 5541 nostram

275 5575 602 5644 suscipere;
654 5573 880 5643 ideoque
928 5574 982 5627 in
1010 5572 1129 5629 dies
1154 5572 1340 5642 majori
1379 5572 1653 5630 alacritate
1688 5589 1890 5645 paupe-

280 5677 401 5719 rem
434 5664 571 5721 hanc
596 5672 835 5720 nostram
858 5672 914 5719 et
942 5673 1159 5719 tenuem
1181 5677 1420 5719 mensam
1446 5665 1598 5721 vobis
1619 5680 1889 5737 apponere

279 5755 498 5817 studeo.
550 5755 739 5811 Vestra
781 5756 927 5813 enim
966 5756 1209 5812 ciborum
1254 5757 1538 5814 immodica
1581 5761 1888 5832 appetentis

280 5858 484 5907 me:
534 5856 739 5906 nostra
783 5845 1046 5906 vilitatem
1089 5845 1316 5925 obtegit,
1363 5862 1635 5924 parvaque
1680 5850 1806 5910 facit
1829 5863 1886 5913 ut

1333 425 1400 481 lN
1437 422 1592 481 CAP.
1633 420 1753 478 XX.
1791 417 2038 479 GENES.
2078 416 2310 478 ΗΟΜΙΙ..
2351 420 2517 479 XLV.

3486 421 3599 485 ιιι

2009 546 2201 604 magna
2242 542 2575 605 appareant:
2600 533 2660 592 id
2701 534 2845 607 quod
2888 542 2946 593 et
2968 534 3023 593 in
3049 535 3392 597 sensibilibus
3413 540 3607 601 eduliis

2003 625 2187 683 videre
2211 625 2357 683 licet.
2383 625 2517 683 Nam
2546 627 2686 684 sicut
2712 641 2836 683 cum
2862 628 3085 685 satiatos
3112 630 3236 700 quis
3251 630 3452 701 exeipit
3477 649 3606 690 con-

2003 720 2173 785 vivas,
2212 719 2340 775 licet
2389 733 2582 789 magna
2622 729 3046 791 sumptuosaque
3086 730 3322 793 apponat
3368 724 3605 795 fercula,

2003 808 2219 864 illorum
2266 808 2516 865 satietate
2560 810 2820 869 minuitur
2861 812 3231 881 appositorum
3274 815 3516 882 lautitia;
3553 828 3606 874 et

2002 913 2196 969 magna
2238 914 2640 970 nonnumquam
2686 900 2886 957 nullius
2913 901 3167 958 videntur
3208 907 3492 976 momenti,
3541 923 3605 965 ec

2001 989 2144 1061 quod
2198 993 2448 1046 convivae
2495 990 2698 1061 absque
2728 992 2922 1049 edendi
2952 995 3209 1052 aviditate
3233 998 3602 1058 advenerunt:

2001 1079 2075 1136 ita
2112 1090 2300 1135 contra
2340 1083 2385 1136 si
2427 1082 2547 1153 quis
2591 1083 2865 1139 famelicos
2900 1086 3158 1156 suscipiat
3194 1097 3250 1143 et
3279 1090 3598 1155 esurientes,

2001 1171 2130 1227 licet
2159 1172 2265 1227 illis
2287 1180 2502 1228 tenuem
2532 1184 2796 1245 proponat
2819 1191 3085 1243 mensam,
3113 1178 3395 1247 splendida
3426 1189 3605 1237 tamen

2002 1262 2095 1319 illa
2139 1259 2419 1335 apparebit
2464 1266 2726 1333 convivis,
2768 1268 2937 1322 multa
2975 1282 3096 1325 cum
3125 1270 3401 1343 voluptate
3436 1279 3607 1343 .atque

2001 1356 2259 1413 aviditate
2302 1359 2545 1428 apposita
2595 1360 3025 1417 eomedentibus.
3078 1362 3171 1420 Sic
3224 1371 3281 1419 et
3320 1379 3422 1422 nos
3467 1363 3610 1425 bene
3728 1366 3731 1367 ⁷

2002 1450 2233 1505 ﬁdentes
2279 1450 2541 1520 spirituali
2585 1459 2772 1507 vestro
2816 1452 3117 1523 appetitui,
3167 1468 3275 1510 non
3322 1469 3638 1526 gravamur,

2000 1556 2293 1612 pauperem
2318 1550 2375 1598 et
2395 1543 2552 1597 vilem
2582 1542 2719 1599 hanc
2747 1559 2989 1599 mensam
3011 1554 3205 1617 vestra:
3232 1546 3440 1601 caritati
3468 1547 3609 1603 assi-

2000 1634 2109 1691 due
2138 1650 2429 1707 apponere.
2476 1635 2591 1693 Hoc
2627 1646 2682 1692 et
2719 1636 2937 1708 sapiens
2962 1638 3181 1709 quidam
3208 1639 3456 1695 dicebat:
3490 1639 3609 1695 lle-

2001 1729 2103 1784 tius
2144 1738 2218 1785 est
2260 1731 2546 1784 convivium
2592 1731 2786 1785 olerum
2815 1747 2931 1785 cum
2975 1733 3209 1797 caritate,
3238 1748 3390 1803 quam
3426 1733 3516 1789 bos
3544 1734 3611 1790 de

2003 1822 2251 1891 prtesepio
2296 1837 2411 1875 cum
2439 1820 2559 1876 odio
2589 1812 2771 1892 (Prov.
2797 1822 2888 1878 l5.
2914 1822 3006 1892 l7)
3031 1841 3045 1877 :
3077 1837 3187 1895 quo
3211 1823 3389 1890 docet,
3414 1826 3611 1881 carita-

2002 1918 2109 1966 tem
2137 1911 2296 1966 aliter
2322 1911 2505 1966 videre
2532 1912 2797 1983 apposita,
2831 1911 3080 1982 illiusque
3098 1913 3271 1970 oculis
3291 1914 3415 1968 vilia
3442 1930 3610 1986 appa-

2000 2016 2122 2057 rere
2150 2015 2213 2056 ea
2256 2017 2377 2071 quae
2416 2012 2728 2072 sumptuosa
2777 2013 2923 2069 sunt,
2955 2013 3009 2059 et
3034 2018 3199 2076 parva
3232 2019 3351 2076 quae
3390 2020 3604 2076 magna.

2071 2091 2334 2147 Auditoris
2357 2092 2699 2147 benevolentia
2724 2095 3027 2148 necessaria.
3049 2093 3259 2162 -—Quid
3290 2095 3449 2167 igitur
3474 2095 3609 2151 bea-

2000 2183 2105 2240 tius
2156 2184 2312 2240 nobis
2360 2184 2449 2255 qui
2505 2186 2645 2255 apud
2692 2195 2768 2242 tot
2812 2187 3106 2250 auditores.
3138 2197 3356 2260 tamque
3398 2190 3611 2245 ferven-

2000 2276 2039 2331 ti
2076 2286 2132 2331 et
2185 2277 2414 2333 sollicita
2466 2278 2690 2333 caritate
2746 2281 3001 2349 praeditos
3049 2279 3417 2337 disserimus?
3463 2281 3609 2336 Nihil

1998 2367 2143 2423 enim
2184 2376 2462 2437 tantopere
2504 2368 2704 2424 dicenti
2756 2370 3123 2428 necessarium
3174 2380 3298 2439 est,
3355 2381 3413 2427 ut
3455 2372 3611 2429 audi-

2000 2461 2145 2515 toris
2184 2459 2580 2521 benevolentia.
2622 2460 3064 2532 Quandoquidem
3112 2477 3234 2518 cum
3278 2463 3427 2520 videt
3454 2463 3607 2520 audi-

2001 2560 2147 2607 tores
2176 2551 2383 2607 fervere
2409 2552 2701 2619 desiderio,
2745 2554 2988 2609 firmatur
3014 2566 3072 2610 et
3096 2555 3235 2628 ipse,
3262 2564 3319 2613 et
3354 2571 3610 2627 magnum

1998 2655 2145 2714 saepe
2188 2641 2373 2709 robur,
2428 2652 2486 2699 ut
2537 2644 2611 2699 ita
2663 2644 2860 2710 dicam,
2915 2646 3129 2715 accipit,
3185 2647 3366 2704 sciens
3404 2658 3612 2720 quanto

1996 2736 2449 2806 sumptuosiorem
2497 2751 2740 2794 mensam
2782 2738 3116 2809 spiritualem
3152 2741 3427 2811 proponit,
3459 2750 3613 2799 tanto

1997 2826 2258 2895 majorem
2281 2827 2381 2881 sibi
2407 2828 2617 2897 copiam
2646 2827 2927 2884 accedere.
2958 2828 3129 2885 Secus
3154 2830 3298 2886 enim
3321 2845 3381 2887 se
3406 2830 3607 2889 habent

1996 2917 2292 2986 sensibilia,
2322 2933 2484 2989 quam
2512 2919 2829 2989 spiritualia.
2850 2920 2963 2977 illic
2991 2921 3135 2976 enim
3164 2937 3366 2977 mensae
3387 2921 3610 2994 largitas

1995 3017 2271 3077 sumptum
2324 3010 2487 3080 parit,
2538 3019 2595 3066 et
2640 3010 2946 3066 convivium
2992 3010 3297 3068 exbibentis
3338 3012 3609 3075 imminuit

1996 3099 2351 3157 substantiam
2374 3118 2388 3163 ;
2419 3101 2508 3157 hic
2534 3112 2714 3160 autem
2740 3104 2966 3159 omnino
2990 3105 3165 3171 aliter,
3193 3115 3395 3177 quanto
3424 3105 3612 3177 plures

1995 3200 2122 3248 sunt
2167 3193 2476 3263 participes,
2524 3202 2675 3250 tanto
2714 3195 2833 3263 plus
2878 3195 3179 3251 substantia
3206 3205 3387 3252 nostra
3416 3211 3607 3272 accre-

1994 3285 2120 3338 scit.
2161 3282 2346 3353 Neque
2376 3284 2519 3339 enim
2553 3292 2737 3340 nostra
2766 3283 3017 3352 dicimus,
3047 3285 3143 3344 sed
3189 3300 3251 3341 ea
3282 3302 3404 3357 qua:
3431 3287 3486 3342 in
3514 3302 3607 3343 ve—

1994 3386 2163 3433 stram
2214 3378 2493 3433 utilitatem
2539 3378 2633 3434 Dei
2680 3379 2853 3449 gratia
2900 3394 2999 3449 per
3026 3393 3179 3434 suam
3217 3378 3604 3451 benignitatem

1994 3467 2324 3539 suppeditat.
2372 3468 2486 3537 Age
2517 3469 2697 3539 igitur,
2746 3468 2871 3539 quia
2918 3482 3043 3525 cum
3075 3478 3220 3524 tanta
3243 3470 3521 3537 alacritate
3550 3480 3608 3528 et

1996 3568 2141 3615 tanta
2202 3559 2383 3614 laetitia
2433 3558 2501 3613 ad
2552 3559 2881 3615 audiendum
2930 3560 3206 3627 acceditis,
3254 3562 3447 3618 iterum
3488 3562 3604 3634 jam

1995 3649 2135 3705 lecta
2159 3649 2493 3717 indagemus,
2522 3658 2577 3705 et
2605 3650 2746 3721 quod
2776 3650 2898 3707 inde
2923 3652 3171 3722 provenit
3200 3652 3405 3707 lucrum
3430 3654 3608 3725 perci-

1995 3741 2225 3811 piamus.
2267 3739 2399 3794 Nam
2448 3740 2597 3810 quia,
2626 3740 2921 3798 secundum
2950 3757 3197 3814 magnam
3235 3744 3379 3799 illam
3409 3744 3608 3802 exhor-

1996 3831 2252 3887 tationem
2274 3830 2473 3891 (Ihristi
2494 3830 2744 3898 dicentis,
2772 3831 3091 3887 Smtarm'ni
3108 3832 3404 3903 Scripturas
3420 3832 3604 3904 (locis.

1994 3921 2048 3977 5.
2074 3920 2190 3991 59),
2224 3920 2509 3978 thesaurus
2527 3936 2753 3993 magnus
2770 3923 2825 3978 in
2852 3922 3146 3993 Scripturis
3170 3933 3254 3983 est
3272 3924 3605 3991 reconditus.

1995 4022 2051 4067 et
2094 4010 2157 4081 in,
2196 4009 2465 4084 profundo
2506 4011 2679 4068 latet:
2708 4012 2913 4070 idcirco
2956 4015 3289 4072 scrutatione
3337 4030 3495 4088 opus,
3545 4026 3605 4076 ut

1993 4118 2120 4165 cum,
2165 4102 2513 4159 didicerimus
2561 4095 2811 4159 virtutem
2842 4120 2964 4176 qua
2991 4105 3047 4160 in
3092 4104 3364 4178 profundo
3392 4106 3605 4164 occulta

1993 4204 2098 4261 est,
2130 4195 2357 4251 multam
2382 4195 2507 4251 inde
2535 4196 2821 4252 utilitatem
2866 4196 3163 4269 decerpere
3197 4214 3479 4269 queamus.
3512 4198 3607 4257 Et-

1995 4288 2138 4344 enim
2190 4296 2473 4359 propterea
2506 4293 2772 4360 jnstorum
2802 4291 3046 4348 omnium
3095 4293 3339 4358 virtutes,
3371 4292 3607 4364 Spiritus

1996 4380 2167 4435 sancti
2196 4382 2369 4453 gratia
2394 4391 2451 4436 et
2474 4382 2901 4453 dispensatione,
2932 4383 2987 4438 in
3029 4383 3327 4455 Scripturis
3342 4394 3473 4440 sunt
3495 4392 3607 4442 tra-

1997 4471 2145 4541 ditat,
2179 4483 2243 4528 ut
2258 4488 2358 4529 nos
2381 4476 2688 4530 continuam
2716 4474 2977 4532 habentes
3000 4476 3321 4543 doctrinam,
3345 4476 3411 4532 ad
3437 4493 3606 4533 temu-

1997 4562 2251 4621 lationem
2307 4573 2364 4623 et
2424 4566 2776 4623 imitationem
2819 4568 3091 4637 iustorum
3142 4569 3306 4623 vitam
3361 4580 3604 4626 nostram

1996 4655 2359 4712 instituamus.
2409 4657 2704 4713 Audiamus
2748 4658 2909 4732 igitur
2950 4659 3190 4716 divinam
3242 4660 3603 4733 Scripturam,

1995 4748 2125 4819 quid
2178 4758 2235 4806 et
2286 4748 2446 4809 hodie
2494 4752 2652 4809 nobis
2693 4752 2765 4809 de
2794 4754 3092 4823 patriarcha
3120 4769 3345 4811 narrare
3370 4756 3521 4813 velit.
3550 4756 3603 4811 l.

1996 4842 2148 4913 (Cap.
2170 4842 2262 4912 20)
2280 4842 2346 4911 Et
2367 4847 2540 4911 movit,
2567 4845 2758 4917 inquit,
2780 4847 2924 4903 illiue
2938 4847 3195 4903 Abraham
3213 4849 3266 4903 in
3284 4858 3471 4903 terram
3490 4865 3606 4904 νει-ιο

1994 4950 2083 4988 sus
2102 4935 2340 5004 africani.
2365 4944 2413 4991 et
2440 4936 2679 4993 habitarit
2698 4938 2829 5005 inter
2852 4937 3015 4995 Gades
3036 4948 3087 4995 et
3116 4940 3249 4994 inter
3274 4938 3401 5005 Sur,
3430 4949 3477 4994 et
3496 4955 3609 5010 per-

1994 5026 2199 5095 egrinus
2228 5027 2327 5097 fuit
2365 5027 2417 5081 in
2458 5025 2685 5082 Geraris.
2719 5025 2788 5081 Et
2811 5029 2965 5107 ignorit
2984 5028 3233 5102 ,inquit,
3264 5029 3422 5083 illine.
3451 5028 3607 5085 Unde

1996 5118 2197 5172 movit?
2235 5118 2278 5173 A
2330 5118 2447 5171 loco
2488 5118 2576 5173 ubi
2608 5118 3011 5175 tabernaculum
3041 5120 3257 5181 ﬁxerat.
3284 5121 3373 5178 ubi
3393 5129 3451 5177 et
3482 5118 3607 5177 uni-

1996 5212 2136 5267 versi
2158 5211 2506 5267 Conditorem
2529 5227 2649 5267 cum
2672 5213 2883 5284 angelis
2905 5213 3180 5284 suscipere
3210 5212 3258 5268 ei
3283 5227 3607 5270 concessum

1995 5301 2112 5357 fuit.
2156 5301 2328 5370 illinc,
2369 5303 2559 5374 inquit,
2606 5304 3029 5372 commovisset,
3072 5304 3383 5379 Peregrinus
3405 5306 3503 5377 fuit
3556 5306 3608 5360 in

1997 5393 2224 5451 Cereris.

2067 5486 2287 5541 Abrahae
2305 5487 2533 5542 modesta
2551 5488 2750 5543 visendi
2786 5486 3016 5543 ratio.—
3040 5490 3171 5545 Vide
3188 5489 3455 5559 iustorum
3479 5476 3607 5545 vitte

1994 5577 2280 5641 rationem.
2295 5593 2453 5647 quam
2465 5588 2738 5636 contracta
2754 5580 2859 5635 illis
2872 5580 3028 5637 fuerit
3046 5591 3101 5637 et
3121 5580 3344 5637 minime
3355 5593 3606 5649 superva-

1994 5682 2097 5723 cua
2111 5667 2348 5738 supellex
2368 5686 2381 5723 :
2398 5670 2668 5738 quomodo
2684 5670 2837 5727 facile
2856 5671 3308 5743 transmigrabant
3332 5672 3609 5736 vitamque

1994 5772 2145 5814 suam
2161 5758 2505 5815 instituebant
2516 5760 2656 5817 sicut
2667 5760 2935 5834 peregrini
2949 5760 3254 5823 etadvente,
3269 5768 3323 5814 et
3338 5770 3481 5815 nunc
3492 5754 3607 5822 hic,

1996 5865 2140 5910 nunc
2158 5851 2263 5911 illic
2279 5850 2621 5909 tabernacula
2636 5851 2939 5935 erigebant,
2959 5849 3110 5922 quasi
3141 5860 3371 5920 peregre
3402 5842 3615 5917 degen-
