4124 6456
602 387 714 444 115

601 511 702 564 tes;
722 514 824 554 non
851 496 984 551 sicut
1011 505 1106 547 nos
1121 488 1358 550 facimus,
1374 486 1460 554 qui
1476 483 1769 536 habitantes
1787 477 1840 532 in
1855 479 2026 532 aliena
2040 484 2177 532 terra

602 591 750 660 quasi
797 587 848 641 in
879 584 1065 654 patria,
1096 579 1282 634 domos
1302 577 1625 630 exstruimus
1650 567 1981 639 splendidas,
2013 567 2184 638 porti-

603 659 698 734 cus
723 689 776 733 et
813 673 1209 736 deambulacra,
1231 678 1288 723 et
1332 667 1484 720 villas
1529 663 1884 735 possidemus,
1917 669 1969 715 et
1999 659 2181 712 balnea

604 784 846 840 paramus
882 767 1090 834 aliaque
1112 764 1407 816 innumera.
1436 755 1540 811 Sed
1574 755 1690 807 vide
1714 751 1979 821 quomodo
2012 752 2184 819 justus

602 860 944 917 substantiam
986 871 1137 910 suam
1170 858 1220 907 in
1251 850 1547 906 vernaculis
1582 855 1782 898 tantum
1823 851 1871 896 et
1908 841 2186 910 pecoribus

607 952 904 1023 possidens,
938 957 991 1002 et
1019 943 1376 1012 numquamin
1399 939 1584 992 eodem
1614 939 1728 989 loco
1757 935 2061 1002 persistens,
2091 932 2186 983 ali-

602 1022 814 1112 quando
841 1040 1051 1108 quidem
1084 1036 1133 1089 in
1160 1032 1342 1088 Bethel
1374 1032 1481 1097 ﬁgit
1505 1027 1866 1087 tabernacula,
1899 1022 2184 1091 aliquando

602 1147 777 1187 autem
806 1131 939 1199 apud
963 1140 1216 1197 quercum
1238 1123 1489 1183 Mambre,
1513 1119 1796 1187 aliquando
1821 1117 1871 1170 in
1899 1115 2184 1185 Algyptum

607 1219 901 1281 descendit,
936 1234 1075 1271 nunc
1103 1225 1276 1268 autem
1307 1215 1357 1265 iu
1380 1210 1595 1265 Geraris
1629 1207 2020 1260 tabernaculum
2055 1206 2183 1274 ligit,

603 1321 658 1368 et
704 1312 878 1365 omnia
927 1310 1082 1361 facile
1126 1305 1371 1363 sustinet,
1416 1309 1725 1371 gratamque
1747 1313 1870 1364 erga
1906 1297 2184 1349 Dominum

603 1411 836 1456 mentem
867 1415 959 1468 per
988 1397 1161 1450 omnia
1191 1392 1471 1447 manifeste
1500 1390 1750 1444 declarat.
1785 1387 1848 1442 Et
1879 1396 1994 1455 post
2017 1395 2188 1440 lautas

607 1491 986 1562 promissiones
1032 1503 1150 1556 quae
1179 1486 1227 1539 ei
1254 1501 1281 1538 a
1327 1484 1433 1536 Deo
1457 1482 1608 1534 factze
1634 1487 1808 1542 erant,
1832 1477 2019 1530 videns
2049 1491 2106 1530 se
2136 1477 2186 1530 in

607 1583 768 1636 tantis
790 1580 986 1634 versari
1027 1574 1445 1637 difﬁcultatibus,
1493 1581 1545 1626 et
1576 1573 1628 1624 in
1659 1571 1829 1623 varias
1850 1569 2189 1636 diversasque

612 1673 929 1724 tentationes
980 1666 1236 1729 incidere,
1282 1663 1432 1732 quasi
1481 1662 1698 1716 adamas
1745 1661 1994 1712 immotus
2019 1659 2186 1727 persi-

607 1763 699 1816 stit
723 1778 737 1824 ;
778 1764 1025 1828 piamque
1052 1770 1201 1810 suam
1235 1765 1464 1807 mentem
1492 1747 1798 1812 ostendens,
1826 1747 1985 1802 nullis
2009 1747 2193 1801 obsta-

607 1851 743 1906 culis
772 1848 1121 1922 negligentior
1147 1845 1342 1900 evadit.
1374 1843 1506 1896 Vide
1535 1840 1677 1897 enim
1708 1849 1760 1893 et
1781 1855 1944 1904 nunc,
1971 1838 2184 1901 dilecte,

609 1942 784 2011 qualis
831 1940 1053 1993 tentatio
1096 1953 1216 1992 eum
1247 1938 1297 1989 in
1327 1935 1539 1990 Geraris
1569 1932 1806 1986 invadit:
1840 1941 1894 1985 et
1924 1930 2192 1983 admirare

612 2030 970 2085 fortitudinem
1019 2037 1071 2082 et
1100 2029 1347 2080 virtutem
1372 2025 1521 2093 justi,
1553 2021 1820 2092 quomodo
1848 2019 1988 2089 quod
2022 2019 2192 2072 omni-

611 2122 711 2176 bus
749 2119 1104 2182 intolerabile,
1153 2126 1208 2170 et
1254 2117 1394 2183 quod
1443 2125 1615 2182 neque
1659 2113 1875 2164 auribus
1920 2110 2192 2179 suscipere

611 2212 732 2281 quis
766 2211 947 2272 vellet,
978 2208 1079 2260 hoc
1108 2208 1221 2274 ipse
1243 2204 1512 2265 sustinuit,
1543 2217 1646 2255 non
1676 2217 1819 2269 aegre
1863 2198 2060 2265 ferens,
2092 2215 2190 2257 ne-

612 2317 717 2371 que
738 2303 956 2369 exigens
997 2315 1025 2350 a
1070 2299 1292 2350 Domino
1322 2295 1578 2348 rationem
1623 2307 1805 2345 eorum
1836 2299 1953 2359 quae
1973 2289 2190 2354 ﬂebam,

615 2395 750 2447 sicut
779 2392 1013 2460 plerique
1035 2388 1282 2441 homines
1311 2385 1526 2446 faciunt,
1559 2382 1718 2450 hique
1748 2379 2038 2440 innumeris
2074 2393 2196 2448 peo-

613 2491 852 2536 catorum
904 2479 1124 2533 sarcinis
1171 2477 1358 2546 pressi.
1408 2475 1538 2528 Nam
1584 2488 1702 2526 eum
1751 2475 1800 2524 in
1858 2469 2194 2525 difﬁcultates

615 2570 872 2640 quasdam
919 2567 1221 2627 inciderint,
1262 2565 1440 2617 statim
1488 2562 1909 2623 obmurmurant,
1944 2566 1996 2612 et
2021 2561 2195 2613 curio—

616 2663 727 2714 sius
770 2660 1058 2728 inquirunt,
1082 2657 1365 2723 dicuntque
1395 2672 1405 2706 :
1431 2653 1604 2718 Quare
1634 2651 1733 2704 hoc
1763 2659 1815 2704 et
1841 2648 1942 2703 hoc
1983 2649 2195 2703 evenit?

615 2761 671 2807 et
700 2765 863 2821 quare
909 2749 1007 2802 hoc
1047 2743 1363 2818 permissum
1396 2743 1513 2798 est?
1547 2745 1611 2795 At
1634 2743 1806 2809 justus
1829 2741 1916 2795 ille
1943 2755 2044 2794 non
2076 2741 2192 2795 sic:

618 2842 757 2894 unde
809 2848 862 2893 et
921 2839 994 2890 illi
1051 2837 1275 2905 amplius
1320 2846 1607 2902 supernum
1664 2831 1916 2883 auxilium
1945 2838 2027 2883 est
2068 2844 2196 2883 con-

615 2946 845 2987 cessum.
875 2930 984 2984 lloc
1005 2930 1144 2983 enim
1169 2942 1289 2980 vere
1310 2926 1441 2993 grati
1465 2923 1602 2977 servi
1623 2921 1795 2986 fuerit,
1825 2931 1879 2973 ut
1909 2935 2193 2988 numquam

616 3024 878 3077 curiosior
914 3021 982 3074 sit
1027 3021 1080 3072 in
1107 3019 1168 3072 iis
1193 3013 1534 3084 explorandis
1581 3029 1698 3082 quae
1738 3027 1767 3064 a
1797 3011 2013 3064 domino
2042 3011 2195 3075 ﬁunt,

617 3113 711 3168 sed
741 3116 792 3166 in
837 3111 1046 3166 silentio
1087 3119 1139 3163 et
1178 3109 1464 3177 gratiarum
1491 3103 1700 3156 actione
1723 3104 1976 3170 suscipiat
1997 3101 2194 3155 omnia.

689 3201 742 3255 2.
785 3201 853 3254 Et
881 3197 1260 3259 animadverte,
1290 3192 1557 3262 quomodo
1583 3191 1747 3244 etiam
1781 3206 1873 3258 per
1904 3190 2023 3244 illas
2054 3192 2196 3259 ipsas

620 3308 737 3363 quzc
771 3299 1065 3359 sequuntur
1090 3287 1405 3340 tentationes
1425 3283 1553 3350 jusn
1578 3284 1741 3334 virtus
1771 3284 1936 3349 magis
1959 3283 2194 3345 emicuit,

623 3387 733 3440 Deo
765 3384 964 3436 ciarum
993 3381 1140 3432 illum
1171 3393 1262 3446 per
1292 3376 1468 3430 omnia
1509 3373 1840 3428 ostendente.
1876 3373 2006 3426 Nam
2055 3375 2197 3426 sicut

620 3474 836 3545 quando
881 3473 931 3524 iu
965 3471 1250 3538 [Egyptum
1284 3465 1591 3528 descendit,
1637 3472 1693 3516 ut
1735 3464 1944 3531 ignotus
1984 3473 2037 3518 et
2079 3478 2198 3532 pcr-

622 3547 858 3638 egrinus,
899 3575 951 3618 et
979 3565 1102 3617 nulli
1132 3562 1359 3630 agnitus,
1389 3559 1566 3613 subito
1606 3572 1797 3626 magno
1838 3572 1956 3608 cum
1998 3555 2200 3608 hoiiore

622 3658 745 3711 inde
787 3656 922 3709 redit
955 3672 966 3706 :
1003 3655 1068 3706 ita
1100 3665 1152 3706 et
1207 3665 1379 3712 nunc,
1425 3665 1544 3703 cum
1595 3651 1904 3717 peregrinus
1959 3655 2102 3700 esset
2147 3646 2197 3698 in

623 3747 858 3810 Ceraris,
882 3747 930 3798 in
961 3746 1087 3813 ipsis
1114 3741 1324 3811 quidem
1358 3740 1522 3792 initiis
1549 3738 1689 3807 quod
1717 3753 1870 3790 suum
1898 3746 2014 3790 erat
2041 3735 2196 3790 fecit:

627 3844 813 3909 postea
843 3850 967 3889 vero
997 3844 1142 3886 tanto
1165 3833 1256 3885 Dei
1279 3830 1514 3883 subsidio
1543 3831 1779 3882 munitus
1807 3837 1908 3894 est,
1934 3836 1988 3879 ut
2013 3835 2076 3897 et.
2106 3842 2197 3880 res

624 3940 678 3985 et
706 3943 890 3983 omnes
931 3929 1019 3997 qui
1049 3929 1098 3979 in
1128 3939 1187 3978 ea
1220 3924 1436 3992 regione
1469 3920 1808 3982 habitabant,
1833 3918 1976 3973 omni
2023 3918 2200 3972 studio

626 4024 928 4078 ministrare
977 4020 1124 4086 justo
1171 4017 1465 4071 studerent;
1506 4013 1559 4065 Ξ.
1602 4012 1745 4065 Dixit
1793 4020 1979 4074 autent,
2008 4010 2196 4078 inquit,

629 4115 880 4169 Abraham
915 4117 976 4164 de
1016 4112 1176 4164 Sarra
1215 4124 1372 4162 uxore
1412 4123 1535 4170 sua,
1569 4105 1729 4159 Soror
1759 4120 1868 4156 mea
1896 4113 1987 4157 cst.
2013 4103 2201 4154 Timuit

627 4207 760 4257 enim
780 4204 964 4263 dicere,
1000 4199 1140 4253 Uxor
1163 4215 1271 4251 mea
1293 4207 1385 4262 est,
1417 4211 1477 4248 ne
1508 4199 1638 4264 forte
1665 4194 1944 4247 occiderent
1967 4206 2076 4243 eum
2107 4192 2201 4243 viri

629 4295 842 4347 civitatis
869 4300 1072 4360 propter
1096 4289 1256 4342 illam.
1285 4287 1416 4341 Vide
1445 4284 1712 4356 quomodo
1741 4300 1769 4338 a
1799 4285 2200 4339 violentissimis

629 4381 997 4436 allectionibus
1039 4380 1212 4431 anima
1235 4377 1362 4445 justi
1405 4377 1765 4444 impugnetur,
1797 4382 1851 4428 et
1891 4375 2049 4427 timor
2080 4389 2199 4427 eum

634 4472 887 4527 incessat.
919 4471 982 4524 Et
1005 4471 1248 4539 quamvis
1271 4467 1416 4536 prior
1443 4467 1621 4531 timor,
1649 4481 1714 4519 ne
1740 4464 2015 4519 mulierem
2046 4465 2204 4519 amit-

634 4571 730 4627 tat,
756 4562 930 4629 gravis
960 4559 1119 4612 l'uerit
1140 4600 1154 4622 ,
1181 4560 1338 4611 timor
1370 4566 1544 4609 tamen
1589 4557 1777 4608 mortis
1801 4555 1947 4608 illum
1979 4555 2202 4624 expulit.

635 4650 703 4708 Ut
735 4653 874 4705 enim
902 4649 1041 4702 hunc
1070 4648 1356 4717 ellugeret,
1380 4646 1631 4701 sustinuit
1661 4646 1773 4699 suis
1801 4645 1970 4699 oculis
2001 4646 2201 4710 videre,

630 4747 829 4800 sociam
857 4745 978 4794 vita:
1013 4755 1122 4793 suze
1153 4741 1203 4792 in
1244 4739 1385 4807 regis
1428 4750 1614 4790 manus
1659 4735 1913 4790 incidere.
1945 4737 2109 4801 Quam
2138 4737 2208 4789 sit

631 4842 810 4888 atatem
848 4831 946 4885 hoc
994 4830 1216 4884 toleratu
1251 4827 1498 4892 diﬂicile,
1540 4826 1712 4879 sciunt
1759 4826 1847 4893 qui
1879 4841 2070 4879 uxores
2115 4825 2208 4877 lia-

635 4929 783 4982 bent.
810 4923 958 4979 Unde
984 4931 1038 4976 et
1067 4922 1281 4990 sapiens
1325 4918 1541 4985 quidam
1588 4916 1829 4970 dicebat:
1867 4915 2056 4968 Plenus
2098 4917 2207 4968 zelo

637 5016 777 5085 furor
797 5017 887 5069 viri
918 5017 1026 5085 ejus
1047 5055 1060 5078 ,
1098 5030 1197 5066 non
1243 5020 1408 5080 parcet
1437 5012 1488 5062 in
1531 5011 1612 5062 die
1630 5009 1814 5078 judicii
1837 5049 1852 5072 ,
1880 5009 2020 5060 nullo
2051 5011 2207 5075 prttlo

635 5106 842 5161 auitabit
870 5103 1155 5158 inimicitias
1177 5101 1358 5172 (Prov.
1377 5100 1532 5155 6.34.
1557 5099 1667 5168 35).
1693 5099 1884 5153 Verum
1920 5113 2079 5166 grave
2109 5097 2209 5151 hoc

633 5210 688 5254 et
713 5199 957 5252 omnibus
981 5194 1335 5258 intolerabile,
1351 5193 1471 5247 vide
1493 5190 1759 5261 quomodo
1787 5201 2002 5259 propter
2025 5191 2210 5244 mortis

636 5301 833 5346 metum
859 5290 946 5345 ille
970 5290 1106 5342 tulit.
1129 5288 1239 5342 Hoc
1269 5300 1398 5340 sane
1426 5293 1481 5338 et
1506 5285 1556 5337 in
1581 5281 1946 5351 corporalibus
1976 5280 2210 5334 allectis-

641 5384 797 5438 nibus
827 5383 1139 5450 contingere
1161 5380 1334 5433 solet:
1369 5392 1489 5430 nam
1522 5374 1736 5445 quando
1779 5373 1884 5427 duo
1923 5373 2095 5427 morbi
2133 5373 2210 5426 si-

636 5473 744 5528 mul
782 5472 1032 5526 infestant
1056 5484 1252 5538 corpus
1295 5477 1574 5528 nostrum,
1621 5463 1775 5517 unius
1824 5464 2209 5517 incrementum

637 5566 768 5635 tegit
819 5565 1009 5628 alium,
1063 5572 1117 5616 et
1169 5571 1308 5615 totos
1357 5573 1456 5614 nos
1521 5557 1610 5612 ille
1659 5556 1869 5626 gravior
1913 5556 2065 5610 dolor
2111 5555 2211 5609 sibi

643 5656 914 5722 vindicat,
953 5656 1022 5709 ita
1073 5663 1131 5710 ut
1176 5667 1319 5723 saepe
1365 5651 1624 5706 minorem
1674 5649 1912 5702 dolorem
1948 5662 1977 5700 a
2024 5648 2211 5717 majori

641 5747 881 5805 distracti
910 5761 1016 5804 non
1047 5746 1356 5804 sentiamus.
1390 5742 1589 5800 Eodem
1612 5741 1771 5798 modo
1797 5740 1974 5811 justus
2002 5753 2214 5812 quoque

1310 375 1367 433 s.
1407 368 1683 430 .lOANNlS
1714 343 2192 423 mareosrom
2230 360 2548 418 ARClllEP.
2588 357 3120 418 CONSTANTINOP.

3776 354 3880 413 ιω

2300 476 2388 531 ille
2430 491 2569 530 nunc
2619 476 2806 530 videns
2875 489 3064 542 urgere
3115 473 3355 526 dolorem
3409 469 3637 538 mortis,
3685 481 3881 526 cetera

2297 567 2475 620 omnia
2510 566 2803 619 tolerabilia
2837 563 3111 618 censebat.

2371 659 2513 712 Mors
2545 658 2673 710 nihil
2700 668 2771 711 est
2802 657 2941 710 aliud
2968 673 3120 724 quam
3151 670 3448 708 somnus.—
3479 651 3744 705 Ca‘terum
3770 649 3883 705 hac

2299 750 2543 813 audiens,
2572 749 2800 810 dilecte,
2833 764 2899 801 ne
2925 746 3469 812 condemnesjnstum
3503 744 3569 796 ob
3601 744 3878 810 pusillani-

2302 842 2558 899 milatem,
2595 840 2733 904 quod
2769 846 2996 889 mortem
3040 837 3277 887 timuerit
3309 852 3318 886 :
3355 834 3446 888 sed
3497 834 3674 901 potius
3723 832 3885 884 admi-

2301 943 2418 980 rare
2446 927 2752 981 Conditoris
2781 928 3009 979 universi
3038 942 3160 993 erga
3185 941 3282 978 nos
3312 927 3714 993 benignitatem,
3742 924 3882 990 quod

2301 1028 2526 1071 mortem
2565 1017 2729 1084 justis
2761 1018 2859 1070 illis
2886 1026 2938 1069 et
2967 1017 3164 1069 sanctis
3196 1026 3320 1068 tunc
3364 1012 3659 1068 terribilem
3682 1056 3697 1076 ,
3742 1027 3884 1067 nunc

2300 1107 2369 1161 ita
2395 1108 2790 1176 despiciendam
2823 1107 3032 1161 dederit
3057 1106 3324 1170 Christus,
3357 1115 3412 1158 ut
3443 1121 3600 1175 quam
3629 1106 3886 1159 formida-

2298 1199 2425 1252 bant
2454 1199 2552 1251 viri
2579 1199 2653 1251 illi
2689 1199 2884 1251 virtute
2908 1199 3035 1252 clari
3063 1239 3078 1260 ,
3103 1206 3156 1251 et
3185 1207 3323 1249 tanta
3353 1213 3476 1266 erga
3508 1198 3670 1250 Deum
3696 1196 3886 1249 llducia

2302 1289 2444 1351 freti,
2479 1304 2619 1342 nunc
2645 1289 2922 1341 derideant
2949 1297 3000 1342 et
3026 1289 3283 1356 juvenes,
3315 1298 3368 1340 et
3398 1297 3594 1340 tenera:
3633 1289 3887 1356 virgines.

2300 1377 2438 1430 Nihil
2466 1378 2608 1431 enim
2639 1377 2780 1430 aliud
2823 1391 2967 1430 mors
2994 1387 3096 1439 est,
3123 1392 3279 1445 quam
3309 1391 3531 1430 somnus
3560 1387 3614 1430 et
3653 1378 3886 1445 peregri-

2301 1469 2467 1532 natio,
2491 1477 2648 1536 atque
2682 1468 3076 1536 transmigratio
3101 1483 3129 1520 a
3167 1467 3520 1522 deterioribus
3547 1467 3613 1521 ad
3643 1469 3886 1522 meliora.

2300 1558 2437 1612 Mors
2465 1560 2604 1613 enim
2637 1559 2844 1613 Domini
2875 1558 3325 1612 immortalitatem
3370 1558 3521 1612 nobis
3546 1557 3761 1613 donavit
3789 1599 3805 1623 ,
3837 1568 3888 1613 et

2302 1659 2356 1703 ut
2376 1647 2652 1702 descendit
2674 1650 2725 1701 in
2751 1649 3034 1712 infernum,
3061 1648 3301 1702 dissolvit
3321 1645 3438 1716 ejus
3459 1662 3675 1712 nervos,
3700 1648 3887 1701 robur-

2302 1753 2405 1807 que
2433 1741 2711 1792 destruxit
2738 1755 2751 1791 :
2779 1749 2831 1793 et
2857 1739 3000 1809 quod
3025 1747 3180 1793 antea
3209 1738 3445 1794 terribile
3465 1750 3579 1793 erat
3606 1749 3659 1793 et
3691 1739 3883 1808 impla-

2275 1829 2471 1884 scabile
2491 1870 2506 1894 ,
2538 1829 2639 1882 hoc
2678 1845 2820 1883 nunc
2845 1830 3247 1899 despiciendum
3277 1830 3458 1895 dedit,
3492 1830 3628 1884 adeo
3655 1840 3713 1884 ut
3749 1846 3886 1885 nou-

2303 1921 2432 1976 nulli
2462 1921 2708 1975 exsiliunt
2734 1930 2788 1975 et
2823 1923 3215 1977 festinentctmi
3245 1923 3369 1978 hinc
3408 1933 3492 1978 est
3532 1923 3888 1991 migrandum.

2303 2011 2532 2068 Proinde
2581 2024 2635 2068 et
2680 2014 2874 2068 Paulus
2916 2015 3133 2081 clamat,
3163 2016 3348 2070 dicens
3381 2032 3395 2069 :
3431 2015 3653 2069 Dissolvi
3696 2027 3741 2070 et
3778 2032 3892 2069 cunt

2301 2102 2500 2160 Christo
2530 2123 2636 2160 esse
2661 2108 2816 2161 multo
2845 2108 3024 2161 melius
3051 2107 3308 2177 (Philipp.
3341 2111 3390 2163 ί.
3414 2108 3531 2178 23).
3561 2108 3753 2164 Verum
3780 2112 3893 2164 lure

2302 2198 2516 2267 quidem
2562 2215 2704 2253 nunc
2733 2208 2852 2268 post
2887 2199 3086 2253 Christi
3115 2200 3720 2268 adventum,postquam
3763 2215 3896 2254 con—

2305 2285 2484 2340 fracta:
2515 2299 2634 2339 sunt
2660 2296 2827 2356 porta:
2856 2288 3046 2342 inferni
3070 2303 3245 2351 mea,
3271 2299 3549 2358 postquam
3571 2291 3648 2342 sol
3674 2289 3895 2358 justitiai

2304 2377 2499 2446 ubique
2531 2387 2793 2432 terrarum
2838 2379 3058 2434 aﬂulsit.
3088 2379 3237 2435 Tunc
3262 2391 3439 2435 autem
3485 2382 3776 2436 terribilem
3803 2382 3896 2435 aii-

2304 2466 2408 2521 huc
2439 2467 2669 2522 habebat
2699 2469 2905 2533 faciem,
2940 2471 3380 2540 concutiebatque
3415 2472 3681 2541 justorum
3719 2472 3894 2525 homi-

2305 2574 2431 2611 num
2463 2558 2676 2612 illorum
2697 2569 2927 2613 mentem
2952 2579 2963 2613 :
2985 2557 3104 2614 ideo
3130 2570 3186 2615 et
3207 2562 3382 2614 omnia
3408 2561 3510 2614 alia
3535 2561 3728 2616 leviter
3757 2561 3894 2616 iere-

2304 2649 2451 2714 bant,
2472 2652 2630 2704 etiam
2650 2667 2766 2720 quae
2787 2649 3136 2706 intolerabilia
3154 2667 3273 2708 esse
3294 2651 3628 2707 videbantur.
3658 2649 3792 2706 llinc
3815 2663 3896 2708 est

2305 2742 2446 2810 quod
2477 2752 2530 2797 et
2567 2744 2742 2811 justus
2772 2743 2861 2796 ille
2883 2743 3075 2797 timens
3118 2759 3324 2807 eorum,
3354 2745 3444 2814 qui
3477 2747 3525 2797 in
3554 2745 3772 2800 Geraris
3801 2745 3895 2798 ha-

2304 2829 2582 2895 bitabant,
2617 2833 2862 2894 insidias,
2892 2832 3218 2886 domicilium
3267 2835 3334 2886 ibi
3382 2834 3655 2899 habuerit,
3688 2850 3792 2889 non
3840 2843 3898 2889 ut

2304 2938 2546 2985 uxorem,
2579 2924 2672 2977 sed
2701 2932 2755 2977 ut
2793 2939 3034 2978 sororem
3075 2938 3257 2979 secum
3299 2925 3537 2991 habens;
3572 2927 3639 2979 ita
3675 2939 3815 2981 none
3843 2928 3894 2981 in

2308 3013 2406 3067 hac
2435 3014 2653 3082 regione
2695 3015 3006 3084 peregrinus
3039 3014 3200 3084 degit.
3235 3013 3301 3068 Et
3327 3014 3464 3068 sicut
3495 3030 3614 3068 cum
3650 3016 3700 3070 in
3731 3014 3896 3086 Egy-

2307 3108 2456 3172 plum
2487 3120 2610 3158 eum
2645 3103 2972 3158 descendere
3000 3104 3243 3173 permisit
3271 3103 3442 3169 Deus,
3465 3105 3652 3159 volens
3691 3105 3894 3174 implo-

2307 3192 2404 3248 bos
2429 3193 2551 3247 illos
2577 3202 2630 3247 et
2654 3191 2910 3248 socordes
2931 3191 3139 3248 discere
3162 3193 3289 3262 justi
3313 3193 3557 3254 virtutem
3579 3213 3593 3250 :
3615 3196 3685 3250 ita
3717 3207 3774 3251 et
3809 3195 3894 3251 hic

2309 3286 2642 3340 tolerantiam
2672 3300 2821 3339 suam
2853 3286 3069 3339 exhibet
3096 3283 3353 3340 Dominus
3372 3328 3385 3351 ,
3407 3296 3462 3340 ut
3483 3287 3612 3356 justi
3637 3289 3890 3357 patientia

2308 3377 2361 3431 in
2385 3378 2631 3431 omnibus
2657 3377 2882 3441 eluceat,
2907 3375 3100 3446 ﬁatque
3120 3377 3211 3431 Dei
3236 3377 3288 3431 in
3310 3379 3482 3446 ipsum
3517 3378 3892 3435 benevolentia

2310 3467 2592 3521 manifesta
2620 3466 2889 3520 omnibus.
2926 3466 3067 3519 Misit
3097 3477 3264 3521 autent
3301 3468 3585 3522 Abimelech
3624 3486 3714 3523 rex
3738 3471 3894 3525 Cera-

2309 3573 2501 3621 rorum,
2533 3567 2588 3609 ut
2616 3559 2899 3626 acciperent
2925 3557 3159 3612 Sarram.
3184 3559 3368 3629 Cogita
3402 3563 3506 3626 hic,
3525 3576 3731 3631 qtiteso,
3764 3572 3894 3617 temo

2309 3658 2567 3718 pestatem
2595 3649 2972 3717 cogitationum
2999 3665 3156 3719 quam
3191 3651 3309 3704 tulit
3337 3652 3514 3720 justus
3534 3653 3721 3708 videns
3757 3671 3890 3709 uso-

2310 3753 2422 3792 rem
2453 3754 2602 3792 suam
2625 3739 2836 3804 abduci,
2857 3748 2910 3792 et
2927 3754 2984 3793 se
3007 3741 3134 3793 nihil
3160 3756 3316 3809 posse
3333 3743 3518 3810 juvare
3540 3759 3680 3800 eam.
3710 3745 3890 3799 Silen-

2311 3839 2392 3883 ter
2417 3831 2558 3884 enim
2590 3830 2790 3884 ferebat
2816 3831 3026 3896 omnia,
3055 3831 3229 3886 sciens
3262 3831 3375 3888 fore
3404 3845 3463 3888 ut
3491 3850 3549 3890 se
3577 3852 3682 3889 non
3717 3837 3896 3908 despi-

2308 3929 2449 3976 cc‘ret
2471 3922 2747 3988 Dominus,
2766 3923 2858 3977 sed
2887 3923 3241 3978 aceelcratum
3272 3925 3552 3981 adhiberet
3577 3929 3890 3983 SUbsidllllll.

2309 4013 2654 4067 Adinirabilis
2695 4029 2906 4083 quoque
2947 4015 3121 4069 Sarra:
3151 4030 3302 4068 amor
3347 4027 3464 4082 est,
3493 4034 3610 4086 qua:
3659 4021 3894 4090 periculo

2312 4105 2502 4157 mortis
2531 4104 2729 4172 justum
2757 4105 2967 4173 eripere
2995 4104 3176 4160 voluit.
3202 4105 3410 4162 Poterat
3443 4110 3584 4162 enim
3613 4110 3725 4179 ipsa
3748 4112 3894 4166 dcte-

2310 4195 2484 4266 gendo
2533 4196 2762 4262 factum,
2812 4208 3011 4251 certam
3061 4200 3436 4252 contumeliam
3486 4199 3761 4270 ell'ugere:
3802 4202 3893 4258 sed

2312 4287 2523 4355 pertulit
2563 4288 2738 4340 omnia
2773 4287 3017 4353 fortiter,
3049 4295 3105 4344 ut
3147 4290 3264 4343 viro
3304 4291 3528 4344 salutem
3573 4305 3798 4361 pararet.
3835 4294 3895 4349 Et

2311 4376 2584 4444 impletum
2610 4387 2690 4430 est
2719 4377 2844 4430 illud
2869 4376 3088 4442 dictum,
3125 4375 3286 4431 Erunt
3308 4380 3408 4432 duo
3435 4381 3486 4432 in
3511 4397 3713 4434 canent
3746 4399 3895 4436 suam

2313 4465 2466 4536 (Gen.
2495 4466 2548 4517 ‘2.
2575 4465 2689 4535 2t).
2721 4466 3016 4534 Tamquam
3066 4468 3214 4521 enim.
3257 4484 3359 4522 una
3408 4481 3588 4524 essent
3638 4487 3794 4536 caro,
3825 4474 3894 4527 ita

2314 4567 2510 4610 mutua:
2537 4557 2722 4611 salutis
2749 4572 2931 4610 curam
2960 4558 3192 4612 vicissim
3224 4559 3471 4627 agebant,
3491 4573 3546 4615 et
3575 4571 3775 4616 tantam
3798 4564 3895 4617 deo

2312 4648 2584 4702 clarabant
2614 4648 2972 4712 concordiam,
3006 4651 3154 4717 quasi
3193 4666 3356 4703 unum
3397 4661 3578 4707 essent
3621 4667 3818 4723 corpus
3846 4665 3898 4709 et

2313 4753 2414 4792 una
2443 4740 2638 4792 anima.
2663 4739 2892 4792 Audiant
2918 4740 3031 4794 hare
3057 4742 3178 4804 viri,
3211 4741 3428 4795 audiant
3453 4751 3508 4796 et
3538 4743 3792 4798 mulieres
3813 4763 3826 4798 :
3847 4754 3898 4799 et

2314 4829 2426 4882 ista:
2451 4829 2695 4898 quidem,
2724 4838 2781 4882 ut
2820 4828 3068 4883 eumdem
3110 4845 3234 4899 erga
3275 4845 3402 4884 suos
3457 4832 3602 4886 viros
3650 4847 3891 4888 amorem

2315 4919 2626 4984 declarent,
2655 4919 2893 4988 nihilque
2935 4921 3075 4974 aliud
3119 4921 3330 4975 illorum
3377 4924 3660 4992 praeferant
3702 4907 3895 4981 saluti:

2315 5011 2414 5064 viri
2439 5020 2638 5074 autem,
2671 5020 2727 5063 ut
2752 5026 2875 5080 erga
2899 5027 3095 5065 uxores
3123 5012 3352 5068 habeant
3382 5016 3898 5082 benevolentiam,et

2315 5101 2464 5170 quasi
2491 5115 2647 5153 unam
2668 5102 2897 5154 animam
2926 5101 3184 5157 baberent
3214 5112 3268 5158 et
3295 5120 3456 5160 unum
3482 5122 3678 5177 corpus
3699 5119 3895 5172 essent,

2316 5190 2494 5245 omnia
2527 5190 2742 5244 faciant.

2385 5281 2441 5336 3.
2480 5279 2775 5350 Conjsgalis
2795 5283 3079 5336 concordiis
3098 5283 3489 5340 continu—"oc
3529 5289 3672 5342 enim
3716 5305 3895 5344 verum

2316 5382 2401 5428 est
2426 5374 2726 5443 conjugium
2748 5413 2763 5439 ,
2787 5375 2999 5443 quando
3031 5385 3174 5430 tanta
3206 5377 3344 5431 inter
3368 5393 3461 5432 eos
3488 5389 3571 5434 est
3595 5383 3898 5446 concordia,

2316 5467 2529 5535 quando
2543 5466 2753 5520 vinculo
2765 5467 3000 5522 caritatis
3020 5469 3086 5521 ita
3103 5478 3226 5523 sunt
3239 5472 3570 5525 concatenati
3582 5471 3745 5527 .Sicut
3762 5476 3897 5528 enim

2317 5574 2513 5629 corpus
2541 5574 2824 5629 numquam
2871 5576 2901 5613 a
2942 5567 3230 5631 semetlpso
3259 5561 3501 5628 dissidet,
3525 5580 3697 5634 neque
3728 5566 3899 5620 anima

2319 5649 2577 5705 adversus
2619 5651 2848 5720 seipsam
2881 5651 2991 5704 :-ita
3031 5653 3204 5707 virum
3233 5662 3287 5707 et
3317 5653 3595 5710 mulierem
3635 5670 3741 5710 non
3785 5672 3901 5710 con-

2322 5740 2466 5797 venit
2495 5739 2778 5807 dissidere,
2801 5738 2896 5796 sed
2928 5741 3106 5799 unitos
3132 5755 3276 5800 esse.
3305 5741 3456 5801 Tunc
3476 5743 3618 5802 enim
3649 5745 3783 5802 bona
3825 5748 3902 5804 in-
