4144 6498
290 414 400 497 ιο

290 531 412 588 tu?
431 529 532 594 τὰς
566 528 772 600 σκηνάς
807 528 1127 599 ἐπήγνυντο,
1179 526 1432 598 καθάπερ
1473 528 1532 580 ἐν
1576 526 1703 598 ξένῃ
1744 525 1962 594 διάγον-

274 627 395 678 τας*
418 613 482 667 οὐ
505 611 758 683 καθάπερ
778 611 937 682 ἡμεῖς
961 607 1246 680 ποιοῦμεν,
1295 608 1394 680 τὴν
1424 608 1583 680 ξένην
1614 609 1691 673 ὠς
1724 608 1956 680 πατρίδα

274 694 575 760 οἰκοῦντες,
609 695 706 750 καὶ
721 692 900 756 οἰκίας
919 690 1327 763 οἰκοδομοῦντες
1355 691 1636 763 λαμπράς,
1664 691 1760 744 καὶ
1787 689 1949 752 στοὰς

273 779 373 832 καὶ
406 777 760 849 περιπάτους.
801 775 898 830 καὶ
948 773 1154 846 ἀγροὺς
1211 773 1579 844 κεκτημένοι,
1623 773 1718 826 καὶ
1754 771 1957 840 λουτρὰ

271 863 800 929 κατασκευάζοντες,
839 861 932 915 καὶ
960 861 1124 932 ἔτερα
1172 858 1364 933 μυρία.
1413 858 1552 911 Ἀλλ’
1583 859 1686 930 ὅρα
1737 858 1831 912 τὸν
1872 857 1948 910 δι’.

273 962 435 1001 καιον
456 946 551 1000 καὶ
586 946 646 998 ἐν
678 946 792 1007 τοῖς
821 942 1122 1012 οἰκογενέσι
1171 941 1353 1011 μόνοις
1384 942 1480 994 καὶ
1522 943 1638 1005 τοῖς
1681 941 1956 1018 ποιμνίοις

271 1027 378 1100 τὴν
403 1028 590 1083 οὐσίαν
618 1027 835 1082 ἃπασαν
865 1025 1223 1095 κεκτημένον,
1255 1024 1349 1078 καὶ
1366 1023 1605 1094 οὐδαμοῦ
1637 1025 1949 1094 ἱστάμενον,

271 1115 413 1170 ἀλλά
440 1114 571 1168 ποτέ
604 1112 702 1182 μὲν
736 1113 818 1176 εἰς
866 1110 964 1182 τὴν
1012 1109 1187 1181 Βεθὴλ
1239 1109 1338 1180 τὴν
1381 1109 1586 1182 σκηνὴν
1645 1111 1951 1182 πηγνύντα,

273 1202 410 1257 ποτὶ
453 1201 516 1257 δὲ
569 1198 720 1270 παρὰ
762 1200 862 1270 τὴν
911 1197 1044 1268 δρῦν
1083 1197 1355 1268 Μαμϐρῆ,
1402 1197 1498 1251 καὶ
1545 1197 1676 1251 ποτὶ
1727 1197 1824 1269 μὲν
1873 1200 1952 1260 εἰς

272 1290 552 1357 Αιγυπτον
585 1286 861 1348 κατιόντα,
883 1286 999 1340 νυνὶ
1026 1285 1082 1338 δὲ
1107 1287 1165 1338 ὲν
1188 1285 1449 1356 Γεράροις
1475 1284 1947 1356 κατασκηνοῦντα,

274 1371 375 1425 καὶ
401 1370 582 1424 πάντα
626 1367 743 1437 μετ’
787 1367 1036 1430 εὐκολίας
1071 1367 1431 1436 ὑπομένοντα,
1479 1366 1576 1420 καὶ
1611 1367 1713 1436 τὴν
1740 1367 1951 1436 εὐγνω-

277 1455 520 1527 μοσύνην
559 1454 657 1524 τὴν
694 1453 834 1525 πρὸς
868 1453 961 1507 τὸν
997 1453 1194 1506 οἰκεῖον
1248 1453 1530 1522 Δεσπότην
1590 1450 1681 1504 διὰ
1727 1453 1947 1506 πάντων

277 1537 467 1606 σαφῶς
500 1535 963 1605 ἐπιδεικνύμενον.
995 1533 1106 1588 Καὶ
1139 1533 1277 1603 μετά
1317 1534 1584 1597 τοσαύτας
1628 1534 1953 1602 ὑποσχέσεις

277 1621 373 1674 καὶ
399 1619 732 1690 ἐπαγγελίας
767 1617 869 1682 τὰς
913 1616 1067 1688 παρά
1097 1615 1190 1669 τοῦ
1225 1615 1362 1670 Θεοῦ
1405 1618 1484 1679 εἰς
1517 1616 1680 1670 αὑτὸν
1720 1633 1953 1688 γεγενη-

281 1705 472 1776 μένας,
507 1704 649 1777 ὁρῶν
691 1703 881 1758 ἐαυτὸν
909 1702 1200 1767 τοσαύταις
1240 1703 1596 1774 περιστάσεσι
1644 1703 1954 1774 κυκλούμε-

277 1804 390 1852 νον,
413 1787 507 1842 καὶ
527 1787 794 1848 ποικίλοις
824 1786 918 1840 καὶ
947 1785 1227 1856 διαφόροις
1250 1789 1574 1857 πειρασμοῖς
1591 1785 1952 1857 ἐμπίπτοντα,

276 1874 532 1946 καθάπερ
561 1874 772 1945 ἀδάμας
809 1889 893 1937 τις
936 1872 1340 1943 ἀπερίτρεπτος
1387 1872 1665 1943 εἱστήκει,
1719 1872 1820 1944 τὴν
1867 1889 1956 1941 φι-

275 1960 461 2015 λόθεον
487 1959 652 2014 αὐτοῦ
690 1957 915 2029 γνώμην
964 1957 1209 2022 δεικνὺς,
1255 1958 1348 2010 καὶ
1401 1956 1580 2010 οὐδενὶ
1621 1956 1730 2011 τῶν
1781 1959 1838 2010 ἐν
1875 1957 1955 2028 τῷ

279 2041 436 2111 μέσῳ
469 2037 808 2111 κωλυμάτων
843 2033 1178 2105 νωθρότερος
1209 2033 1512 2104 γινόμενος.
1545 2034 1690 2106 Ὀρα
1719 2033 1825 2103 γὰρ
1861 2034 1956 2087 καὶ

277 2109 817 2186 νῦν,ἀγαπητέ,οἷος
842 2112 1004 2167 αὐτὸν
1029 2112 1336 2182 πειρασμὸς
1358 2113 1438 2174 εἰς
1453 2112 1521 2166 τά
1546 2112 1764 2184 Γέραρα
1788 2129 1957 2166 κατα-

279 2203 570 2275 λαμϐάνει,
593 2201 689 2255 καὶ
712 2199 991 2272 θαύμασον
1019 2199 1112 2252 τοῦ
1138 2198 1346 2253 δικαίου
1375 2199 1475 2268 τῆς
1504 2199 1703 2269 ἀρετῆς
1730 2200 1830 2268 τὴν
1860 2200 1944 2254 ἀν-

276 2286 483 2358 δρείαν,
516 2283 665 2357 [458]
694 2284 839 2347 ὅπως
865 2282 926 2336 τὸ
956 2283 1121 2335 πᾶσιν
1147 2280 1440 2352 ἀφόρητον,
1478 2283 1572 2334 καὶ
1597 2281 1626 2334 6
1667 2281 1787 2334 οὐδέ
1817 2283 1953 2353 ἀκοῇ

276 2382 362 2437 τις
393 2369 802 2443 παραδέξασθαι
829 2369 1136 2438 ἀνάσχοιτο,
1171 2367 1328 2422 τοῦτο
1357 2363 1510 2431 οὗτος
1548 2368 1864 2439 ὑπέμεινεν,
1892 2370 1954 2422 οὑ

277 2457 668 2530 δυσχεραίνων,
696 2457 816 2511 οὐδὲ
838 2455 1086 2510 ἀπαιτῶν
1130 2455 1361 2518 εὐθύνας
1388 2455 1496 2508 τῶν
1521 2455 1822 2526 γινομένων
1863 2455 1956 2509 τὸν

276 2545 577 2615 Δεσπάτην,
608 2543 856 2616 καθάπερ
898 2543 947 2596 οἰ
989 2541 1171 2594 πολλοί
1216 2540 1325 2596 τῶν
1352 2539 1658 2611 ἀνθρώπων
1708 2541 1952 2608 ποιοῦσι,

277 2630 576 2686 καὶταῦτα
614 2629 828 2700 μυρίοις
873 2628 1286 2699 ἁμαρτημάτων
1329 2628 1570 2696 φορτίοις
1619 2627 1954 2698 πιεζόμενον

278 2719 377 2772 ἐπε
387 2717 504 2771 ιδάν
516 2716 800 2786 δυσχερέσι
815 2718 926 2767 τισὶ
941 2714 1332 2785 περιπέσωσιν,
1349 2713 1550 2777 εὐθέως
1575 2714 1958 2792 πολυπρμγμο-

278 2805 498 2867 νοῦντες
521 2805 613 2858 καὶ
639 2801 1124 2874 περιεργαζόμενοι
1151 2801 1370 2869 λέγουσι
1395 2817 1408 2831 ο
1443 2802 1539 2855 Διά
1585 2802 1634 2854 τί
1673 2802 1734 2854 τὸ
1762 2803 1858 2854 καὶ
1892 2803 1955 2856 τὸ

280 2892 516 2963 συνέστη
547 2893 642 2945 καὶ
668 2891 813 2953 τίνος
859 2889 1047 2942 ἐνεκεν
1095 2888 1216 2941 τόδε
1258 2887 1643 2960 συνεχωρήθης
1688 2889 1827 2940 Ἀλλ’
1857 2891 1955 2962 οὐχ

276 2983 308 3034 6
329 2979 538 3042 δίκαιος
560 2972 731 3040 οὗτοςο
764 2976 832 3028 δι’
855 2975 883 3028 6
909 2977 1002 3028 καὶ
1028 2975 1275 3037 πλείονος
1302 2976 1589 3045 ἀπήλαυσε
1614 2975 1712 3045 τῆς
1743 2974 1951 3029 ἀνωθεν

283 3067 476 3139 ῥοπῆς.
508 3065 674 3118 Τοῦτο
709 3067 818 3134 γάρ
852 3062 1067 3134 ἀληθῶς
1117 3059 1461 3132 εὐγνώμονος
1501 3063 1735 3124 οἰκέτου,
1789 3065 1954 3133 μηδὲν

279 3151 388 3208 τῶν
421 3151 527 3206 ὑπὸ
556 3150 649 3204 τοῦ
677 3150 936 3204 δεσπότου
963 3148 1263 3218 γινομένων
1295 3148 1793 3219 πολυπραγμονεῖν,
1819 3150 1956 3204 ἀλλὰ

282 3242 409 3312 σιγῇ
441 3240 618 3294 πάντα
648 3237 1043 3307 καταδέχεσθαι
1069 3276 1082 3301 ,
1121 3235 1215 3289 καὶ
1247 3234 1388 3306 μετά
1423 3236 1626 3306 πολλῆς
1662 3236 1761 3307 τῆς
1790 3239 1954 3307 εὐχα-

283 3328 516 3401 ριστίας.

356 3433 424 3505 β’.
447 3432 558 3486 Καὶ
577 3430 790 3494 σκόπει,
820 3428 936 3492 πῶς
959 3428 1054 3483 καὶ
1074 3428 1141 3482 δι’
1164 3428 1344 3483 αὐτῶν
1361 3427 1468 3482 τῶν
1488 3429 1958 3499 παρακολουθούν-

276 3535 390 3573 των
425 3516 745 3588 πειρασμῶν
772 3516 806 3586 ἡ
859 3516 953 3568 τοῦ
979 3515 1190 3569 δικαίου
1213 3515 1384 3587 ἀρετὴ
1427 3515 1626 3585 μᾶλλον
1657 3515 1953 3586 ἐξέλαμπε,

277 3604 377 3660 τοῦ
402 3604 537 3658 Θεοῦ
569 3604 802 3675 φανερὸν
836 3604 1000 3657 αὑτὸν
1027 3602 1115 3656 διὰ
1141 3604 1359 3656 πάντων
1391 3603 1719 3667 δεικνύντος.
1745 3603 1958 3674 ’Ὠσπερ

277 3691 392 3763 γάρ
412 3691 575 3762 ἡνίκα
600 3691 680 3754 εἰς
713 3689 812 3761 τὴν
835 3689 1114 3758 Αἴγυπτον
1137 3688 1427 3757 κατῆλθεν,
1460 3689 1533 3750 ὡς
1555 3689 1833 3756 ἄγνωστος
1863 3690 1957 3742 καὶ

280 3775 433 3842 ξένος
447 3775 541 3828 καὶ
558 3774 732 3828 οὐδενὶ
751 3772 1048 3844 γνώριμος,
1070 3770 1265 3842 ἀθρόον
1295 3771 1434 3841 μετά
1452 3770 1648 3842 πολλῆς
1671 3771 1768 3842 τῆς
1789 3771 1957 3842 τιμῆς

279 3863 491 3918 ἐκεῖθεν
513 3861 740 3928 ἐπανῄει
760 3878 774 3892 ο
801 3858 945 3913 οῦτω
973 3859 1066 3912 καὶ
1084 3857 1180 3911 νῦν
1207 3859 1551 3929 παροικήσας
1583 3861 1641 3910 ἐν
1673 3858 1954 3929 Γεράροις,

280 3951 343 4004 ἐν
373 3950 471 4020 μὲν
501 3951 614 4012 τοῖς
664 3947 969 4020 προοιμίοις
1022 3945 1093 3998 τὰ
1127 3947 1257 4017 παρ’
1307 3945 1501 3999 ἑαυτοῦ
1553 3945 1952 4026 ἐπιδείκνυται⁹

284 4035 424 4107 μετά
457 4035 514 4089 δὲ
559 4034 730 4089 ταῦτα
763 4032 1033 4104 τοσαύτης
1065 4032 1324 4086 ἀπολαύει
1363 4033 1463 4104 τῆς
1493 4035 1646 4104 παρά
1695 4032 1788 4086 τοῦ
1818 4032 1956 4086 Θεοῦ

282 4122 622 4194 συμμαχίας,
645 4122 721 4184 ὡς
745 4122 839 4174 καὶ
861 4121 954 4174 τὸν
985 4119 1229 4189 βασιλέα,
1259 4121 1354 4173 καὶ
1385 4120 1512 4182 τοὺς
1537 4119 1720 4172 αὐτόθι
1747 4120 1956 4184 πάντας

277 4209 584 4275 οἰκοῦντας,
621 4207 751 4278 περί
792 4207 892 4279 τὴν
920 4206 1217 4277 θεραπείαν
1248 4207 1342 4260 τοῦ
1376 4207 1586 4260 δικαίου
1620 4208 1800 4260 πᾶσαν
1832 4208 1956 4259 ἐπι-

277 4297 592 4352 δείκνυσθαι
616 4296 714 4367 τὴν
748 4296 1004 4366 σπουδήν.
1037 4293 1186 4350 Εἶχε
1217 4294 1306 4359 δὲ,
1337 4295 1522 4364 φησὶν,
1556 4295 1800 4363 Ἀϐραὰμ
1820 4295 1955 4363 περί

278 4383 514 4454 Σόρῤοις
563 4383 664 4452 τῆς
720 4382 1007 4452 γυναικὸς
1058 4381 1272 4436 αὐτοῦ’
1308 4381 1558 4449 Ἀδελφή
1593 4398 1711 4449 μου
1761 4382 1953 4437 ἐστίν.

289 4469 589 4540 Ἔφοόήθη
617 4469 728 4538 γὰρ
766 4469 982 4530 εἰπεῖν,
1016 4468 1106 4522 ὅτι
1133 4469 1300 4534 Γυνή
1335 4489 1455 4538 μου
1492 4469 1645 4533 ἐστὶ,
1676 4469 1761 4537 μή
1812 4483 1956 4524 ποτε

277 4559 718 4612 ἀποκτείνωσιν
737 4559 923 4612 αὐτο-ν
944 4560 997 4610 ol
1026 4556 1240 4625 ἄνδρες
1261 4556 1370 4624 τῆς
1395 4560 1624 4622 πόλεως
1646 4557 1718 4609 δι’
1738 4559 1950 4623 αὐτὴν.

279 4646 424 4712 Ὅρα
459 4645 572 4708 πῶς
603 4645 707 4698 ὑπὸ
750 4645 1237 4715 τυραννικωτάτων
1286 4643 1472 4696 παθῶν
1511 4643 1880 4713 ἐπολιορκεῖτο
1918 4646 1953 4716 ἡ

275 4731 375 4785 τοῦ
412 4730 620 4784 δικαίου
649 4730 816 4801 ψυχὴ,
850 4731 945 4783 καὶ
993 4734 1022 4783 6
1063 4730 1227 4799 φόϐος
1273 4729 1434 4784 αὐτὸν
1467 4729 1738 4795 ἐξωθεῖτο.
1794 4730 1954 4784 Ἀλλά

275 4818 457 4872 καίτοι
497 4818 699 4888 σφόδρα
754 4818 986 4887 χαλεπὸν
1028 4818 1158 4871 ὅντα
1184 4817 1277 4870 τὸν
1323 4818 1586 4890 πρότερον
1623 4815 1821 4887 φόϐον,
1861 4817 1952 4871 τὸν

277 4904 382 4972 τῆς
423 4903 706 4972 προδοσίας
747 4905 844 4973 τῆς
873 4905 1147 4970 γυναικὸς,
1191 4903 1494 4974 παρωθεῖτο
1532 4906 1560 4957 6
1591 4904 1687 4958 τοῦ
1720 4904 1952 4958 θανάτου

276 4990 465 5060 φόϐος.
499 4991 615 5045 Ἵνα
645 4995 751 5062 γὰρ
795 4993 981 5046 τοῦτον
1027 4991 1264 5062 διαφύγῃ
1291 5033 1304 5054 ,
1337 4992 1630 5062 ὑπέμεινεν
1674 4994 1809 5066 όρᾷν
1839 4996 1952 5057 τοῖς

274 5078 497 5142 οἰκείοις
519 5078 813 5149 ὀφθαλμοῖς
838 5080 934 5148 τὴν
969 5080 1221 5132 κοινωνὸν
1247 5079 1395 5148 αὐτῷ
1422 5081 1515 5132 τοῦ
1549 5080 1663 5149 βίου
1694 5081 1802 5134 ὑπὸ
1833 5085 1952 5145 ταῖς

274 5165 373 5219 τοῦ
420 5165 681 5236 βασιλέως
725 5168 878 5236 χερσὶ
920 5166 1236 5235 γενομένην.
1286 5167 1449 5219 Ὅσον
1491 5167 1547 5220 δὲ
1586 5168 1750 5222 τοῦτό
1803 5170 1952 5221 ἐστιν

273 5252 572 5324 ἀφόρητον,
606 5251 782 5306 ῐσασιν
809 5253 923 5306 ὅσοι
967 5254 1227 5319 γυναῖκας
1274 5252 1472 5320 ἔχουσι.
1510 5253 1608 5306 Διά
1652 5255 1809 5310 τοῦτο
1857 5257 1949 5310 καὶ

275 5339 442 5408 σοφάς
465 5357 548 5403 τις
576 5338 758 5410 ελεγεσ
792 5340 1024 5402 Macra);
1052 5337 1229 5403 ζηλοῖ)
1257 5338 1438 5406 θυμὸς
1467 5339 1683 5409 ἀνδρὸς
1719 5342 1944 5409 αὐτῆς.

273 5426 356 5480 οὐ
395 5426 661 5494 φείσεται
699 5428 769 5478 ἐν
812 5423 999 5494 ἡμέρᾳ
1044 5424 1316 5492 κρίσεως,
1353 5426 1464 5477 οὑκ
1506 5428 1951 5492 ἀνταλλάξεται

272 5515 528 5582 οὐδενὸς
553 5518 774 5585 λύτρου
805 5514 920 5583 τὴν
945 5515 1184 5584 ἔχθραν.
1220 5513 1379 5567 Ἀλλά
1401 5515 1459 5567 τὸ
1495 5516 1630 5586 βαρὺ
1657 5518 1812 5571 τοῦτο
1851 5521 1952 5573 καὶ

272 5603 449 5659 τοισιν
497 5604 768 5674 ἀφόρητον
809 5603 910 5672 δρα
951 5601 1064 5664 πῶς
1096 5601 1183 5653 διὰ
1222 5602 1316 5653 τὸν
1359 5601 1452 5654 τοῦ
1497 5602 1728 5656 θανάτου
1778 5607 1948 5675 φόϐον

269 5689 538 5758 γενναίως
563 5689 591 5739 6
627 5689 831 5752 δίκαιος
864 5688 1080 5758 ῆνεγκε.
1113 5687 1284 5740 Τοῦτο
1306 5687 1361 5740 δὲ
1385 5689 1477 5740 καὶ
1502 5689 1589 5741 ἐπὶ
1623 5689 1732 5741 τῶν
1759 5709 1940 5764 σωμα.

267 5777 446 5831 τικῶν
498 5776 680 5829 παθῶν
718 5774 1035 5844 συμϐαίνειν
1081 5773 1234 5838 ἔθος·
1279 5775 1494 5828 ἐπειδάν
1522 5777 1630 5848 γὰρ
1664 5779 1754 5833 δύο
1801 5784 1944 5837 κατά

265 5861 440 5917 ταύτὸ
477 5861 622 5931 πάθη
663 5862 921 5932 πολιορκῇ
946 5861 1007 5914 τὸ
1045 5859 1204 5931 σῶμα
1240 5861 1301 5913 τὸ
1328 5862 1612 5932 ἡμέτερον,
1640 5867 1674 5934 ὴ
1699 5867 1791 5919 τοῦ
1821 5869 1938 5934 ἐνὸς

267 5950 524 6014 ἐπίτασις
569 5950 913 6020 ἀποκρύπτει
967 5949 1027 6002 τὸ
1072 5950 1257 6020 ἓτερον
1284 5989 1296 6013 ,
1331 5951 1427 6002 καὶ
1469 5951 1578 6004 ὅλοι
1620 5955 1714 6024 τῆς
1745 5955 1940 6029 ὀδύνης

266 6037 485 6111 ἐκείνης
514 6037 796 6106 γινόμεθα,
817 6038 911 6089 καὶ
933 6037 1188 6100 πολλάκις
1214 6037 1335 6091 οὐδέ
1356 6036 1604 6109 αἴσθησιν
1631 6039 1723 6096 τοῦ
1751 6045 1938 6118 ἰτίρου

553 6133 828 6194 Ρλτιιοι..
865 6131 982 6191 Gn.
1018 6129 1173 6190 LIV.

1414 410 1481 465 IN
1512 409 1663 467 CAP.
1705 409 1804 466 XX
1844 409 2095 467 GENES.
2137 411 2373 470 ιιοωι..
2414 413 2576 472 XLV.

2065 525 2436 602 λαμϐάνομεν,
2473 530 2574 602 τῆς
2609 531 2810 605 πολλῆς
2841 533 3031 602 ὀδύνης
3067 533 3425 606 περισπὼσης
3464 535 3632 608 ἡμᾶς,
3655 542 3750 595 καὶ

2062 614 2165 667 οὐκ
2198 617 2453 688 ἀφιείσης
2476 616 2572 669 τοῦ
2605 617 2887 682 ἐλάττονος
2924 617 3132 683 πάθους
3171 623 3368 692 πεῖραν
3413 622 3622 679 λαϐεῖν.
3651 626 3756 679 Τὸν

2065 700 2232 754 αὑτὸν
2258 702 2325 773 δὴ
2357 702 2560 780 τρόπον
2585 705 2678 758 καὶ
2703 706 2732 757 6
2755 703 2961 769 δίκαιος
2987 699 3143 770 οὗτος
3171 707 3266 761 νῦν
3291 708 3434 781 ὀρῶν
3461 709 3553 763 τοῦ
3588 711 3755 768 θανά·

2059 802 2156 840 του
2174 786 2264 842 τὸν
2283 787 2447 853 φόϐον
2461 789 2830 860 ἐπικείμενον,
2845 791 3025 844 πάντα
3044 793 3113 846 τὰ
3131 793 3294 848 λοιπά
3312 797 3524 866 φορητά
3543 800 3754 866 ἠγεῖτο.

2073 872 2236 926 Ἀλλά
2261 874 2430 939 ταῦτα
2454 874 2688 939 ἀκούων,
2711 878 2984 948 ἀγαπητέ,
3014 879 3090 950 μὴ
3117 881 3404 951 καταγνῷς
3426 882 3519 936 τοῦ
3543 883 3757 938 δικαίου

2063 959 2456 1030 μικροψυχίαν,
2488 962 2536 1014 εἰ
2578 962 2671 1016 τὸν
2700 962 2929 1016 θάνατον
2955 964 3249 1019 ἐδεδοίκει·
3295 967 3432 1021 ἀλλά
3467 968 3757 1038 θαύμασον

2059 1045 2155 1099 τοῦ
2179 1047 2394 1100 πάντων
2412 1048 2444 1118 ἡ
2451 1048 2568 1117 μῶν
2585 1050 2857 1104 Δεσπότου
2874 1050 2971 1122 τὴν
2988 1052 3437 1122 ὑπερϐάλλουσαν
3458 1072 3524 1108 πε
3535 1057 3588 1126 ρὶ
3606 1058 3756 1128 ἡμᾶς

2060 1132 2503 1204 φιλανθρωπίαν,
2527 1135 2610 1188 ὅτι
2639 1136 2731 1189 τὸν
2757 1135 2991 1191 θάνατον
3019 1139 3112 1191 τὸν
3137 1142 3248 1203 τοῖς
3268 1139 3498 1202 δικαίοις
3523 1143 3756 1210 ἐκείνοις

2057 1219 2153 1274 καὶ
2205 1220 2382 1289 ἁγίοις
2437 1221 2559 1274 τότε
2595 1223 2861 1295 φοϐερὸν,
2893 1225 3082 1280 τοῦτον
3135 1226 3231 1280 νῦν
3276 1229 3755 1303 εὐκαταφρόνητον

2059 1307 2354 1377 εἰργάσατο
2379 1309 2409 1360 6
2458 1308 2728 1379 Χριστὸς,
2773 1312 2871 1363 καὶ
2903 1310 2963 1363 δν
3007 1313 3365 1369 ἐδεδοίκεισαν
3402 1317 3454 1369 οἰ
3506 1317 3756 1390 ἐνάρετοι

2059 1394 2258 1448 ἐκεῖνοι
2308 1393 2404 1449 καὶ
2449 1395 2722 1466 τοσαύτην
2758 1399 3086 1470 παρρησίαν,
3104 1400 3240 1468 πρὸς
3284 1401 3376 1456 τὸν
3417 1402 3551 1456 Θεὸν
3583 1406 3752 1476 ἐσχη-

2057 1482 2235 1546 κότες,
2262 1482 2448 1538 τοῦτον
2483 1483 2578 1537 νῦν
2607 1485 2950 1554 καταγελῶσι
2976 1499 3001 1527 κ
3032 1489 3127 1540 καὶ
3154 1489 3262 1543 νέοι
3297 1492 3390 1545 καὶ
3418 1492 3576 1561 κόραι
3611 1495 3755 1548 ἀπα.

2056 1567 2168 1623 λαί.
2205 1569 2340 1623 Οὐδὲ
2377 1569 2486 1641 γὰρ
2534 1570 2765 1634 θάνατός
2805 1569 2960 1644 [459]
3010 1575 3126 1627 ἐστι
3165 1575 3383 1642 λοιπὸν,
3427 1577 3542 1631 ἀλλ’
3585 1578 3754 1646 ῦπνος

2059 1655 2154 1708 καὶ
2181 1654 2482 1725 ἀποδημία,
2519 1656 2611 1709 καὶ
2639 1658 2972 1727 μετάστασις
2998 1659 3106 1712 ἀπὸ
3136 1660 3243 1714 τῶν
3277 1662 3540 1734 χειρόνων
3562 1666 3654 1719 ἐπὶ
3681 1670 3754 1721 τά

2059 1739 2274 1811 βελτίω.
2325 1741 2386 1794 '0
2427 1742 2536 1812 γὰρ
2584 1741 2814 1808 θάνατος
2859 1745 2954 1798 τοῦ
2989 1747 3262 1800 Δεσπότου
3307 1751 3407 1820 τὴν
3450 1749 3755 1807 ἀθανασίαν

2058 1829 2192 1898 ἡμῖν
2230 1828 2583 1898 ἐδωρήσατο,
2623 1831 2718 1883 καὶ
2749 1831 3028 1886 κατελθὼν
3062 1835 3142 1897 είς
3189 1834 3280 1887 τὸν
3323 1835 3457 1906 ᾆδην
3498 1837 3754 1904 ἐξέλυσεν

2058 1913 2226 1967 αὐτοῦ
2265 1915 2334 1967 τά
2366 1915 2552 1986 νεῦρα,
2593 1917 2689 1970 καὶ
2720 1917 2818 1988 τὴν
2854 1919 3007 1989 ἰσχὺν
3042 1919 3207 1973 αὐτοῦ
3241 1921 3489 1975 καθεῖλε·
3529 1925 3622 1978 καὶ
3658 1925 3753 1980 τὸν

2061 1999 2292 2070 φοϐερὸν
2321 1999 2428 2072 πρὸ
2454 2001 2647 2055 τούτου
2675 2003 2770 2056 καὶ
2797 2005 3137 2075 ἀμείλικτον,
3172 2007 3363 2062 τοῦτον
3392 2009 3566 2074 οῦτως
3587 2013 3756 2067 εὐκα-

2056 2090 2396 2159 ταφρόνητον
2422 2089 2738 2157 εἰργάσατο,
2765 2091 2842 2156 ὡς
2863 2093 2956 2146 καὶ
2988 2095 3264 2166 ἐπιπηδᾷν
3295 2114 3446 2161 τινας
3481 2101 3578 2152 καὶ
3611 2101 3756 2154 ἐπεί·

2056 2175 2250 2244 γεσθαι
2288 2177 2425 2248 πρὸς
2464 2177 2563 2248 τὴν
2603 2177 2854 2231 ἐντεῦθεν
2897 2181 3253 2250 μετάστασιν.
3300 2184 3398 2260 Διά
3439 2185 3602 2240 τοῦτο
3655 2187 3752 2242 καὶ

2058 2262 2273 2327 Παῦλος
2298 2264 2399 2336 βοᾷ
2414 2264 2610 2334 λέγων,
2636 2266 2707 2319 Τὸ
2737 2265 3044 2321 ἀναλῦσαι
3073 2269 3172 2323 καί
3201 2269 3324 2324 σὺν
3342 2263 3575 2341 Χριστῷ
3595 2271 3753 2329 εἶναι

2057 2349 2276 2415 πολλῷ·
2289 2351 2538 2420 μᾶλλον
2573 2351 2890 2420 κρεῖσσον.
2931 2353 3093 2408 Ἀλλά
3126 2356 3299 2412 ταῦτα
3337 2358 3436 2429 μὲν
3477 2361 3571 2413 νῦν
3609 2361 3753 2430 μετά

2056 2437 2157 2504 τὴν
2187 2436 2282 2490 τοῦ
2313 2437 2553 2510 Χριστοῦ
2581 2440 2906 2511 παρουσίαν,
2943 2441 3080 2512 μετὰ
3125 2443 3184 2496 τὸ
3218 2445 3626 2518 συγκλασθῆναι
3650 2449 3752 2512 τάς

2057 2523 2231 2587 πύλας
2265 2525 2365 2589 τὰς
2393 2527 2633 2596 χαλκᾶς,
2675 2527 2814 2598 μετά
2861 2529 2921 2581 τὸ
2955 2532 3231 2601 πανταχοῦ
3273 2533 3374 2603 τῆς
3427 2535 3752 2607 οἰκουμένης

2057 2611 2150 2664 τὸν
2185 2611 2336 2680 ῆλιον
2377 2615 2477 2684 τῆς
2509 2613 2854 2686 δικαιοσύνης
2895 2616 3195 2688 ἐκλάμψαι.
3231 2620 3364 2673 Τότε
3387 2621 3443 2674 δὲ
3481 2621 3561 2674 ἔτι
3589 2623 3749 2691 φοϐε-

2060 2695 2160 2764 ρὰν
2185 2692 2299 2767 εἶχε
2320 2697 2418 2769 τὴν
2446 2699 2733 2770 πρόσοψιν,
2754 2701 2849 2754 καὶ
2870 2703 3122 2756 κατέσειε
3146 2704 3252 2758 τῶν
3279 2706 3504 2760 δικαίων
3527 2709 3752 2763 ἐκείνων

2059 2782 2267 2854 ἀνδρῶν
2301 2784 2400 2855 τὴν
2442 2785 2716 2841 διάνοιανο
2750 2788 2833 2842 διὸ
2877 2791 2970 2842 καὶ
3023 2791 3199 2845 πάντα
3233 2792 3301 2846 τά
3357 2795 3492 2847 ἀλλα
3532 2795 3750 2865 κούφως

2058 2869 2274 2940 ἔφερον,
2306 2872 2410 2925 κᾶν
2455 2873 2706 2946 ἀφόρητα
2743 2875 3040 2946 ἐτύγχανεν
3069 2877 3218 2932 ὅντα.
3251 2879 3351 2933 Διά
3385 2880 3544 2934 τοῦτο
3581 2883 3677 2938 καὶ
3721 2887 3751 2939 6

2057 2957 2263 3022 δίκαιος
2319 2957 2473 3024 οὗτος
2521 2961 2854 3033 φοϐούμενος
2886 2963 2996 3017 τῶν
3032 2966 3090 3018 ἐν
3143 2967 3410 3039 Γεράροις
3455 2969 3750 3026 οἰκούντων

2057 3043 2154 3114 τὴν
2184 3045 2497 3118 ἐπιϐουλὴν,
2538 3050 2637 3120 οὐχ
2670 3050 2746 3113 ὡς
2782 3054 3047 3119 γυναῖκα,
3082 3054 3197 3106 ἀλλ’
3244 3055 3321 3119 ὠς
3377 3057 3614 3131 ἀδελφὴν
3647 3062 3750 3114 ἐπ-

2059 3131 2355 3201 αγόμενος,
2390 3135 2533 3188 οῦτω
2560 3135 2658 3207 τὴν
2693 3138 2927 3192 ἐνταῦθα
2968 3141 3303 3211 παροίκησιν
3343 3147 3594 3202 ποιεῖται.
3637 3149 3749 3204 Καὶ

2059 3218 2309 3290 καθάπερ
2341 3222 2419 3283 εἰς
2442 3221 2538 3292 τὴν
2564 3223 2839 3291 Αἴγυπτον
2869 3225 3154 3281 κατελθεῖν
3176 3227 3338 3281 αὑτὸν
3363 3231 3748 3305 συνεχώρησεν

2057 3306 2087 3358 6
2119 3304 2272 3370 Θεὸς,
2312 3306 2635 3378 βουλόμενος
2680 3311 2772 3363 καὶ
2816 3314 2938 3375 τούς
2976 3313 3301 3384 ἀγνώμονας
3351 3317 3603 3384 ἐκείνους
3637 3304 3750 3376 καὶ

2061 3393 2420 3465 ἀναισθήτους
2451 3395 2544 3448 τοῦ
2587 3396 2804 3450 δικαίου
2833 3398 3029 3468 μαθεῖν
3057 3402 3158 3472 τὴν
3205 3403 3438 3472 ἀρετήν·
3477 3404 3623 3460 οῦτω
3653 3409 3748 3463 καὶ

2059 3479 2294 3532 ἐνταῦθα
2338 3480 2436 3550 τὴν
2481 3483 2690 3536 οἰκείαν
2734 3485 3116 3556 μακροθυμίαν
3162 3488 3532 3545 ἐπιδείκνυται
3569 3495 3598 3546 ὁ
3649 3497 3746 3548 Δε-

2060 3565 2286 3635 σπότης,
2316 3566 2402 3620 ἵνα
2435 3568 2529 3620 καὶ
2561 3567 2655 3621 τοῦ
2689 3568 2956 3642 δικαίουή
2995 3573 3243 3646 ὑπομονὴ
3277 3575 3367 3631 διά
3408 3577 3628 3632 πάντων
3651 3581 3747 3634 ἐκ.

2058 3651 2266 3724 λάμψῃ,
2304 3655 2399 3707 καὶ
2443 3657 2476 3725 ὴ
2507 3654 2601 3707 τοῦ
2634 3651 2769 3709 Θεοῦ
2807 3660 2934 3729 περί
2980 3661 3145 3714 αὑτὸν
3183 3662 3367 3718 εῦνοια
3405 3667 3537 3719 πᾶσι
3572 3668 3745 3723 κατά-

2057 3741 2217 3812 δηλος
2250 3741 2494 3812 γένηται.
2537 3744 2877 3799 Ἀπέστειλε
2907 3745 2976 3800 δὲ
3011 3749 3321 3820 Ἀϐιμέλεχ
3362 3754 3397 3806 d
3437 3753 3746 3822 ,βασιλεὺς

2059 3831 2359 3902 Γεράρων,
2396 3835 2607 3888 λαϐεῖν
2633 3833 2750 3916 τὴν
2772 3836 3030 3906 Σάρραν.
3075 3840 3355 3912 Ἐννόησον
3387 3859 3477 3914 μοι
3506 3843 3600 3899 τὸν
3629 3863 3743 3916 χει-

2062 3919 2217 3988 μῶνα
2241 3919 2348 3972 τῶν
2370 3918 2668 3991 λογισμῶν,
2694 3914 2769 3974 ὧν
2805 3924 3099 3994 ὑπέμεινεν
3123 3926 3152 3977 6
3177 3925 3386 3992 δίκαιος
3404 3927 3549 4000 δρῶν
3573 3914 3742 3988 αὑτοῦ

2056 4006 2157 4076 τὴν
2177 4009 2408 4074 γυναῖκα
2431 4009 2809 4079 ἀπαγομένην,
2827 4013 2922 4066 καὶ
2949 4012 3102 4065 οὐδὲν
3122 4013 3420 4085 δυνάμενος
3439 4017 3738 4088 ὑπαμῦναι.

2058 4095 2190 4166 Σιγῇ
2227 4095 2335 4168 γάρ
2367 4097 2583 4151 ἅπαντα
2609 4096 2824 4170 ἔφερεν,
2843 4099 2999 4164 εἰδὼς
3023 4103 3103 4155 ὅτι
3145 4103 3207 4155 ού
3237 4104 3553 4174 περιόψεται
3577 4108 3742 4162 αὑτὸν

2057 4187 2086 4239 6
2115 4187 2411 4256 Δεσπότης,
2442 4187 2578 4240 ἀλλὰ
2611 4191 2836 4258 ταχεῖαν
2864 4187 3095 4261 παρέξει
3129 4193 3230 4263 τὴν
3261 4196 3600 4264 συμμαχίαν.
3629 4198 3742 4253 Καὶ

2057 4270 2159 4340 τῆς
2191 4271 2409 4341 Σάρρας
2430 4271 2488 4323 δὲ
2519 4270 2799 4342 θαυμάσαι
2821 4271 2935 4327 ἐστι
2966 4272 3062 4344 τὴν
3088 4274 3290 4345 πολλὴν
3329 4276 3737 4351 φιλοστοργίαν,

2058 4355 2178 4419 πῶς
2212 4357 2309 4410 τοῦ
2345 4357 2590 4410 κινδύνου
2635 4357 2729 4410 τοῦ
2775 4357 3008 4412 θανάτου
3050 4361 3142 4413 τὸν
3187 4361 3394 4416 δίκαιον
3427 4362 3738 4435 ἐξαρπάσαι

2059 4441 2359 4512 βουλομένη
2381 4460 2390 4470 ο
2421 4442 2548 4512 ἐξῆν
2575 4442 2683 4515 γὰρ
2709 4444 2880 4514 αὐτὴν
2905 4445 3292 4515 ἐκκαλύψασαν
3312 4449 3371 4502 τὸ
3395 4449 3595 4522 δρᾶμα,
3623 4453 3739 4508 δια-

2052 4519 2249 4596 φυγεῖν
2273 4529 2371 4597 τὴν
2396 4529 2834 4601 ὁμολογουμένην
2852 4530 3008 4602 ὓϐριν
3025 4551 3038 4562 ο
3064 4533 3177 4586 ἀλλ’
3204 4519 3496 4605 ὑπέμεινεν
3521 4541 3736 4597 ἅπαντα

2056 4616 2339 4683 γενναίως,
2363 4616 2449 4668 ίνα
2474 4615 2552 4685 τῷ
2579 4615 2770 4688 δικαίῳ
2792 4617 2890 4688 τὴν
2915 4621 3190 4690 σωτηρίαν
3219 4625 3732 4698 πραγματεύσηται.

2057 4701 2169 4755 Καὶ
2208 4701 2512 4773 ἐπληροῦτο
2546 4703 2724 4757 ἐκεῖνο
2763 4705 2826 4758 τὸ
2871 4708 3184 4778 εἰρημένον,
3228 4710 3310 4762 ὅτι
3355 4713 3640 4768 Ἔσονται
3680 4719 3734 4770 οι

2053 4785 2164 4842 δύο
2191 4791 2280 4855 εὶς
2312 4788 2510 4856 σάρκα
2533 4790 2700 4858 μίαν.
2723 4789 2938 4863 ’Ὥσπερ
2967 4798 3078 4866 γὰρ
3108 4796 3204 4864 μία
3231 4797 3366 4868 σὰρξ
3388 4798 3559 4867 ὄντες,
3591 4799 3735 4856 οῦτω

2054 4875 2153 4946 τῆς
2183 4875 2426 4946 ἀλλήλων
2459 4876 2734 4948 σωτηρίας
2773 4880 3048 4950 ἐκήδοντο,
3089 4884 3183 4935 καὶ
3211 4884 3480 4953 τοσαύτην
3520 4888 3730 4941 ἐπεδείε

2055 4979 2250 5016 κνυντο
2277 4962 2374 5032 τὴν
2399 4962 2676 5033 ὁμόνοιαν,
2709 4964 2785 5028 ὡς
2811 4965 2869 5018 ἐν
2903 4967 3064 5037 σῶμα
3108 4971 3469 5041 τυγχάνοντες
3499 4976 3592 5027 καὶ
3633 4977 3732 5046 μία

2053 5049 2224 5120 ψυχή.
2249 5049 2434 5103 Ταῦτα
2462 5051 2808 5107 άκουέτωσαν
2833 5053 3044 5124 ἀνδρες,
3068 5057 3414 5114 ἀκουέτωσαν
3441 5064 3694 5129 γυναῖκες
3714 5080 3730 5096 ο

2054 5140 2332 5206 γυναῖκες,
2365 5139 2452 5191 ἰνα
2485 5140 2753 5210 τοσαύτην
2781 5142 2909 5212 περὶ
2939 5144 3064 5205 τοὺς
3087 5146 3288 5217 ἄνδρας
3321 5149 3419 5218 τὴν
3451 5150 3732 5222 φιλοστορ-

2054 5227 2180 5295 γίαν
2232 5225 2650 5290 ἐπιδεικνύωσι,
2695 5227 2790 5282 καὶ
2839 5229 3003 5299 μηδὲν
3046 5231 3232 5303 ἕτερον
3275 5237 3583 5305 προτιμῶσι
3635 5239 3731 5307 τῆς

2054 5313 2275 5366 ἐκείνων
2305 5315 2577 5384 σωτηρίας
2596 5331 2608 5345 ·
2645 5315 2737 5368 καὶ
2766 5314 2976 5386 ἄνδρες,
3003 5317 3070 5370 ἵν’
3092 5318 3234 5373 οῦτω
3257 5322 3454 5391 πολλὴν
3479 5327 3577 5392 τὴν
3605 5328 3732 5396 περί

2053 5400 2224 5462 αὑτὰς
2245 5399 2458 5457 εὔνοιαν
2482 5401 2666 5469 ἔχωσι,
2686 5403 2782 5454 καὶ
2810 5402 2884 5466 ὡς
2919 5403 3042 5470 μίαν
3069 5404 3251 5478 ψυχὴν
3284 5410 3607 5478 κεκτημένοι
3638 5413 3730 5463 καὶ

2053 5487 2112 5540 ιν
2151 5487 2311 5558 σῶμα
2343 5489 2512 5550 ὄντες,
2538 5489 2681 5541 οῦτω
2707 5490 2884 5543 πάντα
2911 5490 3366 5560 διαπράττωνται.

2118 5598 2364 5665 γ’.Τοῦτο
2382 5599 2490 5669 γὰρ
2505 5599 2702 5668 ἀληθὲς
2717 5600 2928 5652 συνοικέ
2938 5602 3202 5662 σιον,ὄταν
3215 5605 3447 5670 τοσαύτη
3475 5606 3530 5652 ὲν
3547 5604 3730 5669 αὐτοῖς

2055 5686 2404 5756 πολιτεύηται
2454 5686 2742 5755 συμφωνία
2763 5725 2777 5749 ,
2809 5688 2936 5739 ὅταν
2965 5686 3219 5748 τοσοῦτος
3336 5693 3363 5742 6
3399 5688 3694 5758 σύνδεσμος
3713 5732 3728 5756 ,

2053 5773 2180 5826 ὅταν
2209 5771 2379 5837 οὕτως
2405 5767 2506 5826 ὦσι
2536 5778 2599 5842 τῇ
2635 5777 2823 5846 ἀγάπῃ
2855 5776 3296 5843 συνεσφιγμένοι.
3327 5775 3588 5843 Καθάπερ
3621 5776 3731 5846 γὰρ

2057 5861 2215 5931 σῶμα
2262 5864 2398 5932 πρὸς
2448 5861 2607 5913 ἑαυτὸ
2657 5863 2756 5915 οὑκ
2805 5863 2870 5914 ἄν
2906 5877 3034 5911 ποτε
3086 5862 3525 5916 διαστασιάσειε-θ
3553 5901 3565 5920 ,
3606 5861 3732 5914 οὐδὲ

2055 5950 2200 6020 ψυχὴ
2236 5950 2371 6019 πρὸς
2405 5949 2632 6014 ἑαυτήν·
2681 5947 2852 6010 οὕτως
2884 5946 3050 6014 ἄνδρα
3085 5950 3179 6000 καὶ
3224 5951 3453 6014 γυναῖκα
3498 5947 3559 5996 οὑ
3612 5945 3727 5998 διας

2120 6055 2143 6082 ⁸
2171 6053 2394 6114 Quinque
2417 6063 2526 6099 mss.
2549 6050 2720 6098 τούτου
2745 6047 2825 6096 νῦν
2849 6049 3044 6095 κάταγε)
3056 6050 3166 6099 ῶσι.

3303 6117 3340 6173 3
