4144 6542
367 489 475 548 4η

364 606 517 661 (inita
540 600 677 672 ipsis
696 597 919 657 afiluere
949 601 1223 668 poterunt.
1252 592 1392 649 Nam
1416 591 1505 647 ubi
1531 587 1820 646 concordia
1842 627 1858 654 ,
1889 584 1960 640 ibi

366 699 635 757 bonorum
662 693 965 756 cenﬂuxus,
996 690 1065 745 ibi
1090 702 1214 760 pax,
1237 687 1307 742 ibi
1334 686 1551 748 caritas,
1580 683 1651 737 ibi
1674 678 1969 751 spiritualis

364 790 551 848 laetitia
582 807 598 843 :
625 787 829 843 nullum
866 783 1099 849 bellum,
1126 780 1269 836 nulla
1300 780 1412 834 rixa
1440 794 1454 834 :
1482 790 1743 844 nusquam
1785 772 1967 828 inimi-

364 881 508 937 citia:
540 886 593 934 et
620 874 897 932 contentio
928 873 1056 929 :sed
1088 874 1203 927 lucc
1232 871 1408 925 omnia
1438 885 1468 924 e
1494 867 1675 922 medio
1704 864 1965 919 tolluntur

365 985 467 1042 per
505 966 849 1025 concordiam
876 1008 890 1031 ,
930 965 1194 1019 bonorum
1251 962 1489 1015 omnium
1535 958 1767 1012 radicem
1791 998 1806 1023 ,
1846 967 1966 1024 qua:

366 1062 556 1117 omnia
578 1059 676 1115 illa
697 1058 855 1113 simul
881 1056 1080 1111 abolet.
1112 1055 1166 1108 2.
1202 1053 1345 1106 Misit
1371 1062 1539 1106 autem
1561 1049 1848 1103 Abimelech
1876 1062 1966 1101 rea:

370 1153 708 1217 Cerarorum,
738 1160 783 1205 et
810 1150 1005 1219 accepit
1051 1146 1284 1203 Sarrana.
1317 1148 1368 1199 3.
1396 1143 1462 1199 Et
1502 1144 1706 1198 intravit
1733 1142 1866 1195 Deus
1897 1140 1966 1193 ad

366 1244 657 1301 Abimeleclt
682 1245 732 1296 in
757 1259 931 1298 somno
962 1244 975 1272 ²
1006 1252 1156 1294 noctu
1176 1282 1191 1306 ,
1220 1248 1269 1292 et
1298 1239 1427 1292 dixit
1451 1254 1469 1292 :
1498 1234 1629 1291 Ecce
1658 1245 1711 1289 tu
1738 1233 1965 1288 morieris

364 1345 574 1408 propter
600 1334 882 1399 mulierem,
900 1349 1049 1403 quam
1072 1331 1323 1385 abstulisti
1340 1346 1361 1383 :
1382 1330 1479 1383 ista
1506 1338 1674 1382 autem
1700 1326 1966 1381 contuber-

365 1429 502 1483 nalis
550 1438 623 1482 est
675 1427 800 1481 uiro.
830 1425 968 1480 Vide
1009 1424 1103 1479 Dei
1143 1422 1483 1498 clementiam
1519 1440 1532 1474 :
1565 1421 1688 1491 quia
1723 1420 1855 1474 vidit
1880 1419 1964 1488 ju-

364 1528 507 1575 stum
530 1527 747 1589 propter
768 1526 965 1570 metum
992 1516 1179 1569 mortis
1217 1514 1431 1569 Sarram
1459 1511 1811 1566 sibiablatam
1844 1524 1964 1565 esse

365 1611 584 1666 fortiter
610 1610 752 1664 ferre
777 1651 791 1674 ,
825 1618 879 1663 et
911 1620 1093 1678 regem
1120 1620 1239 1661 eam
1272 1613 1329 1660 ut
1357 1618 1602 1660 sororem
1626 1602 1754 1672 justi
1792 1595 1961 1655 abdu—

366 1716 526 1767 cere,
558 1715 708 1755 suam
747 1699 966 1754 demum
1016 1693 1254 1752 declarat
1304 1694 1696 1767 providentiam
1717 1734 1732 1759 ,
1762 1694 1964 1763 justum

367 1806 582 1864 quoque
611 1791 963 1844 illustriorem
984 1788 1180 1853 reddit,
1203 1797 1257 1843 et
1282 1786 1594 1841 Sarram'ab
1637 1785 1965 1857 injuria,,re-

365 1899 491 1956 gem
518 1898 652 1939 vero
681 1898 709 1935 a
741 1892 961 1952 peccato
988 1883 1199 1937 liberat.
1228 1878 1299 1933 Et
1332 1881 1567 1944 intrauit,
1589 1878 1761 1948 inquit
1781 1919 1796 1944 ,
1830 1876 1967 1931 Deus

367 1977 439 2029 ad
476 1974 768 2028 Abimelecli
817 1973 872 2026 in
915 1988 1093 2027 somno
1146 1982 1318 2025 noctu.
1362 1968 1468 2025 Per
1512 1971 1685 2039 ipsum
1714 2011 1730 2035 ,
1766 1969 1962 2038 inquit,

365 2068 547 2124 somni
578 2077 788 2134 tempus
815 2066 1023 2134 eripere
1044 2077 1164 2119 eum
1194 2062 1481 2118 volens‘ab‘
1496 2062 1794 2131 iniquitate,
1820 2059 1967 2114 dedit

366 2160 538 2215 menti
576 2158 694 2228 ejus
735 2157 1012 2212 scientiam
1057 2164 1111 2211 et
1154 2155 1367 2210 occulta
1408 2153 1799 2217 manifestavit,
1830 2152 1969 2205 mul-

366 2260 589 2320 tumque
618 2258 818 2303 metum
858 2247 1006 2302 auxit
1029 2245 1427 2301 interminando
1452 2252 1703 2299 mortem.
1735 2241 1968 2296 Morieris

366 2342 539 2408 enim,
572 2341 762 2409 inquit,
792 2350 1003 2409 propter
1024 2337 1319 2401 mulierem,
1351 2336 1785 2407 quam‘absmlt'sti
1818 2350 1839 2387 :
1868 2335 1966 2387 ista

365 2443 539 2488 autem
581 2432 955 2486 contubernalis
998 2440 1070 2484 est
1114 2431 1239 2484 uiro.
1275 2430 1328 2484 4.
1361 2428 1646 2483 Abim'elech
1675 2438 1970 2481 autemnon

368 2526 604 2596 tetigerat
636 2524 800 2577 illam.
840 2522 967 2577 Haec
990 2532 1175 2576 autem
1214 2520 1390 2577 omnia
1421 2519 1561 2576 facta
1589 2528 1745 2585 sunt,
1772 2522 1836 2572 ut
1878 2518 1968 2573 Dei

369 2616 659 2689 promissio
711 2614 847 2668 facta
914 2613 1237 2685 patriarchae
1293 2611 1626 2681 impleretur.
1685 2611 1971 2665 Enimvero

367 2711 500 2782 quia
524 2709 681 2780 paulo
710 2716 869 2763 antea
897 2708 994 2777 ipsi
1025 2706 1348 2774 promiserat
1388 2705 1535 2759 Isaac
1574 2718 1695 2759 θμεθ
1735 2703 1969 2757 nascitu-

366 2820 513 2871 rum,
537 2812 592 2858 et
631 2813 799 2874 prope
836 2801 1022 2855 aderat
1068 2809 1278 2868 tempus
1302 2816 1315 2853 :
1341 2807 1405 2852 ut
1440 2813 1508 2853 ne
1556 2797 1682 2867 quid
1730 2795 1973 2861 ofﬁceret

368 2894 713 2968 promissioni
740 2894 854 2958 Dei,
875 2900 1077 2946 tantum
1106 2892 1353 2945 timorem
1382 2890 1432 2943 in
1455 2886 1775 2953 Abimeleelt,
1796 2885 1971 2940 immi-

368 2989 461 3053 sit,
480 2996 540 3042 ut
568 2986 842 3056 perculsus
868 2985 1048 3039 animo
1069 2982 1285 3042 Sari-am
1311 2983 1571 3052 attingere
1594 2996 1698 3036 non
1724 2980 1963 3034 auderet.

368 3078 600 3148 Propter
632 3078 733 3133 hoc
762 3078 903 3132 enim
930 3076 1126 3145 adjecit
1145 3074 1325 3129 divina
1351 3073 1626 3142 Scriptura
1647 3095 1661 3132 ε
1681 3070 1968 3124 Abimelech

370 3187 474 3225 non
508 3171 743 3240 tetigerat
767 3169 910 3221 illam
941 3183 960 3221 :
988 3166 1081 3223 sed
1107 3174 1162 3220 et
1188 3164 1255 3220 de
1287 3165 1522 3219 facinore
1548 3176 1608 3217 se
1644 3162 1881 3217 defendit
1907 3176 1971 3216 ac

369 3263 503 3318 dicit
533 3283 546 3315 ι
579 3260 820 3327 Domine,
846 3268 1044 3331 gentem
1075 3260 1272 3329 justam
1310 3266 1357 3309 et
1398 3257 1711 3326 ignorantem
1748 3253 1926 3323 perdes
1947 3254 1973 3307 Ρ

369 3352 640 3424 Numquid
671 3354 870 3417 sciens,
899 3351 1088 3421 inquit,
1122 3364 1342 3404 uxorem
1366 3349 1483 3419 ejus
1505 3363 1623 3403 esse
1649 3388 1663 3412 ,
1689 3346 1793 3402 hoc
1824 3346 1969 3401 feci?

370 3445 633 3515 numquid
683 3445 876 3513 injuria
915 3444 1257 3513 peregrinum
1305 3440 1522 3495 allicere
1559 3438 1783 3493 volens?
1812 3453 1971 3491 num~

372 3536 501 3606 quid
556 3544 614 3588 ut
665 3548 889 3588 uxorem
945 3532 1062 3601 ejus
1114 3530 1402 3585 auferens?
1448 3529 1527 3585 Ut
1564 3540 1805 3583 sororem
1850 3544 1969 3583 eam

372 3632 691 3695 accepturus
712 3624 813 3677 hoc
842 3624 945 3694 egi,
976 3630 1122 3677 ratus
1145 3623 1247 3676 hoc
1268 3621 1484 3677 nomine
1508 3629 1562 3676 et
1586 3621 1728 3676 hunc
1755 3630 1807 3676 et
1825 3622 1970 3675 illam

372 3717 649 3774 honorari.
671 3714 879 3770 Gentem
900 3715 1081 3785 igitur,
1094 3715 1290 3783 justam
1313 3723 1357 3768 et
1401 3714 1720 3784 ignorantem
1760 3714 1973 3785 perdes?

377 3826 541 3868 mene
577 3810 705 3880 justi
751 3808 933 3863 ofﬁcio
975 3806 1210 3862 functum
1244 3807 1437 3877 perdes
1461 3807 1519 3861 ’ἵ
1547 3806 1747 3863 Deinde
1776 3807 1973 3861 clarius

372 3903 608 3959 aﬂ'erens
655 3900 801 3972 quod
856 3900 1099 3964 dicebat,
1134 3900 1343 3970 inquit:
1378 3900 1433 3955 5.
1470 3898 1656 3953 Nonne
1697 3902 1805 3971 ipse
1848 3900 1974 3954 milii

375 3997 527 4059 dixit,
557 3993 721 4050 Soror
749 4009 861 4047 mea
899 4003 971 4047 est
992 4033 1006 4056 ,
1050 4001 1097 4046 et
1126 3992 1242 4059 ipsa
1267 3991 1392 4044 mihi
1420 3991 1549 4045 dixit
1570 4032 1584 4056 ,
1618 3989 1805 4045 Frater
1832 4008 1973 4045 meus

374 4089 493 4143 est?
521 4086 654 4142 Vide
692 4100 813 4140 cum
865 4092 1066 4154 quanto
1109 4097 1376 4137 consensu
1430 4092 1485 4138 et
1540 4082 1827 4137 concordia
1872 4082 1974 4136 hoc

375 4181 605 4251 egerint.
626 4178 692 4234 Et
718 4179 853 4249 ipse,
883 4177 1073 4247 inquit,
1094 4176 1195 4230 hoc
1221 4175 1352 4230 mihi
1383 4176 1551 4242 dixit,
1582 4184 1637 4230 et
1665 4176 1778 4244 ipsa
1807 4175 1974 4229 adsti-

374 4273 556 4347 pulata
584 4279 666 4326 est
684 4268 841 4325 dictis
869 4268 1002 4339 ejus.
1028 4266 1095 4322 In
1118 4268 1271 4323 corde
1289 4284 1440 4337 puro,
1477 4278 1522 4323 et
1550 4270 1601 4321 in
1629 4268 1831 4337 justitia
1860 4284 1973 4319 ma-

375 4379 534 4418 nuum
557 4362 653 4433 feci
677 4361 790 4427 hoc,
823 4360 1016 4430 inquit,
1046 4374 1152 4415 non
1186 4368 1243 4414 ut
1284 4359 1519 4429 iniquam
1564 4375 1677 4412 rem
1702 4359 1970 4423 facturus,

377 4454 474 4511 sed
496 4463 555 4508 ut
582 4452 872 4523 legitimam
894 4462 947 4506 et
972 4452 1169 4506 licitam
1198 4450 1828 4521 irreprehcnsibilemque
1850 4452 1968 4506 feci.

376 4546 519 4616 Quid
564 4546 724 4615 igitur
780 4544 1040 4614 benignus
1076 4544 1375 4600 Dominus?
1426 4542 1479 4597 6.
1515 4542 1660 4598 Dixit
1706 4557 1874 4599 autem
1927 4544 1972 4599 ei

375 4637 518 4695 Dm
538 4638 593 4691 in
620 4653 815 4691 somno.
844 4636 971 4691 Vide
997 4634 1268 4706 quomodo
1294 4650 1354 4690 se
1383 4642 1703 4705 attemperat
1732 4638 1972 4691 omnium

376 4732 642 4790 Dominus
663 4771 678 4797 ,
720 4743 870 4785 suam
909 4729 1204 4784 bonitatem
1238 4743 1335 4798 per
1361 4729 1542 4783 omnia
1572 4728 1877 4784 declarans.
1906 4727 1975 4781 Et

377 4840 475 4895 ego
500 4823 604 4878 scio
630 4822 767 4893 quod
796 4822 945 4875 corde
971 4838 1098 4891 puro
1120 4822 1212 4876 hoc
1233 4822 1430 4891 feceris.
1454 4822 1599 4887 Scio,
1619 4822 1809 4892 inquit,
1832 4822 1977 4891 ipsos

376 4917 519 4971 lianc
564 4915 792 4969 fabulam
826 4923 1174 4969 commentos
1218 4928 1370 4977 esse,
1404 4922 1457 4968 et
1489 4922 1540 4967 te
1570 4913 1852 4982 deceptum
1884 4928 1978 4969 eo-
2022 4958 2040 4965 -

375 5024 498 5063 rum
524 5006 685 5061 dictis
714 5006 817 5059 hoc
847 5006 1042 5061 fecisse
1070 5022 1082 5057 :
1114 5004 1183 5059 ob
1210 5003 1343 5069 hoc,
1372 5012 1430 5058 ut
1459 5020 1527 5059 ne
1568 5020 1665 5074 per
1704 5004 1978 5073 deceptio-

378 5114 503 5156 netn
538 5098 678 5153 lianc
708 5112 915 5166 pecces,
949 5096 1163 5167 Peperci
1192 5096 1299 5161 tibi,
1335 5112 1397 5149 ne
1429 5105 1481 5149 tu
1508 5112 1737 5167 peccares
1780 5098 1832 5149 in
1876 5114 1973 5152 me.

377 5193 565 5262 Magna
616 5189 765 5245 verbi
813 5199 894 5243 est
947 5188 1343 5255 attemperatio,
1370 5189 1601 5242 maxima
1646 5188 1853 5242 Domini
1895 5198 1977 5243 est

378 5283 687 5340 clementia.
723 5281 779 5336 In
808 5297 925 5344 me,
961 5278 1132 5350 inquit
1151 5322 1165 5346 ,
1197 5279 1495 5334 rediturum
1528 5291 1643 5334 erat
1673 5292 1971 5349 peccatum.

459 5377 559 5444 Qui
602 5376 722 5430 colit
772 5390 939 5429 sertos
985 5374 1080 5428 Dei
1102 5415 1116 5438 ,
1143 5372 1307 5427 Deum
1336 5374 1471 5427 colit.
1500 5404 1572 5415 ——
1592 5373 1722 5428 Nam
1755 5376 1890 5429 sicut
1924 5376 1974 5429 in

382 5471 692 5528 hominibus
719 5484 843 5525 cum
870 5468 989 5538 quis
1030 5468 1262 5537 aliquem
1306 5466 1660 5521 domesticum
1705 5468 1755 5522 in
1811 5469 1977 5523 multo

387 5563 591 5619 honore
616 5560 761 5633 apud
782 5558 1057 5615 dominum
1086 5575 1240 5614 suum
1293 5558 1484 5628 injuria
1520 5562 1748 5629 quadam
1776 5559 1936 5615 allicit
1960 5603 1973 5625 ,

447 5688 580 5763 ⁸]ῌέ
608 5698 775 5763 ξ’(ξςεςςη
797 5685 1052 5763 faselum,
1072 5689 1155 5763 llic
1173 5700 1253 5763 et
1277 5694 1396 5763 infra
1422 5696 1599 5763 desunt
1637 5702 1682 5750 in
1706 5704 1877 5755 Savilio
1919 5718 1973 5763 et

376 5747 427 5858 ἢ]
642 5749 879 5809 Mss.;sed
904 5749 1147 5800 habentur
1170 5754 1218 5801 in
1242 5757 1406 5806 Morel.
1436 5768 1487 5809 et
1509 5747 1970 5827 abigatque-{tia};

398 5884 478 5995 dp:
506 5878 697 5982 Eoisl'm.
726 5877 906 5928 omittit
928 5874 1112 5938 verba,
1139 5882 1275 5927 uene
1286 5875 1416 5938 justi
1442 5876 1597 5944 ofﬁcio
1638 5878 1857 5945 [unctum
1880 5896 1988 5946 per-

1436 475 1506 534 lN
1539 474 1692 533 CAP.
1740 471 1857 529 XX.
1897 466 2147 528 GENES.
2189 468 2417 526 "0M.
2460 467 2621 526 XLV.

3576 472 3680 529 “8

2080 582 2181 641 sibi
2220 584 2473 655 injuriam
2505 582 2700 638 factam
2753 589 2905 652 putat
2951 580 3233 646 dominus,
3262 589 3318 639 et
3346 582 3477 640 dicit
3507 600 3523 639 :
3551 582 3680 640 Mihi

2078 678 2337 749 injuriam‘
2360 676 2531 733 fecisti
2552 666 2647 746 per
2669 690 2731 731 ea
2762 675 2956 746 quibus
2982 691 3013 731 a
3044 686 3096 731 te
3124 675 3455 733 domesticus
3484 675 3678 749 injuria

2077 781 2159 825 est
2188 768 2412 825 allectus
2447 786 2459 823 :
2493 783 2555 823 ea
2583 768 2725 822 enim
2755 777 2874 838 quas
2905 768 2957 821 in
2988 767 3136 822 illum
3168 769 3596 837 committuntur,
3625 771 3682 826 in

2071 868 2159 916 me
2185 867 2466 915 tranSeunt
2499 877 2511 914 :
2546 858 2740 915 eodem
2786 858 2950 914 modo
2973 868 3026 913 et
3050 858 3224 913 bonus
3257 858 3513 915 Dominus
3533 900 3551 925 ,
3573 855 3703 914 Pe--

2071 956 2206 1025 perci
2237 955 2343 1018 tibi,
2378 953 2568 1023 inquit.
2595 962 2651 1005 ut
2678 969 2740 1006 ne
2766 968 3000 1021 peccares
3017 952 3069 1006 in
3097 967 3195 1006 me.
3215 952 3341 1018 Mei,
3371 951 3570 1021 inquit,
3600 950 3681 1007 fa-

2070 1045 2199 1099 muli
2234 1053 2378 1109 sunt,
2410 1052 2464 1098 et
2515 1044 2652 1099 adeo
2701 1043 2831 1097 milii
2872 1041 3257 1107 commendati,
3285 1053 3344 1097 ut
3380 1040 3509 1097 milii
3560 1043 3679 1099 lteri

2072 1137 2374 1191 existimem
2406 1146 2762 1205 quacumque
2793 1134 2899 1189 illis
2928 1134 3083 1196 liunt.
3106 1133 3220 1189 sive
3245 1135 3382 1190 bona
3417 1135 3545 1203 sint,
3564 1134 3681 1191 sive

2072 1246 2176 1284 non
2208 1230 2345 1284 bona
2382 1245 2395 1282 :
2432 1226 2714 1299 Propterea
2745 1243 2849 1280 non
2878 1226 3051 1280 dimisi
3074 1236 3148 1292 te,
3179 1234 3235 1279 ut
3282 1236 3514 1297 tangeres
3542 1241 3677 1279 eam.

2070 1324 2333 1390 Quoniam
2388 1336 2638 1392 magnam
2694 1335 2881 1375 eorum
2930 1335 3111 1375 curam
3152 1335 3304 1392 gero,
3334 1323 3511 1376 sciens
3535 1321 3679 1392 quod

2072 1430 2168 1485 per
2198 1414 2553 1484 ignorantiam
2585 1412 2726 1467 hanc
2755 1413 2834 1467 eis
2855 1412 3236 1467 contumeliam
3267 1414 3504 1467 fairmrus
3532 1428 3675 1479 eras,

2074 1507 2289 1576 Peperci
2318 1505 2427 1570 tibi,
2459 1514 2600 1558 utne
2627 1520 2860 1575 peccares
2900 1504 2954 1557 in
3000 1519 3097 1557 me.
3132 1503 3211 1559 Ne
3257 1504 3574 1574 simpliciter
3621 1511 3680 1559 ut

2071 1600 2378 1670 quenlpiam
2403 1598 2703 1667 vulgarium
2727 1598 2986 1667 respicias
3008 1594 3153 1651 hunc
3180 1597 3386 1651 virum:
3412 1596 3506 1651 sed
3529 1595 3680 1652 disco

2072 1674 2195 1745 eum
2228 1707 2293 1747 ex
2318 1705 2545 1745 numero
2576 1689 2789 1743 illorum
2823 1703 2964 1756 esse,
2998 1704 3227 1760 quorum
3258 1704 3359 1759 ego
3386 1689 3678 1743 maximam

2072 1798 2253 1839 curam
2294 1796 2459 1854 gero,
2505 1792 2561 1837 et
2595 1783 2685 1853 qui
2714 1782 3059 1852 peculiariter
3084 1782 3191 1837 mei
3235 1790 3378 1836 sunt.
3414 1783 3465 1835 7.
3500 1781 3681 1837 Redde

2072 1876 2231 1946 igitur
2259 1888 2467 1928 uxorem
2498 1875 2627 1938 viro,
2656 1874 2777 1946 quia
2808 1875 3057 1943 propheta
3082 1884 3176 1940 est,
3207 1883 3253 1928 et
3283 1874 3450 1927 orabit
3483 1890 3579 1943 pro
3603 1884 3671 1940 te,

2073 1978 2120 2023 et
2146 1970 2297 2023 vives.
2328 1967 2464 2023 Vide
2498 1967 2771 2037 quomodo
2812 1969 3067 2023 virtutem
3101 1969 3233 2038 justi
3279 1968 3517 2039 detegit:
3549 1983 3677 2038 pro-

2074 2062 2290 2131 plietam
2325 2060 2500 2130 ip5um
2533 2070 2724 2128 vocat,
2754 2069 2809 2115 et
2848 2059 3239 2130 propemodum
3270 2058 3468 2124 efficit,
3498 2071 3554 2113 ut
3582 2075 3681 2116 rex

2073 2153 2369 2221 supplicem
2393 2166 2451 2206 se
2482 2152 2529 2205 ei
2558 2150 2815 2222 pnebeat.
2846 2150 3025 2205 Orabit
3047 2150 3194 2206 enim
3228 2167 3320 2222 pro
3347 2161 3425 2216 te,
3447 2160 3494 2205 et
3523 2153 3677 2206 vives.

2074 2244 2169 2300 llle
2198 2244 2394 2300 etenim
2419 2286 2435 2311 ,
2469 2244 2660 2314 inquit,
2684 2244 2888 2300 veritus
2919 2258 2987 2299 ne
3019 2243 3359 2299 decideretur
3389 2260 3418 2297 a
3453 2243 3681 2307 te,iianc

2074 2337 2395 2392 commdiam
2427 2336 2697 2401 instruxit,
2734 2345 2787 2389 et
2814 2334 2965 2406 Quasi
2996 2346 3323 2405 cooperatus
3353 2343 3437 2389 est
3470 2335 3520 2389 in
3551 2350 3681 2391 con-

2075 2430 2349 2485 tumeliam
2402 2429 2622 2484 Sarrae:
2657 2429 2797 2483 scias
2848 2440 3033 2484 autem
3084 2429 3227 2483 illius
3278 2444 3466 2499 preces
3511 2430 3677 2489 vitam

2077 2524 2168 2578 tibi
2224 2523 2543 2593 praebiturus
2590 2538 2730 2578 esse.
2762 2522 2966 2579 Deinde
3015 2532 3074 2578 ut
3125 2539 3193 2579 ne
3241 2524 3679 2594 concupiscentia

2076 2618 2340 2690 ﬂagrans,
2378 2628 2434 2673 et
2492 2616 2884 2687 pulchritudine
2938 2615 3117 2672 Sarrae
3170 2617 3382 2683 victus,
3424 2616 3679 2672 mandata

2076 2718 2406 2775 contemnat,
2430 2708 2669 2763 immittit
2697 2716 2753 2763 et
2777 2710 3026 2765 timorem
3050 2751 3064 2775 ,
3088 2718 3144 2764 et
3173 2708 3433 2779 majorem
3464 2720 3678 2779 pinnam

2078 2802 2310 2854 minatur
2329 2816 2389 2855 se
2414 2799 2778 2855 inducturum.
2812 2800 2963 2867 Quod
2992 2802 3036 2856 si
3066 2817 3167 2855 non
3196 2801 3393 2856 dederis
3417 2844 3431 2868 ,
3460 2792 3678 2872 inquit,

2076 2894 2207 2948 scias
2247 2892 2381 2960 quod
2425 2892 2653 2947 morieris
2690 2903 2745 2959 tu
2790 2904 2836 2947 et
2879 2894 3050 2947 omnia
3100 2903 3207 2948 tua.
3251 2892 3366 2948 Non
3418 2894 3593 2949 solum
3624 2902 3683 2950 tu

2078 2984 2457 3040 iuobedientite
2485 3000 2703 3055 poenam
2736 2984 2851 3040 lues
2870 3027 2885 3054 ,
2914 2985 3008 3040 sed
3038 2996 3093 3041 et
3122 2986 3304 3040 omnia
3336 2994 3425 3040 tua
3462 2996 3713 3058 propter.

2080 3088 2131 3133 te
2158 3092 2303 3132 mors
2330 3077 2539 3147 perdet.
2569 3078 2651 3133 Ob
2680 3078 2781 3132 hoc
2803 3087 2980 3133 autem
3011 3094 3104 3148 per
3133 3088 3342 3147 tempus
3367 3080 3543 3134 noctis
3568 3080 3685 3136 lucc

2075 3170 2257 3224 omnia
2286 3168 2427 3223 Deus
2458 3169 2507 3223 ei
2538 3168 2791 3239 loquitur,
2822 3179 2881 3223 ut
2902 3170 2953 3222 in
2980 3169 3160 3237 quiete
3192 3177 3411 3237 accepta
3440 3168 3685 3225 admonla-

2079 3261 2245 3326 tione,
2280 3275 2477 3332 magno
2508 3259 2702 3315 timore
2726 3261 2981 3330 imperata
3014 3260 3190 3317 faciat.
3221 3262 3273 3316 8.
3305 3260 3437 3315 Nam
3464 3260 3682 3329 Statim,

2078 3354 2270 3423 inquit,
2306 3370 2455 3407 mane
2486 3371 2701 3425 surgens
2725 3354 3013 3406 Abimclech
3043 3354 3233 3407 vocavit
3256 3370 3437 3425 pueros
3463 3371 3604 3421 suos,
3632 3365 3681 3410 et

2078 3446 2319 3514 loquutus
2337 3454 2408 3498 est
2439 3446 2611 3497 omnia
2643 3445 2788 3496 verba
2820 3443 2930 3496 hiec
2963 3444 3015 3496 in
3044 3460 3195 3497 aures
3217 3461 3412 3497 eorum.

2151 3537 2204 3591 6.
2241 3535 2374 3590 Vide
2413 3535 2685 3605 quomodo
2729 3549 2825 3588 rex
2873 3533 2929 3587 fit
2962 3550 3137 3603 pra-co
3170 3536 3380 3589 virtutis
3403 3536 3533 3606 justi
3571 3579 3586 3605 ,
3630 3545 3687 3595 et

2081 3643 2202 3684 eum
2235 3627 2483 3683 omnibus
2511 3625 2853 3682 manifestum
2893 3626 3090 3681 reddit.
3132 3627 3351 3681 Vocatis
3382 3628 3526 3684 enim
3558 3670 3573 3691 .
3606 3630 3688 3684 in-

2078 3720 2214 3792 quit,
2247 3720 2499 3775 omnibus
2519 3719 2701 3789 pueris
2728 3718 2839 3773 suis
2862 3761 2877 3785 ,
2919 3720 3157 3773 narravit
3185 3721 3362 3773 omnia
3385 3721 3485 3775 sibi
3516 3736 3546 3775 a
3575 3722 3688 3778 Deo

2078 3812 2441 3880 manifestata,
2462 3821 2518 3867 ut
2542 3826 2731 3867 omnes
2755 3812 2957 3867 scirent
2982 3820 3037 3866 et
3063 3811 3157 3867 Dei
3182 3828 3304 3883 erga
3339 3813 3485 3867 illum
3519 3814 3689 3870 liene-

2077 3907 2391 3970 volenliam,
2421 3913 2476 3961 et
2502 3913 2760 3976 quantum
2790 3904 2899 3959 Deo
2925 3920 3068 3959 curae
3098 3915 3240 3959 esset
3271 3913 3490 3975 propter
3518 3906 3687 3975 ipsius

2080 4012 2270 4054 mores
2293 4006 2349 4053 et
2373 3998 2647 4052 virtutem.
2699 3995 2999 4051 Timuerunt
3028 4006 3195 4049 autem
3231 4012 3404 4052 omnes
3449 3997 3680 4053 homines

2079 4092 2247 4146 valde.
2275 4090 2466 4145 VidiSti
2494 4087 2766 4159 quomodo
2805 4102 2909 4143 non
2955 4088 3151 4141 frustra
3187 4098 3237 4142 et
3284 4087 3489 4157 absque
3518 4104 3681 4144 causa

2082 4185 2241 4239 toties
2269 4182 2684 4253 t‘ransmigrabat
2722 4181 2947 4251 justus?
2978 4180 3111 4235 Nam
3157 4180 3202 4234 si
3238 4180 3289 4234 in
3339 4181 3687 4237 tabernaculo

2080 4292 2177 4330 suo
2207 4275 2378 4345 primo
2406 4274 2688 4329 mansisset
2717 4313 2731 4337 ,
2765 4272 2907 4327 unde
2952 4272 3249 4341 potuiSsent
3275 4270 3538 4328 Gcraritae
3563 4290 3685 4328 om-

2083 4384 2177 4422 nes.
2198 4366 2335 4422 scire
2356 4374 2608 4435 quantam
2622 4364 2798 4435 justus
2810 4362 2950 4432 apud
2971 4364 3140 4418 Deum
3165 4362 3382 4417 haberet
3411 4363 3686 4421 ﬁduciam?

2088 4458 2380 4513 Timuerunt
2416 4468 2585 4510 autent
2608 4472 2782 4510 omnes
2806 4456 3032 4509 homines
3060 4455 3223 4509 valde.
3258 4455 3477 4526 Magnus
3506 4457 3558 4511 in
3583 4472 3681 4513 eos

2086 4552 2247 4606 timor
2292 4550 2562 4604 immissus
2607 4548 2675 4602 de
2720 4562 2897 4602 rerum
2938 4560 3147 4601 summa
3199 4546 3427 4602 faciebat
3473 4549 3683 4603 anxios.

2082 4643 2274 4698 Postea
2318 4642 2595 4711 sequitur:
2628 4638 2681 4693 9.
2726 4639 2933 4693 Vocavit
2971 4639 3262 4694 Abimelech
3308 4641 3681 4697 Abrahamum.

2080 4735 2373 4789 Considera
2405 4734 2458 4787 in
2499 4740 2699 4802 quanta
2725 4730 2891 4801 gloria
2914 4731 3093 4800 justus
3121 4742 3305 4801 postea
3329 4732 3468 4800 apud
3500 4748 3683 4803 regem

2082 4827 2211 4895 agit,
2243 4824 2331 4895 qui
2361 4824 2519 4894 paulo
2540 4831 2696 4878 antea
2715 4822 2783 4877 ab
2806 4823 3055 4877 omnibus
3071 4823 3344 4895 despectui
3367 4825 3688 4895 habebatur,

2082 4918 2233 4987 quasi
2264 4931 2389 4971 erro
2415 4925 2469 4971 et
2495 4916 2826 4985 peregrinus.
2854 4915 3018 4984 Igitur
3046 4930 3163 4969 cum
3188 4932 3376 4970 omnes
3399 4916 3683 4973 convenis-

2083 5018 2222 5074 sent,
2254 5019 2478 5062 vocatur
2502 5009 2681 5061 statim
2711 5006 3034 5076 patriarclia,
3056 5008 3144 5076 qui
3172 5007 3299 5060 nihil
3326 5006 3516 5062 horum
3548 5007 3687 5063 scio-

2085 5102 2174 5156 bat
2207 5101 2516 5169 ,didicitque
2547 5108 2727 5169 postea
2757 5114 2789 5153 a
2814 5114 2940 5168 rege
2968 5100 3084 5167 ipso
3118 5142 3132 5165 ,
3165 5114 3284 5167 quae
3324 5110 3544 5171 propter
3567 5114 3629 5155 se
3656 5115 3688 5156 ιι

2085 5196 2197 5250 Deo
2222 5194 2297 5248 illi
2342 5192 2475 5248 facta
2512 5200 2687 5247 erant.
2716 5190 2862 5245 Dixit
2900 5193 3033 5245 enim
3064 5192 3107 5244 ei
3128 5208 3147 5243 :
3178 5191 3349 5257 Quare
3383 5195 3478 5246 hoc
3525 5194 3689 5265 fecisti

2084 5289 2224 5343 nobis
2250 5288 2275 5342 Ρ
2300 5286 2422 5358 quid
2450 5286 2761 5352 peccavimus
2787 5285 2841 5337 in
2869 5294 2917 5338 te
2944 5327 2956 5348 ,
2990 5284 3125 5353 quod
3148 5285 3397 5337 induxiin
3422 5302 3568 5354 super
3607 5302 3689 5340 me

2084 5390 2131 5435 et
2152 5396 2303 5449 super
2334 5394 2543 5448 regnum
2574 5394 2737 5431 meum
2756 5388 3015 5446 peccatum
3036 5392 3277 5444 magnum
3306 5375 3331 5427 ?
3354 5375 3502 5441 Rem,
3532 5394 3688 5444 quam

2085 5474 2256 5526 nullus
2278 5475 2485 5541 faceret,
2522 5470 2683 5538 feciin
2712 5468 2876 5522 nobis.
2910 5469 2994 5523 10.
3022 5468 3158 5531 Quid
3180 5468 3353 5522 videns
3379 5469 3545 5536 fecisti
3567 5469 3689 5525 hoc?

2085 5564 2263 5631 Quare
2290 5564 2343 5617 in
2373 5571 2602 5624 tantum,
2634 5562 2823 5630 inquit,
2852 5560 3061 5613 voluisti
3096 5574 3183 5614 me
3224 5560 3459 5615 incidere
3492 5574 3688 5627 pecca-

2087 5656 2237 5711 tum?
2264 5671 2360 5710 cur
2381 5666 2433 5708 et
2452 5652 2574 5724 quid
2606 5654 2846 5723 cogitans
2883 5652 2986 5707 hoc
3018 5653 3185 5707 iecisti
3210 5654 3232 5706 ?
3258 5653 3389 5707 Vide
3417 5656 3695 5719 quomodo

2084 5765 2182 5819 per
2219 5748 2379 5803 verba
2428 5764 2523 5801 sua
2570 5747 2769 5801 indicat
2813 5748 2985 5800 minas
3017 5788 3030 5811 ,
3060 5761 3179 5814 qua:
3227 5762 3255 5798 a
3298 5746 3405 5799 Deo
3434 5744 3532 5797 sibi
3563 5758 3695 5801 sunt

2087 5844 2255 5898 factm.
2281 5840 2541 5909 Quoniam
2564 5840 2706 5895 enim
2745 5838 2951 5891 dixerat
2985 5838 3055 5901 ei,
3088 5836 3237 5900 Quod
3260 5837 3303 5888 si
3325 5853 3422 5887 non
3450 5836 3700 5891 reddide.

2095 5938 2187 6003 ris,
2216 5935 2445 5987 morieris
2476 5943 2526 5985 tu
2567 5942 2610 5986 et
2638 5930 2807 5984 omnia
2841 5939 2923 5980 tua
2948 5948 2965 5979 .'
2999 5927 3098 5981 hoc
3131 5927 3301 5995 ipsum
3326 5925 3697 5985 interpretans
