  <div class='ocr_page' id='page_1' title='image "/cluster/home/n/w/nwhite01/storage/ocr_20150623/54/uva.x004108763/049.png"; bbox 0 0 4144 6504; ppageno 0'>
   <div class='ocr_carea' id='block_1_1' title="bbox 536 476 651 533">
    <p class='ocr_par' dir='ltr' id='par_1_1' title="bbox 536 476 651 533">
     <span class='ocr_line' id='line_1_1' title="bbox 536 476 651 533; baseline 0 -1"><span class='ocrx_word' id='word_1_1' title='bbox 536 476 651 533; x_wconf 64' lang='grc' dir='ltr'><strong>διε)</strong></span> 
     </span>
    </p>
   </div>
   <div class='ocr_carea' id='block_1_2' title="bbox 542 563 2116 647">
    <p class='ocr_par' dir='ltr' id='par_1_2' title="bbox 542 563 2116 647">
     <span class='ocr_line' id='line_1_2' title="bbox 542 563 2116 647; baseline -0.012 -8"><span class='ocrx_word' id='word_1_2' title='bbox 542 577 853 639; x_wconf 63' lang='lat' dir='ltr'><strong>summa.</strong></span> <span class='ocrx_word' id='word_1_3' title='bbox 889 576 1021 635; x_wconf 91' lang='lat' dir='ltr'><strong>dicit</strong></span> <span class='ocrx_word' id='word_1_4' title='bbox 1052 593 1066 633; x_wconf 73' lang='grc' dir='ltr'>ε</span> <span class='ocrx_word' id='word_1_5' title='bbox 1102 574 1239 646; x_wconf 72' lang='lat' dir='ltr'><strong>Quid</strong></span> <span class='ocrx_word' id='word_1_6' title='bbox 1270 574 1472 647; x_wconf 75' lang='lat' dir='ltr'><strong>peccaui</strong></span> <span class='ocrx_word' id='word_1_7' title='bbox 1496 574 1550 629; x_wconf 82' lang='lat' dir='ltr'><strong>in</strong></span> <span class='ocrx_word' id='word_1_8' title='bbox 1576 580 1625 628; x_wconf 74' lang='grc' dir='ltr'><strong><em>ιι</em></strong></span> <span class='ocrx_word' id='word_1_9' title='bbox 1655 611 1672 639; x_wconf 90' lang='grc'><strong><em>,</em></strong></span> <span class='ocrx_word' id='word_1_10' title='bbox 1701 568 1839 641; x_wconf 76' lang='lat' dir='ltr'><strong>quod</strong></span> <span class='ocrx_word' id='word_1_11' title='bbox 1865 563 2116 623; x_wconf 67' lang='lat' dir='ltr'><strong>induisti</strong></span> 
     </span>
    </p>
   </div>
   <div class='ocr_carea' id='block_1_3' title="bbox 535 655 2117 741">
    <p class='ocr_par' dir='ltr' id='par_1_3' title="bbox 535 655 2117 741">
     <span class='ocr_line' id='line_1_3' title="bbox 535 655 2117 741; baseline -0.008 -16"><span class='ocrx_word' id='word_1_12' title='bbox 535 684 687 741; x_wconf 79' lang='lat' dir='ltr'><strong>super</strong></span> <span class='ocrx_word' id='word_1_13' title='bbox 718 685 802 724; x_wconf 85' lang='lat' dir='ltr'><strong>nte</strong></span> <span class='ocrx_word' id='word_1_14' title='bbox 821 678 871 724; x_wconf 91' lang='lat' dir='ltr'><strong>et</strong></span> <span class='ocrx_word' id='word_1_15' title='bbox 910 685 1066 740; x_wconf 84' lang='lat' dir='ltr'><strong>super</strong></span> <span class='ocrx_word' id='word_1_16' title='bbox 1091 682 1300 739; x_wconf 75' lang='lat' dir='ltr'><strong>regnum</strong></span> <span class='ocrx_word' id='word_1_17' title='bbox 1339 681 1506 721; x_wconf 82' lang='lat' dir='ltr'><strong>meum</strong></span> <span class='ocrx_word' id='word_1_18' title='bbox 1550 670 1809 737; x_wconf 81' lang='lat' dir='ltr'><strong>peccatum</strong></span> <span class='ocrx_word' id='word_1_19' title='bbox 1835 655 2117 731; x_wconf 74' lang='lat' dir='ltr'><strong>magnum!</strong></span> 
     </span>
    </p>
   </div>
   <div class='ocr_carea' id='block_1_4' title="bbox 535 752 2117 834">
    <p class='ocr_par' dir='ltr' id='par_1_4' title="bbox 535 752 2117 834">
     <span class='ocr_line' id='line_1_4' title="bbox 535 752 2117 834; baseline -0.011 -13"><span class='ocrx_word' id='word_1_20' title='bbox 535 760 797 834; x_wconf 67' lang='lat' dir='ltr'><strong>Numquid</strong></span> <span class='ocrx_word' id='word_1_21' title='bbox 838 760 986 819; x_wconf 85' lang='lat' dir='ltr'><strong>solus</strong></span> <span class='ocrx_word' id='word_1_22' title='bbox 1024 774 1213 832; x_wconf 72' lang='lat' dir='ltr'><strong>pinnas</strong></span> <span class='ocrx_word' id='word_1_23' title='bbox 1240 772 1390 816; x_wconf 85' lang='lat' dir='ltr'><strong>eram</strong></span> <span class='ocrx_word' id='word_1_24' title='bbox 1418 757 1641 813; x_wconf 86' lang='lat' dir='ltr'><strong>daturus</strong></span> <span class='ocrx_word' id='word_1_25' title='bbox 1659 754 1684 810; x_wconf 64' lang='grc' dir='ltr'>ἲ</span> <span class='ocrx_word' id='word_1_26' title='bbox 1703 752 1875 809; x_wconf 89' lang='lat' dir='ltr'><strong>Omne</strong></span> <span class='ocrx_word' id='word_1_27' title='bbox 1897 763 2117 823; x_wconf 90' lang='lat' dir='ltr'><strong>regnum</strong></span> 
     </span>
    </p>
   </div>
   <div class='ocr_carea' id='block_1_5' title="bbox 534 839 2118 923">
    <p class='ocr_par' dir='ltr' id='par_1_5' title="bbox 534 839 2118 923">
     <span class='ocr_line' id='line_1_5' title="bbox 534 839 2118 923; baseline -0.008 -15"><span class='ocrx_word' id='word_1_28' title='bbox 534 867 715 910; x_wconf 87' lang='lat' dir='ltr'><strong>meum</strong></span> <span class='ocrx_word' id='word_1_29' title='bbox 739 852 896 908; x_wconf 86' lang='lat' dir='ltr'><strong>simul</strong></span> <span class='ocrx_word' id='word_1_30' title='bbox 921 851 1249 923; x_wconf 86' lang='lat' dir='ltr'><strong>perdendum</strong></span> <span class='ocrx_word' id='word_1_31' title='bbox 1278 858 1395 907; x_wconf 87' lang='lat' dir='ltr'><strong>erat</strong></span> <span class='ocrx_word' id='word_1_32' title='bbox 1413 863 1479 905; x_wconf 80' lang='lat' dir='ltr'><strong>ex</strong></span> <span class='ocrx_word' id='word_1_33' title='bbox 1504 845 1817 917; x_wconf 71' lang='lat' dir='ltr'><strong>deceptione</strong></span> <span class='ocrx_word' id='word_1_34' title='bbox 1842 856 2003 919; x_wconf 81' lang='lat' dir='ltr'><strong>quam</strong></span> <span class='ocrx_word' id='word_1_35' title='bbox 2036 839 2118 896; x_wconf 88' lang='lat' dir='ltr'><strong>fe-</strong></span> 
     </span>
    </p>
   </div>
   <div class='ocr_carea' id='block_1_6' title="bbox 535 932 2118 1017">
    <p class='ocr_par' dir='ltr' id='par_1_6' title="bbox 535 932 2118 1017">
     <span class='ocr_line' id='line_1_6' title="bbox 535 932 2118 1017; baseline -0.008 -17"><span class='ocrx_word' id='word_1_36' title='bbox 535 943 678 1001; x_wconf 84' lang='lat' dir='ltr'><strong>cisti.</strong></span> <span class='ocrx_word' id='word_1_37' title='bbox 693 942 831 1011; x_wconf 80' lang='lat' dir='ltr'><strong>Quid</strong></span> <span class='ocrx_word' id='word_1_38' title='bbox 851 944 1019 1000; x_wconf 75' lang='lat' dir='ltr'><strong>uidisti</strong></span> <span class='ocrx_word' id='word_1_39' title='bbox 1041 952 1094 999; x_wconf 89' lang='lat' dir='ltr'><strong>ut</strong></span> <span class='ocrx_word' id='word_1_40' title='bbox 1114 943 1208 999; x_wconf 88' lang='lat' dir='ltr'><strong>Itoc</strong></span> <span class='ocrx_word' id='word_1_41' title='bbox 1225 944 1415 1017; x_wconf 77' lang='lat' dir='ltr'><strong>faceres</strong></span> <span class='ocrx_word' id='word_1_42' title='bbox 1433 940 1459 996; x_wconf 66' lang='grc' dir='ltr'>ἲ</span> <span class='ocrx_word' id='word_1_43' title='bbox 1475 937 1765 995; x_wconf 77' lang='lat' dir='ltr'><strong>Considera</strong></span> <span class='ocrx_word' id='word_1_44' title='bbox 1782 934 1890 1002; x_wconf 82' lang='lat' dir='ltr'><strong>hic,</strong></span> <span class='ocrx_word' id='word_1_45' title='bbox 1904 932 2118 997; x_wconf 88' lang='lat' dir='ltr'><strong>dilecte,</strong></span> 
     </span>
    </p>
   </div>
   <div class='ocr_carea' id='block_1_7' title="bbox 538 1022 2124 1107">
    <p class='ocr_par' dir='ltr' id='par_1_7' title="bbox 538 1022 2124 1107">
     <span class='ocr_line' id='line_1_7' title="bbox 538 1022 2124 1107; baseline -0.012 -12"><span class='ocrx_word' id='word_1_46' title='bbox 538 1031 667 1106; x_wconf 71' lang='grc' dir='ltr'><strong>ιυιι</strong></span> <span class='ocrx_word' id='word_1_47' title='bbox 686 1035 1043 1107; x_wconf 77' lang='lat' dir='ltr'><strong>prudentiam,</strong></span> <span class='ocrx_word' id='word_1_48' title='bbox 1061 1032 1328 1107; x_wconf 87' lang='lat' dir='ltr'><strong>quomodo</strong></span> <span class='ocrx_word' id='word_1_49' title='bbox 1342 1028 1723 1088; x_wconf 86' lang='lat' dir='ltr'><strong>satisfactionis</strong></span> <span class='ocrx_word' id='word_1_50' title='bbox 1746 1027 1864 1083; x_wconf 92' lang='lat' dir='ltr'><strong>loco</strong></span> <span class='ocrx_word' id='word_1_51' title='bbox 1892 1024 1947 1079; x_wconf 90' lang='lat' dir='ltr'><strong>in</strong></span> <span class='ocrx_word' id='word_1_52' title='bbox 1970 1022 2124 1095; x_wconf 81' lang='lat' dir='ltr'><strong>agni-</strong></span> 
     </span>
    </p>
   </div>
   <div class='ocr_carea' id='block_1_8' title="bbox 543 1112 2117 1186">
    <p class='ocr_par' dir='ltr' id='par_1_8' title="bbox 543 1112 2117 1186">
     <span class='ocr_line' id='line_1_8' title="bbox 543 1112 2117 1186; baseline -0.009 -5"><span class='ocrx_word' id='word_1_53' title='bbox 543 1124 741 1181; x_wconf 80' lang='lat' dir='ltr'><strong>tionem</strong></span> <span class='ocrx_word' id='word_1_54' title='bbox 790 1124 885 1180; x_wconf 87' lang='lat' dir='ltr'><strong>Dei</strong></span> <span class='ocrx_word' id='word_1_55' title='bbox 934 1124 1057 1180; x_wconf 85' lang='lat' dir='ltr'><strong>illos</strong></span> <span class='ocrx_word' id='word_1_56' title='bbox 1103 1121 1426 1179; x_wconf 85' lang='lat' dir='ltr'><strong>introducat.</strong></span> <span class='ocrx_word' id='word_1_57' title='bbox 1456 1122 1543 1176; x_wconf 77' lang='lat' dir='ltr'><strong>li.</strong></span> <span class='ocrx_word' id='word_1_58' title='bbox 1570 1117 1697 1174; x_wconf 90' lang='lat' dir='ltr'><strong>Dixi</strong></span> <span class='ocrx_word' id='word_1_59' title='bbox 1719 1117 1885 1182; x_wconf 84' lang='lat' dir='ltr'><strong>enim,</strong></span> <span class='ocrx_word' id='word_1_60' title='bbox 1910 1112 2117 1186; x_wconf 89' lang='lat' dir='ltr'><strong>inquit,</strong></span> 
     </span>
    </p>
   </div>
   <div class='ocr_carea' id='block_1_9' title="bbox 539 1203 2189 1285">
    <p class='ocr_par' dir='ltr' id='par_1_9' title="bbox 539 1203 2189 1285">
     <span class='ocr_line' id='line_1_9' title="bbox 539 1203 2189 1285; baseline -0.008 -13"><span class='ocrx_word' id='word_1_61' title='bbox 539 1212 685 1272; x_wconf 68' lang='lat' dir='ltr'><strong>Nunt</strong></span> <span class='ocrx_word' id='word_1_62' title='bbox 720 1214 849 1285; x_wconf 78' lang='lat' dir='ltr'><strong>forte</strong></span> <span class='ocrx_word' id='word_1_63' title='bbox 875 1230 977 1268; x_wconf 87' lang='lat' dir='ltr'><strong>non</strong></span> <span class='ocrx_word' id='word_1_64' title='bbox 999 1222 1076 1270; x_wconf 88' lang='lat' dir='ltr'><strong>est</strong></span> <span class='ocrx_word' id='word_1_65' title='bbox 1104 1213 1257 1269; x_wconf 87' lang='lat' dir='ltr'><strong>timor</strong></span> <span class='ocrx_word' id='word_1_66' title='bbox 1280 1210 1377 1267; x_wconf 88' lang='lat' dir='ltr'><strong>Dei</strong></span> <span class='ocrx_word' id='word_1_67' title='bbox 1411 1212 1465 1266; x_wconf 87' lang='lat' dir='ltr'><strong>in</strong></span> <span class='ocrx_word' id='word_1_68' title='bbox 1498 1210 1611 1266; x_wconf 88' lang='lat' dir='ltr'><strong>loco</strong></span> <span class='ocrx_word' id='word_1_69' title='bbox 1636 1210 1753 1274; x_wconf 89' lang='lat' dir='ltr'><strong>isto,</strong></span> <span class='ocrx_word' id='word_1_70' title='bbox 1784 1220 1963 1277; x_wconf 70' lang='lat' dir='ltr'><strong>meque</strong></span> <span class='ocrx_word' id='word_1_71' title='bbox 1988 1203 2124 1261; x_wconf 70' lang='grc' dir='ltr'><strong>σεσί-</strong></span> <span class='ocrx_word' id='word_1_72' title='bbox 2186 1264 2189 1267; x_wconf 27' lang='grc' dir='ltr'>λ</span> 
     </span>
    </p>
   </div>
   <div class='ocr_carea' id='block_1_10' title="bbox 537 1301 2123 1381">
    <p class='ocr_par' dir='ltr' id='par_1_10' title="bbox 537 1301 2123 1381">
     <span class='ocr_line' id='line_1_10' title="bbox 537 1301 2123 1381; baseline -0.008 -15"><span class='ocrx_word' id='word_1_73' title='bbox 537 1309 659 1366; x_wconf 77' lang='lat' dir='ltr'><strong>deut</strong></span> <span class='ocrx_word' id='word_1_74' title='bbox 683 1317 889 1381; x_wconf 82' lang='lat' dir='ltr'><strong>propter</strong></span> <span class='ocrx_word' id='word_1_75' title='bbox 913 1324 1122 1365; x_wconf 76' lang='lat' dir='ltr'><strong>uxorein</strong></span> <span class='ocrx_word' id='word_1_76' title='bbox 1139 1306 1214 1380; x_wconf 78' lang='grc' dir='ltr'><strong>(α)</strong></span> <span class='ocrx_word' id='word_1_77' title='bbox 1239 1308 1268 1363; x_wconf 72' lang='lat'><strong><em>7</em></strong></span> <span class='ocrx_word' id='word_1_78' title='bbox 1302 1303 1464 1376; x_wconf 81' lang='lat' dir='ltr'><strong>Quasi</strong></span> <span class='ocrx_word' id='word_1_79' title='bbox 1481 1304 1705 1370; x_wconf 90' lang='lat' dir='ltr'><strong>diceret,</strong></span> <span class='ocrx_word' id='word_1_80' title='bbox 1723 1301 1887 1358; x_wconf 90' lang='lat' dir='ltr'><strong>Valde</strong></span> <span class='ocrx_word' id='word_1_81' title='bbox 1912 1312 2123 1360; x_wconf 78' lang='lat' dir='ltr'><strong>mecum</strong></span> 
     </span>
    </p>
   </div>
   <div class='ocr_carea' id='block_1_11' title="bbox 536 1389 2119 1470">
    <p class='ocr_par' dir='ltr' id='par_1_11' title="bbox 536 1389 2119 1470">
     <span class='ocr_line' id='line_1_11' title="bbox 536 1389 2119 1470; baseline -0.006 -15"><span class='ocrx_word' id='word_1_82' title='bbox 536 1400 729 1455; x_wconf 65' lang='lat' dir='ltr'><strong>attritis</strong></span> <span class='ocrx_word' id='word_1_83' title='bbox 755 1398 848 1465; x_wconf 87' lang='lat' dir='ltr'><strong>fni,</strong></span> <span class='ocrx_word' id='word_1_84' title='bbox 878 1414 946 1454; x_wconf 88' lang='lat' dir='ltr'><strong>ne</strong></span> <span class='ocrx_word' id='word_1_85' title='bbox 972 1400 1107 1455; x_wconf 82' lang='lat' dir='ltr'><strong>forte</strong></span> <span class='ocrx_word' id='word_1_86' title='bbox 1132 1414 1199 1454; x_wconf 90' lang='lat' dir='ltr'><strong>eo</strong></span> <span class='ocrx_word' id='word_1_87' title='bbox 1224 1396 1363 1470; x_wconf 84' lang='lat' dir='ltr'><strong>quod</strong></span> <span class='ocrx_word' id='word_1_88' title='bbox 1390 1396 1565 1453; x_wconf 87' lang='lat' dir='ltr'><strong>adhuc</strong></span> <span class='ocrx_word' id='word_1_89' title='bbox 1591 1393 1864 1451; x_wconf 88' lang='lat' dir='ltr'><strong>erroribus</strong></span> <span class='ocrx_word' id='word_1_90' title='bbox 1890 1389 2119 1447; x_wconf 86' lang='lat' dir='ltr'><strong>tenemi-</strong></span> 
     </span>
    </p>
   </div>
   <div class='ocr_carea' id='block_1_12' title="bbox 538 1480 2126 1561">
    <p class='ocr_par' dir='ltr' id='par_1_12' title="bbox 538 1480 2126 1561">
     <span class='ocr_line' id='line_1_12' title="bbox 538 1480 2126 1561; baseline -0.008 -14"><span class='ocrx_word' id='word_1_91' title='bbox 538 1490 593 1547; x_wconf 90' lang='lat' dir='ltr'><strong>ni</strong></span> <span class='ocrx_word' id='word_1_92' title='bbox 613 1531 630 1559; x_wconf 88' lang='lat'><strong>,</strong></span> <span class='ocrx_word' id='word_1_93' title='bbox 660 1490 805 1547; x_wconf 90' lang='lat' dir='ltr'><strong>nulla</strong></span> <span class='ocrx_word' id='word_1_94' title='bbox 859 1486 1009 1547; x_wconf 81' lang='lat' dir='ltr'><strong>vobis</strong></span> <span class='ocrx_word' id='word_1_95' title='bbox 1060 1491 1279 1561; x_wconf 69' lang='lat' dir='ltr'><strong>justitize</strong></span> <span class='ocrx_word' id='word_1_96' title='bbox 1324 1504 1448 1546; x_wconf 88' lang='lat' dir='ltr'><strong>cura</strong></span> <span class='ocrx_word' id='word_1_97' title='bbox 1498 1489 1608 1543; x_wconf 90' lang='lat' dir='ltr'><strong>sit:</strong></span> <span class='ocrx_word' id='word_1_98' title='bbox 1641 1493 1856 1558; x_wconf 85' lang='lat' dir='ltr'><strong>propter</strong></span> <span class='ocrx_word' id='word_1_99' title='bbox 1901 1482 2009 1540; x_wconf 89' lang='lat' dir='ltr'><strong>hoc</strong></span> <span class='ocrx_word' id='word_1_100' title='bbox 2051 1480 2126 1537; x_wconf 88' lang='lat' dir='ltr'><strong>si-</strong></span> 
     </span>
    </p>
   </div>
   <div class='ocr_carea' id='block_1_13' title="bbox 538 1575 2126 1651">
    <p class='ocr_par' dir='ltr' id='par_1_13' title="bbox 538 1575 2126 1651">
     <span class='ocr_line' id='line_1_13' title="bbox 538 1575 2126 1651; baseline -0.006 -15"><span class='ocrx_word' id='word_1_101' title='bbox 538 1582 759 1650; x_wconf 87' lang='lat' dir='ltr'><strong>mulavi,</strong></span> <span class='ocrx_word' id='word_1_102' title='bbox 789 1582 938 1636; x_wconf 89' lang='lat' dir='ltr'><strong>vobis</strong></span> <span class='ocrx_word' id='word_1_103' title='bbox 958 1594 1181 1651; x_wconf 85' lang='lat' dir='ltr'><strong>parcens</strong></span> <span class='ocrx_word' id='word_1_104' title='bbox 1210 1620 1228 1645; x_wconf 93' lang='lat'><strong>,</strong></span> <span class='ocrx_word' id='word_1_105' title='bbox 1271 1589 1330 1635; x_wconf 92' lang='lat' dir='ltr'><strong>ut</strong></span> <span class='ocrx_word' id='word_1_106' title='bbox 1358 1594 1425 1635; x_wconf 91' lang='lat' dir='ltr'><strong>ne</strong></span> <span class='ocrx_word' id='word_1_107' title='bbox 1452 1620 1471 1644; x_wconf 91' lang='lat'><strong>,</strong></span> <span class='ocrx_word' id='word_1_108' title='bbox 1523 1578 1570 1635; x_wconf 87' lang='lat' dir='ltr'><strong>si</strong></span> <span class='ocrx_word' id='word_1_109' title='bbox 1618 1575 1981 1646; x_wconf 87' lang='lat' dir='ltr'><strong>iutelligeretis</strong></span> <span class='ocrx_word' id='word_1_110' title='bbox 2006 1585 2126 1628; x_wconf 86' lang='lat' dir='ltr'><strong>eam</strong></span> 
     </span>
    </p>
   </div>
   <div class='ocr_carea' id='block_1_14' title="bbox 540 1663 2128 1742">
    <p class='ocr_par' dir='ltr' id='par_1_14' title="bbox 540 1663 2128 1742">
     <span class='ocr_line' id='line_1_14' title="bbox 540 1663 2128 1742; baseline -0.005 -14"><span class='ocrx_word' id='word_1_111' title='bbox 540 1669 762 1729; x_wconf 79' lang='lat' dir='ltr'><strong>uxorein</strong></span> <span class='ocrx_word' id='word_1_112' title='bbox 802 1687 975 1728; x_wconf 88' lang='lat' dir='ltr'><strong>meam</strong></span> <span class='ocrx_word' id='word_1_113' title='bbox 1013 1671 1178 1728; x_wconf 85' lang='lat' dir='ltr'><strong>fuisse</strong></span> <span class='ocrx_word' id='word_1_114' title='bbox 1207 1711 1224 1736; x_wconf 91' lang='lat'><strong>,</strong></span> <span class='ocrx_word' id='word_1_115' title='bbox 1251 1670 1392 1741; x_wconf 84' lang='lat' dir='ltr'><strong>capti</strong></span> <span class='ocrx_word' id='word_1_116' title='bbox 1417 1669 1535 1742; x_wconf 84' lang='lat' dir='ltr'><strong>ejus</strong></span> <span class='ocrx_word' id='word_1_117' title='bbox 1562 1682 1746 1723; x_wconf 88' lang='lat' dir='ltr'><strong>amore</strong></span> <span class='ocrx_word' id='word_1_118' title='bbox 1768 1663 2014 1723; x_wconf 91' lang='lat' dir='ltr'><strong>occidere</strong></span> <span class='ocrx_word' id='word_1_119' title='bbox 2040 1676 2128 1720; x_wconf 85' lang='lat' dir='ltr'><strong>me</strong></span> 
     </span>
    </p>
   </div>
   <div class='ocr_carea' id='block_1_15' title="bbox 538 1754 2130 1833">
    <p class='ocr_par' dir='ltr' id='par_1_15' title="bbox 538 1754 2130 1833">
     <span class='ocr_line' id='line_1_15' title="bbox 538 1754 2130 1833; baseline -0.005 -14"><span class='ocrx_word' id='word_1_120' title='bbox 538 1762 844 1820; x_wconf 81' lang='lat' dir='ltr'><strong>tentaretis.</strong></span> <span class='ocrx_word' id='word_1_121' title='bbox 875 1760 1010 1819; x_wconf 89' lang='lat' dir='ltr'><strong>Vide</strong></span> <span class='ocrx_word' id='word_1_122' title='bbox 1033 1761 1300 1833; x_wconf 89' lang='lat' dir='ltr'><strong>quomodo</strong></span> <span class='ocrx_word' id='word_1_123' title='bbox 1347 1776 1443 1832; x_wconf 86' lang='lat' dir='ltr'><strong>per</strong></span> <span class='ocrx_word' id='word_1_124' title='bbox 1480 1774 1645 1833; x_wconf 86' lang='lat' dir='ltr'><strong>pauca</strong></span> <span class='ocrx_word' id='word_1_125' title='bbox 1687 1758 1788 1815; x_wconf 82' lang='lat' dir='ltr'><strong>illa</strong></span> <span class='ocrx_word' id='word_1_126' title='bbox 1815 1756 1979 1814; x_wconf 90' lang='lat' dir='ltr'><strong>verba</strong></span> <span class='ocrx_word' id='word_1_127' title='bbox 2008 1754 2130 1811; x_wconf 90' lang='lat' dir='ltr'><strong>illos</strong></span> 
     </span>
    </p>
   </div>
   <div class='ocr_carea' id='block_1_16' title="bbox 539 1848 2130 1927">
    <p class='ocr_par' dir='ltr' id='par_1_16' title="bbox 539 1848 2130 1927">
     <span class='ocr_line' id='line_1_16' title="bbox 539 1848 2130 1927; baseline -0.004 -16"><span class='ocrx_word' id='word_1_128' title='bbox 539 1863 758 1927; x_wconf 86' lang='lat' dir='ltr'><strong>carpat,</strong></span> <span class='ocrx_word' id='word_1_129' title='bbox 781 1864 838 1912; x_wconf 90' lang='lat' dir='ltr'><strong>et</strong></span> <span class='ocrx_word' id='word_1_130' title='bbox 881 1855 1042 1911; x_wconf 88' lang='lat' dir='ltr'><strong>simul</strong></span> <span class='ocrx_word' id='word_1_131' title='bbox 1080 1855 1272 1911; x_wconf 81' lang='lat' dir='ltr'><strong>doceat</strong></span> <span class='ocrx_word' id='word_1_132' title='bbox 1308 1863 1556 1927; x_wconf 83' lang='lat' dir='ltr'><strong>oportere</strong></span> <span class='ocrx_word' id='word_1_133' title='bbox 1601 1868 1723 1909; x_wconf 91' lang='lat' dir='ltr'><strong>eum</strong></span> <span class='ocrx_word' id='word_1_134' title='bbox 1750 1851 1839 1923; x_wconf 91' lang='lat' dir='ltr'><strong>qui</strong></span> <span class='ocrx_word' id='word_1_135' title='bbox 1880 1851 2046 1906; x_wconf 90' lang='lat' dir='ltr'><strong>Deum</strong></span> <span class='ocrx_word' id='word_1_136' title='bbox 2073 1848 2130 1904; x_wconf 90' lang='lat' dir='ltr'><strong>in</strong></span> 
     </span>
    </p>
   </div>
   <div class='ocr_carea' id='block_1_17' title="bbox 541 1938 2126 2026">
    <p class='ocr_par' dir='ltr' id='par_1_17' title="bbox 541 1938 2126 2026">
     <span class='ocr_line' id='line_1_17' title="bbox 541 1938 2126 2026; baseline -0.005 -25"><span class='ocrx_word' id='word_1_137' title='bbox 541 1953 720 2001; x_wconf 84' lang='lat' dir='ltr'><strong>mente</strong></span> <span class='ocrx_word' id='word_1_138' title='bbox 748 1945 929 2026; x_wconf 75' lang='lat' dir='ltr'><strong>habet,</strong></span> <span class='ocrx_word' id='word_1_139' title='bbox 958 1946 1086 2001; x_wconf 82' lang='lat' dir='ltr'><strong>nihil</strong></span> <span class='ocrx_word' id='word_1_140' title='bbox 1111 1945 1534 2018; x_wconf 84' lang='lat' dir='ltr'><strong>iniquumagere</strong></span> <span class='ocrx_word' id='word_1_141' title='bbox 1559 1984 1576 2010; x_wconf 90' lang='lat'><strong>,</strong></span> <span class='ocrx_word' id='word_1_142' title='bbox 1605 1942 1701 2001; x_wconf 85' lang='lat' dir='ltr'><strong>sed</strong></span> <span class='ocrx_word' id='word_1_143' title='bbox 1729 1942 1943 2013; x_wconf 75' lang='lat' dir='ltr'><strong>vigilem</strong></span> <span class='ocrx_word' id='word_1_144' title='bbox 1973 1938 2126 1995; x_wconf 88' lang='lat' dir='ltr'><strong>illum</strong></span> 
     </span>
    </p>
   </div>
   <div class='ocr_carea' id='block_1_18' title="bbox 543 2033 2127 2110">
    <p class='ocr_par' dir='ltr' id='par_1_18' title="bbox 543 2033 2127 2110">
     <span class='ocr_line' id='line_1_18' title="bbox 543 2033 2127 2110; baseline -0.004 -16"><span class='ocrx_word' id='word_1_145' title='bbox 543 2036 758 2094; x_wconf 90' lang='lat' dir='ltr'><strong>oculum</strong></span> <span class='ocrx_word' id='word_1_146' title='bbox 789 2038 1016 2106; x_wconf 86' lang='lat' dir='ltr'><strong>timere,</strong></span> <span class='ocrx_word' id='word_1_147' title='bbox 1044 2048 1099 2095; x_wconf 88' lang='lat' dir='ltr'><strong>et</strong></span> <span class='ocrx_word' id='word_1_148' title='bbox 1126 2038 1195 2095; x_wconf 93' lang='lat' dir='ltr'><strong>ob</strong></span> <span class='ocrx_word' id='word_1_149' title='bbox 1216 2052 1435 2110; x_wconf 78' lang='lat' dir='ltr'><strong>pronam</strong></span> <span class='ocrx_word' id='word_1_150' title='bbox 1465 2078 1482 2105; x_wconf 95' lang='lat'><strong>,</strong></span> <span class='ocrx_word' id='word_1_151' title='bbox 1503 2051 1622 2108; x_wconf 63' lang='lat' dir='ltr'><strong>qua:</strong></span> <span class='ocrx_word' id='word_1_152' title='bbox 1642 2035 1711 2092; x_wconf 88' lang='lat' dir='ltr'><strong>ab</strong></span> <span class='ocrx_word' id='word_1_153' title='bbox 1732 2034 1822 2091; x_wconf 89' lang='lat' dir='ltr'><strong>illo</strong></span> <span class='ocrx_word' id='word_1_154' title='bbox 1841 2033 2081 2091; x_wconf 81' lang='lat' dir='ltr'><strong>imminet</strong></span> <span class='ocrx_word' id='word_1_155' title='bbox 2108 2070 2127 2100; x_wconf 94' lang='lat'><strong>,</strong></span> 
     </span>
    </p>
   </div>
   <div class='ocr_carea' id='block_1_19' title="bbox 544 2126 2132 2201">
    <p class='ocr_par' dir='ltr' id='par_1_19' title="bbox 544 2126 2132 2201">
     <span class='ocr_line' id='line_1_19' title="bbox 544 2126 2132 2201; baseline -0.001 -18"><span class='ocrx_word' id='word_1_156' title='bbox 544 2129 762 2184; x_wconf 89' lang='lat' dir='ltr'><strong>multam</strong></span> <span class='ocrx_word' id='word_1_157' title='bbox 798 2128 1019 2199; x_wconf 68' lang='lat' dir='ltr'><strong>iustitiae</strong></span> <span class='ocrx_word' id='word_1_158' title='bbox 1053 2143 1235 2185; x_wconf 86' lang='lat' dir='ltr'><strong>curam</strong></span> <span class='ocrx_word' id='word_1_159' title='bbox 1271 2143 1484 2201; x_wconf 87' lang='lat' dir='ltr'><strong>gerere.</strong></span> <span class='ocrx_word' id='word_1_160' title='bbox 1514 2128 1708 2184; x_wconf 78' lang='lat' dir='ltr'><strong>Postea</strong></span> <span class='ocrx_word' id='word_1_161' title='bbox 1736 2126 1923 2182; x_wconf 81' lang='lat' dir='ltr'><strong>volens</strong></span> <span class='ocrx_word' id='word_1_162' title='bbox 1949 2140 2046 2196; x_wconf 86' lang='lat' dir='ltr'><strong>pro</strong></span> <span class='ocrx_word' id='word_1_163' title='bbox 2070 2138 2132 2181; x_wconf 83' lang='lat' dir='ltr'><strong>se</strong></span> 
     </span>
    </p>
   </div>
   <div class='ocr_carea' id='block_1_20' title="bbox 544 2215 2130 2290">
    <p class='ocr_par' dir='ltr' id='par_1_20' title="bbox 544 2215 2130 2290">
     <span class='ocr_line' id='line_1_20' title="bbox 544 2215 2130 2290; baseline -0.001 -16"><span class='ocrx_word' id='word_1_164' title='bbox 544 2216 908 2275; x_wconf 81' lang='lat' dir='ltr'><strong>defensionem</strong></span> <span class='ocrx_word' id='word_1_165' title='bbox 934 2218 1150 2287; x_wconf 86' lang='lat' dir='ltr'><strong>all&#39;erre,</strong></span> <span class='ocrx_word' id='word_1_166' title='bbox 1171 2218 1251 2277; x_wconf 85' lang='lat' dir='ltr'><strong>Ne</strong></span> <span class='ocrx_word' id='word_1_167' title='bbox 1279 2217 1496 2290; x_wconf 87' lang='lat' dir='ltr'><strong>putetis,</strong></span> <span class='ocrx_word' id='word_1_168' title='bbox 1520 2217 1726 2289; x_wconf 85' lang='lat' dir='ltr'><strong>inquit,</strong></span> <span class='ocrx_word' id='word_1_169' title='bbox 1758 2232 1844 2272; x_wconf 91' lang='lat' dir='ltr'><strong>me</strong></span> <span class='ocrx_word' id='word_1_170' title='bbox 1860 2216 2022 2274; x_wconf 88' lang='lat' dir='ltr'><strong>etiam</strong></span> <span class='ocrx_word' id='word_1_171' title='bbox 2048 2215 2130 2273; x_wconf 89' lang='lat' dir='ltr'><strong>sic</strong></span> 
     </span>
    </p>
   </div>
   <div class='ocr_carea' id='block_1_21' title="bbox 545 2305 2131 2379">
    <p class='ocr_par' dir='ltr' id='par_1_21' title="bbox 545 2305 2131 2379">
     <span class='ocr_line' id='line_1_21' title="bbox 545 2305 2131 2379; baseline -0.003 -14"><span class='ocrx_word' id='word_1_172' title='bbox 545 2309 825 2366; x_wconf 88' lang='lat' dir='ltr'><strong>mentitum</strong></span> <span class='ocrx_word' id='word_1_173' title='bbox 851 2324 989 2366; x_wconf 82' lang='lat' dir='ltr'><strong>esse.</strong></span> <span class='ocrx_word' id='word_1_174' title='bbox 1019 2311 1104 2367; x_wconf 71' lang='grc' dir='ltr'><strong>η.</strong></span> <span class='ocrx_word' id='word_1_175' title='bbox 1134 2308 1335 2367; x_wconf 76' lang='lat' dir='ltr'><strong>Etenim</strong></span> <span class='ocrx_word' id='word_1_176' title='bbox 1355 2326 1499 2366; x_wconf 91' lang='lat' dir='ltr'><strong>soror</strong></span> <span class='ocrx_word' id='word_1_177' title='bbox 1519 2325 1630 2363; x_wconf 88' lang='lat' dir='ltr'><strong>mea</strong></span> <span class='ocrx_word' id='word_1_178' title='bbox 1647 2316 1721 2364; x_wconf 91' lang='lat' dir='ltr'><strong>est</strong></span> <span class='ocrx_word' id='word_1_179' title='bbox 1748 2323 1812 2363; x_wconf 85' lang='lat' dir='ltr'><strong>ex</strong></span> <span class='ocrx_word' id='word_1_180' title='bbox 1831 2315 1974 2379; x_wconf 85' lang='lat' dir='ltr'><strong>patre</strong></span> <span class='ocrx_word' id='word_1_181' title='bbox 1991 2346 2008 2373; x_wconf 92' lang='lat'><strong>,</strong></span> <span class='ocrx_word' id='word_1_182' title='bbox 2037 2305 2131 2364; x_wconf 86' lang='lat' dir='ltr'><strong>sed</strong></span> 
     </span>
    </p>
   </div>
   <div class='ocr_carea' id='block_1_22' title="bbox 545 2397 2134 2468">
    <p class='ocr_par' dir='ltr' id='par_1_22' title="bbox 545 2397 2134 2468">
     <span class='ocr_line' id='line_1_22' title="bbox 545 2397 2134 2468; baseline -0.002 -13"><span class='ocrx_word' id='word_1_183' title='bbox 545 2417 649 2456; x_wconf 86' lang='lat' dir='ltr'><strong>non</strong></span> <span class='ocrx_word' id='word_1_184' title='bbox 679 2418 743 2456; x_wconf 84' lang='lat' dir='ltr'><strong>ex</strong></span> <span class='ocrx_word' id='word_1_185' title='bbox 769 2411 963 2468; x_wconf 85' lang='lat' dir='ltr'><strong>matre;</strong></span> <span class='ocrx_word' id='word_1_186' title='bbox 989 2403 1111 2457; x_wconf 88' lang='lat' dir='ltr'><strong>data</strong></span> <span class='ocrx_word' id='word_1_187' title='bbox 1151 2412 1319 2458; x_wconf 75' lang='lat' dir='ltr'><strong>autem</strong></span> <span class='ocrx_word' id='word_1_188' title='bbox 1361 2400 1487 2456; x_wconf 79' lang='lat' dir='ltr'><strong>mihi</strong></span> <span class='ocrx_word' id='word_1_189' title='bbox 1527 2410 1602 2456; x_wconf 89' lang='lat' dir='ltr'><strong>est</strong></span> <span class='ocrx_word' id='word_1_190' title='bbox 1641 2401 1694 2455; x_wconf 90' lang='lat' dir='ltr'><strong>in</strong></span> <span class='ocrx_word' id='word_1_191' title='bbox 1740 2414 1971 2455; x_wconf 81' lang='lat' dir='ltr'><strong>uxorem.</strong></span> <span class='ocrx_word' id='word_1_192' title='bbox 1998 2397 2134 2467; x_wconf 80' lang='lat' dir='ltr'><strong>Quia</strong></span> 
     </span>
    </p>
   </div>
   <div class='ocr_carea' id='block_1_23' title="bbox 545 2489 2129 2565">
    <p class='ocr_par' dir='ltr' id='par_1_23' title="bbox 545 2489 2129 2565">
     <span class='ocr_line' id='line_1_23' title="bbox 545 2489 2129 2565; baseline -0.003 -15"><span class='ocrx_word' id='word_1_193' title='bbox 545 2494 788 2550; x_wconf 85' lang='lat' dir='ltr'><strong>eumdem</strong></span> <span class='ocrx_word' id='word_1_194' title='bbox 818 2503 1019 2565; x_wconf 79' lang='lat' dir='ltr'><strong>patrem</strong></span> <span class='ocrx_word' id='word_1_195' title='bbox 1049 2503 1199 2551; x_wconf 83' lang='lat' dir='ltr'><strong>vocat</strong></span> <span class='ocrx_word' id='word_1_196' title='bbox 1218 2535 1235 2561; x_wconf 89' lang='lat'><strong>,</strong></span> <span class='ocrx_word' id='word_1_197' title='bbox 1261 2494 1473 2565; x_wconf 83' lang='lat' dir='ltr'><strong>inquit.</strong></span> <span class='ocrx_word' id='word_1_198' title='bbox 1502 2507 1662 2564; x_wconf 89' lang='lat' dir='ltr'><strong>quem</strong></span> <span class='ocrx_word' id='word_1_199' title='bbox 1688 2503 1743 2548; x_wconf 90' lang='lat' dir='ltr'><strong>et</strong></span> <span class='ocrx_word' id='word_1_200' title='bbox 1761 2505 1892 2562; x_wconf 87' lang='lat' dir='ltr'><strong>ego;</strong></span> <span class='ocrx_word' id='word_1_201' title='bbox 1920 2489 2044 2555; x_wconf 88' lang='lat' dir='ltr'><strong>ideo</strong></span> <span class='ocrx_word' id='word_1_202' title='bbox 2070 2496 2129 2546; x_wconf 89' lang='lat' dir='ltr'><strong>et</strong></span> 
     </span>
    </p>
   </div>
   <div class='ocr_carea' id='block_1_24' title="bbox 548 2581 2131 2657">
    <p class='ocr_par' dir='ltr' id='par_1_24' title="bbox 548 2581 2131 2657">
     <span class='ocr_line' id='line_1_24' title="bbox 548 2581 2131 2657; baseline -0.004 -15"><span class='ocrx_word' id='word_1_203' title='bbox 548 2599 789 2642; x_wconf 83' lang='lat' dir='ltr'><strong>sororem</strong></span> <span class='ocrx_word' id='word_1_204' title='bbox 836 2586 1004 2657; x_wconf 83' lang='lat' dir='ltr'><strong>ipsam</strong></span> <span class='ocrx_word' id='word_1_205' title='bbox 1054 2585 1262 2642; x_wconf 86' lang='lat' dir='ltr'><strong>vocavi.</strong></span> <span class='ocrx_word' id='word_1_206' title='bbox 1307 2584 1389 2642; x_wconf 84' lang='lat' dir='ltr'><strong>Ne</strong></span> <span class='ocrx_word' id='word_1_207' title='bbox 1424 2583 1583 2655; x_wconf 89' lang='lat' dir='ltr'><strong>igitur</strong></span> <span class='ocrx_word' id='word_1_208' title='bbox 1612 2581 1979 2638; x_wconf 82' lang='lat' dir='ltr'><strong>condemnetis</strong></span> <span class='ocrx_word' id='word_1_209' title='bbox 2023 2595 2131 2636; x_wconf 84' lang='lat' dir='ltr'><strong>me.</strong></span> 
     </span>
    </p>
   </div>
   <div class='ocr_carea' id='block_1_25' title="bbox 551 2672 2134 2732">
    <p class='ocr_par' dir='ltr' id='par_1_25' title="bbox 551 2672 2134 2732">
     <span class='ocr_line' id='line_1_25' title="bbox 551 2672 2134 2732; baseline -0.003 -1"><span class='ocrx_word' id='word_1_210' title='bbox 551 2672 685 2731; x_wconf 76' lang='lat' dir='ltr'><strong>Nam</strong></span> <span class='ocrx_word' id='word_1_211' title='bbox 722 2675 824 2732; x_wconf 85' lang='lat' dir='ltr'><strong>etsi</strong></span> <span class='ocrx_word' id='word_1_212' title='bbox 864 2693 894 2729; x_wconf 92' lang='lat' dir='ltr'><strong>n</strong></span> <span class='ocrx_word' id='word_1_213' title='bbox 916 2685 1036 2731; x_wconf 90' lang='lat' dir='ltr'><strong>etus</strong></span> <span class='ocrx_word' id='word_1_214' title='bbox 1074 2675 1262 2731; x_wconf 85' lang='lat' dir='ltr'><strong>mortis</strong></span> <span class='ocrx_word' id='word_1_215' title='bbox 1286 2674 1340 2731; x_wconf 91' lang='lat' dir='ltr'><strong>in</strong></span> <span class='ocrx_word' id='word_1_216' title='bbox 1366 2673 1502 2730; x_wconf 87' lang='lat' dir='ltr'><strong>banc</strong></span> <span class='ocrx_word' id='word_1_217' title='bbox 1528 2687 1613 2729; x_wconf 90' lang='lat' dir='ltr'><strong>me</strong></span> <span class='ocrx_word' id='word_1_218' title='bbox 1641 2672 2013 2729; x_wconf 80' lang='lat' dir='ltr'><strong>necessin</strong></span> <span class='ocrx_word' id='word_1_219' title='bbox 2037 2684 2134 2726; x_wconf 85' lang='lat' dir='ltr'><strong>co-</strong></span> 
     </span>
    </p>
   </div>
   <div class='ocr_carea' id='block_1_26' title="bbox 552 2762 2135 2839">
    <p class='ocr_par' dir='ltr' id='par_1_26' title="bbox 552 2762 2135 2839">
     <span class='ocr_line' id='line_1_26' title="bbox 552 2762 2135 2839; baseline -0.004 -16"><span class='ocrx_word' id='word_1_220' title='bbox 552 2766 743 2839; x_wconf 78' lang='lat' dir='ltr'><strong>egerit,</strong></span> <span class='ocrx_word' id='word_1_221' title='bbox 765 2776 818 2821; x_wconf 91' lang='lat' dir='ltr'><strong>et</strong></span> <span class='ocrx_word' id='word_1_222' title='bbox 837 2766 957 2837; x_wconf 67' lang='lat' dir='ltr'><strong>quia</strong></span> <span class='ocrx_word' id='word_1_223' title='bbox 987 2767 1134 2822; x_wconf 89' lang='lat' dir='ltr'><strong>timui</strong></span> <span class='ocrx_word' id='word_1_224' title='bbox 1160 2781 1228 2823; x_wconf 91' lang='lat' dir='ltr'><strong>ne</strong></span> <span class='ocrx_word' id='word_1_225' title='bbox 1250 2764 1389 2821; x_wconf 84' lang='lat' dir='ltr'><strong>forte</strong></span> <span class='ocrx_word' id='word_1_226' title='bbox 1413 2774 1630 2837; x_wconf 87' lang='lat' dir='ltr'><strong>propter</strong></span> <span class='ocrx_word' id='word_1_227' title='bbox 1654 2779 1773 2820; x_wconf 90' lang='lat' dir='ltr'><strong>eam</strong></span> <span class='ocrx_word' id='word_1_228' title='bbox 1806 2779 1893 2819; x_wconf 89' lang='lat' dir='ltr'><strong>me</strong></span> <span class='ocrx_word' id='word_1_229' title='bbox 1919 2762 2135 2819; x_wconf 79' lang='lat' dir='ltr'><strong>occide-</strong></span> 
     </span>
    </p>
   </div>
   <div class='ocr_carea' id='block_1_27' title="bbox 547 2854 2134 2931">
    <p class='ocr_par' dir='ltr' id='par_1_27' title="bbox 547 2854 2134 2931">
     <span class='ocr_line' id='line_1_27' title="bbox 547 2854 2134 2931; baseline -0.001 -19"><span class='ocrx_word' id='word_1_230' title='bbox 547 2858 715 2923; x_wconf 85' lang='lat' dir='ltr'><strong>retis,</strong></span> <span class='ocrx_word' id='word_1_231' title='bbox 744 2857 909 2927; x_wconf 77' lang='lat' dir='ltr'><strong>ipsum</strong></span> <span class='ocrx_word' id='word_1_232' title='bbox 960 2868 1139 2912; x_wconf 87' lang='lat' dir='ltr'><strong>autem</strong></span> <span class='ocrx_word' id='word_1_233' title='bbox 1189 2857 1243 2911; x_wconf 91' lang='lat' dir='ltr'><strong>in</strong></span> <span class='ocrx_word' id='word_1_234' title='bbox 1292 2855 1400 2911; x_wconf 79' lang='lat' dir='ltr'><strong>vita</strong></span> <span class='ocrx_word' id='word_1_235' title='bbox 1438 2854 1868 2912; x_wconf 87' lang='lat' dir='ltr'><strong>conservaretis:</strong></span> <span class='ocrx_word' id='word_1_236' title='bbox 1895 2862 2134 2931; x_wconf 78' lang='lat' dir='ltr'><strong>attamen</strong></span> 
     </span>
    </p>
   </div>
   <div class='ocr_carea' id='block_1_28' title="bbox 546 2942 2132 3018">
    <p class='ocr_par' dir='ltr' id='par_1_28' title="bbox 546 2942 2132 3018">
     <span class='ocr_line' id='line_1_28' title="bbox 546 2942 2132 3018; baseline -0.003 -15"><span class='ocrx_word' id='word_1_237' title='bbox 546 2959 720 3017; x_wconf 85' lang='lat' dir='ltr'><strong>neque</strong></span> <span class='ocrx_word' id='word_1_238' title='bbox 734 2947 814 3003; x_wconf 85' lang='lat' dir='ltr'><strong>sic</strong></span> <span class='ocrx_word' id='word_1_239' title='bbox 838 2954 921 3003; x_wconf 90' lang='lat' dir='ltr'><strong>est</strong></span> <span class='ocrx_word' id='word_1_240' title='bbox 944 2944 1275 3002; x_wconf 83' lang='lat' dir='ltr'><strong>mendacium</strong></span> <span class='ocrx_word' id='word_1_241' title='bbox 1306 2945 1447 3018; x_wconf 92' lang='lat' dir='ltr'><strong>quod</strong></span> <span class='ocrx_word' id='word_1_242' title='bbox 1476 2960 1506 3001; x_wconf 90' lang='lat' dir='ltr'><strong>a</strong></span> <span class='ocrx_word' id='word_1_243' title='bbox 1528 2960 1614 3002; x_wconf 90' lang='lat' dir='ltr'><strong>me</strong></span> <span class='ocrx_word' id='word_1_244' title='bbox 1640 2945 1838 3001; x_wconf 90' lang='lat' dir='ltr'><strong>dictum</strong></span> <span class='ocrx_word' id='word_1_245' title='bbox 1864 2951 1967 3000; x_wconf 89' lang='lat' dir='ltr'><strong>est.</strong></span> <span class='ocrx_word' id='word_1_246' title='bbox 2000 2942 2132 2999; x_wconf 81' lang='lat' dir='ltr'><strong>Vide</strong></span> 
     </span>
    </p>
   </div>
   <div class='ocr_carea' id='block_1_29' title="bbox 548 3032 2134 3108">
    <p class='ocr_par' dir='ltr' id='par_1_29' title="bbox 548 3032 2134 3108">
     <span class='ocr_line' id='line_1_29' title="bbox 548 3032 2134 3108; baseline -0.003 -15"><span class='ocrx_word' id='word_1_247' title='bbox 548 3050 707 3107; x_wconf 88' lang='lat' dir='ltr'><strong>quam</strong></span> <span class='ocrx_word' id='word_1_248' title='bbox 733 3036 1018 3108; x_wconf 78' lang='lat' dir='ltr'><strong>diligenter</strong></span> <span class='ocrx_word' id='word_1_249' title='bbox 1040 3036 1146 3108; x_wconf 83' lang='lat' dir='ltr'><strong>agit</strong></span> <span class='ocrx_word' id='word_1_250' title='bbox 1177 3036 1386 3108; x_wconf 75' lang='lat' dir='ltr'><strong>justus,</strong></span> <span class='ocrx_word' id='word_1_251' title='bbox 1416 3045 1474 3092; x_wconf 93' lang='lat' dir='ltr'><strong>ut</strong></span> <span class='ocrx_word' id='word_1_252' title='bbox 1510 3043 1772 3091; x_wconf 85' lang='lat' dir='ltr'><strong>monstret</strong></span> <span class='ocrx_word' id='word_1_253' title='bbox 1793 3049 1852 3089; x_wconf 85' lang='lat' dir='ltr'><strong>se</strong></span> <span class='ocrx_word' id='word_1_254' title='bbox 1879 3047 2052 3105; x_wconf 88' lang='lat' dir='ltr'><strong>neque</strong></span> <span class='ocrx_word' id='word_1_255' title='bbox 2078 3032 2134 3089; x_wconf 80' lang='lat' dir='ltr'><strong>in</strong></span> 
     </span>
    </p>
   </div>
   <div class='ocr_carea' id='block_1_30' title="bbox 546 3125 2121 3197">
    <p class='ocr_par' dir='ltr' id='par_1_30' title="bbox 546 3125 2121 3197">
     <span class='ocr_line' id='line_1_30' title="bbox 546 3125 2121 3197; baseline -0.001 -16"><span class='ocrx_word' id='word_1_256' title='bbox 546 3126 652 3183; x_wconf 82' lang='lat' dir='ltr'><strong>hoc</strong></span> <span class='ocrx_word' id='word_1_257' title='bbox 675 3128 979 3183; x_wconf 87' lang='lat' dir='ltr'><strong>mentitum.</strong></span> <span class='ocrx_word' id='word_1_258' title='bbox 1012 3128 1079 3183; x_wconf 79' lang='lat' dir='ltr'><strong>Et</strong></span> <span class='ocrx_word' id='word_1_259' title='bbox 1105 3136 1166 3183; x_wconf 94' lang='lat' dir='ltr'><strong>ut</strong></span> <span class='ocrx_word' id='word_1_260' title='bbox 1189 3128 1367 3183; x_wconf 84' lang='lat' dir='ltr'><strong>omnia</strong></span> <span class='ocrx_word' id='word_1_261' title='bbox 1390 3168 1406 3194; x_wconf 93' lang='lat'><strong>,</strong></span> <span class='ocrx_word' id='word_1_262' title='bbox 1439 3126 1611 3197; x_wconf 82' lang='lat' dir='ltr'><strong>inquit</strong></span> <span class='ocrx_word' id='word_1_263' title='bbox 1636 3166 1651 3193; x_wconf 89' lang='lat'><strong>,</strong></span> <span class='ocrx_word' id='word_1_264' title='bbox 1678 3125 1958 3197; x_wconf 83' lang='lat' dir='ltr'><strong>diligenter</strong></span> <span class='ocrx_word' id='word_1_265' title='bbox 1985 3139 2015 3179; x_wconf 89' lang='lat' dir='ltr'><strong>a</strong></span> <span class='ocrx_word' id='word_1_266' title='bbox 2036 3138 2121 3180; x_wconf 91' lang='lat' dir='ltr'><strong>me</strong></span> 
     </span>
    </p>
   </div>
   <div class='ocr_carea' id='block_1_31' title="bbox 546 3216 2134 3291">
    <p class='ocr_par' dir='ltr' id='par_1_31' title="bbox 546 3216 2134 3291">
     <span class='ocr_line' id='line_1_31' title="bbox 546 3216 2134 3291; baseline -0.003 -16"><span class='ocrx_word' id='word_1_267' title='bbox 546 3218 751 3285; x_wconf 84' lang='lat' dir='ltr'><strong>sciatis,</strong></span> <span class='ocrx_word' id='word_1_268' title='bbox 776 3218 955 3275; x_wconf 82' lang='lat' dir='ltr'><strong>audite</strong></span> <span class='ocrx_word' id='word_1_269' title='bbox 974 3228 1029 3276; x_wconf 86' lang='lat' dir='ltr'><strong>et</strong></span> <span class='ocrx_word' id='word_1_270' title='bbox 1054 3218 1333 3275; x_wconf 87' lang='lat' dir='ltr'><strong>consilium</strong></span> <span class='ocrx_word' id='word_1_271' title='bbox 1357 3259 1372 3283; x_wconf 90' lang='lat'><strong>,</strong></span> <span class='ocrx_word' id='word_1_272' title='bbox 1400 3217 1544 3291; x_wconf 88' lang='lat' dir='ltr'><strong>quod</strong></span> <span class='ocrx_word' id='word_1_273' title='bbox 1566 3218 1705 3274; x_wconf 87' lang='lat' dir='ltr'><strong>inter</strong></span> <span class='ocrx_word' id='word_1_274' title='bbox 1742 3231 1841 3274; x_wconf 86' lang='lat' dir='ltr'><strong>nos</strong></span> <span class='ocrx_word' id='word_1_275' title='bbox 1864 3216 2134 3283; x_wconf 81' lang='lat' dir='ltr'><strong>inivimus,</strong></span> 
     </span>
    </p>
   </div>
   <div class='ocr_carea' id='block_1_32' title="bbox 549 3308 2137 3379">
    <p class='ocr_par' dir='ltr' id='par_1_32' title="bbox 549 3308 2137 3379">
     <span class='ocr_line' id='line_1_32' title="bbox 549 3308 2137 3379; baseline 0 -14"><span class='ocrx_word' id='word_1_276' title='bbox 549 3309 639 3366; x_wconf 71' lang='grc'><strong>13.</strong></span> <span class='ocrx_word' id='word_1_277' title='bbox 669 3308 885 3376; x_wconf 75' lang='lat' dir='ltr'><strong>Quando</strong></span> <span class='ocrx_word' id='word_1_278' title='bbox 938 3311 1114 3365; x_wconf 78' lang='lat' dir='ltr'><strong>eduxit</strong></span> <span class='ocrx_word' id='word_1_279' title='bbox 1171 3326 1252 3365; x_wconf 88' lang='lat' dir='ltr'><strong>me</strong></span> <span class='ocrx_word' id='word_1_280' title='bbox 1305 3308 1444 3364; x_wconf 81' lang='lat' dir='ltr'><strong>Deus</strong></span> <span class='ocrx_word' id='word_1_281' title='bbox 1496 3310 1561 3365; x_wconf 86' lang='lat' dir='ltr'><strong>de</strong></span> <span class='ocrx_word' id='word_1_282' title='bbox 1600 3308 1750 3365; x_wconf 84' lang='lat' dir='ltr'><strong>domo</strong></span> <span class='ocrx_word' id='word_1_283' title='bbox 1807 3308 1965 3379; x_wconf 87' lang='lat' dir='ltr'><strong>patris</strong></span> <span class='ocrx_word' id='word_1_284' title='bbox 2017 3308 2137 3365; x_wconf 81' lang='lat' dir='ltr'><strong>mei.</strong></span> 
     </span>
    </p>
   </div>
   <div class='ocr_carea' id='block_1_33' title="bbox 553 3397 2132 3471">
    <p class='ocr_par' dir='ltr' id='par_1_33' title="bbox 553 3397 2132 3471">
     <span class='ocr_line' id='line_1_33' title="bbox 553 3397 2132 3471; baseline -0.001 -14"><span class='ocrx_word' id='word_1_285' title='bbox 553 3400 843 3458; x_wconf 84' lang='lat' dir='ltr'><strong>Considera</strong></span> <span class='ocrx_word' id='word_1_286' title='bbox 869 3441 887 3469; x_wconf 92' lang='lat'><strong>,</strong></span> <span class='ocrx_word' id='word_1_287' title='bbox 917 3401 1142 3457; x_wconf 87' lang='lat' dir='ltr'><strong>obsecro</strong></span> <span class='ocrx_word' id='word_1_288' title='bbox 1168 3441 1185 3469; x_wconf 90' lang='lat'><strong>,</strong></span> <span class='ocrx_word' id='word_1_289' title='bbox 1210 3400 1298 3456; x_wconf 88' lang='lat' dir='ltr'><strong>hic</strong></span> <span class='ocrx_word' id='word_1_290' title='bbox 1342 3413 1589 3471; x_wconf 89' lang='lat' dir='ltr'><strong>magnam</strong></span> <span class='ocrx_word' id='word_1_291' title='bbox 1615 3397 1744 3468; x_wconf 82' lang='lat' dir='ltr'><strong>justi</strong></span> <span class='ocrx_word' id='word_1_292' title='bbox 1773 3398 2090 3469; x_wconf 86' lang='lat' dir='ltr'><strong>sapientiam</strong></span> <span class='ocrx_word' id='word_1_293' title='bbox 2116 3437 2132 3456; x_wconf 93' lang='lat'><strong>.</strong></span> 
     </span>
    </p>
   </div>
   <div class='ocr_carea' id='block_1_34' title="bbox 547 3490 2134 3564">
    <p class='ocr_par' dir='ltr' id='par_1_34' title="bbox 547 3490 2134 3564">
     <span class='ocr_line' id='line_1_34' title="bbox 547 3490 2134 3564; baseline -0.003 -17"><span class='ocrx_word' id='word_1_294' title='bbox 547 3492 817 3564; x_wconf 83' lang='lat' dir='ltr'><strong>quomodo</strong></span> <span class='ocrx_word' id='word_1_295' title='bbox 845 3492 897 3547; x_wconf 92' lang='lat' dir='ltr'><strong>in</strong></span> <span class='ocrx_word' id='word_1_296' title='bbox 931 3493 1071 3549; x_wconf 90' lang='lat' dir='ltr'><strong>serie</strong></span> <span class='ocrx_word' id='word_1_297' title='bbox 1104 3491 1423 3547; x_wconf 74' lang='lat' dir='ltr'><strong>narrationis</strong></span> <span class='ocrx_word' id='word_1_298' title='bbox 1442 3490 1599 3547; x_wconf 89' lang='lat' dir='ltr'><strong>docet</strong></span> <span class='ocrx_word' id='word_1_299' title='bbox 1623 3506 1720 3547; x_wconf 89' lang='lat' dir='ltr'><strong>eos</strong></span> <span class='ocrx_word' id='word_1_300' title='bbox 1741 3531 1758 3558; x_wconf 95' lang='lat'><strong>,</strong></span> <span class='ocrx_word' id='word_1_301' title='bbox 1785 3505 1847 3546; x_wconf 88' lang='lat' dir='ltr'><strong>se</strong></span> <span class='ocrx_word' id='word_1_302' title='bbox 1870 3504 1901 3543; x_wconf 88' lang='lat' dir='ltr'><strong>a</strong></span> <span class='ocrx_word' id='word_1_303' title='bbox 1930 3490 2134 3560; x_wconf 88' lang='lat' dir='ltr'><strong>princi-</strong></span> 
     </span>
    </p>
   </div>
   <div class='ocr_carea' id='block_1_35' title="bbox 545 3579 2140 3654">
    <p class='ocr_par' dir='ltr' id='par_1_35' title="bbox 545 3579 2140 3654">
     <span class='ocr_line' id='line_1_35' title="bbox 545 3579 2140 3654; baseline -0.001 -18"><span class='ocrx_word' id='word_1_304' title='bbox 545 3582 645 3652; x_wconf 79' lang='lat' dir='ltr'><strong>pio</strong></span> <span class='ocrx_word' id='word_1_305' title='bbox 670 3580 833 3638; x_wconf 88' lang='lat' dir='ltr'><strong>fuisse</strong></span> <span class='ocrx_word' id='word_1_306' title='bbox 860 3582 1198 3654; x_wconf 88' lang='lat' dir='ltr'><strong>peculiariter</strong></span> <span class='ocrx_word' id='word_1_307' title='bbox 1240 3582 1513 3638; x_wconf 85' lang='lat' dir='ltr'><strong>addictum</strong></span> <span class='ocrx_word' id='word_1_308' title='bbox 1557 3581 1668 3637; x_wconf 90' lang='lat' dir='ltr'><strong>Deo</strong></span> <span class='ocrx_word' id='word_1_309' title='bbox 1693 3621 1711 3649; x_wconf 92' lang='lat'><strong>,</strong></span> <span class='ocrx_word' id='word_1_310' title='bbox 1741 3588 1797 3637; x_wconf 87' lang='lat' dir='ltr'><strong>et</strong></span> <span class='ocrx_word' id='word_1_311' title='bbox 1828 3579 1995 3636; x_wconf 91' lang='lat' dir='ltr'><strong>Deum</strong></span> <span class='ocrx_word' id='word_1_312' title='bbox 2022 3593 2081 3634; x_wconf 90' lang='lat' dir='ltr'><strong>se</strong></span> <span class='ocrx_word' id='word_1_313' title='bbox 2106 3593 2140 3634; x_wconf 91' lang='lat' dir='ltr'><strong>a</strong></span> 
     </span>
    </p>
   </div>
   <div class='ocr_carea' id='block_1_36' title="bbox 558 3671 2143 3742">
    <p class='ocr_par' dir='ltr' id='par_1_36' title="bbox 558 3671 2143 3742">
     <span class='ocr_line' id='line_1_36' title="bbox 558 3671 2143 3742; baseline -0.003 -12"><span class='ocrx_word' id='word_1_314' title='bbox 558 3673 722 3730; x_wconf 87' lang='lat' dir='ltr'><strong>domo</strong></span> <span class='ocrx_word' id='word_1_315' title='bbox 745 3688 841 3730; x_wconf 87' lang='lat' dir='ltr'><strong>sua</strong></span> <span class='ocrx_word' id='word_1_316' title='bbox 871 3674 1212 3742; x_wconf 77' lang='lat' dir='ltr'><strong>evocavisse,</strong></span> <span class='ocrx_word' id='word_1_317' title='bbox 1243 3683 1298 3730; x_wconf 90' lang='lat' dir='ltr'><strong>et</strong></span> <span class='ocrx_word' id='word_1_318' title='bbox 1336 3674 1388 3728; x_wconf 90' lang='lat' dir='ltr'><strong>in</strong></span> <span class='ocrx_word' id='word_1_319' title='bbox 1430 3688 1554 3730; x_wconf 92' lang='lat' dir='ltr'><strong>eum</strong></span> <span class='ocrx_word' id='word_1_320' title='bbox 1584 3672 1758 3730; x_wconf 91' lang='lat' dir='ltr'><strong>locum</strong></span> <span class='ocrx_word' id='word_1_321' title='bbox 1800 3671 2053 3736; x_wconf 78' lang='lat' dir='ltr'><strong>duxisse;</strong></span> <span class='ocrx_word' id='word_1_322' title='bbox 2082 3677 2143 3726; x_wconf 91' lang='lat' dir='ltr'><strong>ut</strong></span> 
     </span>
    </p>
   </div>
   <div class='ocr_carea' id='block_1_37' title="bbox 552 3761 2141 3832">
    <p class='ocr_par' dir='ltr' id='par_1_37' title="bbox 552 3761 2141 3832">
     <span class='ocr_line' id='line_1_37' title="bbox 552 3761 2141 3832; baseline -0.004 -10"><span class='ocrx_word' id='word_1_323' title='bbox 552 3765 688 3822; x_wconf 87' lang='lat' dir='ltr'><strong>sciat</strong></span> <span class='ocrx_word' id='word_1_324' title='bbox 713 3781 808 3821; x_wconf 79' lang='lat' dir='ltr'><strong>rex</strong></span> <span class='ocrx_word' id='word_1_325' title='bbox 838 3806 855 3832; x_wconf 94' lang='lat'><strong>,</strong></span> <span class='ocrx_word' id='word_1_326' title='bbox 883 3780 950 3821; x_wconf 81' lang='lat' dir='ltr'><strong>ex</strong></span> <span class='ocrx_word' id='word_1_327' title='bbox 992 3780 1177 3821; x_wconf 88' lang='lat' dir='ltr'><strong>eorum</strong></span> <span class='ocrx_word' id='word_1_328' title='bbox 1216 3778 1440 3821; x_wconf 87' lang='lat' dir='ltr'><strong>numero</strong></span> <span class='ocrx_word' id='word_1_329' title='bbox 1477 3778 1599 3820; x_wconf 87' lang='lat' dir='ltr'><strong>esse</strong></span> <span class='ocrx_word' id='word_1_330' title='bbox 1638 3762 2004 3819; x_wconf 80' lang='lat' dir='ltr'><strong>Abrahamum</strong></span> <span class='ocrx_word' id='word_1_331' title='bbox 2044 3761 2141 3832; x_wconf 85' lang='lat' dir='ltr'><strong>qui</strong></span> 
     </span>
    </p>
   </div>
   <div class='ocr_carea' id='block_1_38' title="bbox 554 3851 2138 3927">
    <p class='ocr_par' dir='ltr' id='par_1_38' title="bbox 554 3851 2138 3927">
     <span class='ocr_line' id='line_1_38' title="bbox 554 3851 2138 3927; baseline -0.003 -15"><span class='ocrx_word' id='word_1_332' title='bbox 554 3870 797 3927; x_wconf 87' lang='lat' dir='ltr'><strong>magnam</strong></span> <span class='ocrx_word' id='word_1_333' title='bbox 846 3858 899 3912; x_wconf 89' lang='lat' dir='ltr'><strong>in</strong></span> <span class='ocrx_word' id='word_1_334' title='bbox 932 3857 1043 3912; x_wconf 89' lang='lat' dir='ltr'><strong>Deo</strong></span> <span class='ocrx_word' id='word_1_335' title='bbox 1083 3856 1280 3913; x_wconf 82' lang='lat' dir='ltr'><strong>habent</strong></span> <span class='ocrx_word' id='word_1_336' title='bbox 1326 3854 1589 3912; x_wconf 79' lang='lat' dir='ltr'><strong>fiduciam.</strong></span> <span class='ocrx_word' id='word_1_337' title='bbox 1634 3853 1853 3921; x_wconf 82' lang='lat' dir='ltr'><strong>Quando</strong></span> <span class='ocrx_word' id='word_1_338' title='bbox 1877 3895 1893 3923; x_wconf 90' lang='lat'><strong>,</strong></span> <span class='ocrx_word' id='word_1_339' title='bbox 1922 3851 2138 3923; x_wconf 91' lang='lat' dir='ltr'><strong>inquit,</strong></span> 
     </span>
    </p>
   </div>
   <div class='ocr_carea' id='block_1_39' title="bbox 558 3944 2140 4016">
    <p class='ocr_par' dir='ltr' id='par_1_39' title="bbox 558 3944 2140 4016">
     <span class='ocr_line' id='line_1_39' title="bbox 558 3944 2140 4016; baseline -0.006 -10"><span class='ocrx_word' id='word_1_340' title='bbox 558 3948 840 4006; x_wconf 76' lang='lat' dir='ltr'><strong>eduxitene</strong></span> <span class='ocrx_word' id='word_1_341' title='bbox 855 3946 997 4003; x_wconf 86' lang='lat' dir='ltr'><strong>Deus</strong></span> <span class='ocrx_word' id='word_1_342' title='bbox 1019 3965 1082 4004; x_wconf 88' lang='lat' dir='ltr'><strong>ex</strong></span> <span class='ocrx_word' id='word_1_343' title='bbox 1096 3948 1250 4004; x_wconf 85' lang='lat' dir='ltr'><strong>domo</strong></span> <span class='ocrx_word' id='word_1_344' title='bbox 1276 3949 1436 4016; x_wconf 85' lang='lat' dir='ltr'><strong>patris</strong></span> <span class='ocrx_word' id='word_1_345' title='bbox 1462 3948 1579 4013; x_wconf 85' lang='lat' dir='ltr'><strong>mei,</strong></span> <span class='ocrx_word' id='word_1_346' title='bbox 1601 3946 1825 4002; x_wconf 76' lang='lat' dir='ltr'><strong>dicebam</strong></span> <span class='ocrx_word' id='word_1_347' title='bbox 1853 3946 1899 4000; x_wconf 91' lang='lat' dir='ltr'><strong>ei</strong></span> <span class='ocrx_word' id='word_1_348' title='bbox 1927 3960 1959 4000; x_wconf 71' lang='grc' dir='ltr'><strong>ε’</strong></span> <span class='ocrx_word' id='word_1_349' title='bbox 1987 3944 2140 3999; x_wconf 82' lang='lat' dir='ltr'><strong>Hanc</strong></span> 
     </span>
    </p>
   </div>
   <div class='ocr_carea' id='block_1_40' title="bbox 554 4036 2135 4110">
    <p class='ocr_par' dir='ltr' id='par_1_40' title="bbox 554 4036 2135 4110">
     <span class='ocr_line' id='line_1_40' title="bbox 554 4036 2135 4110; baseline -0.004 -13"><span class='ocrx_word' id='word_1_350' title='bbox 554 4040 798 4097; x_wconf 60' lang='lat' dir='ltr'><strong>iustitiam</strong></span> <span class='ocrx_word' id='word_1_351' title='bbox 825 4039 980 4110; x_wconf 80' lang='lat' dir='ltr'><strong>[acies</strong></span> <span class='ocrx_word' id='word_1_352' title='bbox 1006 4042 1059 4093; x_wconf 89' lang='lat' dir='ltr'><strong>in</strong></span> <span class='ocrx_word' id='word_1_353' title='bbox 1076 4056 1177 4105; x_wconf 81' lang='lat' dir='ltr'><strong>me,</strong></span> <span class='ocrx_word' id='word_1_354' title='bbox 1200 4040 1254 4094; x_wconf 90' lang='lat' dir='ltr'><strong>in</strong></span> <span class='ocrx_word' id='word_1_355' title='bbox 1272 4040 1409 4094; x_wconf 84' lang='lat' dir='ltr'><strong>omni</strong></span> <span class='ocrx_word' id='word_1_356' title='bbox 1429 4040 1561 4103; x_wconf 89' lang='lat' dir='ltr'><strong>loco,</strong></span> <span class='ocrx_word' id='word_1_357' title='bbox 1585 4039 1638 4093; x_wconf 89' lang='lat' dir='ltr'><strong>in</strong></span> <span class='ocrx_word' id='word_1_358' title='bbox 1665 4053 1813 4109; x_wconf 90' lang='lat' dir='ltr'><strong>quem</strong></span> <span class='ocrx_word' id='word_1_359' title='bbox 1836 4036 2135 4103; x_wconf 76' lang='lat' dir='ltr'><strong>venerimus,</strong></span> 
     </span>
    </p>
   </div>
   <div class='ocr_carea' id='block_1_41' title="bbox 556 4124 2137 4199">
    <p class='ocr_par' dir='ltr' id='par_1_41' title="bbox 556 4124 2137 4199">
     <span class='ocr_line' id='line_1_41' title="bbox 556 4124 2137 4199; baseline -0.004 -11"><span class='ocrx_word' id='word_1_360' title='bbox 556 4135 639 4188; x_wconf 80' lang='lat' dir='ltr'><strong>die</strong></span> <span class='ocrx_word' id='word_1_361' title='bbox 669 4149 689 4188; x_wconf 89' lang='lat'><strong><em>:</em></strong></span> <span class='ocrx_word' id='word_1_362' title='bbox 724 4131 905 4187; x_wconf 81' lang='lat' dir='ltr'><strong>Frater</strong></span> <span class='ocrx_word' id='word_1_363' title='bbox 933 4124 1072 4187; x_wconf 85' lang='lat' dir='ltr'><strong>meus</strong></span> <span class='ocrx_word' id='word_1_364' title='bbox 1094 4142 1187 4186; x_wconf 87' lang='lat' dir='ltr'><strong>est.</strong></span> <span class='ocrx_word' id='word_1_365' title='bbox 1234 4132 1367 4198; x_wconf 79' lang='lat' dir='ltr'><strong>Quia</strong></span> <span class='ocrx_word' id='word_1_366' title='bbox 1412 4134 1556 4187; x_wconf 84' lang='lat' dir='ltr'><strong>enim</strong></span> <span class='ocrx_word' id='word_1_367' title='bbox 1598 4128 1845 4199; x_wconf 83' lang='lat' dir='ltr'><strong>superius</strong></span> <span class='ocrx_word' id='word_1_368' title='bbox 1887 4126 2137 4182; x_wconf 80' lang='lat' dir='ltr'><strong>dixerat:</strong></span> 
     </span>
    </p>
   </div>
   <div class='ocr_carea' id='block_1_42' title="bbox 558 4218 2142 4295">
    <p class='ocr_par' dir='ltr' id='par_1_42' title="bbox 558 4218 2142 4295">
     <span class='ocr_line' id='line_1_42' title="bbox 558 4218 2142 4295; baseline -0.005 -16"><span class='ocrx_word' id='word_1_369' title='bbox 558 4222 683 4279; x_wconf 89' lang='lat' dir='ltr'><strong>Dixi</strong></span> <span class='ocrx_word' id='word_1_370' title='bbox 713 4222 867 4288; x_wconf 87' lang='lat' dir='ltr'><strong>enim,</strong></span> <span class='ocrx_word' id='word_1_371' title='bbox 899 4238 1023 4277; x_wconf 87' lang='lat' dir='ltr'><strong>num</strong></span> <span class='ocrx_word' id='word_1_372' title='bbox 1048 4225 1183 4295; x_wconf 78' lang='lat' dir='ltr'><strong>forte</strong></span> <span class='ocrx_word' id='word_1_373' title='bbox 1209 4230 1405 4277; x_wconf 88' lang='lat' dir='ltr'><strong>nonest</strong></span> <span class='ocrx_word' id='word_1_374' title='bbox 1424 4222 1576 4275; x_wconf 87' lang='lat' dir='ltr'><strong>timor</strong></span> <span class='ocrx_word' id='word_1_375' title='bbox 1589 4218 1687 4274; x_wconf 88' lang='lat' dir='ltr'><strong>Dei</strong></span> <span class='ocrx_word' id='word_1_376' title='bbox 1706 4219 1760 4273; x_wconf 91' lang='lat' dir='ltr'><strong>in</strong></span> <span class='ocrx_word' id='word_1_377' title='bbox 1781 4218 1893 4273; x_wconf 84' lang='lat' dir='ltr'><strong>loco</strong></span> <span class='ocrx_word' id='word_1_378' title='bbox 1918 4218 2015 4272; x_wconf 85' lang='lat' dir='ltr'><strong>isto</strong></span> <span class='ocrx_word' id='word_1_379' title='bbox 2043 4257 2058 4280; x_wconf 88' lang='lat'><strong>.</strong></span> <span class='ocrx_word' id='word_1_380' title='bbox 2086 4226 2142 4272; x_wconf 91' lang='lat' dir='ltr'><strong>et</strong></span> 
     </span>
    </p>
   </div>
   <div class='ocr_carea' id='block_1_43' title="bbox 555 4308 2139 4382">
    <p class='ocr_par' dir='ltr' id='par_1_43' title="bbox 555 4308 2139 4382">
     <span class='ocr_line' id='line_1_43' title="bbox 555 4308 2139 4382; baseline -0.005 -12"><span class='ocrx_word' id='word_1_381' title='bbox 555 4313 832 4370; x_wconf 75' lang='lat' dir='ltr'><strong>videbatur</strong></span> <span class='ocrx_word' id='word_1_382' title='bbox 867 4327 961 4369; x_wconf 90' lang='lat' dir='ltr'><strong>eos</strong></span> <span class='ocrx_word' id='word_1_383' title='bbox 984 4312 1205 4368; x_wconf 87' lang='lat' dir='ltr'><strong>nimium</strong></span> <span class='ocrx_word' id='word_1_384' title='bbox 1230 4326 1470 4382; x_wconf 87' lang='lat' dir='ltr'><strong>carpere,</strong></span> <span class='ocrx_word' id='word_1_385' title='bbox 1502 4310 1687 4366; x_wconf 89' lang='lat' dir='ltr'><strong>volens</strong></span> <span class='ocrx_word' id='word_1_386' title='bbox 1711 4308 1955 4379; x_wconf 78' lang='lat' dir='ltr'><strong>mitigare</strong></span> <span class='ocrx_word' id='word_1_387' title='bbox 1981 4322 2139 4378; x_wconf 84' lang='lat' dir='ltr'><strong>aspe-</strong></span> 
     </span>
    </p>
   </div>
   <div class='ocr_carea' id='block_1_44' title="bbox 553 4398 2140 4473">
    <p class='ocr_par' dir='ltr' id='par_1_44' title="bbox 553 4398 2140 4473">
     <span class='ocr_line' id='line_1_44' title="bbox 553 4398 2140 4473; baseline -0.007 -9"><span class='ocrx_word' id='word_1_388' title='bbox 553 4407 766 4464; x_wconf 85' lang='lat' dir='ltr'><strong>ritatem</strong></span> <span class='ocrx_word' id='word_1_389' title='bbox 793 4405 961 4471; x_wconf 87' lang='lat' dir='ltr'><strong>verbi,</strong></span> <span class='ocrx_word' id='word_1_390' title='bbox 985 4404 1071 4459; x_wconf 90' lang='lat' dir='ltr'><strong>hic</strong></span> <span class='ocrx_word' id='word_1_391' title='bbox 1107 4403 1256 4467; x_wconf 89' lang='lat' dir='ltr'><strong>dicit,</strong></span> <span class='ocrx_word' id='word_1_392' title='bbox 1277 4402 1355 4458; x_wconf 79' lang='lat' dir='ltr'><strong>Ne</strong></span> <span class='ocrx_word' id='word_1_393' title='bbox 1380 4402 1575 4473; x_wconf 87' lang='lat' dir='ltr'><strong>putetis</strong></span> <span class='ocrx_word' id='word_1_394' title='bbox 1604 4415 1687 4455; x_wconf 91' lang='lat' dir='ltr'><strong>me</strong></span> <span class='ocrx_word' id='word_1_395' title='bbox 1713 4398 1816 4455; x_wconf 89' lang='lat' dir='ltr'><strong>ltoc</strong></span> <span class='ocrx_word' id='word_1_396' title='bbox 1844 4399 2015 4453; x_wconf 89' lang='lat' dir='ltr'><strong>solum</strong></span> <span class='ocrx_word' id='word_1_397' title='bbox 2052 4413 2140 4453; x_wconf 82' lang='lat' dir='ltr'><strong>ve-</strong></span> 
     </span>
    </p>
   </div>
   <div class='ocr_carea' id='block_1_45' title="bbox 559 4486 2141 4566">
    <p class='ocr_par' dir='ltr' id='par_1_45' title="bbox 559 4486 2141 4566">
     <span class='ocr_line' id='line_1_45' title="bbox 559 4486 2141 4566; baseline -0.008 -12"><span class='ocrx_word' id='word_1_398' title='bbox 559 4498 656 4555; x_wconf 85' lang='lat' dir='ltr'><strong>stri</strong></span> <span class='ocrx_word' id='word_1_399' title='bbox 681 4496 850 4566; x_wconf 81' lang='lat' dir='ltr'><strong>gratia</strong></span> <span class='ocrx_word' id='word_1_400' title='bbox 869 4493 1078 4550; x_wconf 86' lang='lat' dir='ltr'><strong>fecisse.</strong></span> <span class='ocrx_word' id='word_1_401' title='bbox 1098 4494 1284 4549; x_wconf 84' lang='lat' dir='ltr'><strong>Statim</strong></span> <span class='ocrx_word' id='word_1_402' title='bbox 1307 4493 1447 4549; x_wconf 91' lang='lat' dir='ltr'><strong>enim</strong></span> <span class='ocrx_word' id='word_1_403' title='bbox 1477 4490 1696 4559; x_wconf 83' lang='lat' dir='ltr'><strong>Quando</strong></span> <span class='ocrx_word' id='word_1_404' title='bbox 1718 4489 1892 4544; x_wconf 79' lang='lat' dir='ltr'><strong>eduxit</strong></span> <span class='ocrx_word' id='word_1_405' title='bbox 1911 4504 1988 4542; x_wconf 87' lang='lat' dir='ltr'><strong>me</strong></span> <span class='ocrx_word' id='word_1_406' title='bbox 2005 4486 2141 4542; x_wconf 86' lang='lat' dir='ltr'><strong>Deus</strong></span> 
     </span>
    </p>
   </div>
   <div class='ocr_carea' id='block_1_46' title="bbox 562 4580 2143 4656">
    <p class='ocr_par' dir='ltr' id='par_1_46' title="bbox 562 4580 2143 4656">
     <span class='ocr_line' id='line_1_46' title="bbox 562 4580 2143 4656; baseline -0.005 -14"><span class='ocrx_word' id='word_1_407' title='bbox 562 4588 623 4643; x_wconf 73' lang='lat' dir='ltr'><strong>de</strong></span> <span class='ocrx_word' id='word_1_408' title='bbox 649 4588 797 4641; x_wconf 87' lang='lat' dir='ltr'><strong>domo</strong></span> <span class='ocrx_word' id='word_1_409' title='bbox 832 4587 989 4656; x_wconf 82' lang='lat' dir='ltr'><strong>patris</strong></span> <span class='ocrx_word' id='word_1_410' title='bbox 1017 4588 1134 4649; x_wconf 87' lang='lat' dir='ltr'><strong>mei,</strong></span> <span class='ocrx_word' id='word_1_411' title='bbox 1166 4586 1391 4639; x_wconf 81' lang='lat' dir='ltr'><strong>dicebam</strong></span> <span class='ocrx_word' id='word_1_412' title='bbox 1418 4582 1486 4636; x_wconf 88' lang='lat' dir='ltr'><strong>ad</strong></span> <span class='ocrx_word' id='word_1_413' title='bbox 1531 4599 1642 4637; x_wconf 87' lang='lat' dir='ltr'><strong>eam</strong></span> <span class='ocrx_word' id='word_1_414' title='bbox 1670 4597 1690 4635; x_wconf 90' lang='lat'><strong><em>:</em></strong></span> <span class='ocrx_word' id='word_1_415' title='bbox 1725 4580 1872 4635; x_wconf 83' lang='lat' dir='ltr'><strong>Hanc</strong></span> <span class='ocrx_word' id='word_1_416' title='bbox 1885 4580 2143 4651; x_wconf 78' lang='lat' dir='ltr'><strong>justitiam</strong></span> 
     </span>
    </p>
   </div>
   <div class='ocr_carea' id='block_1_47' title="bbox 562 4671 2143 4750">
    <p class='ocr_par' dir='ltr' id='par_1_47' title="bbox 562 4671 2143 4750">
     <span class='ocr_line' id='line_1_47' title="bbox 562 4671 2143 4750; baseline -0.003 -19"><span class='ocrx_word' id='word_1_417' title='bbox 562 4679 716 4750; x_wconf 78' lang='lat' dir='ltr'><strong>facies</strong></span> <span class='ocrx_word' id='word_1_418' title='bbox 754 4674 878 4730; x_wconf 82' lang='lat' dir='ltr'><strong>mihi</strong></span> <span class='ocrx_word' id='word_1_419' title='bbox 906 4677 959 4730; x_wconf 88' lang='lat' dir='ltr'><strong>in</strong></span> <span class='ocrx_word' id='word_1_420' title='bbox 994 4676 1127 4729; x_wconf 85' lang='lat' dir='ltr'><strong>omni</strong></span> <span class='ocrx_word' id='word_1_421' title='bbox 1155 4674 1265 4728; x_wconf 82' lang='lat' dir='ltr'><strong>loco</strong></span> <span class='ocrx_word' id='word_1_422' title='bbox 1291 4714 1306 4739; x_wconf 91' lang='lat'><strong>,</strong></span> <span class='ocrx_word' id='word_1_423' title='bbox 1350 4674 1404 4728; x_wconf 90' lang='lat' dir='ltr'><strong>in</strong></span> <span class='ocrx_word' id='word_1_424' title='bbox 1443 4689 1589 4743; x_wconf 83' lang='lat' dir='ltr'><strong>quem</strong></span> <span class='ocrx_word' id='word_1_425' title='bbox 1616 4671 1810 4727; x_wconf 78' lang='lat' dir='ltr'><strong>venturi</strong></span> <span class='ocrx_word' id='word_1_426' title='bbox 1839 4687 2032 4726; x_wconf 86' lang='lat' dir='ltr'><strong>sumus.</strong></span> <span class='ocrx_word' id='word_1_427' title='bbox 2069 4671 2143 4726; x_wconf 89' lang='lat' dir='ltr'><strong>De</strong></span> 
     </span>
    </p>
   </div>
   <div class='ocr_carea' id='block_1_48' title="bbox 560 4765 2143 4840">
    <p class='ocr_par' dir='ltr' id='par_1_48' title="bbox 560 4765 2143 4840">
     <span class='ocr_line' id='line_1_48' title="bbox 560 4765 2143 4840; baseline -0.003 -17"><span class='ocrx_word' id='word_1_428' title='bbox 560 4768 828 4838; x_wconf 86' lang='lat' dir='ltr'><strong>omnibus,</strong></span> <span class='ocrx_word' id='word_1_429' title='bbox 858 4769 1045 4840; x_wconf 88' lang='lat' dir='ltr'><strong>inquit,</strong></span> <span class='ocrx_word' id='word_1_430' title='bbox 1072 4769 1163 4839; x_wconf 87' lang='lat' dir='ltr'><strong>qui</strong></span> <span class='ocrx_word' id='word_1_431' title='bbox 1196 4765 1547 4825; x_wconf 84' lang='lat' dir='ltr'><strong>terrambanc</strong></span> <span class='ocrx_word' id='word_1_432' title='bbox 1572 4766 1891 4833; x_wconf 82' lang='lat' dir='ltr'><strong>inhabitant,</strong></span> <span class='ocrx_word' id='word_1_433' title='bbox 1926 4766 2143 4821; x_wconf 57' lang='lat' dir='ltr'><strong>manda.</strong></span> 
     </span>
    </p>
   </div>
   <div class='ocr_carea' id='block_1_49' title="bbox 562 4856 2143 4915">
    <p class='ocr_par' dir='ltr' id='par_1_49' title="bbox 562 4856 2143 4915">
     <span class='ocr_line' id='line_1_49' title="bbox 562 4856 2143 4915; baseline -0.001 -1"><span class='ocrx_word' id='word_1_434' title='bbox 562 4870 674 4914; x_wconf 89' lang='lat' dir='ltr'><strong>tum</strong></span> <span class='ocrx_word' id='word_1_435' title='bbox 721 4858 772 4915; x_wconf 88' lang='lat' dir='ltr'><strong>ei</strong></span> <span class='ocrx_word' id='word_1_436' title='bbox 818 4856 1053 4915; x_wconf 81' lang='lat' dir='ltr'><strong>dedizet</strong></span> <span class='ocrx_word' id='word_1_437' title='bbox 1080 4858 1259 4914; x_wconf 90' lang='lat' dir='ltr'><strong>docuit</strong></span> <span class='ocrx_word' id='word_1_438' title='bbox 1298 4858 1459 4915; x_wconf 88' lang='lat' dir='ltr'><strong>etiam</strong></span> <span class='ocrx_word' id='word_1_439' title='bbox 1486 4858 1565 4914; x_wconf 89' lang='lat' dir='ltr'><strong>sic</strong></span> <span class='ocrx_word' id='word_1_440' title='bbox 1603 4856 1993 4912; x_wconf 87' lang='lat' dir='ltr'><strong>simulationem</strong></span> <span class='ocrx_word' id='word_1_441' title='bbox 2027 4857 2143 4912; x_wconf 87' lang='lat' dir='ltr'><strong>sine</strong></span> 
     </span>
    </p>
   </div>
   <div class='ocr_carea' id='block_1_50' title="bbox 562 4946 2141 5006">
    <p class='ocr_par' dir='ltr' id='par_1_50' title="bbox 562 4946 2141 5006">
     <span class='ocr_line' id='line_1_50' title="bbox 562 4946 2141 5006; baseline -0.001 -3"><span class='ocrx_word' id='word_1_442' title='bbox 562 4948 839 5005; x_wconf 82' lang='lat' dir='ltr'><strong>mendacio</strong></span> <span class='ocrx_word' id='word_1_443' title='bbox 857 4962 998 5005; x_wconf 86' lang='lat' dir='ltr'><strong>esse.</strong></span> <span class='ocrx_word' id='word_1_444' title='bbox 1030 4948 1211 5003; x_wconf 74' lang='lat' dir='ltr'><strong>illm-tis</strong></span> <span class='ocrx_word' id='word_1_445' title='bbox 1246 4950 1387 5004; x_wconf 90' lang='lat' dir='ltr'><strong>enim</strong></span> <span class='ocrx_word' id='word_1_446' title='bbox 1420 4948 1576 5003; x_wconf 83' lang='lat' dir='ltr'><strong>timor</strong></span> <span class='ocrx_word' id='word_1_447' title='bbox 1623 4946 1688 5002; x_wconf 89' lang='lat' dir='ltr'><strong>ad</strong></span> <span class='ocrx_word' id='word_1_448' title='bbox 1731 4946 1830 5006; x_wconf 82' lang='lat' dir='ltr'><strong>hoc</strong></span> <span class='ocrx_word' id='word_1_449' title='bbox 1871 4962 1967 5002; x_wconf 82' lang='lat' dir='ltr'><strong>nos</strong></span> <span class='ocrx_word' id='word_1_450' title='bbox 1993 4972 2007 4998; x_wconf 67' lang='grc' dir='ltr'>ι</span> <span class='ocrx_word' id='word_1_451' title='bbox 2030 4964 2141 5001; x_wconf 50' lang='grc' dir='ltr'><strong>λιιι-</strong></span> 
     </span>
    </p>
   </div>
   <div class='ocr_carea' id='block_1_51' title="bbox 562 5038 2139 5111">
    <p class='ocr_par' dir='ltr' id='par_1_51' title="bbox 562 5038 2139 5111">
     <span class='ocr_line' id='line_1_51' title="bbox 562 5038 2139 5111; baseline 0.001 -20"><span class='ocrx_word' id='word_1_452' title='bbox 562 5041 715 5111; x_wconf 81' lang='lat' dir='ltr'><strong>pulit.</strong></span> <span class='ocrx_word' id='word_1_453' title='bbox 765 5039 888 5094; x_wconf 67' lang='lat' dir='ltr'><strong>&quot;rec</strong></span> <span class='ocrx_word' id='word_1_454' title='bbox 918 5051 977 5094; x_wconf 89' lang='lat' dir='ltr'><strong>ut</strong></span> <span class='ocrx_word' id='word_1_455' title='bbox 1010 5039 1140 5094; x_wconf 69' lang='lat' dir='ltr'><strong>dixit</strong></span> <span class='ocrx_word' id='word_1_456' title='bbox 1185 5039 1359 5109; x_wconf 75' lang='lat' dir='ltr'><strong>justus</strong></span> <span class='ocrx_word' id='word_1_457' title='bbox 1388 5080 1404 5107; x_wconf 90' lang='lat'><strong>,</strong></span> <span class='ocrx_word' id='word_1_458' title='bbox 1451 5040 1581 5093; x_wconf 81' lang='lat' dir='ltr'><strong>iram</strong></span> <span class='ocrx_word' id='word_1_459' title='bbox 1620 5053 1804 5094; x_wconf 90' lang='lat' dir='ltr'><strong>eorum</strong></span> <span class='ocrx_word' id='word_1_460' title='bbox 1853 5038 2139 5106; x_wconf 73' lang='lat' dir='ltr'><strong>demulszt,</strong></span> 
     </span>
    </p>
   </div>
   <div class='ocr_carea' id='block_1_52' title="bbox 561 5129 2144 5203">
    <p class='ocr_par' dir='ltr' id='par_1_52' title="bbox 561 5129 2144 5203">
     <span class='ocr_line' id='line_1_52' title="bbox 561 5129 2144 5203; baseline -0.002 -15"><span class='ocrx_word' id='word_1_461' title='bbox 561 5147 822 5203; x_wconf 81' lang='lat' dir='ltr'><strong>suamque</strong></span> <span class='ocrx_word' id='word_1_462' title='bbox 847 5132 1043 5186; x_wconf 72' lang='lat' dir='ltr'><strong>detexit</strong></span> <span class='ocrx_word' id='word_1_463' title='bbox 1073 5132 1315 5187; x_wconf 71' lang='lat' dir='ltr'><strong>virtutem</strong></span> <span class='ocrx_word' id='word_1_464' title='bbox 1348 5172 1362 5196; x_wconf 93' lang='lat'><strong>,</strong></span> <span class='ocrx_word' id='word_1_465' title='bbox 1414 5141 1467 5186; x_wconf 80' lang='lat' dir='ltr'><strong>rt</strong></span> <span class='ocrx_word' id='word_1_466' title='bbox 1497 5132 1842 5185; x_wconf 74' lang='lat' dir='ltr'><strong>sn&#39;iieienlem</strong></span> <span class='ocrx_word' id='word_1_467' title='bbox 1876 5129 2144 5201; x_wconf 86' lang='lat' dir='ltr'><strong>religionis</strong></span> 
     </span>
    </p>
   </div>
   <div class='ocr_carea' id='block_1_53' title="bbox 563 5221 2140 5289">
    <p class='ocr_par' dir='ltr' id='par_1_53' title="bbox 563 5221 2140 5289">
     <span class='ocr_line' id='line_1_53' title="bbox 563 5221 2140 5289; baseline 0 -14"><span class='ocrx_word' id='word_1_468' title='bbox 563 5237 706 5278; x_wconf 72' lang='lat' dir='ltr'><strong>verte</strong></span> <span class='ocrx_word' id='word_1_469' title='bbox 757 5222 1051 5277; x_wconf 76' lang='lat' dir='ltr'><strong>doctrinam</strong></span> <span class='ocrx_word' id='word_1_470' title='bbox 1099 5222 1177 5276; x_wconf 77' lang='lat' dir='ltr'><strong>cis</strong></span> <span class='ocrx_word' id='word_1_471' title='bbox 1221 5221 1453 5277; x_wconf 84' lang='lat' dir='ltr'><strong>tradidit.</strong></span> <span class='ocrx_word' id='word_1_472' title='bbox 1510 5222 1790 5277; x_wconf 60' lang='lat' dir='ltr'><strong>lit-veritus</strong></span> <span class='ocrx_word' id='word_1_473' title='bbox 1835 5222 1995 5289; x_wconf 85' lang='lat' dir='ltr'><strong>igitur</strong></span> <span class='ocrx_word' id='word_1_474' title='bbox 2052 5238 2140 5276; x_wconf 59' lang='grc' dir='ltr'><strong>πέει</strong></span> 
     </span>
    </p>
   </div>
   <div class='ocr_carea' id='block_1_54' title="bbox 566 5310 2143 5384">
    <p class='ocr_par' dir='ltr' id='par_1_54' title="bbox 566 5310 2143 5384">
     <span class='ocr_line' id='line_1_54' title="bbox 566 5310 2143 5384; baseline -0.001 -17"><span class='ocrx_word' id='word_1_475' title='bbox 566 5328 810 5383; x_wconf 82' lang='lat' dir='ltr'><strong>magnam</strong></span> <span class='ocrx_word' id='word_1_476' title='bbox 832 5312 960 5384; x_wconf 80' lang='lat' dir='ltr'><strong>justi</strong></span> <span class='ocrx_word' id='word_1_477' title='bbox 985 5311 1439 5366; x_wconf 76' lang='lat' dir='ltr'><strong>mansuetudinem</strong></span> <span class='ocrx_word' id='word_1_478' title='bbox 1466 5353 1481 5378; x_wconf 94' lang='lat'><strong>,</strong></span> <span class='ocrx_word' id='word_1_479' title='bbox 1509 5324 1698 5381; x_wconf 81' lang='lat' dir='ltr'><strong>magna</strong></span> <span class='ocrx_word' id='word_1_480' title='bbox 1726 5310 2038 5365; x_wconf 84' lang='lat' dir='ltr'><strong>liberalitate</strong></span> <span class='ocrx_word' id='word_1_481' title='bbox 2060 5327 2143 5365; x_wconf 74' lang='lat' dir='ltr'><strong>ie-</strong></span> 
     </span>
    </p>
   </div>
   <div class='ocr_carea' id='block_1_55' title="bbox 568 5399 2145 5475">
    <p class='ocr_par' dir='ltr' id='par_1_55' title="bbox 568 5399 2145 5475">
     <span class='ocr_line' id='line_1_55' title="bbox 568 5399 2145 5475; baseline -0.003 -14"><span class='ocrx_word' id='word_1_482' title='bbox 568 5416 817 5461; x_wconf 86' lang='lat' dir='ltr'><strong>tnuncrat</strong></span> <span class='ocrx_word' id='word_1_483' title='bbox 862 5402 1236 5475; x_wconf 84' lang='lat' dir='ltr'><strong>patriarcbam.</strong></span> <span class='ocrx_word' id='word_1_484' title='bbox 1286 5403 1421 5458; x_wconf 84' lang='lat' dir='ltr'><strong>Dicit</strong></span> <span class='ocrx_word' id='word_1_485' title='bbox 1465 5404 1605 5458; x_wconf 87' lang='lat' dir='ltr'><strong>enim</strong></span> <span class='ocrx_word' id='word_1_486' title='bbox 1638 5418 1652 5455; x_wconf 89' lang='lat'><strong>:</strong></span> <span class='ocrx_word' id='word_1_487' title='bbox 1682 5401 1766 5461; x_wconf 71' lang='grc'><strong>14.</strong></span> <span class='ocrx_word' id='word_1_488' title='bbox 1801 5399 2001 5470; x_wconf 77' lang='lat' dir='ltr'><strong>Accepit</strong></span> <span class='ocrx_word' id='word_1_489' title='bbox 2027 5405 2145 5456; x_wconf 48' lang='lat' dir='ltr'><strong>Aui-</strong></span> 
     </span>
    </p>
   </div>
   <div class='ocr_carea' id='block_1_56' title="bbox 629 5533 2144 5600">
    <p class='ocr_par' dir='ltr' id='par_1_56' title="bbox 629 5533 2144 5600">
     <span class='ocr_line' id='line_1_56' title="bbox 629 5533 2144 5600; baseline -0.005 -12"><span class='ocrx_word' id='word_1_490' title='bbox 629 5538 702 5600; x_wconf 79' lang='lat' dir='ltr'><strong>(tt)</strong></span> <span class='ocrx_word' id='word_1_491' title='bbox 735 5544 844 5600; x_wconf 67' lang='lat' dir='ltr'><strong>Haec</strong></span> <span class='ocrx_word' id='word_1_492' title='bbox 867 5536 1188 5600; x_wconf 72' lang='lat' dir='ltr'><strong>Abrahamum</strong></span> <span class='ocrx_word' id='word_1_493' title='bbox 1211 5535 1518 5600; x_wconf 18' lang='lat' dir='ltr'><strong>Aloquentem</strong></span> <span class='ocrx_word' id='word_1_494' title='bbox 1564 5534 1746 5600; x_wconf 76' lang='lat' dir='ltr'><strong>inducit</strong></span> <span class='ocrx_word' id='word_1_495' title='bbox 1761 5533 2144 5600; x_wconf 59' lang='lat' dir='ltr'><strong>gbrysostonms,</strong></span> 
     </span>
    </p>
   </div>
   <div class='ocr_carea' id='block_1_57' title="bbox 564 5594 2148 5661">
    <p class='ocr_par' dir='ltr' id='par_1_57' title="bbox 564 5594 2148 5661">
     <span class='ocr_line' id='line_1_57' title="bbox 564 5594 2148 5661; baseline -0.001 -14"><span class='ocrx_word' id='word_1_496' title='bbox 564 5594 703 5661; x_wconf 67' lang='grc' dir='ltr'><strong>φὼί</strong></span> <span class='ocrx_word' id='word_1_497' title='bbox 722 5598 947 5661; x_wconf 79' lang='lat' dir='ltr'><strong>videlicet</strong></span> <span class='ocrx_word' id='word_1_498' title='bbox 967 5597 1242 5648; x_wconf 76' lang='lat' dir='ltr'><strong>Abimelecb</strong></span> <span class='ocrx_word' id='word_1_499' title='bbox 1267 5594 1319 5648; x_wconf 79' lang='lat' dir='ltr'><strong>et</strong></span> <span class='ocrx_word' id='word_1_500' title='bbox 1339 5596 1518 5661; x_wconf 77' lang='lat' dir='ltr'><strong>subditi</strong></span> <span class='ocrx_word' id='word_1_501' title='bbox 1542 5597 1667 5645; x_wconf 78' lang='lat' dir='ltr'><strong>circa</strong></span> <span class='ocrx_word' id='word_1_502' title='bbox 1700 5594 2057 5661; x_wconf 56' lang='lat' dir='ltr'><strong>religionique:</strong></span> <span class='ocrx_word' id='word_1_503' title='bbox 2075 5615 2083 5643; x_wconf 74' lang='grc' dir='ltr'><strong>ε,</strong></span> <span class='ocrx_word' id='word_1_504' title='bbox 2097 5594 2148 5645; x_wconf 57' lang='lat' dir='ltr'><strong>a4</strong></span> 
     </span>
    </p>
   </div>
   <div class='ocr_carea' id='block_1_58' title="bbox 566 5658 2146 5720">
    <p class='ocr_par' dir='ltr' id='par_1_58' title="bbox 566 5658 2146 5720">
     <span class='ocr_line' id='line_1_58' title="bbox 566 5658 2146 5720; baseline -0.001 -12"><span class='ocrx_word' id='word_1_505' title='bbox 566 5658 694 5709; x_wconf 68' lang='lat' dir='ltr'><strong>r&#39;ent.</strong></span> <span class='ocrx_word' id='word_1_506' title='bbox 722 5660 769 5708; x_wconf 88' lang='lat' dir='ltr'><strong>td</strong></span> <span class='ocrx_word' id='word_1_507' title='bbox 794 5668 953 5720; x_wconf 85' lang='lat' dir='ltr'><strong>tamen</strong></span> <span class='ocrx_word' id='word_1_508' title='bbox 999 5661 1249 5720; x_wconf 66' lang='lat' dir='ltr'><strong>Scriptura:</strong></span> <span class='ocrx_word' id='word_1_509' title='bbox 1270 5658 1420 5720; x_wconf 82' lang='lat' dir='ltr'><strong>seriei</strong></span> <span class='ocrx_word' id='word_1_510' title='bbox 1458 5670 1555 5706; x_wconf 86' lang='lat' dir='ltr'><strong>non</strong></span> <span class='ocrx_word' id='word_1_511' title='bbox 1587 5666 1817 5707; x_wconf 86' lang='lat' dir='ltr'><strong>consonat</strong></span> <span class='ocrx_word' id='word_1_512' title='bbox 1841 5671 1854 5705; x_wconf 70' lang='grc' dir='ltr'>ξ</span> <span class='ocrx_word' id='word_1_513' title='bbox 1882 5658 2146 5720; x_wconf 57' lang='grc' dir='ltr'><strong>εκιξὶὶιιηειιν</strong></span> 
     </span>
    </p>
   </div>
   <div class='ocr_carea' id='block_1_59' title="bbox 566 5717 2144 5781">
    <p class='ocr_par' dir='ltr' id='par_1_59' title="bbox 566 5717 2144 5781">
     <span class='ocr_line' id='line_1_59' title="bbox 566 5717 2144 5781; baseline -0.001 -12"><span class='ocrx_word' id='word_1_514' title='bbox 566 5721 698 5770; x_wconf 87' lang='lat' dir='ltr'><strong>enim</strong></span> <span class='ocrx_word' id='word_1_515' title='bbox 721 5719 995 5769; x_wconf 75' lang='lat' dir='ltr'><strong>Abimelecb</strong></span> <span class='ocrx_word' id='word_1_516' title='bbox 1019 5717 1155 5781; x_wconf 80' lang='lat' dir='ltr'><strong>quasi</strong></span> <span class='ocrx_word' id='word_1_517' title='bbox 1178 5733 1274 5768; x_wconf 88' lang='lat' dir='ltr'><strong>non</strong></span> <span class='ocrx_word' id='word_1_518' title='bbox 1304 5717 1447 5781; x_wconf 84' lang='lat' dir='ltr'><strong>modo</strong></span> <span class='ocrx_word' id='word_1_519' title='bbox 1472 5722 1572 5781; x_wconf 82' lang='lat' dir='ltr'><strong>veri</strong></span> <span class='ocrx_word' id='word_1_520' title='bbox 1598 5720 1681 5781; x_wconf 83' lang='lat' dir='ltr'><strong>Dei</strong></span> <span class='ocrx_word' id='word_1_521' title='bbox 1698 5724 1869 5778; x_wconf 89' lang='lat' dir='ltr'><strong>cultor,</strong></span> <span class='ocrx_word' id='word_1_522' title='bbox 1892 5719 1981 5768; x_wconf 83' lang='lat' dir='ltr'><strong>sed</strong></span> <span class='ocrx_word' id='word_1_523' title='bbox 2002 5724 2144 5768; x_wconf 61' lang='lat' dir='ltr'><strong>etiam</strong></span> 
     </span>
    </p>
   </div>
   <div class='ocr_carea' id='block_1_60' title="bbox 566 5780 2147 5843">
    <p class='ocr_par' dir='ltr' id='par_1_60' title="bbox 566 5780 2147 5843">
     <span class='ocr_line' id='line_1_60' title="bbox 566 5780 2147 5843; baseline -0.001 -14"><span class='ocrx_word' id='word_1_524' title='bbox 566 5781 694 5843; x_wconf 68' lang='lat' dir='ltr'><strong>sequi</strong></span> <span class='ocrx_word' id='word_1_525' title='bbox 718 5793 898 5843; x_wconf 65' lang='lat' dir='ltr'><strong>atn&#39;tns.</strong></span> <span class='ocrx_word' id='word_1_526' title='bbox 919 5780 1071 5843; x_wconf 59' lang='grc' dir='ltr'><strong>Δοιιοζὶ</strong></span> <span class='ocrx_word' id='word_1_527' title='bbox 1097 5783 1227 5843; x_wconf 81' lang='lat' dir='ltr'><strong>enim</strong></span> <span class='ocrx_word' id='word_1_528' title='bbox 1266 5780 1495 5843; x_wconf 78' lang='lat' dir='ltr'><strong>Abraham</strong></span> <span class='ocrx_word' id='word_1_529' title='bbox 1518 5780 1649 5837; x_wconf 81' lang='lat' dir='ltr'><strong>dicit,</strong></span> <span class='ocrx_word' id='word_1_530' title='bbox 1674 5787 1797 5843; x_wconf 69' lang='lat' dir='ltr'><strong>Num</strong></span> <span class='ocrx_word' id='word_1_531' title='bbox 1818 5781 1938 5841; x_wconf 82' lang='lat' dir='ltr'><strong>forte</strong></span> <span class='ocrx_word' id='word_1_532' title='bbox 1960 5791 2051 5843; x_wconf 81' lang='lat' dir='ltr'><strong>non</strong></span> <span class='ocrx_word' id='word_1_533' title='bbox 2076 5788 2147 5829; x_wconf 73' lang='lat' dir='ltr'><strong>est</strong></span> 
     </span>
    </p>
   </div>
   <div class='ocr_carea' id='block_1_61' title="bbox 564 5838 2143 5911">
    <p class='ocr_par' dir='ltr' id='par_1_61' title="bbox 564 5838 2143 5911">
     <span class='ocr_line' id='line_1_61' title="bbox 564 5838 2143 5911; baseline 0 -20"><span class='ocrx_word' id='word_1_534' title='bbox 564 5838 710 5911; x_wconf 63' lang='lat' dir='ltr'><strong>tignor</strong></span> <span class='ocrx_word' id='word_1_535' title='bbox 734 5840 819 5911; x_wconf 76' lang='lat' dir='ltr'><strong>Dei</strong></span> <span class='ocrx_word' id='word_1_536' title='bbox 838 5841 889 5891; x_wconf 86' lang='lat' dir='ltr'><strong>in</strong></span> <span class='ocrx_word' id='word_1_537' title='bbox 912 5838 1012 5892; x_wconf 86' lang='lat' dir='ltr'><strong>loco</strong></span> <span class='ocrx_word' id='word_1_538' title='bbox 1034 5841 1165 5911; x_wconf 62' lang='lat' dir='ltr'><strong>ista,9</strong></span> <span class='ocrx_word' id='word_1_539' title='bbox 1190 5843 1234 5892; x_wconf 86' lang='lat' dir='ltr'><strong>id</strong></span> <span class='ocrx_word' id='word_1_540' title='bbox 1264 5842 1528 5911; x_wconf 76' lang='lat' dir='ltr'><strong>dubitantis</strong></span> <span class='ocrx_word' id='word_1_541' title='bbox 1550 5854 1685 5891; x_wconf 85' lang='lat' dir='ltr'><strong>more</strong></span> <span class='ocrx_word' id='word_1_542' title='bbox 1720 5838 1852 5903; x_wconf 82' lang='lat' dir='ltr'><strong>dicit,</strong></span> <span class='ocrx_word' id='word_1_543' title='bbox 1895 5842 2004 5906; x_wconf 77' lang='lat' dir='ltr'><strong>quia</strong></span> <span class='ocrx_word' id='word_1_544' title='bbox 2032 5843 2143 5891; x_wconf 65' lang='lat' dir='ltr'><strong>roli-</strong></span> 
     </span>
    </p>
   </div>
   <div class='ocr_carea' id='block_1_62' title="bbox 563 5902 1818 5969">
    <p class='ocr_par' dir='ltr' id='par_1_62' title="bbox 563 5902 1818 5969">
     <span class='ocr_line' id='line_1_62' title="bbox 563 5902 1818 5969; baseline 0.003 -17"><span class='ocrx_word' id='word_1_545' title='bbox 563 5902 682 5961; x_wconf 67' lang='lat' dir='ltr'><strong>sion</strong></span> <span class='ocrx_word' id='word_1_546' title='bbox 706 5920 742 5951; x_wconf 75' lang='lat' dir='ltr'><strong>:s</strong></span> <span class='ocrx_word' id='word_1_547' title='bbox 763 5910 811 5954; x_wconf 87' lang='lat' dir='ltr'><strong>et</strong></span> <span class='ocrx_word' id='word_1_548' title='bbox 836 5915 996 5955; x_wconf 70' lang='lat' dir='ltr'><strong>risores</strong></span> <span class='ocrx_word' id='word_1_549' title='bbox 1019 5905 1181 5965; x_wconf 73' lang='lat' dir='ltr'><strong>gentis</strong></span> <span class='ocrx_word' id='word_1_550' title='bbox 1204 5902 1413 5956; x_wconf 88' lang='lat' dir='ltr'><strong>nondum</strong></span> <span class='ocrx_word' id='word_1_551' title='bbox 1436 5914 1671 5969; x_wconf 75' lang='lat' dir='ltr'><strong>expertus</strong></span> <span class='ocrx_word' id='word_1_552' title='bbox 1694 5912 1818 5956; x_wconf 81' lang='lat' dir='ltr'><strong>erat.</strong></span> 
     </span>
    </p>
   </div>
   <div class='ocr_carea' id='block_1_63' title="bbox 1333 443 3125 520">
    <p class='ocr_par' dir='ltr' id='par_1_63' title="bbox 1333 443 3125 520">
     <span class='ocr_line' id='line_1_63' title="bbox 1333 443 3125 520; baseline -0.01 0"><span class='ocrx_word' id='word_1_553' title='bbox 1333 459 1393 520; x_wconf 75' lang='lat'><strong>3.</strong></span> <span class='ocrx_word' id='word_1_554' title='bbox 1430 455 1711 519; x_wconf 71' lang='lat' dir='ltr'><strong>JOANNIS</strong></span> <span class='ocrx_word' id='word_1_555' title='bbox 1739 446 2208 514; x_wconf 80' lang='lat' dir='ltr'><strong>cnnvsoe&#39;rotu</strong></span> <span class='ocrx_word' id='word_1_556' title='bbox 2233 444 2552 508; x_wconf 75' lang='lat' dir='ltr'><strong>ARCHIEP.</strong></span> <span class='ocrx_word' id='word_1_557' title='bbox 2591 443 3125 505; x_wconf 74' lang='lat' dir='ltr'><strong>CONS&#39;I&#39;ANTINOP.</strong></span> 
     </span>
    </p>
   </div>
   <div class='ocr_carea' id='block_1_64' title="bbox 3708 445 3814 506">
    <p class='ocr_par' dir='ltr' id='par_1_64' title="bbox 3708 445 3814 506">
     <span class='ocr_line' id='line_1_64' title="bbox 3708 445 3814 506; baseline 0.028 -3"><span class='ocrx_word' id='word_1_558' title='bbox 3708 445 3814 506; x_wconf 70' lang='grc' dir='ltr'><strong><em>ιω</em></strong></span> 
     </span>
    </p>
   </div>
   <div class='ocr_carea' id='block_1_65' title="bbox 2224 555 3809 635">
    <p class='ocr_par' dir='ltr' id='par_1_65' title="bbox 2224 555 3809 635">
     <span class='ocr_line' id='line_1_65' title="bbox 2224 555 3809 635; baseline -0.003 -16"><span class='ocrx_word' id='word_1_559' title='bbox 2224 555 3809 635; x_wconf 66' lang='lat' dir='ltr'><strong>neteehiuillsdidraehtuas,etoues,etsitulos,etserm.</strong></span> 
     </span>
    </p>
   </div>
   <div class='ocr_carea' id='block_1_66' title="bbox 2222 649 3813 724">
    <p class='ocr_par' dir='ltr' id='par_1_66' title="bbox 2222 649 3813 724">
     <span class='ocr_line' id='line_1_66' title="bbox 2222 649 3813 724; baseline -0.003 -13"><span class='ocrx_word' id='word_1_560' title='bbox 2222 664 2272 711; x_wconf 93' lang='lat' dir='ltr'><strong>et</strong></span> <span class='ocrx_word' id='word_1_561' title='bbox 2294 654 2514 711; x_wconf 78' lang='lat' dir='ltr'><strong>ancillas</strong></span> <span class='ocrx_word' id='word_1_562' title='bbox 2535 696 2554 724; x_wconf 92' lang='lat'><strong>,</strong></span> <span class='ocrx_word' id='word_1_563' title='bbox 2596 663 2648 711; x_wconf 88' lang='lat' dir='ltr'><strong>et</strong></span> <span class='ocrx_word' id='word_1_564' title='bbox 2691 652 2914 711; x_wconf 73' lang='lat' dir='ltr'><strong>rddidit</strong></span> <span class='ocrx_word' id='word_1_565' title='bbox 2937 652 3019 710; x_wconf 88' lang='lat' dir='ltr'><strong>illi</strong></span> <span class='ocrx_word' id='word_1_566' title='bbox 3045 649 3265 710; x_wconf 81' lang='lat' dir='ltr'><strong>Sarratu</strong></span> <span class='ocrx_word' id='word_1_567' title='bbox 3290 666 3499 708; x_wconf 69' lang='lat' dir='ltr'><strong>uxorem</strong></span> <span class='ocrx_word' id='word_1_568' title='bbox 3525 667 3693 709; x_wconf 74' lang='lat' dir='ltr'><strong>suam.</strong></span> <span class='ocrx_word' id='word_1_569' title='bbox 3725 650 3813 708; x_wconf 87' lang='lat' dir='ltr'><strong>Vi-</strong></span> 
     </span>
    </p>
   </div>
   <div class='ocr_carea' id='block_1_67' title="bbox 2222 738 3813 819">
    <p class='ocr_par' dir='ltr' id='par_1_67' title="bbox 2222 738 3813 819">
     <span class='ocr_line' id='line_1_67' title="bbox 2222 738 3813 819; baseline -0.003 -15"><span class='ocrx_word' id='word_1_570' title='bbox 2222 747 2352 805; x_wconf 81' lang='lat' dir='ltr'><strong>disti</strong></span> <span class='ocrx_word' id='word_1_571' title='bbox 2378 789 2395 817; x_wconf 88' lang='lat'><strong>,</strong></span> <span class='ocrx_word' id='word_1_572' title='bbox 2424 746 2618 804; x_wconf 88' lang='lat' dir='ltr'><strong>dilecte</strong></span> <span class='ocrx_word' id='word_1_573' title='bbox 2638 786 2656 813; x_wconf 85' lang='lat'><strong>.</strong></span> <span class='ocrx_word' id='word_1_574' title='bbox 2685 738 3109 819; x_wconf 76' lang='lat' dir='ltr'><strong>omnipotentem</strong></span> <span class='ocrx_word' id='word_1_575' title='bbox 3148 753 3205 803; x_wconf 88' lang='lat' dir='ltr'><strong>et</strong></span> <span class='ocrx_word' id='word_1_576' title='bbox 3246 744 3450 801; x_wconf 86' lang='lat' dir='ltr'><strong>variam</strong></span> <span class='ocrx_word' id='word_1_577' title='bbox 3475 743 3575 801; x_wconf 89' lang='lat' dir='ltr'><strong>Dei</strong></span> <span class='ocrx_word' id='word_1_578' title='bbox 3599 744 3813 816; x_wconf 83' lang='lat' dir='ltr'><strong>sapien-</strong></span> 
     </span>
    </p>
   </div>
   <div class='ocr_carea' id='block_1_68' title="bbox 2225 838 3813 910">
    <p class='ocr_par' dir='ltr' id='par_1_68' title="bbox 2225 838 3813 910">
     <span class='ocr_line' id='line_1_68' title="bbox 2225 838 3813 910; baseline -0.001 -13"><span class='ocrx_word' id='word_1_579' title='bbox 2225 840 2355 898; x_wconf 88' lang='lat' dir='ltr'><strong>tiam</strong></span> <span class='ocrx_word' id='word_1_580' title='bbox 2373 840 2399 896; x_wconf 64' lang='grc' dir='ltr'><strong>ν</strong></span> <span class='ocrx_word' id='word_1_581' title='bbox 2415 838 2518 910; x_wconf 86' lang='lat' dir='ltr'><strong>Qui</strong></span> <span class='ocrx_word' id='word_1_582' title='bbox 2542 840 2685 895; x_wconf 89' lang='lat' dir='ltr'><strong>enim</strong></span> <span class='ocrx_word' id='word_1_583' title='bbox 2711 839 2766 895; x_wconf 88' lang='lat' dir='ltr'><strong>in</strong></span> <span class='ocrx_word' id='word_1_584' title='bbox 2793 839 2985 896; x_wconf 86' lang='lat' dir='ltr'><strong>mortis</strong></span> <span class='ocrx_word' id='word_1_585' title='bbox 3019 838 3259 910; x_wconf 88' lang='lat' dir='ltr'><strong>periculo</strong></span> <span class='ocrx_word' id='word_1_586' title='bbox 3293 838 3617 896; x_wconf 87' lang='lat' dir='ltr'><strong>constitutus</strong></span> <span class='ocrx_word' id='word_1_587' title='bbox 3646 849 3765 896; x_wconf 88' lang='lat' dir='ltr'><strong>erat</strong></span> <span class='ocrx_word' id='word_1_588' title='bbox 3795 881 3813 907; x_wconf 88' lang='lat'><strong>,</strong></span> 
     </span>
    </p>
   </div>
   <div class='ocr_carea' id='block_1_69' title="bbox 2225 929 3812 1002">
    <p class='ocr_par' dir='ltr' id='par_1_69' title="bbox 2225 929 3812 1002">
     <span class='ocr_line' id='line_1_69' title="bbox 2225 929 3812 1002; baseline -0.002 -12"><span class='ocrx_word' id='word_1_589' title='bbox 2225 940 2281 991; x_wconf 91' lang='lat' dir='ltr'><strong>et</strong></span> <span class='ocrx_word' id='word_1_590' title='bbox 2299 932 2478 989; x_wconf 83' lang='lat' dir='ltr'><strong>omaia</strong></span> <span class='ocrx_word' id='word_1_591' title='bbox 2496 929 2728 988; x_wconf 72' lang='lat' dir='ltr'><strong>{sciebat</strong></span> <span class='ocrx_word' id='word_1_592' title='bbox 2750 939 2808 985; x_wconf 95' lang='lat' dir='ltr'><strong>ut</strong></span> <span class='ocrx_word' id='word_1_593' title='bbox 2831 936 3059 987; x_wconf 87' lang='lat' dir='ltr'><strong>mortem</strong></span> <span class='ocrx_word' id='word_1_594' title='bbox 3089 938 3273 1002; x_wconf 83' lang='lat' dir='ltr'><strong>posset</strong></span> <span class='ocrx_word' id='word_1_595' title='bbox 3296 929 3534 1002; x_wconf 63' lang='lat' dir='ltr'><strong>cingere</strong></span> <span class='ocrx_word' id='word_1_596' title='bbox 3551 970 3568 996; x_wconf 88' lang='lat'><strong>,</strong></span> <span class='ocrx_word' id='word_1_597' title='bbox 3598 944 3707 987; x_wconf 89' lang='lat' dir='ltr'><strong>non</strong></span> <span class='ocrx_word' id='word_1_598' title='bbox 3727 945 3812 987; x_wconf 87' lang='lat' dir='ltr'><strong>so-</strong></span> 
     </span>
    </p>
   </div>
   <div class='ocr_carea' id='block_1_70' title="bbox 2225 1019 3815 1093">
    <p class='ocr_par' dir='ltr' id='par_1_70' title="bbox 2225 1019 3815 1093">
     <span class='ocr_line' id='line_1_70' title="bbox 2225 1019 3815 1093; baseline 0.001 -14"><span class='ocrx_word' id='word_1_599' title='bbox 2225 1024 2336 1080; x_wconf 90' lang='lat' dir='ltr'><strong>lum</strong></span> <span class='ocrx_word' id='word_1_600' title='bbox 2362 1031 2590 1079; x_wconf 86' lang='lat' dir='ltr'><strong>mortem</strong></span> <span class='ocrx_word' id='word_1_601' title='bbox 2612 1020 2818 1093; x_wconf 68' lang='lat' dir='ltr'><strong>eﬂugit,</strong></span> <span class='ocrx_word' id='word_1_602' title='bbox 2837 1020 2934 1078; x_wconf 87' lang='lat' dir='ltr'><strong>sed</strong></span> <span class='ocrx_word' id='word_1_603' title='bbox 2955 1028 3269 1093; x_wconf 86' lang='lat' dir='ltr'><strong>etmagnam</strong></span> <span class='ocrx_word' id='word_1_604' title='bbox 3289 1020 3520 1078; x_wconf 85' lang='lat' dir='ltr'><strong>obtinuit</strong></span> <span class='ocrx_word' id='word_1_605' title='bbox 3540 1019 3815 1092; x_wconf 74' lang='lat' dir='ltr'><strong>ﬁduciam,</strong></span> 
     </span>
    </p>
   </div>
   <div class='ocr_carea' id='block_1_71' title="bbox 2225 1112 3137 1186">
    <p class='ocr_par' dir='ltr' id='par_1_71' title="bbox 2225 1112 3137 1186">
     <span class='ocr_line' id='line_1_71' title="bbox 2225 1112 3137 1186; baseline -0.003 -15"><span class='ocrx_word' id='word_1_606' title='bbox 2225 1121 2282 1171; x_wconf 90' lang='lat' dir='ltr'><strong>et</strong></span> <span class='ocrx_word' id='word_1_607' title='bbox 2307 1120 2530 1184; x_wconf 88' lang='lat' dir='ltr'><strong>repente</strong></span> <span class='ocrx_word' id='word_1_608' title='bbox 2549 1112 2816 1186; x_wconf 86' lang='lat' dir='ltr'><strong>gloriosus</strong></span> <span class='ocrx_word' id='word_1_609' title='bbox 2838 1112 3008 1168; x_wconf 83' lang='lat' dir='ltr'><strong>factus</strong></span> <span class='ocrx_word' id='word_1_610' title='bbox 3031 1119 3137 1169; x_wconf 84' lang='lat' dir='ltr'><strong>est.</strong></span> 
     </span>
    </p>
   </div>
   <div class='ocr_carea' id='block_1_72' title="bbox 2300 1202 3817 1277">
    <p class='ocr_par' dir='ltr' id='par_1_72' title="bbox 2300 1202 3817 1277">
     <span class='ocr_line' id='line_1_72' title="bbox 2300 1202 3817 1277; baseline 0.003 -17"><span class='ocrx_word' id='word_1_611' title='bbox 2300 1203 2355 1260; x_wconf 79' lang='lat'><strong>5.</strong></span> <span class='ocrx_word' id='word_1_612' title='bbox 2382 1202 2443 1259; x_wconf 88' lang='lat' dir='ltr'><strong>in</strong></span> <span class='ocrx_word' id='word_1_613' title='bbox 2469 1203 2615 1260; x_wconf 83' lang='lat' dir='ltr'><strong>hunc</strong></span> <span class='ocrx_word' id='word_1_614' title='bbox 2637 1204 2781 1262; x_wconf 88' lang='lat' dir='ltr'><strong>enim</strong></span> <span class='ocrx_word' id='word_1_615' title='bbox 2798 1202 3017 1260; x_wconf 88' lang='lat' dir='ltr'><strong>modum</strong></span> <span class='ocrx_word' id='word_1_616' title='bbox 3032 1217 3194 1277; x_wconf 87' lang='lat' dir='ltr'><strong>agere</strong></span> <span class='ocrx_word' id='word_1_617' title='bbox 3213 1202 3350 1261; x_wconf 86' lang='lat' dir='ltr'><strong>solet</strong></span> <span class='ocrx_word' id='word_1_618' title='bbox 3375 1203 3519 1261; x_wconf 89' lang='lat' dir='ltr'><strong>Deus</strong></span> <span class='ocrx_word' id='word_1_619' title='bbox 3547 1221 3564 1262; x_wconf 91' lang='lat'><strong>:</strong></span> <span class='ocrx_word' id='word_1_620' title='bbox 3590 1220 3698 1263; x_wconf 92' lang='lat' dir='ltr'><strong>non</strong></span> <span class='ocrx_word' id='word_1_621' title='bbox 3722 1219 3817 1264; x_wconf 85' lang='lat' dir='ltr'><strong>so-</strong></span> 
     </span>
    </p>
   </div>
   <div class='ocr_carea' id='block_1_73' title="bbox 2226 1293 3818 1376">
    <p class='ocr_par' dir='ltr' id='par_1_73' title="bbox 2226 1293 3818 1376">
     <span class='ocr_line' id='line_1_73' title="bbox 2226 1293 3818 1376; baseline 0.002 -25"><span class='ocrx_word' id='word_1_622' title='bbox 2226 1294 2339 1352; x_wconf 88' lang='lat' dir='ltr'><strong>lum</strong></span> <span class='ocrx_word' id='word_1_623' title='bbox 2365 1308 2397 1349; x_wconf 92' lang='lat' dir='ltr'><strong>a</strong></span> <span class='ocrx_word' id='word_1_624' title='bbox 2431 1293 2675 1376; x_wconf 86' lang='lat' dir='ltr'><strong>tristibus</strong></span> <span class='ocrx_word' id='word_1_625' title='bbox 2705 1294 2899 1352; x_wconf 85' lang='lat' dir='ltr'><strong>liberat</strong></span> <span class='ocrx_word' id='word_1_626' title='bbox 2936 1309 3033 1353; x_wconf 87' lang='lat' dir='ltr'><strong>eos</strong></span> <span class='ocrx_word' id='word_1_627' title='bbox 3072 1295 3167 1367; x_wconf 89' lang='lat' dir='ltr'><strong>qui</strong></span> <span class='ocrx_word' id='word_1_628' title='bbox 3200 1294 3413 1353; x_wconf 87' lang='lat' dir='ltr'><strong>fortiter</strong></span> <span class='ocrx_word' id='word_1_629' title='bbox 3452 1310 3513 1352; x_wconf 87' lang='lat' dir='ltr'><strong>se</strong></span> <span class='ocrx_word' id='word_1_630' title='bbox 3544 1307 3739 1368; x_wconf 84' lang='lat' dir='ltr'><strong>gerunt</strong></span> <span class='ocrx_word' id='word_1_631' title='bbox 3764 1300 3818 1354; x_wconf 87' lang='lat' dir='ltr'><strong>la</strong></span> 
     </span>
    </p>
   </div>
   <div class='ocr_carea' id='block_1_74' title="bbox 2228 1383 3821 1459">
    <p class='ocr_par' dir='ltr' id='par_1_74' title="bbox 2228 1383 3821 1459">
     <span class='ocr_line' id='line_1_74' title="bbox 2228 1383 3821 1459; baseline 0.003 -17"><span class='ocrx_word' id='word_1_632' title='bbox 2228 1385 2612 1444; x_wconf 85' lang='lat' dir='ltr'><strong>tentationibus</strong></span> <span class='ocrx_word' id='word_1_633' title='bbox 2628 1428 2646 1456; x_wconf 94' lang='lat'><strong>,</strong></span> <span class='ocrx_word' id='word_1_634' title='bbox 2676 1387 2730 1443; x_wconf 91' lang='lat' dir='ltr'><strong>in</strong></span> <span class='ocrx_word' id='word_1_635' title='bbox 2755 1401 2891 1459; x_wconf 89' lang='lat' dir='ltr'><strong>quas</strong></span> <span class='ocrx_word' id='word_1_636' title='bbox 2909 1386 3187 1455; x_wconf 86' lang='lat' dir='ltr'><strong>incidunt;</strong></span> <span class='ocrx_word' id='word_1_637' title='bbox 3217 1386 3314 1444; x_wconf 87' lang='lat' dir='ltr'><strong>sed</strong></span> <span class='ocrx_word' id='word_1_638' title='bbox 3337 1397 3390 1445; x_wconf 92' lang='lat' dir='ltr'><strong>et</strong></span> <span class='ocrx_word' id='word_1_639' title='bbox 3415 1383 3615 1444; x_wconf 81' lang='lat' dir='ltr'><strong>tantam</strong></span> <span class='ocrx_word' id='word_1_640' title='bbox 3641 1388 3695 1445; x_wconf 90' lang='lat' dir='ltr'><strong>in</strong></span> <span class='ocrx_word' id='word_1_641' title='bbox 3722 1387 3821 1446; x_wconf 84' lang='lat' dir='ltr'><strong>ad-</strong></span> 
     </span>
    </p>
   </div>
   <div class='ocr_carea' id='block_1_75' title="bbox 2228 1479 3817 1552">
    <p class='ocr_par' dir='ltr' id='par_1_75' title="bbox 2228 1479 3817 1552">
     <span class='ocr_line' id='line_1_75' title="bbox 2228 1479 3817 1552; baseline 0.002 -17"><span class='ocrx_word' id='word_1_642' title='bbox 2228 1481 2399 1538; x_wconf 76' lang='lat' dir='ltr'><strong>versis</strong></span> <span class='ocrx_word' id='word_1_643' title='bbox 2424 1480 2629 1552; x_wconf 68' lang='lat' dir='ltr'><strong>prabet</strong></span> <span class='ocrx_word' id='word_1_644' title='bbox 2656 1479 2915 1547; x_wconf 65' lang='lat' dir='ltr'><strong>lstitiam,</strong></span> <span class='ocrx_word' id='word_1_645' title='bbox 2945 1488 3005 1536; x_wconf 93' lang='lat' dir='ltr'><strong>ut</strong></span> <span class='ocrx_word' id='word_1_646' title='bbox 3026 1479 3082 1536; x_wconf 92' lang='lat' dir='ltr'><strong>in</strong></span> <span class='ocrx_word' id='word_1_647' title='bbox 3108 1495 3296 1538; x_wconf 84' lang='lat' dir='ltr'><strong>eorum</strong></span> <span class='ocrx_word' id='word_1_648' title='bbox 3332 1480 3657 1538; x_wconf 87' lang='lat' dir='ltr'><strong>oblivionem</strong></span> <span class='ocrx_word' id='word_1_649' title='bbox 3694 1495 3817 1538; x_wconf 88' lang='lat' dir='ltr'><strong>om-</strong></span> 
     </span>
    </p>
   </div>
   <div class='ocr_carea' id='block_1_76' title="bbox 2231 1569 3822 1638">
    <p class='ocr_par' dir='ltr' id='par_1_76' title="bbox 2231 1569 3822 1638">
     <span class='ocr_line' id='line_1_76' title="bbox 2231 1569 3822 1638; baseline 0.003 -12"><span class='ocrx_word' id='word_1_650' title='bbox 2231 1571 2360 1628; x_wconf 94' lang='lat' dir='ltr'><strong>nino</strong></span> <span class='ocrx_word' id='word_1_651' title='bbox 2384 1571 2630 1638; x_wconf 83' lang='lat' dir='ltr'><strong>veniant,</strong></span> <span class='ocrx_word' id='word_1_652' title='bbox 2657 1579 2711 1627; x_wconf 91' lang='lat' dir='ltr'><strong>et</strong></span> <span class='ocrx_word' id='word_1_653' title='bbox 2736 1569 2791 1627; x_wconf 90' lang='lat' dir='ltr'><strong>in</strong></span> <span class='ocrx_word' id='word_1_654' title='bbox 2819 1570 2986 1627; x_wconf 89' lang='lat' dir='ltr'><strong>multa</strong></span> <span class='ocrx_word' id='word_1_655' title='bbox 3006 1569 3118 1628; x_wconf 88' lang='lat' dir='ltr'><strong>sint</strong></span> <span class='ocrx_word' id='word_1_656' title='bbox 3139 1569 3401 1627; x_wconf 84' lang='lat' dir='ltr'><strong>bonorum</strong></span> <span class='ocrx_word' id='word_1_657' title='bbox 3424 1570 3718 1629; x_wconf 72' lang='lat' dir='ltr'><strong>afﬂuentia.</strong></span> <span class='ocrx_word' id='word_1_658' title='bbox 3749 1571 3822 1630; x_wconf 71' lang='lat' dir='ltr'><strong>Bt</strong></span> 
     </span>
    </p>
   </div>
   <div class='ocr_carea' id='block_1_77' title="bbox 2229 1658 3819 1734">
    <p class='ocr_par' dir='ltr' id='par_1_77' title="bbox 2229 1658 3819 1734">
     <span class='ocr_line' id='line_1_77' title="bbox 2229 1658 3819 1734; baseline 0.001 -15"><span class='ocrx_word' id='word_1_659' title='bbox 2229 1661 2354 1719; x_wconf 88' lang='lat' dir='ltr'><strong>vide</strong></span> <span class='ocrx_word' id='word_1_660' title='bbox 2393 1661 2615 1733; x_wconf 86' lang='lat' dir='ltr'><strong>insuper</strong></span> <span class='ocrx_word' id='word_1_661' title='bbox 2648 1658 2794 1733; x_wconf 84' lang='lat' dir='ltr'><strong>regis</strong></span> <span class='ocrx_word' id='word_1_662' title='bbox 2830 1676 2959 1734; x_wconf 89' lang='lat' dir='ltr'><strong>erga</strong></span> <span class='ocrx_word' id='word_1_663' title='bbox 2990 1660 3196 1732; x_wconf 83' lang='lat' dir='ltr'><strong>justum</strong></span> <span class='ocrx_word' id='word_1_664' title='bbox 3226 1660 3378 1718; x_wconf 88' lang='lat' dir='ltr'><strong>illum</strong></span> <span class='ocrx_word' id='word_1_665' title='bbox 3412 1660 3670 1719; x_wconf 82' lang='lat' dir='ltr'><strong>ollicium.</strong></span> <span class='ocrx_word' id='word_1_666' title='bbox 3698 1660 3819 1720; x_wconf 76' lang='lat' dir='ltr'><strong>Non</strong></span> 
     </span>
    </p>
   </div>
   <div class='ocr_carea' id='block_1_78' title="bbox 2230 1751 3820 1821">
    <p class='ocr_par' dir='ltr' id='par_1_78' title="bbox 2230 1751 3820 1821">
     <span class='ocr_line' id='line_1_78' title="bbox 2230 1751 3820 1821; baseline 0 -10"><span class='ocrx_word' id='word_1_667' title='bbox 2230 1754 2401 1812; x_wconf 89' lang='lat' dir='ltr'><strong>solum</strong></span> <span class='ocrx_word' id='word_1_668' title='bbox 2421 1754 2563 1810; x_wconf 86' lang='lat' dir='ltr'><strong>enim</strong></span> <span class='ocrx_word' id='word_1_669' title='bbox 2581 1753 2742 1809; x_wconf 87' lang='lat' dir='ltr'><strong>tantis</strong></span> <span class='ocrx_word' id='word_1_670' title='bbox 2764 1752 3077 1809; x_wconf 81' lang='lat' dir='ltr'><strong>muneribus</strong></span> <span class='ocrx_word' id='word_1_671' title='bbox 3100 1752 3247 1809; x_wconf 86' lang='lat' dir='ltr'><strong>illum</strong></span> <span class='ocrx_word' id='word_1_672' title='bbox 3267 1751 3516 1821; x_wconf 80' lang='lat' dir='ltr'><strong>honorat,</strong></span> <span class='ocrx_word' id='word_1_673' title='bbox 3538 1752 3634 1811; x_wconf 84' lang='lat' dir='ltr'><strong>sed</strong></span> <span class='ocrx_word' id='word_1_674' title='bbox 3655 1754 3820 1811; x_wconf 84' lang='lat' dir='ltr'><strong>etiam</strong></span> 
     </span>
    </p>
   </div>
   <div class='ocr_carea' id='block_1_79' title="bbox 2238 1830 3824 1917">
    <p class='ocr_par' dir='ltr' id='par_1_79' title="bbox 2238 1830 3824 1917">
     <span class='ocr_line' id='line_1_79' title="bbox 2238 1830 3824 1917; baseline 0.001 -16"><span class='ocrx_word' id='word_1_675' title='bbox 2238 1853 2555 1917; x_wconf 86' lang='lat' dir='ltr'><strong>potestatem</strong></span> <span class='ocrx_word' id='word_1_676' title='bbox 2592 1843 2641 1901; x_wconf 88' lang='lat' dir='ltr'><strong>ei</strong></span> <span class='ocrx_word' id='word_1_677' title='bbox 2684 1842 2811 1911; x_wconf 91' lang='lat' dir='ltr'><strong>dat,</strong></span> <span class='ocrx_word' id='word_1_678' title='bbox 2863 1843 3002 1901; x_wconf 89' lang='lat' dir='ltr'><strong>utin</strong></span> <span class='ocrx_word' id='word_1_679' title='bbox 3031 1853 3172 1901; x_wconf 87' lang='lat' dir='ltr'><strong>terra</strong></span> <span class='ocrx_word' id='word_1_680' title='bbox 3195 1858 3292 1901; x_wconf 91' lang='lat' dir='ltr'><strong>sua</strong></span> <span class='ocrx_word' id='word_1_681' title='bbox 3318 1830 3543 1902; x_wconf 81' lang='lat' dir='ltr'><strong>habitet.</strong></span> <span class='ocrx_word' id='word_1_682' title='bbox 3574 1845 3662 1903; x_wconf 70' lang='lat' dir='ltr'><strong>is.</strong></span> <span class='ocrx_word' id='word_1_683' title='bbox 3690 1844 3824 1903; x_wconf 80' lang='lat' dir='ltr'><strong>Ecce</strong></span> 
     </span>
    </p>
   </div>
   <div class='ocr_carea' id='block_1_80' title="bbox 2232 1934 3823 2009">
    <p class='ocr_par' dir='ltr' id='par_1_80' title="bbox 2232 1934 3823 2009">
     <span class='ocr_line' id='line_1_80' title="bbox 2232 1934 3823 2009; baseline 0.002 -18"><span class='ocrx_word' id='word_1_684' title='bbox 2232 1936 2367 1991; x_wconf 85' lang='lat' dir='ltr'><strong>enim</strong></span> <span class='ocrx_word' id='word_1_685' title='bbox 2394 1977 2410 2001; x_wconf 91' lang='lat'><strong>,</strong></span> <span class='ocrx_word' id='word_1_686' title='bbox 2444 1934 2656 2007; x_wconf 90' lang='lat' dir='ltr'><strong>inquit,</strong></span> <span class='ocrx_word' id='word_1_687' title='bbox 2685 1944 2823 1991; x_wconf 81' lang='lat' dir='ltr'><strong>terra</strong></span> <span class='ocrx_word' id='word_1_688' title='bbox 2845 1950 2959 1991; x_wconf 78' lang='lat' dir='ltr'><strong>mea</strong></span> <span class='ocrx_word' id='word_1_689' title='bbox 2981 1950 3158 1991; x_wconf 84' lang='lat' dir='ltr'><strong>coram</strong></span> <span class='ocrx_word' id='word_1_690' title='bbox 3184 1945 3235 1991; x_wconf 92' lang='lat' dir='ltr'><strong>te</strong></span> <span class='ocrx_word' id='word_1_691' title='bbox 3254 1944 3330 1991; x_wconf 90' lang='lat' dir='ltr'><strong>est</strong></span> <span class='ocrx_word' id='word_1_692' title='bbox 3352 1951 3375 2003; x_wconf 84' lang='lat'><em>;</em></span> <span class='ocrx_word' id='word_1_693' title='bbox 3411 1935 3713 2009; x_wconf 78' lang='lat' dir='ltr'><strong>ubicumque</strong></span> <span class='ocrx_word' id='word_1_694' title='bbox 3731 1938 3823 1995; x_wconf 76' lang='lat' dir='ltr'><strong>tibi</strong></span> 
     </span>
    </p>
   </div>
   <div class='ocr_carea' id='block_1_81' title="bbox 2233 2023 3825 2099">
    <p class='ocr_par' dir='ltr' id='par_1_81' title="bbox 2233 2023 3825 2099">
     <span class='ocr_line' id='line_1_81' title="bbox 2233 2023 3825 2099; baseline 0.004 -20"><span class='ocrx_word' id='word_1_695' title='bbox 2233 2026 2480 2097; x_wconf 82' lang='lat' dir='ltr'><strong>placuerit</strong></span> <span class='ocrx_word' id='word_1_696' title='bbox 2500 2066 2517 2093; x_wconf 92' lang='lat'><strong>,</strong></span> <span class='ocrx_word' id='word_1_697' title='bbox 2548 2023 2742 2082; x_wconf 75' lang='lat' dir='ltr'><strong>habita.</strong></span> <span class='ocrx_word' id='word_1_698' title='bbox 2768 2023 2900 2081; x_wconf 86' lang='lat' dir='ltr'><strong>Nam</strong></span> <span class='ocrx_word' id='word_1_699' title='bbox 2929 2024 3051 2098; x_wconf 90' lang='lat' dir='ltr'><strong>quia</strong></span> <span class='ocrx_word' id='word_1_700' title='bbox 3079 2024 3264 2082; x_wconf 90' lang='lat' dir='ltr'><strong>didicit</strong></span> <span class='ocrx_word' id='word_1_701' title='bbox 3291 2034 3509 2099; x_wconf 86' lang='lat' dir='ltr'><strong>propter</strong></span> <span class='ocrx_word' id='word_1_702' title='bbox 3530 2027 3680 2084; x_wconf 88' lang='lat' dir='ltr'><strong>illum</strong></span> <span class='ocrx_word' id='word_1_703' title='bbox 3712 2070 3730 2098; x_wconf 93' lang='lat'><strong>,</strong></span> <span class='ocrx_word' id='word_1_704' title='bbox 3767 2037 3825 2086; x_wconf 85' lang='lat' dir='ltr'><strong>et</strong></span> 
     </span>
    </p>
   </div>
   <div class='ocr_carea' id='block_1_82' title="bbox 2234 2117 3821 2191">
    <p class='ocr_par' dir='ltr' id='par_1_82' title="bbox 2234 2117 3821 2191">
     <span class='ocr_line' id='line_1_82' title="bbox 2234 2117 3821 2191; baseline 0.001 -17"><span class='ocrx_word' id='word_1_705' title='bbox 2234 2128 2455 2191; x_wconf 88' lang='lat' dir='ltr'><strong>propter</strong></span> <span class='ocrx_word' id='word_1_706' title='bbox 2479 2119 2619 2174; x_wconf 90' lang='lat' dir='ltr'><strong>illius</strong></span> <span class='ocrx_word' id='word_1_707' title='bbox 2643 2133 2833 2191; x_wconf 87' lang='lat' dir='ltr'><strong>preces</strong></span> <span class='ocrx_word' id='word_1_708' title='bbox 2870 2119 3036 2176; x_wconf 86' lang='lat' dir='ltr'><strong>vitam</strong></span> <span class='ocrx_word' id='word_1_709' title='bbox 3062 2119 3163 2175; x_wconf 89' lang='lat' dir='ltr'><strong>sibi</strong></span> <span class='ocrx_word' id='word_1_710' title='bbox 3187 2117 3368 2175; x_wconf 86' lang='lat' dir='ltr'><strong>datam</strong></span> <span class='ocrx_word' id='word_1_711' title='bbox 3405 2133 3527 2177; x_wconf 84' lang='lat' dir='ltr'><strong>esse</strong></span> <span class='ocrx_word' id='word_1_712' title='bbox 3552 2160 3569 2186; x_wconf 94' lang='lat'><strong>,</strong></span> <span class='ocrx_word' id='word_1_713' title='bbox 3600 2120 3724 2177; x_wconf 89' lang='lat' dir='ltr'><strong>ideo</strong></span> <span class='ocrx_word' id='word_1_714' title='bbox 3748 2122 3821 2176; x_wconf 90' lang='lat' dir='ltr'><strong>ita</strong></span> 
     </span>
    </p>
   </div>
   <div class='ocr_carea' id='block_1_83' title="bbox 2231 2212 3821 2287">
    <p class='ocr_par' dir='ltr' id='par_1_83' title="bbox 2231 2212 3821 2287">
     <span class='ocr_line' id='line_1_83' title="bbox 2231 2212 3821 2287; baseline 0.003 -19"><span class='ocrx_word' id='word_1_715' title='bbox 2231 2212 2292 2276; x_wconf 87' lang='lat' dir='ltr'><strong>in</strong></span> <span class='ocrx_word' id='word_1_716' title='bbox 2328 2212 2701 2284; x_wconf 86' lang='lat' dir='ltr'><strong>peregrinum,</strong></span> <span class='ocrx_word' id='word_1_717' title='bbox 2725 2226 3007 2281; x_wconf 86' lang='lat' dir='ltr'><strong>erronem,</strong></span> <span class='ocrx_word' id='word_1_718' title='bbox 3044 2221 3098 2269; x_wconf 90' lang='lat' dir='ltr'><strong>et</strong></span> <span class='ocrx_word' id='word_1_719' title='bbox 3140 2222 3300 2271; x_wconf 89' lang='lat' dir='ltr'><strong>antea</strong></span> <span class='ocrx_word' id='word_1_720' title='bbox 3340 2213 3469 2269; x_wconf 90' lang='lat' dir='ltr'><strong>nulli</strong></span> <span class='ocrx_word' id='word_1_721' title='bbox 3514 2214 3821 2287; x_wconf 85' lang='lat' dir='ltr'><strong>cognitum,</strong></span> 
     </span>
    </p>
   </div>
   <div class='ocr_carea' id='block_1_84' title="bbox 2234 2304 3826 2378">
    <p class='ocr_par' dir='ltr' id='par_1_84' title="bbox 2234 2304 3826 2378">
     <span class='ocr_line' id='line_1_84' title="bbox 2234 2304 3826 2378; baseline 0.001 -16"><span class='ocrx_word' id='word_1_722' title='bbox 2234 2306 2388 2377; x_wconf 86' lang='lat' dir='ltr'><strong>quasi</strong></span> <span class='ocrx_word' id='word_1_723' title='bbox 2433 2306 2489 2362; x_wconf 91' lang='lat' dir='ltr'><strong>in</strong></span> <span class='ocrx_word' id='word_1_724' title='bbox 2530 2304 2923 2362; x_wconf 88' lang='lat' dir='ltr'><strong>benefactorem</strong></span> <span class='ocrx_word' id='word_1_725' title='bbox 2951 2313 3008 2362; x_wconf 90' lang='lat' dir='ltr'><strong>et</strong></span> <span class='ocrx_word' id='word_1_726' title='bbox 3033 2313 3266 2363; x_wconf 86' lang='lat' dir='ltr'><strong>tutorem</strong></span> <span class='ocrx_word' id='word_1_727' title='bbox 3288 2306 3518 2378; x_wconf 86' lang='lat' dir='ltr'><strong>aliquem</strong></span> <span class='ocrx_word' id='word_1_728' title='bbox 3546 2305 3826 2364; x_wconf 78' lang='lat' dir='ltr'><strong>ofﬁciosus</strong></span> 
     </span>
    </p>
   </div>
   <div class='ocr_carea' id='block_1_85' title="bbox 2236 2398 3828 2470">
    <p class='ocr_par' dir='ltr' id='par_1_85' title="bbox 2236 2398 3828 2470">
     <span class='ocr_line' id='line_1_85' title="bbox 2236 2398 3828 2470; baseline 0.001 -15"><span class='ocrx_word' id='word_1_729' title='bbox 2236 2398 2356 2456; x_wconf 77' lang='lat' dir='ltr'><strong>fuit.</strong></span> <span class='ocrx_word' id='word_1_730' title='bbox 2384 2399 2472 2456; x_wconf 78' lang='grc'><strong>16.</strong></span> <span class='ocrx_word' id='word_1_731' title='bbox 2503 2399 2683 2457; x_wconf 75' lang='lat' dir='ltr'><strong>Sarra</strong></span> <span class='ocrx_word' id='word_1_732' title='bbox 2705 2409 2877 2455; x_wconf 87' lang='lat' dir='ltr'><strong>autem</strong></span> <span class='ocrx_word' id='word_1_733' title='bbox 2901 2440 2918 2465; x_wconf 87' lang='lat'><strong>,</strong></span> <span class='ocrx_word' id='word_1_734' title='bbox 2949 2399 3140 2470; x_wconf 87' lang='lat' dir='ltr'><strong>inquit,</strong></span> <span class='ocrx_word' id='word_1_735' title='bbox 3170 2398 3302 2456; x_wconf 81' lang='lat' dir='ltr'><strong>dixit</strong></span> <span class='ocrx_word' id='word_1_736' title='bbox 3329 2414 3351 2455; x_wconf 92' lang='lat'><strong><em>:</em></strong></span> <span class='ocrx_word' id='word_1_737' title='bbox 3389 2398 3527 2455; x_wconf 84' lang='lat' dir='ltr'><strong>Ecce</strong></span> <span class='ocrx_word' id='word_1_738' title='bbox 3547 2399 3667 2455; x_wconf 86' lang='lat' dir='ltr'><strong>dedi</strong></span> <span class='ocrx_word' id='word_1_739' title='bbox 3686 2400 3828 2457; x_wconf 75' lang='lat' dir='ltr'><strong>mille</strong></span> 
     </span>
    </p>
   </div>
   <div class='ocr_carea' id='block_1_86' title="bbox 2236 2488 3828 2563">
    <p class='ocr_par' dir='ltr' id='par_1_86' title="bbox 2236 2488 3828 2563">
     <span class='ocr_line' id='line_1_86' title="bbox 2236 2488 3828 2563; baseline 0.003 -18"><span class='ocrx_word' id='word_1_740' title='bbox 2236 2490 2567 2546; x_wconf 68' lang='lat' dir='ltr'><strong>didrachmas</strong></span> <span class='ocrx_word' id='word_1_741' title='bbox 2588 2492 2737 2563; x_wconf 86' lang='lat' dir='ltr'><strong>fratri</strong></span> <span class='ocrx_word' id='word_1_742' title='bbox 2763 2500 2873 2546; x_wconf 89' lang='lat' dir='ltr'><strong>tuo.</strong></span> <span class='ocrx_word' id='word_1_743' title='bbox 2900 2488 3036 2546; x_wconf 79' lang='lat' dir='ltr'><strong>Vide</strong></span> <span class='ocrx_word' id='word_1_744' title='bbox 3063 2488 3354 2562; x_wconf 86' lang='lat' dir='ltr'><strong>quomodo,</strong></span> <span class='ocrx_word' id='word_1_745' title='bbox 3384 2499 3603 2562; x_wconf 85' lang='lat' dir='ltr'><strong>accepta</strong></span> <span class='ocrx_word' id='word_1_746' title='bbox 3626 2505 3659 2547; x_wconf 72' lang='grc' dir='ltr'>ι</span> <span class='ocrx_word' id='word_1_747' title='bbox 3677 2491 3828 2561; x_wconf 78' lang='lat' dir='ltr'><strong>justo</strong></span> 
     </span>
    </p>
   </div>
   <div class='ocr_carea' id='block_1_87' title="bbox 2233 2579 3826 2653">
    <p class='ocr_par' dir='ltr' id='par_1_87' title="bbox 2233 2579 3826 2653">
     <span class='ocr_line' id='line_1_87' title="bbox 2233 2579 3826 2653; baseline 0.001 -16"><span class='ocrx_word' id='word_1_748' title='bbox 2233 2579 2474 2637; x_wconf 86' lang='lat' dir='ltr'><strong>doctrina</strong></span> <span class='ocrx_word' id='word_1_749' title='bbox 2497 2621 2516 2648; x_wconf 94' lang='lat'><strong>,</strong></span> <span class='ocrx_word' id='word_1_750' title='bbox 2541 2580 2767 2637; x_wconf 90' lang='lat' dir='ltr'><strong>credidit</strong></span> <span class='ocrx_word' id='word_1_751' title='bbox 2785 2582 2902 2653; x_wconf 88' lang='lat' dir='ltr'><strong>ejus</strong></span> <span class='ocrx_word' id='word_1_752' title='bbox 2922 2579 3081 2639; x_wconf 91' lang='lat' dir='ltr'><strong>dictis</strong></span> <span class='ocrx_word' id='word_1_753' title='bbox 3098 2622 3113 2647; x_wconf 90' lang='lat'><strong>,</strong></span> <span class='ocrx_word' id='word_1_754' title='bbox 3144 2589 3304 2653; x_wconf 89' lang='lat' dir='ltr'><strong>atque</strong></span> <span class='ocrx_word' id='word_1_755' title='bbox 3331 2581 3446 2652; x_wconf 88' lang='lat' dir='ltr'><strong>ipse</strong></span> <span class='ocrx_word' id='word_1_756' title='bbox 3472 2580 3690 2639; x_wconf 87' lang='lat' dir='ltr'><strong>fratrem</strong></span> <span class='ocrx_word' id='word_1_757' title='bbox 3721 2582 3826 2639; x_wconf 80' lang='lat' dir='ltr'><strong>bu-</strong></span> 
     </span>
    </p>
   </div>
   <div class='ocr_carea' id='block_1_88' title="bbox 2235 2671 3828 2746">
    <p class='ocr_par' dir='ltr' id='par_1_88' title="bbox 2235 2671 3828 2746">
     <span class='ocr_line' id='line_1_88' title="bbox 2235 2671 3828 2746; baseline 0.003 -20"><span class='ocrx_word' id='word_1_758' title='bbox 2235 2671 2324 2743; x_wconf 81' lang='lat' dir='ltr'><strong>jus</strong></span> <span class='ocrx_word' id='word_1_759' title='bbox 2352 2672 2499 2728; x_wconf 92' lang='lat' dir='ltr'><strong>illum</strong></span> <span class='ocrx_word' id='word_1_760' title='bbox 2525 2682 2699 2728; x_wconf 88' lang='lat' dir='ltr'><strong>vocat.</strong></span> <span class='ocrx_word' id='word_1_761' title='bbox 2735 2672 2816 2728; x_wconf 82' lang='lat' dir='ltr'><strong>Ea</strong></span> <span class='ocrx_word' id='word_1_762' title='bbox 2835 2689 2951 2746; x_wconf 74' lang='lat' dir='ltr'><strong>qua</strong></span> <span class='ocrx_word' id='word_1_763' title='bbox 2975 2673 3114 2741; x_wconf 86' lang='lat' dir='ltr'><strong>dedi,</strong></span> <span class='ocrx_word' id='word_1_764' title='bbox 3147 2673 3337 2745; x_wconf 88' lang='lat' dir='ltr'><strong>inquit,</strong></span> <span class='ocrx_word' id='word_1_765' title='bbox 3368 2675 3522 2746; x_wconf 77' lang='lat' dir='ltr'><strong>fratri</strong></span> <span class='ocrx_word' id='word_1_766' title='bbox 3545 2683 3654 2742; x_wconf 88' lang='lat' dir='ltr'><strong>tuo,</strong></span> <span class='ocrx_word' id='word_1_767' title='bbox 3679 2685 3828 2731; x_wconf 68' lang='lat' dir='ltr'><strong>auus</strong></span> 
     </span>
    </p>
   </div>
   <div class='ocr_carea' id='block_1_89' title="bbox 2235 2764 3823 2837">
    <p class='ocr_par' dir='ltr' id='par_1_89' title="bbox 2235 2764 3823 2837">
     <span class='ocr_line' id='line_1_89' title="bbox 2235 2764 3823 2837; baseline 0.003 -19"><span class='ocrx_word' id='word_1_768' title='bbox 2235 2764 2291 2818; x_wconf 86' lang='lat' dir='ltr'><strong>in</strong></span> <span class='ocrx_word' id='word_1_769' title='bbox 2314 2764 2557 2820; x_wconf 74' lang='lat' dir='ltr'><strong>honorent</strong></span> <span class='ocrx_word' id='word_1_770' title='bbox 2584 2764 2755 2820; x_wconf 77' lang='lat' dir='ltr'><strong>uultus</strong></span> <span class='ocrx_word' id='word_1_771' title='bbox 2782 2767 2881 2824; x_wconf 84' lang='lat' dir='ltr'><strong>tui.</strong></span> <span class='ocrx_word' id='word_1_772' title='bbox 2901 2774 2948 2821; x_wconf 86' lang='lat' dir='ltr'><strong>et</strong></span> <span class='ocrx_word' id='word_1_773' title='bbox 2963 2767 3135 2823; x_wconf 83' lang='lat' dir='ltr'><strong>omnia</strong></span> <span class='ocrx_word' id='word_1_774' title='bbox 3159 2782 3275 2822; x_wconf 79' lang='lat' dir='ltr'><strong>uere</strong></span> <span class='ocrx_word' id='word_1_775' title='bbox 3292 2766 3396 2822; x_wconf 85' lang='lat' dir='ltr'><strong>die.</strong></span> <span class='ocrx_word' id='word_1_776' title='bbox 3424 2766 3562 2837; x_wconf 82' lang='lat' dir='ltr'><strong>Quid</strong></span> <span class='ocrx_word' id='word_1_777' title='bbox 3590 2776 3677 2824; x_wconf 84' lang='lat' dir='ltr'><strong>est</strong></span> <span class='ocrx_word' id='word_1_778' title='bbox 3693 2808 3712 2835; x_wconf 94' lang='lat'><strong>,</strong></span> <span class='ocrx_word' id='word_1_779' title='bbox 3753 2766 3823 2823; x_wconf 84' lang='lat' dir='ltr'><strong>lu</strong></span> 
     </span>
    </p>
   </div>
   <div class='ocr_carea' id='block_1_90' title="bbox 2234 2855 3829 2930">
    <p class='ocr_par' dir='ltr' id='par_1_90' title="bbox 2234 2855 3829 2930">
     <span class='ocr_line' id='line_1_90' title="bbox 2234 2855 3829 2930; baseline 0.003 -20"><span class='ocrx_word' id='word_1_780' title='bbox 2234 2855 2479 2911; x_wconf 63' lang='lat' dir='ltr'><strong>honorem</strong></span> <span class='ocrx_word' id='word_1_781' title='bbox 2504 2857 2670 2912; x_wconf 78' lang='lat' dir='ltr'><strong>uultus</strong></span> <span class='ocrx_word' id='word_1_782' title='bbox 2694 2857 2767 2911; x_wconf 84' lang='lat' dir='ltr'><strong>tui</strong></span> <span class='ocrx_word' id='word_1_783' title='bbox 2786 2899 2803 2924; x_wconf 91' lang='lat'><strong>,</strong></span> <span class='ocrx_word' id='word_1_784' title='bbox 2832 2866 2882 2912; x_wconf 88' lang='lat' dir='ltr'><strong>et</strong></span> <span class='ocrx_word' id='word_1_785' title='bbox 2924 2858 3098 2912; x_wconf 83' lang='lat' dir='ltr'><strong>omnia</strong></span> <span class='ocrx_word' id='word_1_786' title='bbox 3132 2872 3248 2913; x_wconf 77' lang='lat' dir='ltr'><strong>uere</strong></span> <span class='ocrx_word' id='word_1_787' title='bbox 3282 2857 3366 2912; x_wconf 81' lang='lat' dir='ltr'><strong>die</strong></span> <span class='ocrx_word' id='word_1_788' title='bbox 3397 2858 3423 2912; x_wconf 65' lang='grc' dir='ltr'>τ</span> <span class='ocrx_word' id='word_1_789' title='bbox 3472 2857 3579 2914; x_wconf 86' lang='lat' dir='ltr'><strong>Pro</strong></span> <span class='ocrx_word' id='word_1_790' title='bbox 3606 2857 3674 2915; x_wconf 86' lang='lat' dir='ltr'><strong>iis</strong></span> <span class='ocrx_word' id='word_1_791' title='bbox 3705 2872 3829 2930; x_wconf 67' lang='lat' dir='ltr'><strong>quo</strong></span> 
     </span>
    </p>
   </div>
   <div class='ocr_carea' id='block_1_91' title="bbox 2239 2947 3826 3021">
    <p class='ocr_par' dir='ltr' id='par_1_91' title="bbox 2239 2947 3826 3021">
     <span class='ocr_line' id='line_1_91' title="bbox 2239 2947 3826 3021; baseline 0.002 -19"><span class='ocrx_word' id='word_1_792' title='bbox 2239 2961 2337 3018; x_wconf 86' lang='lat' dir='ltr'><strong>per</strong></span> <span class='ocrx_word' id='word_1_793' title='bbox 2358 2947 2709 3019; x_wconf 88' lang='lat' dir='ltr'><strong>ignorantiam</strong></span> <span class='ocrx_word' id='word_1_794' title='bbox 2738 2961 3019 3019; x_wconf 81' lang='lat' dir='ltr'><strong>aggressus</strong></span> <span class='ocrx_word' id='word_1_795' title='bbox 3038 2964 3155 3003; x_wconf 87' lang='lat' dir='ltr'><strong>sum</strong></span> <span class='ocrx_word' id='word_1_796' title='bbox 3176 2988 3192 3016; x_wconf 93' lang='lat'><strong>,</strong></span> <span class='ocrx_word' id='word_1_797' title='bbox 3221 2957 3273 3005; x_wconf 89' lang='lat' dir='ltr'><strong>te</strong></span> <span class='ocrx_word' id='word_1_798' title='bbox 3295 2964 3416 3020; x_wconf 67' lang='lat' dir='ltr'><strong>quae</strong></span> <span class='ocrx_word' id='word_1_799' title='bbox 3437 2964 3499 3006; x_wconf 87' lang='lat' dir='ltr'><strong>es</strong></span> <span class='ocrx_word' id='word_1_800' title='bbox 3522 2965 3658 3005; x_wconf 77' lang='lat' dir='ltr'><strong>uxor</strong></span> <span class='ocrx_word' id='word_1_801' title='bbox 3671 2949 3826 3021; x_wconf 82' lang='lat' dir='ltr'><strong>justi,</strong></span> 
     </span>
    </p>
   </div>
   <div class='ocr_carea' id='block_1_92' title="bbox 2239 3037 3829 3111">
    <p class='ocr_par' dir='ltr' id='par_1_92' title="bbox 2239 3037 3829 3111">
     <span class='ocr_line' id='line_1_92' title="bbox 2239 3037 3829 3111; baseline 0.002 -17"><span class='ocrx_word' id='word_1_802' title='bbox 2239 3038 2294 3094; x_wconf 92' lang='lat' dir='ltr'><strong>in</strong></span> <span class='ocrx_word' id='word_1_803' title='bbox 2322 3037 2542 3094; x_wconf 88' lang='lat' dir='ltr'><strong>domum</strong></span> <span class='ocrx_word' id='word_1_804' title='bbox 2572 3053 2746 3095; x_wconf 85' lang='lat' dir='ltr'><strong>meam</strong></span> <span class='ocrx_word' id='word_1_805' title='bbox 2785 3037 3214 3095; x_wconf 86' lang='lat' dir='ltr'><strong>introducendo:</strong></span> <span class='ocrx_word' id='word_1_806' title='bbox 3243 3053 3341 3110; x_wconf 87' lang='lat' dir='ltr'><strong>pro</strong></span> <span class='ocrx_word' id='word_1_807' title='bbox 3370 3038 3473 3095; x_wconf 91' lang='lat' dir='ltr'><strong>boc</strong></span> <span class='ocrx_word' id='word_1_808' title='bbox 3500 3038 3678 3095; x_wconf 88' lang='lat' dir='ltr'><strong>solum</strong></span> <span class='ocrx_word' id='word_1_809' title='bbox 3703 3038 3829 3111; x_wconf 83' lang='lat' dir='ltr'><strong>quia</strong></span> 
     </span>
    </p>
   </div>
   <div class='ocr_carea' id='block_1_93' title="bbox 2236 3128 3830 3196">
    <p class='ocr_par' dir='ltr' id='par_1_93' title="bbox 2236 3128 3830 3196">
     <span class='ocr_line' id='line_1_93' title="bbox 2236 3128 3830 3196; baseline 0.001 -10"><span class='ocrx_word' id='word_1_810' title='bbox 2236 3128 2574 3186; x_wconf 64' lang='lat' dir='ltr'><strong>contumeliae</strong></span> <span class='ocrx_word' id='word_1_811' title='bbox 2600 3129 2694 3187; x_wconf 91' lang='lat' dir='ltr'><strong>tibi</strong></span> <span class='ocrx_word' id='word_1_812' title='bbox 2714 3138 2901 3187; x_wconf 88' lang='lat' dir='ltr'><strong>auctor</strong></span> <span class='ocrx_word' id='word_1_813' title='bbox 2920 3128 3014 3195; x_wconf 83' lang='lat' dir='ltr'><strong>lui,</strong></span> <span class='ocrx_word' id='word_1_814' title='bbox 3042 3129 3186 3186; x_wconf 86' lang='lat' dir='ltr'><strong>mille</strong></span> <span class='ocrx_word' id='word_1_815' title='bbox 3209 3128 3331 3187; x_wconf 91' lang='lat' dir='ltr'><strong>dedi</strong></span> <span class='ocrx_word' id='word_1_816' title='bbox 3358 3129 3719 3196; x_wconf 79' lang='lat' dir='ltr'><strong>didrachmas.</strong></span> <span class='ocrx_word' id='word_1_817' title='bbox 3742 3145 3830 3187; x_wconf 79' lang='lat' dir='ltr'><strong>ro-</strong></span> 
     </span>
    </p>
   </div>
   <div class='ocr_carea' id='block_1_94' title="bbox 2238 3218 3829 3291">
    <p class='ocr_par' dir='ltr' id='par_1_94' title="bbox 2238 3218 3829 3291">
     <span class='ocr_line' id='line_1_94' title="bbox 2238 3218 3829 3291; baseline 0 -16"><span class='ocrx_word' id='word_1_818' title='bbox 2238 3229 2484 3275; x_wconf 87' lang='lat' dir='ltr'><strong>sarturus</strong></span> <span class='ocrx_word' id='word_1_819' title='bbox 2508 3235 2572 3276; x_wconf 85' lang='lat' dir='ltr'><strong>ea</strong></span> <span class='ocrx_word' id='word_1_820' title='bbox 2602 3235 2721 3291; x_wconf 63' lang='lat' dir='ltr'><strong>qua</strong></span> <span class='ocrx_word' id='word_1_821' title='bbox 2737 3235 2767 3275; x_wconf 89' lang='lat' dir='ltr'><strong>a</strong></span> <span class='ocrx_word' id='word_1_822' title='bbox 2789 3235 2875 3276; x_wconf 89' lang='lat' dir='ltr'><strong>me</strong></span> <span class='ocrx_word' id='word_1_823' title='bbox 2901 3220 2955 3276; x_wconf 92' lang='lat' dir='ltr'><strong>in</strong></span> <span class='ocrx_word' id='word_1_824' title='bbox 2981 3230 3035 3276; x_wconf 89' lang='lat' dir='ltr'><strong>te</strong></span> <span class='ocrx_word' id='word_1_825' title='bbox 3057 3220 3446 3276; x_wconf 84' lang='lat' dir='ltr'><strong>suntadmissa.</strong></span> <span class='ocrx_word' id='word_1_826' title='bbox 3468 3218 3668 3276; x_wconf 86' lang='lat' dir='ltr'><strong>Verum</strong></span> <span class='ocrx_word' id='word_1_827' title='bbox 3699 3219 3829 3276; x_wconf 83' lang='lat' dir='ltr'><strong>Otu-</strong></span> 
     </span>
    </p>
   </div>
   <div class='ocr_carea' id='block_1_95' title="bbox 2240 3309 3829 3382">
    <p class='ocr_par' dir='ltr' id='par_1_95' title="bbox 2240 3309 3829 3382">
     <span class='ocr_line' id='line_1_95' title="bbox 2240 3309 3829 3382; baseline 0.001 -18"><span class='ocrx_word' id='word_1_828' title='bbox 2240 3309 2327 3364; x_wconf 81' lang='lat' dir='ltr'><strong>uia</strong></span> <span class='ocrx_word' id='word_1_829' title='bbox 2346 3326 2459 3365; x_wconf 78' lang='lat' dir='ltr'><strong>uere</strong></span> <span class='ocrx_word' id='word_1_830' title='bbox 2484 3310 2587 3364; x_wconf 86' lang='lat' dir='ltr'><strong>die.</strong></span> <span class='ocrx_word' id='word_1_831' title='bbox 2616 3309 2753 3381; x_wconf 84' lang='lat' dir='ltr'><strong>Quid</strong></span> <span class='ocrx_word' id='word_1_832' title='bbox 2773 3310 3070 3382; x_wconf 77' lang='lat' dir='ltr'><strong>significat,</strong></span> <span class='ocrx_word' id='word_1_833' title='bbox 3096 3309 3283 3365; x_wconf 85' lang='lat' dir='ltr'><strong>Omnia</strong></span> <span class='ocrx_word' id='word_1_834' title='bbox 3307 3326 3422 3366; x_wconf 80' lang='lat' dir='ltr'><strong>uere</strong></span> <span class='ocrx_word' id='word_1_835' title='bbox 3435 3310 3518 3365; x_wconf 87' lang='lat' dir='ltr'><strong>dic</strong></span> <span class='ocrx_word' id='word_1_836' title='bbox 3537 3311 3564 3365; x_wconf 71' lang='grc'><strong><em>2</em></strong></span> <span class='ocrx_word' id='word_1_837' title='bbox 3587 3309 3788 3366; x_wconf 84' lang='lat' dir='ltr'><strong>Omnes</strong></span> <span class='ocrx_word' id='word_1_838' title='bbox 3809 3350 3829 3376; x_wconf 93' lang='lat'><strong>,</strong></span> 
     </span>
    </p>
   </div>
   <div class='ocr_carea' id='block_1_96' title="bbox 2241 3399 3830 3472">
    <p class='ocr_par' dir='ltr' id='par_1_96' title="bbox 2241 3399 3830 3472">
     <span class='ocr_line' id='line_1_96' title="bbox 2241 3399 3830 3472; baseline 0.001 -16"><span class='ocrx_word' id='word_1_839' title='bbox 2241 3400 2430 3472; x_wconf 90' lang='lat' dir='ltr'><strong>inquit,</strong></span> <span class='ocrx_word' id='word_1_840' title='bbox 2458 3415 2490 3456; x_wconf 89' lang='lat' dir='ltr'><strong>a</strong></span> <span class='ocrx_word' id='word_1_841' title='bbox 2520 3409 2572 3457; x_wconf 83' lang='lat' dir='ltr'><strong>te</strong></span> <span class='ocrx_word' id='word_1_842' title='bbox 2600 3401 2810 3457; x_wconf 85' lang='lat' dir='ltr'><strong>discant</strong></span> <span class='ocrx_word' id='word_1_843' title='bbox 2838 3401 2973 3457; x_wconf 81' lang='lat' dir='ltr'><strong>nihil</strong></span> <span class='ocrx_word' id='word_1_844' title='bbox 3008 3400 3247 3472; x_wconf 90' lang='lat' dir='ltr'><strong>iniquum</strong></span> <span class='ocrx_word' id='word_1_845' title='bbox 3274 3416 3307 3456; x_wconf 93' lang='lat' dir='ltr'><strong>a</strong></span> <span class='ocrx_word' id='word_1_846' title='bbox 3338 3416 3428 3456; x_wconf 87' lang='lat' dir='ltr'><strong>me</strong></span> <span class='ocrx_word' id='word_1_847' title='bbox 3452 3399 3649 3457; x_wconf 87' lang='lat' dir='ltr'><strong>factum</strong></span> <span class='ocrx_word' id='word_1_848' title='bbox 3670 3413 3830 3467; x_wconf 82' lang='lat' dir='ltr'><strong>esse,</strong></span> 
     </span>
    </p>
   </div>
   <div class='ocr_carea' id='block_1_97' title="bbox 2241 3491 3833 3564">
    <p class='ocr_par' dir='ltr' id='par_1_97' title="bbox 2241 3491 3833 3564">
     <span class='ocr_line' id='line_1_97' title="bbox 2241 3491 3833 3564; baseline 0 -17"><span class='ocrx_word' id='word_1_849' title='bbox 2241 3493 2364 3564; x_wconf 87' lang='lat' dir='ltr'><strong>quia</strong></span> <span class='ocrx_word' id='word_1_850' title='bbox 2387 3493 2583 3549; x_wconf 90' lang='lat' dir='ltr'><strong>intacta</strong></span> <span class='ocrx_word' id='word_1_851' title='bbox 2609 3493 2817 3550; x_wconf 80' lang='lat' dir='ltr'><strong>exivisti</strong></span> <span class='ocrx_word' id='word_1_852' title='bbox 2840 3494 2910 3551; x_wconf 93' lang='lat' dir='ltr'><strong>de</strong></span> <span class='ocrx_word' id='word_1_853' title='bbox 2936 3492 3097 3548; x_wconf 90' lang='lat' dir='ltr'><strong>domo</strong></span> <span class='ocrx_word' id='word_1_854' title='bbox 3121 3507 3262 3547; x_wconf 89' lang='lat' dir='ltr'><strong>mea.</strong></span> <span class='ocrx_word' id='word_1_855' title='bbox 3293 3492 3467 3558; x_wconf 87' lang='lat' dir='ltr'><strong>Doce,</strong></span> <span class='ocrx_word' id='word_1_856' title='bbox 3502 3491 3674 3564; x_wconf 88' lang='lat' dir='ltr'><strong>inquit</strong></span> <span class='ocrx_word' id='word_1_857' title='bbox 3694 3532 3714 3560; x_wconf 87' lang='lat'><strong>,</strong></span> <span class='ocrx_word' id='word_1_858' title='bbox 3746 3493 3833 3547; x_wconf 85' lang='lat' dir='ltr'><strong>vi-</strong></span> 
     </span>
    </p>
   </div>
   <div class='ocr_carea' id='block_1_98' title="bbox 2242 3581 3829 3653">
    <p class='ocr_par' dir='ltr' id='par_1_98' title="bbox 2242 3581 3829 3653">
     <span class='ocr_line' id='line_1_98' title="bbox 2242 3581 3829 3653; baseline -0.002 -12"><span class='ocrx_word' id='word_1_859' title='bbox 2242 3600 2362 3641; x_wconf 90' lang='lat' dir='ltr'><strong>rum</strong></span> <span class='ocrx_word' id='word_1_860' title='bbox 2387 3594 2535 3640; x_wconf 91' lang='lat' dir='ltr'><strong>tuum</strong></span> <span class='ocrx_word' id='word_1_861' title='bbox 2567 3627 2582 3653; x_wconf 89' lang='lat'><strong>,</strong></span> <span class='ocrx_word' id='word_1_862' title='bbox 2617 3600 2739 3642; x_wconf 88' lang='lat' dir='ltr'><strong>esse</strong></span> <span class='ocrx_word' id='word_1_863' title='bbox 2764 3600 2850 3642; x_wconf 90' lang='lat' dir='ltr'><strong>me</strong></span> <span class='ocrx_word' id='word_1_864' title='bbox 2872 3586 3208 3640; x_wconf 88' lang='lat' dir='ltr'><strong>innocentem</strong></span> <span class='ocrx_word' id='word_1_865' title='bbox 3238 3599 3266 3637; x_wconf 88' lang='lat' dir='ltr'><strong>a</strong></span> <span class='ocrx_word' id='word_1_866' title='bbox 3295 3591 3514 3653; x_wconf 89' lang='lat' dir='ltr'><strong>peccato</strong></span> <span class='ocrx_word' id='word_1_867' title='bbox 3544 3600 3559 3637; x_wconf 89' lang='lat'><strong>:</strong></span> <span class='ocrx_word' id='word_1_868' title='bbox 3602 3581 3775 3639; x_wconf 86' lang='lat' dir='ltr'><strong>discat</strong></span> <span class='ocrx_word' id='word_1_869' title='bbox 3796 3596 3829 3638; x_wconf 89' lang='lat' dir='ltr'><strong>a</strong></span> 
     </span>
    </p>
   </div>
   <div class='ocr_carea' id='block_1_99' title="bbox 2246 3673 3833 3743">
    <p class='ocr_par' dir='ltr' id='par_1_99' title="bbox 2246 3673 3833 3743">
     <span class='ocr_line' id='line_1_99' title="bbox 2246 3673 3833 3743; baseline -0.001 -11"><span class='ocrx_word' id='word_1_870' title='bbox 2246 3684 2318 3742; x_wconf 89' lang='lat' dir='ltr'><strong>te,</strong></span> <span class='ocrx_word' id='word_1_871' title='bbox 2347 3677 2479 3733; x_wconf 90' lang='lat' dir='ltr'><strong>nihil</strong></span> <span class='ocrx_word' id='word_1_872' title='bbox 2500 3692 2528 3730; x_wconf 89' lang='lat' dir='ltr'><strong>a</strong></span> <span class='ocrx_word' id='word_1_873' title='bbox 2559 3693 2645 3734; x_wconf 91' lang='lat' dir='ltr'><strong>me</strong></span> <span class='ocrx_word' id='word_1_874' title='bbox 2675 3676 2871 3733; x_wconf 84' lang='lat' dir='ltr'><strong>factum</strong></span> <span class='ocrx_word' id='word_1_875' title='bbox 2894 3691 3033 3733; x_wconf 87' lang='lat' dir='ltr'><strong>esse.</strong></span> <span class='ocrx_word' id='word_1_876' title='bbox 3065 3676 3243 3743; x_wconf 80' lang='lat' dir='ltr'><strong>Quare</strong></span> <span class='ocrx_word' id='word_1_877' title='bbox 3266 3689 3393 3730; x_wconf 82' lang='lat' dir='ltr'><strong>vero</strong></span> <span class='ocrx_word' id='word_1_878' title='bbox 3423 3675 3538 3731; x_wconf 67' lang='lat' dir='ltr'><strong>haec</strong></span> <span class='ocrx_word' id='word_1_879' title='bbox 3558 3674 3735 3731; x_wconf 77' lang='lat' dir='ltr'><strong>dicit?</strong></span> <span class='ocrx_word' id='word_1_880' title='bbox 3762 3673 3833 3732; x_wconf 79' lang='lat' dir='ltr'><strong>lit</strong></span> 
     </span>
    </p>
   </div>
   <div class='ocr_carea' id='block_1_100' title="bbox 2242 3763 3832 3838">
    <p class='ocr_par' dir='ltr' id='par_1_100' title="bbox 2242 3763 3832 3838">
     <span class='ocr_line' id='line_1_100' title="bbox 2242 3763 3832 3838; baseline -0.002 -15"><span class='ocrx_word' id='word_1_881' title='bbox 2242 3782 2365 3823; x_wconf 91' lang='lat' dir='ltr'><strong>cum</strong></span> <span class='ocrx_word' id='word_1_882' title='bbox 2386 3767 2564 3838; x_wconf 81' lang='lat' dir='ltr'><strong>justus</strong></span> <span class='ocrx_word' id='word_1_883' title='bbox 2600 3767 2671 3823; x_wconf 84' lang='lat' dir='ltr'><strong>ab</strong></span> <span class='ocrx_word' id='word_1_884' title='bbox 2698 3782 2760 3823; x_wconf 90' lang='lat' dir='ltr'><strong>ea</strong></span> <span class='ocrx_word' id='word_1_885' title='bbox 2790 3765 3037 3822; x_wconf 90' lang='lat' dir='ltr'><strong>didicerit</strong></span> <span class='ocrx_word' id='word_1_886' title='bbox 3062 3806 3077 3830; x_wconf 92' lang='lat'><strong>,</strong></span> <span class='ocrx_word' id='word_1_887' title='bbox 3106 3765 3392 3836; x_wconf 87' lang='lat' dir='ltr'><strong>multisque</strong></span> <span class='ocrx_word' id='word_1_888' title='bbox 3426 3764 3585 3820; x_wconf 88' lang='lat' dir='ltr'><strong>fuerit</strong></span> <span class='ocrx_word' id='word_1_889' title='bbox 3610 3763 3832 3821; x_wconf 80' lang='lat' dir='ltr'><strong>rationi-</strong></span> 
     </span>
    </p>
   </div>
   <div class='ocr_carea' id='block_1_101' title="bbox 2246 3852 3831 3926">
    <p class='ocr_par' dir='ltr' id='par_1_101' title="bbox 2246 3852 3831 3926">
     <span class='ocr_line' id='line_1_101' title="bbox 2246 3852 3831 3926; baseline -0.003 -12"><span class='ocrx_word' id='word_1_890' title='bbox 2246 3858 2348 3915; x_wconf 90' lang='lat' dir='ltr'><strong>bus</strong></span> <span class='ocrx_word' id='word_1_891' title='bbox 2398 3856 2658 3926; x_wconf 88' lang='lat' dir='ltr'><strong>edoctus,</strong></span> <span class='ocrx_word' id='word_1_892' title='bbox 2692 3873 2788 3925; x_wconf 87' lang='lat' dir='ltr'><strong>pro</strong></span> <span class='ocrx_word' id='word_1_893' title='bbox 2827 3870 2894 3912; x_wconf 86' lang='lat' dir='ltr'><strong>eo</strong></span> <span class='ocrx_word' id='word_1_894' title='bbox 2942 3868 3130 3926; x_wconf 81' lang='lat' dir='ltr'><strong>preces</strong></span> <span class='ocrx_word' id='word_1_895' title='bbox 3177 3854 3402 3910; x_wconf 88' lang='lat' dir='ltr'><strong>Domino</strong></span> <span class='ocrx_word' id='word_1_896' title='bbox 3443 3852 3653 3911; x_wconf 64' lang='lat' dir='ltr'><strong>oderat.</strong></span> <span class='ocrx_word' id='word_1_897' title='bbox 3699 3852 3831 3909; x_wconf 76' lang='lat' dir='ltr'><strong>Nam</strong></span> 
     </span>
    </p>
   </div>
   <div class='ocr_carea' id='block_1_102' title="bbox 2245 3945 3826 4023">
    <p class='ocr_par' dir='ltr' id='par_1_102' title="bbox 2245 3945 3826 4023">
     <span class='ocr_line' id='line_1_102' title="bbox 2245 3945 3826 4023; baseline -0.003 -17"><span class='ocrx_word' id='word_1_898' title='bbox 2245 3960 2522 4023; x_wconf 87' lang='lat' dir='ltr'><strong>postquam</strong></span> <span class='ocrx_word' id='word_1_899' title='bbox 2546 3950 2637 4005; x_wconf 90' lang='lat' dir='ltr'><strong>ille</strong></span> <span class='ocrx_word' id='word_1_900' title='bbox 2659 3949 2790 4003; x_wconf 80' lang='lat' dir='ltr'><strong>dixit</strong></span> <span class='ocrx_word' id='word_1_901' title='bbox 2818 3990 2833 4011; x_wconf 91' lang='lat'><strong>,</strong></span> <span class='ocrx_word' id='word_1_902' title='bbox 2882 3947 3067 4003; x_wconf 86' lang='lat' dir='ltr'><strong>Omnia</strong></span> <span class='ocrx_word' id='word_1_903' title='bbox 3094 3962 3207 4001; x_wconf 78' lang='lat' dir='ltr'><strong>vero</strong></span> <span class='ocrx_word' id='word_1_904' title='bbox 3230 3945 3353 4001; x_wconf 85' lang='lat' dir='ltr'><strong>dic:</strong></span> <span class='ocrx_word' id='word_1_905' title='bbox 3394 3945 3496 4003; x_wconf 84' lang='lat' dir='ltr'><strong>hoc</strong></span> <span class='ocrx_word' id='word_1_906' title='bbox 3530 3956 3648 4001; x_wconf 87' lang='lat' dir='ltr'><strong>est:</strong></span> <span class='ocrx_word' id='word_1_907' title='bbox 3684 3946 3826 4002; x_wconf 86' lang='lat' dir='ltr'><strong>Doce</strong></span> 
     </span>
    </p>
   </div>
   <div class='ocr_carea' id='block_1_103' title="bbox 2246 4035 3831 4109">
    <p class='ocr_par' dir='ltr' id='par_1_103' title="bbox 2246 4035 3831 4109">
     <span class='ocr_line' id='line_1_103' title="bbox 2246 4035 3831 4109; baseline -0.003 -14"><span class='ocrx_word' id='word_1_908' title='bbox 2246 4044 2417 4098; x_wconf 78' lang='lat' dir='ltr'><strong>virum</strong></span> <span class='ocrx_word' id='word_1_909' title='bbox 2444 4052 2592 4098; x_wconf 89' lang='lat' dir='ltr'><strong>tuum</strong></span> <span class='ocrx_word' id='word_1_910' title='bbox 2627 4056 2690 4096; x_wconf 90' lang='lat' dir='ltr'><strong>ea</strong></span> <span class='ocrx_word' id='word_1_911' title='bbox 2710 4056 2828 4109; x_wconf 72' lang='lat' dir='ltr'><strong>qum</strong></span> <span class='ocrx_word' id='word_1_912' title='bbox 2856 4037 2993 4094; x_wconf 86' lang='lat' dir='ltr'><strong>facta</strong></span> <span class='ocrx_word' id='word_1_913' title='bbox 3022 4047 3168 4104; x_wconf 87' lang='lat' dir='ltr'><strong>sunt,</strong></span> <span class='ocrx_word' id='word_1_914' title='bbox 3195 4037 3373 4093; x_wconf 89' lang='lat' dir='ltr'><strong>statim</strong></span> <span class='ocrx_word' id='word_1_915' title='bbox 3401 4035 3639 4092; x_wconf 90' lang='lat' dir='ltr'><strong>subdidit</strong></span> <span class='ocrx_word' id='word_1_916' title='bbox 3680 4036 3831 4094; x_wconf 78' lang='lat' dir='ltr'><strong>Scri-</strong></span> 
     </span>
    </p>
   </div>
   <div class='ocr_carea' id='block_1_104' title="bbox 2247 4129 3831 4207">
    <p class='ocr_par' dir='ltr' id='par_1_104' title="bbox 2247 4129 3831 4207">
     <span class='ocr_line' id='line_1_104' title="bbox 2247 4129 3831 4207; baseline -0.003 -18"><span class='ocrx_word' id='word_1_917' title='bbox 2247 4148 2398 4207; x_wconf 86' lang='lat' dir='ltr'><strong>ptura</strong></span> <span class='ocrx_word' id='word_1_918' title='bbox 2424 4154 2438 4189; x_wconf 90' lang='lat'><strong>:</strong></span> <span class='ocrx_word' id='word_1_919' title='bbox 2464 4135 2551 4189; x_wconf 78' lang='lat' dir='ltr'><strong>l7.</strong></span> <span class='ocrx_word' id='word_1_920' title='bbox 2588 4135 2657 4187; x_wconf 75' lang='lat' dir='ltr'><strong>Et</strong></span> <span class='ocrx_word' id='word_1_921' title='bbox 2693 4133 2855 4187; x_wconf 86' lang='lat' dir='ltr'><strong>oravit</strong></span> <span class='ocrx_word' id='word_1_922' title='bbox 2881 4132 3137 4185; x_wconf 85' lang='lat' dir='ltr'><strong>Abraham</strong></span> <span class='ocrx_word' id='word_1_923' title='bbox 3175 4130 3357 4196; x_wconf 86' lang='lat' dir='ltr'><strong>Deum,</strong></span> <span class='ocrx_word' id='word_1_924' title='bbox 3391 4140 3439 4185; x_wconf 89' lang='lat' dir='ltr'><strong>et</strong></span> <span class='ocrx_word' id='word_1_925' title='bbox 3469 4130 3668 4186; x_wconf 79' lang='lat' dir='ltr'><strong>sanauit</strong></span> <span class='ocrx_word' id='word_1_926' title='bbox 3698 4129 3831 4185; x_wconf 89' lang='lat' dir='ltr'><strong>Deus</strong></span> 
     </span>
    </p>
   </div>
   <div class='ocr_carea' id='block_1_105' title="bbox 2246 4222 3832 4294">
    <p class='ocr_par' dir='ltr' id='par_1_105' title="bbox 2246 4222 3832 4294">
     <span class='ocr_line' id='line_1_105' title="bbox 2246 4222 3832 4294; baseline -0.004 -12"><span class='ocrx_word' id='word_1_927' title='bbox 2246 4226 2531 4282; x_wconf 80' lang='lat' dir='ltr'><strong>Abimelech</strong></span> <span class='ocrx_word' id='word_1_928' title='bbox 2552 4267 2566 4292; x_wconf 94' lang='lat'><strong>,</strong></span> <span class='ocrx_word' id='word_1_929' title='bbox 2588 4235 2635 4279; x_wconf 86' lang='lat' dir='ltr'><strong>et</strong></span> <span class='ocrx_word' id='word_1_930' title='bbox 2663 4239 2867 4279; x_wconf 84' lang='lat' dir='ltr'><strong>uxorem</strong></span> <span class='ocrx_word' id='word_1_931' title='bbox 2887 4224 2997 4294; x_wconf 86' lang='lat' dir='ltr'><strong>ejus</strong></span> <span class='ocrx_word' id='word_1_932' title='bbox 3022 4264 3036 4287; x_wconf 94' lang='lat'><strong>,</strong></span> <span class='ocrx_word' id='word_1_933' title='bbox 3066 4232 3111 4277; x_wconf 88' lang='lat' dir='ltr'><strong>et</strong></span> <span class='ocrx_word' id='word_1_934' title='bbox 3129 4222 3343 4276; x_wconf 83' lang='lat' dir='ltr'><strong>ancillas</strong></span> <span class='ocrx_word' id='word_1_935' title='bbox 3367 4222 3480 4289; x_wconf 83' lang='lat' dir='ltr'><strong>eius</strong></span> <span class='ocrx_word' id='word_1_936' title='bbox 3505 4263 3521 4286; x_wconf 88' lang='lat'><strong>,</strong></span> <span class='ocrx_word' id='word_1_937' title='bbox 3550 4231 3597 4276; x_wconf 83' lang='lat' dir='ltr'><strong>et</strong></span> <span class='ocrx_word' id='word_1_938' title='bbox 3627 4236 3832 4292; x_wconf 77' lang='lat' dir='ltr'><strong>pepere-</strong></span> 
     </span>
    </p>
   </div>
   <div class='ocr_carea' id='block_1_106' title="bbox 2244 4310 3830 4386">
    <p class='ocr_par' dir='ltr' id='par_1_106' title="bbox 2244 4310 3830 4386">
     <span class='ocr_line' id='line_1_106' title="bbox 2244 4310 3830 4386; baseline -0.006 -15"><span class='ocrx_word' id='word_1_939' title='bbox 2244 4327 2364 4372; x_wconf 87' lang='lat' dir='ltr'><strong>runt</strong></span> <span class='ocrx_word' id='word_1_940' title='bbox 2395 4332 2415 4371; x_wconf 89' lang='lat'><strong><em>:</em></strong></span> <span class='ocrx_word' id='word_1_941' title='bbox 2442 4316 2530 4372; x_wconf 82' lang='grc'><strong>18.</strong></span> <span class='ocrx_word' id='word_1_942' title='bbox 2559 4316 2677 4386; x_wconf 83' lang='lat' dir='ltr'><strong>quia</strong></span> <span class='ocrx_word' id='word_1_943' title='bbox 2708 4314 3015 4368; x_wconf 85' lang='lat' dir='ltr'><strong>concludens</strong></span> <span class='ocrx_word' id='word_1_944' title='bbox 3037 4311 3347 4366; x_wconf 86' lang='lat' dir='ltr'><strong>concluserat</strong></span> <span class='ocrx_word' id='word_1_945' title='bbox 3377 4310 3684 4365; x_wconf 72' lang='lat' dir='ltr'><strong>extrinsecus</strong></span> <span class='ocrx_word' id='word_1_946' title='bbox 3716 4326 3830 4364; x_wconf 85' lang='lat' dir='ltr'><strong>ont-</strong></span> 
     </span>
    </p>
   </div>
   <div class='ocr_carea' id='block_1_107' title="bbox 2247 4401 3833 4471">
    <p class='ocr_par' dir='ltr' id='par_1_107' title="bbox 2247 4401 3833 4471">
     <span class='ocr_line' id='line_1_107' title="bbox 2247 4401 3833 4471; baseline -0.004 -10"><span class='ocrx_word' id='word_1_947' title='bbox 2247 4425 2361 4462; x_wconf 82' lang='lat' dir='ltr'><strong>nem</strong></span> <span class='ocrx_word' id='word_1_948' title='bbox 2389 4408 2588 4463; x_wconf 77' lang='lat' dir='ltr'><strong>ualcant</strong></span> <span class='ocrx_word' id='word_1_949' title='bbox 2616 4408 2669 4460; x_wconf 86' lang='lat' dir='ltr'><strong>in</strong></span> <span class='ocrx_word' id='word_1_950' title='bbox 2696 4407 2845 4459; x_wconf 87' lang='lat' dir='ltr'><strong>domo</strong></span> <span class='ocrx_word' id='word_1_951' title='bbox 2878 4402 3155 4457; x_wconf 76' lang='lat' dir='ltr'><strong>Abinteleclt</strong></span> <span class='ocrx_word' id='word_1_952' title='bbox 3173 4410 3377 4471; x_wconf 85' lang='lat' dir='ltr'><strong>propter</strong></span> <span class='ocrx_word' id='word_1_953' title='bbox 3393 4401 3607 4455; x_wconf 86' lang='lat' dir='ltr'><strong>Sarram</strong></span> <span class='ocrx_word' id='word_1_954' title='bbox 3624 4416 3833 4455; x_wconf 80' lang='lat' dir='ltr'><strong>uxorem</strong></span> 
     </span>
    </p>
   </div>
   <div class='ocr_carea' id='block_1_108' title="bbox 2247 4490 3832 4567">
    <p class='ocr_par' dir='ltr' id='par_1_108' title="bbox 2247 4490 3832 4567">
     <span class='ocr_line' id='line_1_108' title="bbox 2247 4490 3832 4567; baseline -0.006 -14"><span class='ocrx_word' id='word_1_955' title='bbox 2247 4501 2485 4554; x_wconf 78' lang='lat' dir='ltr'><strong>Abrahaz.</strong></span> <span class='ocrx_word' id='word_1_956' title='bbox 2518 4499 2650 4553; x_wconf 77' lang='lat' dir='ltr'><strong>Vide</strong></span> <span class='ocrx_word' id='word_1_957' title='bbox 2689 4495 2957 4567; x_wconf 89' lang='lat' dir='ltr'><strong>quomodo</strong></span> <span class='ocrx_word' id='word_1_958' title='bbox 2987 4494 3241 4548; x_wconf 88' lang='lat' dir='ltr'><strong>Dominus</strong></span> <span class='ocrx_word' id='word_1_959' title='bbox 3278 4492 3468 4547; x_wconf 86' lang='lat' dir='ltr'><strong>volens</strong></span> <span class='ocrx_word' id='word_1_960' title='bbox 3504 4490 3705 4560; x_wconf 80' lang='lat' dir='ltr'><strong>justum</strong></span> <span class='ocrx_word' id='word_1_961' title='bbox 3737 4507 3832 4561; x_wconf 85' lang='lat' dir='ltr'><strong>per</strong></span> 
     </span>
    </p>
   </div>
   <div class='ocr_carea' id='block_1_109' title="bbox 2248 4582 3834 4654">
    <p class='ocr_par' dir='ltr' id='par_1_109' title="bbox 2248 4582 3834 4654">
     <span class='ocr_line' id='line_1_109' title="bbox 2248 4582 3834 4654; baseline -0.005 -9"><span class='ocrx_word' id='word_1_962' title='bbox 2248 4595 2423 4647; x_wconf 78' lang='lat' dir='ltr'><strong>omnia</strong></span> <span class='ocrx_word' id='word_1_963' title='bbox 2458 4590 2681 4646; x_wconf 83' lang='lat' dir='ltr'><strong>reddere</strong></span> <span class='ocrx_word' id='word_1_964' title='bbox 2708 4589 3051 4643; x_wconf 86' lang='lat' dir='ltr'><strong>illustriorem</strong></span> <span class='ocrx_word' id='word_1_965' title='bbox 3078 4628 3092 4651; x_wconf 92' lang='lat'><strong>,</strong></span> <span class='ocrx_word' id='word_1_966' title='bbox 3124 4585 3371 4654; x_wconf 83' lang='lat' dir='ltr'><strong>precibus</strong></span> <span class='ocrx_word' id='word_1_967' title='bbox 3402 4582 3721 4653; x_wconf 78' lang='lat' dir='ltr'><strong>patriarcha:</strong></span> <span class='ocrx_word' id='word_1_968' title='bbox 3746 4597 3834 4637; x_wconf 82' lang='lat' dir='ltr'><strong>sa-</strong></span> 
     </span>
    </p>
   </div>
   <div class='ocr_carea' id='block_1_110' title="bbox 2250 4674 3834 4751">
    <p class='ocr_par' dir='ltr' id='par_1_110' title="bbox 2250 4674 3834 4751">
     <span class='ocr_line' id='line_1_110' title="bbox 2250 4674 3834 4751; baseline -0.007 -11"><span class='ocrx_word' id='word_1_969' title='bbox 2250 4686 2411 4740; x_wconf 75' lang='lat' dir='ltr'><strong>lutent</strong></span> <span class='ocrx_word' id='word_1_970' title='bbox 2448 4684 2585 4751; x_wconf 81' lang='lat' dir='ltr'><strong>regis</strong></span> <span class='ocrx_word' id='word_1_971' title='bbox 2612 4693 2665 4739; x_wconf 89' lang='lat' dir='ltr'><strong>et</strong></span> <span class='ocrx_word' id='word_1_972' title='bbox 2696 4679 2933 4734; x_wconf 85' lang='lat' dir='ltr'><strong>omnium</strong></span> <span class='ocrx_word' id='word_1_973' title='bbox 2956 4692 3075 4746; x_wconf 69' lang='lat' dir='ltr'><strong>qua:</strong></span> <span class='ocrx_word' id='word_1_974' title='bbox 3104 4678 3153 4731; x_wconf 88' lang='lat' dir='ltr'><strong>in</strong></span> <span class='ocrx_word' id='word_1_975' title='bbox 3176 4677 3336 4730; x_wconf 88' lang='lat' dir='ltr'><strong>domo</strong></span> <span class='ocrx_word' id='word_1_976' title='bbox 3366 4675 3506 4729; x_wconf 90' lang='lat' dir='ltr'><strong>illius</strong></span> <span class='ocrx_word' id='word_1_977' title='bbox 3535 4683 3711 4740; x_wconf 87' lang='lat' dir='ltr'><strong>erant,</strong></span> <span class='ocrx_word' id='word_1_978' title='bbox 3740 4674 3834 4729; x_wconf 89' lang='lat' dir='ltr'><strong>do-</strong></span> 
     </span>
    </p>
   </div>
   <div class='ocr_carea' id='block_1_111' title="bbox 2249 4764 3834 4841">
    <p class='ocr_par' dir='ltr' id='par_1_111' title="bbox 2249 4764 3834 4841">
     <span class='ocr_line' id='line_1_111' title="bbox 2249 4764 3834 4841; baseline -0.008 -11"><span class='ocrx_word' id='word_1_979' title='bbox 2249 4785 2359 4830; x_wconf 65' lang='lat' dir='ltr'><strong>nat.</strong></span> <span class='ocrx_word' id='word_1_980' title='bbox 2388 4775 2564 4827; x_wconf 68' lang='lat' dir='ltr'><strong>&#39;Oravit</strong></span> <span class='ocrx_word' id='word_1_981' title='bbox 2594 4774 2761 4838; x_wconf 91' lang='lat' dir='ltr'><strong>enim,</strong></span> <span class='ocrx_word' id='word_1_982' title='bbox 2798 4771 2983 4841; x_wconf 89' lang='lat' dir='ltr'><strong>inquit,</strong></span> <span class='ocrx_word' id='word_1_983' title='bbox 3018 4767 3272 4822; x_wconf 77' lang='lat' dir='ltr'><strong>Abraham</strong></span> <span class='ocrx_word' id='word_1_984' title='bbox 3303 4764 3469 4819; x_wconf 82' lang='lat' dir='ltr'><strong>Deum</strong></span> <span class='ocrx_word' id='word_1_985' title='bbox 3505 4806 3521 4831; x_wconf 98' lang='lat'><strong>,</strong></span> <span class='ocrx_word' id='word_1_986' title='bbox 3550 4774 3597 4818; x_wconf 92' lang='lat' dir='ltr'><strong>et</strong></span> <span class='ocrx_word' id='word_1_987' title='bbox 3636 4780 3834 4819; x_wconf 78' lang='lat' dir='ltr'><strong>sanauit</strong></span> 
     </span>
    </p>
   </div>
   <div class='ocr_carea' id='block_1_112' title="bbox 2248 4858 3837 4929">
    <p class='ocr_par' dir='ltr' id='par_1_112' title="bbox 2248 4858 3837 4929">
     <span class='ocr_line' id='line_1_112' title="bbox 2248 4858 3837 4929; baseline -0.007 -7"><span class='ocrx_word' id='word_1_988' title='bbox 2248 4866 2385 4921; x_wconf 79' lang='lat' dir='ltr'><strong>Deus</strong></span> <span class='ocrx_word' id='word_1_989' title='bbox 2420 4863 2723 4929; x_wconf 70' lang='lat' dir='ltr'><strong>Abinelecli;</strong></span> <span class='ocrx_word' id='word_1_990' title='bbox 2750 4872 2796 4917; x_wconf 86' lang='lat' dir='ltr'><strong>et</strong></span> <span class='ocrx_word' id='word_1_991' title='bbox 2823 4878 3027 4917; x_wconf 84' lang='lat' dir='ltr'><strong>uxorem</strong></span> <span class='ocrx_word' id='word_1_992' title='bbox 3052 4862 3179 4928; x_wconf 74' lang='lat' dir='ltr'><strong>ejus,</strong></span> <span class='ocrx_word' id='word_1_993' title='bbox 3211 4868 3257 4912; x_wconf 86' lang='lat' dir='ltr'><strong>et</strong></span> <span class='ocrx_word' id='word_1_994' title='bbox 3282 4858 3495 4913; x_wconf 86' lang='lat' dir='ltr'><strong>ancillas</strong></span> <span class='ocrx_word' id='word_1_995' title='bbox 3519 4866 3649 4926; x_wconf 78' lang='lat' dir='ltr'><strong>ejus,</strong></span> <span class='ocrx_word' id='word_1_996' title='bbox 3675 4868 3721 4912; x_wconf 92' lang='lat' dir='ltr'><strong>et</strong></span> <span class='ocrx_word' id='word_1_997' title='bbox 3749 4875 3837 4927; x_wconf 88' lang='lat' dir='ltr'><strong>pe-</strong></span> 
     </span>
    </p>
   </div>
   <div class='ocr_carea' id='block_1_113' title="bbox 2250 4948 3831 5030">
    <p class='ocr_par' dir='ltr' id='par_1_113' title="bbox 2250 4948 3831 5030">
     <span class='ocr_line' id='line_1_113' title="bbox 2250 4948 3831 5030; baseline -0.008 -18"><span class='ocrx_word' id='word_1_998' title='bbox 2250 4967 2484 5030; x_wconf 84' lang='lat' dir='ltr'><strong>pererant</strong></span> <span class='ocrx_word' id='word_1_999' title='bbox 2505 4972 2522 5009; x_wconf 88' lang='lat'><strong><em>:</em></strong></span> <span class='ocrx_word' id='word_1_1000' title='bbox 2547 4958 2662 5023; x_wconf 80' lang='lat' dir='ltr'><strong>quia</strong></span> <span class='ocrx_word' id='word_1_1001' title='bbox 2692 4954 2993 5007; x_wconf 70' lang='lat' dir='ltr'><strong>concludens</strong></span> <span class='ocrx_word' id='word_1_1002' title='bbox 3020 4951 3332 5005; x_wconf 81' lang='lat' dir='ltr'><strong>concluserat</strong></span> <span class='ocrx_word' id='word_1_1003' title='bbox 3362 4948 3611 5004; x_wconf 86' lang='lat' dir='ltr'><strong>Dominus</strong></span> <span class='ocrx_word' id='word_1_1004' title='bbox 3635 4950 3831 5003; x_wconf 73' lang='lat' dir='ltr'><strong>extrin-</strong></span> 
     </span>
    </p>
   </div>
   <div class='ocr_carea' id='block_1_114' title="bbox 2246 5039 3835 5109">
    <p class='ocr_par' dir='ltr' id='par_1_114' title="bbox 2246 5039 3835 5109">
     <span class='ocr_line' id='line_1_114' title="bbox 2246 5039 3835 5109; baseline -0.008 -4"><span class='ocrx_word' id='word_1_1005' title='bbox 2246 5068 2387 5105; x_wconf 63' lang='lat' dir='ltr'><strong>secus</strong></span> <span class='ocrx_word' id='word_1_1006' title='bbox 2426 5064 2623 5103; x_wconf 78' lang='lat' dir='ltr'><strong>omnem</strong></span> <span class='ocrx_word' id='word_1_1007' title='bbox 2655 5047 2846 5098; x_wconf 76' lang='lat' dir='ltr'><strong>vulvam</strong></span> <span class='ocrx_word' id='word_1_1008' title='bbox 2898 5046 2947 5098; x_wconf 80' lang='lat' dir='ltr'><strong>in</strong></span> <span class='ocrx_word' id='word_1_1009' title='bbox 2986 5044 3134 5097; x_wconf 84' lang='lat' dir='ltr'><strong>domo</strong></span> <span class='ocrx_word' id='word_1_1010' title='bbox 3160 5040 3467 5095; x_wconf 82' lang='lat' dir='ltr'><strong>Abimeleclt.</strong></span> <span class='ocrx_word' id='word_1_1011' title='bbox 3499 5039 3791 5109; x_wconf 81' lang='lat' dir='ltr'><strong>Propterea</strong></span> <span class='ocrx_word' id='word_1_1012' title='bbox 3818 5080 3835 5103; x_wconf 87' lang='lat'><strong>,</strong></span> 
     </span>
    </p>
   </div>
   <div class='ocr_carea' id='block_1_115' title="bbox 2248 5129 3836 5212">
    <p class='ocr_par' dir='ltr' id='par_1_115' title="bbox 2248 5129 3836 5212">
     <span class='ocr_line' id='line_1_115' title="bbox 2248 5129 3836 5212; baseline -0.008 -18"><span class='ocrx_word' id='word_1_1013' title='bbox 2248 5140 2491 5212; x_wconf 71' lang='lat' dir='ltr'><strong>quamvis</strong></span> <span class='ocrx_word' id='word_1_1014' title='bbox 2540 5138 2743 5191; x_wconf 78' lang='lat' dir='ltr'><strong>alienus</strong></span> <span class='ocrx_word' id='word_1_1015' title='bbox 2786 5147 2923 5188; x_wconf 43' lang='lat' dir='ltr'><strong>usui</strong></span> <span class='ocrx_word' id='word_1_1016' title='bbox 2962 5151 2989 5187; x_wconf 85' lang='lat' dir='ltr'><strong>a</strong></span> <span class='ocrx_word' id='word_1_1017' title='bbox 3030 5144 3247 5204; x_wconf 78' lang='lat' dir='ltr'><strong>peccato</strong></span> <span class='ocrx_word' id='word_1_1018' title='bbox 3281 5148 3375 5186; x_wconf 77' lang='lat' dir='ltr'><strong>rex</strong></span> <span class='ocrx_word' id='word_1_1019' title='bbox 3403 5172 3418 5197; x_wconf 90' lang='lat'><strong>,</strong></span> <span class='ocrx_word' id='word_1_1020' title='bbox 3447 5131 3656 5202; x_wconf 88' lang='lat' dir='ltr'><strong>plagam</strong></span> <span class='ocrx_word' id='word_1_1021' title='bbox 3701 5129 3836 5184; x_wconf 87' lang='lat' dir='ltr'><strong>hanc</strong></span> 
     </span>
    </p>
   </div>
   <div class='ocr_carea' id='block_1_116' title="bbox 2249 5222 3837 5296">
    <p class='ocr_par' dir='ltr' id='par_1_116' title="bbox 2249 5222 3837 5296">
     <span class='ocr_line' id='line_1_116' title="bbox 2249 5222 3837 5296; baseline -0.008 -8"><span class='ocrx_word' id='word_1_1022' title='bbox 2249 5222 2457 5289; x_wconf 71' lang='lat' dir='ltr'><strong>induxit</strong></span> <span class='ocrx_word' id='word_1_1023' title='bbox 2499 5232 2669 5287; x_wconf 81' lang='lat' dir='ltr'><strong>bonus</strong></span> <span class='ocrx_word' id='word_1_1024' title='bbox 2712 5232 2749 5281; x_wconf 57' lang='grc' dir='ltr'><strong>ἐκ</strong></span> <span class='ocrx_word' id='word_1_1025' title='bbox 2794 5232 3002 5293; x_wconf 73' lang='lat' dir='ltr'><strong>minus,</strong></span> <span class='ocrx_word' id='word_1_1026' title='bbox 3048 5228 3103 5281; x_wconf 77' lang='lat' dir='ltr'><strong>u&#39;t</strong></span> <span class='ocrx_word' id='word_1_1027' title='bbox 3147 5227 3392 5296; x_wconf 79' lang='lat' dir='ltr'><strong>precibus</strong></span> <span class='ocrx_word' id='word_1_1028' title='bbox 3427 5225 3556 5294; x_wconf 88' lang='lat' dir='ltr'><strong>justi</strong></span> <span class='ocrx_word' id='word_1_1029' title='bbox 3594 5236 3837 5277; x_wconf 81' lang='lat' dir='ltr'><strong>annuens</strong></span> 
     </span>
    </p>
   </div>
   <div class='ocr_carea' id='block_1_117' title="bbox 2250 5314 3835 5391">
    <p class='ocr_par' dir='ltr' id='par_1_117' title="bbox 2250 5314 3835 5391">
     <span class='ocr_line' id='line_1_117' title="bbox 2250 5314 3835 5391; baseline -0.006 -12"><span class='ocrx_word' id='word_1_1030' title='bbox 2250 5341 2366 5379; x_wconf 74' lang='lat' dir='ltr'><strong>eam</strong></span> <span class='ocrx_word' id='word_1_1031' title='bbox 2397 5327 2629 5379; x_wconf 68' lang='grc' dir='ltr'><strong>ευῐνοιει</strong></span> <span class='ocrx_word' id='word_1_1032' title='bbox 2654 5368 2664 5387; x_wconf 77' lang='lat'><strong>,</strong></span> <span class='ocrx_word' id='word_1_1033' title='bbox 2694 5332 2746 5375; x_wconf 72' lang='lat' dir='ltr'><strong>ct</strong></span> <span class='ocrx_word' id='word_1_1034' title='bbox 2774 5326 2972 5391; x_wconf 48' lang='lat' dir='ltr'><strong>,‘nstmn</strong></span> <span class='ocrx_word' id='word_1_1035' title='bbox 2996 5320 3276 5374; x_wconf 73' lang='lat' dir='ltr'><strong>clariorem</strong></span> <span class='ocrx_word' id='word_1_1036' title='bbox 3299 5328 3351 5372; x_wconf 81' lang='lat' dir='ltr'><strong>ct</strong></span> <span class='ocrx_word' id='word_1_1037' title='bbox 3378 5316 3727 5371; x_wconf 86' lang='lat' dir='ltr'><strong>illustriorem</strong></span> <span class='ocrx_word' id='word_1_1038' title='bbox 3758 5314 3835 5369; x_wconf 86' lang='lat' dir='ltr'><strong>ef-</strong></span> 
     </span>
    </p>
   </div>
   <div class='ocr_carea' id='block_1_118' title="bbox 2252 5412 3839 5483">
    <p class='ocr_par' dir='ltr' id='par_1_118' title="bbox 2252 5412 3839 5483">
     <span class='ocr_line' id='line_1_118' title="bbox 2252 5412 3839 5483; baseline -0.008 -8"><span class='ocrx_word' id='word_1_1039' title='bbox 2252 5421 2451 5475; x_wconf 78' lang='lat' dir='ltr'><strong>ficeret.</strong></span> <span class='ocrx_word' id='word_1_1040' title='bbox 2504 5418 2630 5471; x_wconf 68' lang='lat' dir='ltr'><strong>Nam</strong></span> <span class='ocrx_word' id='word_1_1041' title='bbox 2678 5432 2885 5483; x_wconf 50' lang='lat' dir='ltr'><strong>semper</strong></span> <span class='ocrx_word' id='word_1_1042' title='bbox 2934 5415 3109 5469; x_wconf 84' lang='lat' dir='ltr'><strong>omnia</strong></span> <span class='ocrx_word' id='word_1_1043' title='bbox 3160 5414 3227 5466; x_wconf 80' lang='lat' dir='ltr'><strong>ita</strong></span> <span class='ocrx_word' id='word_1_1044' title='bbox 3265 5412 3386 5466; x_wconf 85' lang='lat' dir='ltr'><strong>facit</strong></span> <span class='ocrx_word' id='word_1_1045' title='bbox 3423 5420 3479 5465; x_wconf 89' lang='lat' dir='ltr'><strong>et</strong></span> <span class='ocrx_word' id='word_1_1046' title='bbox 3519 5418 3754 5474; x_wconf 86' lang='lat' dir='ltr'><strong>tractat,</strong></span> <span class='ocrx_word' id='word_1_1047' title='bbox 3784 5416 3839 5464; x_wconf 81' lang='lat' dir='ltr'><strong>et</strong></span> 
     </span>
    </p>
   </div>
   <div class='ocr_carea' id='block_1_119' title="bbox 2250 5503 3829 5583">
    <p class='ocr_par' dir='ltr' id='par_1_119' title="bbox 2250 5503 3829 5583">
     <span class='ocr_line' id='line_1_119' title="bbox 2250 5503 3829 5583; baseline -0.006 -17"><span class='ocrx_word' id='word_1_1048' title='bbox 2250 5515 2449 5583; x_wconf 56' lang='lat' dir='ltr'><strong>singuh</strong></span> <span class='ocrx_word' id='word_1_1049' title='bbox 2484 5511 2768 5578; x_wconf 65' lang='lat' dir='ltr'><strong>dispensat,</strong></span> <span class='ocrx_word' id='word_1_1050' title='bbox 2802 5524 2843 5559; x_wconf 63' lang='lat' dir='ltr'><strong>~l</strong></span> <span class='ocrx_word' id='word_1_1051' title='bbox 2876 5512 2959 5577; x_wconf 51' lang='lat' dir='ltr'><strong>rga;</strong></span> <span class='ocrx_word' id='word_1_1052' title='bbox 2988 5508 3085 5562; x_wconf 84' lang='lat' dir='ltr'><strong>sibi</strong></span> <span class='ocrx_word' id='word_1_1053' title='bbox 3116 5507 3353 5562; x_wconf 82' lang='lat' dir='ltr'><strong>serviunt</strong></span> <span class='ocrx_word' id='word_1_1054' title='bbox 3378 5545 3394 5569; x_wconf 93' lang='lat'><strong>,</strong></span> <span class='ocrx_word' id='word_1_1055' title='bbox 3427 5504 3576 5574; x_wconf 85' lang='lat' dir='ltr'><strong>quasi</strong></span> <span class='ocrx_word' id='word_1_1056' title='bbox 3604 5503 3829 5558; x_wconf 78' lang='lat' dir='ltr'><strong>inminu-</strong></span> 
     </span>
    </p>
   </div>
   <div class='ocr_carea' id='block_1_120' title="bbox 2252 5590 3831 5665">
    <p class='ocr_par' dir='ltr' id='par_1_120' title="bbox 2252 5590 3831 5665">
     <span class='ocr_line' id='line_1_120' title="bbox 2252 5590 3831 5665; baseline -0.006 -7"><span class='ocrx_word' id='word_1_1057' title='bbox 2252 5606 2329 5659; x_wconf 83' lang='lat' dir='ltr'><strong>ria</strong></span> <span class='ocrx_word' id='word_1_1058' title='bbox 2361 5604 2662 5665; x_wconf 63' lang='lat' dir='ltr'><strong>ruluccnnt,</strong></span> <span class='ocrx_word' id='word_1_1059' title='bbox 2708 5613 2759 5655; x_wconf 80' lang='lat' dir='ltr'><strong>et</strong></span> <span class='ocrx_word' id='word_1_1060' title='bbox 2810 5616 2972 5652; x_wconf 56' lang='grc' dir='ltr'><strong>ηκικέω</strong></span> <span class='ocrx_word' id='word_1_1061' title='bbox 3006 5601 3169 5653; x_wconf 75' lang='lat' dir='ltr'><strong>virtus</strong></span> <span class='ocrx_word' id='word_1_1062' title='bbox 3205 5596 3399 5665; x_wconf 86' lang='lat' dir='ltr'><strong>ubique</strong></span> <span class='ocrx_word' id='word_1_1063' title='bbox 3426 5593 3746 5649; x_wconf 84' lang='lat' dir='ltr'><strong>celebretur.</strong></span> <span class='ocrx_word' id='word_1_1064' title='bbox 3769 5590 3831 5649; x_wconf 74' lang='lat' dir='ltr'><strong>Ei</strong></span> 
     </span>
    </p>
   </div>
   <div class='ocr_carea' id='block_1_121' title="bbox 2252 5674 3835 5761">
    <p class='ocr_par' dir='ltr' id='par_1_121' title="bbox 2252 5674 3835 5761">
     <span class='ocr_line' id='line_1_121' title="bbox 2252 5674 3835 5761; baseline -0.007 -11"><span class='ocrx_word' id='word_1_1065' title='bbox 2252 5696 2647 5760; x_wconf 76' lang='lat' dir='ltr'><strong>vide.obsccro</strong></span> <span class='ocrx_word' id='word_1_1066' title='bbox 2668 5736 2684 5761; x_wconf 90' lang='lat'><strong>,</strong></span> <span class='ocrx_word' id='word_1_1067' title='bbox 2712 5674 2901 5747; x_wconf 42' lang='lat' dir='ltr'><strong>deicio</strong></span> <span class='ocrx_word' id='word_1_1068' title='bbox 2930 5740 2935 5751; x_wconf 77' lang='lat'><strong>,</strong></span> <span class='ocrx_word' id='word_1_1069' title='bbox 2971 5700 3245 5761; x_wconf 69' lang='lat' dir='ltr'><strong>postquam</strong></span> <span class='ocrx_word' id='word_1_1070' title='bbox 3266 5689 3467 5758; x_wconf 82' lang='lat' dir='ltr'><strong>justum</strong></span> <span class='ocrx_word' id='word_1_1071' title='bbox 3494 5686 3566 5740; x_wconf 84' lang='lat' dir='ltr'><strong>ita</strong></span> <span class='ocrx_word' id='word_1_1072' title='bbox 3591 5685 3835 5741; x_wconf 82' lang='lat' dir='ltr'><strong>liberavit</strong></span> 
     </span>
    </p>
   </div>
   <div class='ocr_carea' id='block_1_122' title="bbox 2253 5772 3834 5855">
    <p class='ocr_par' dir='ltr' id='par_1_122' title="bbox 2253 5772 3834 5855">
     <span class='ocr_line' id='line_1_122' title="bbox 2253 5772 3834 5855; baseline -0.011 -12"><span class='ocrx_word' id='word_1_1073' title='bbox 2253 5804 2281 5843; x_wconf 83' lang='lat' dir='ltr'><strong>a</strong></span> <span class='ocrx_word' id='word_1_1074' title='bbox 2312 5787 2449 5841; x_wconf 72' lang='lat' dir='ltr'><strong>mole</strong></span> <span class='ocrx_word' id='word_1_1075' title='bbox 2486 5788 2572 5841; x_wconf 75' lang='lat' dir='ltr'><strong>tiis</strong></span> <span class='ocrx_word' id='word_1_1076' title='bbox 2602 5826 2621 5853; x_wconf 90' lang='lat'><strong>,</strong></span> <span class='ocrx_word' id='word_1_1077' title='bbox 2650 5785 2916 5855; x_wconf 54' lang='lat' dir='ltr'><strong>qumnado</strong></span> <span class='ocrx_word' id='word_1_1078' title='bbox 2946 5787 3135 5835; x_wconf 56' lang='lat' dir='ltr'><strong>iet-rum</strong></span> <span class='ocrx_word' id='word_1_1079' title='bbox 3167 5793 3371 5833; x_wconf 82' lang='lat' dir='ltr'><strong>summa</strong></span> <span class='ocrx_word' id='word_1_1080' title='bbox 3403 5777 3666 5832; x_wconf 85' lang='lat' dir='ltr'><strong>bonorum</strong></span> <span class='ocrx_word' id='word_1_1081' title='bbox 3692 5772 3834 5845; x_wconf 77' lang='lat' dir='ltr'><strong>justo</strong></span> 
     </span>
    </p>
   </div>
   <div class='ocr_carea' id='block_1_123' title="bbox 2255 5867 3839 5953">
    <p class='ocr_par' dir='ltr' id='par_1_123' title="bbox 2255 5867 3839 5953">
     <span class='ocr_line' id='line_1_123' title="bbox 2255 5867 3839 5953; baseline -0.011 -16"><span class='ocrx_word' id='word_1_1082' title='bbox 2255 5881 2493 5948; x_wconf 60' lang='lat' dir='ltr'><strong>traditur,</strong></span> <span class='ocrx_word' id='word_1_1083' title='bbox 2520 5878 2908 5953; x_wconf 70' lang='lat' dir='ltr'><strong>pollicitationis</strong></span> <span class='ocrx_word' id='word_1_1084' title='bbox 2936 5876 3173 5942; x_wconf 51' lang='lat' dir='ltr'><strong>mixtus,</strong></span> <span class='ocrx_word' id='word_1_1085' title='bbox 3198 5882 3250 5927; x_wconf 89' lang='lat' dir='ltr'><strong>ct</strong></span> <span class='ocrx_word' id='word_1_1086' title='bbox 3279 5883 3421 5926; x_wconf 87' lang='lat' dir='ltr'><strong>nunc</strong></span> <span class='ocrx_word' id='word_1_1087' title='bbox 3452 5867 3704 5925; x_wconf 83' lang='lat' dir='ltr'><strong>eveniunt</strong></span> <span class='ocrx_word' id='word_1_1088' title='bbox 3717 5879 3839 5938; x_wconf 71' lang='lat' dir='ltr'><strong>qua:</strong></span> 
     </span>
    </p>
   </div>
  </div>
