4144 6482
369 393 467 450 621

1115 385 1178 444 S.
1219 384 1500 446 JOANNIS
1533 383 2018 444 CHRYSOSTUII
2064 383 2387 440 AﬂCﬂllﬂ’.
2424 383 2972 442 CONSTANTINOP.

3686 389 3793 447 £23

368 515 526 586 amri.
581 511 718 585 μετά
754 511 852 582 τὴν
885 507 992 561 τῶν
1037 506 1298 578 λυπηρῶν
1328 504 1668 576 ἀπαλλαγὴν,
1722 503 1838 568 πῶς
1866 501 2028 556 πάλιν
2132 503 2472 574 παραχωρεῖ,
2504 500 2597 556 καὶ
2628 502 2698 557 τά
2718 501 2952 556 δύσκολα
2981 501 3178 558 εὔκολα
3208 505 3436 573 γίνεται,
3456 507 3549 562 καὶ
3569 506 3638 560 τά
3663 506 3791 562 ἁδύ·-

366 600 668 671 διαδίχεται
730 599 819 660 τὸν
857 595 1060 648 δίκαιον
1094 595 1130 665 ή
1159 593 1388 664 κορωνὶς
1430 591 1538 644 τῶν
1579 590 1818 659 ἀγαθῶν,
1858 591 1892 660 ή
1929 587 2030 659 τῆς
2127 606 2261 644 νατα
2303 591 2536 646 δυνατά’
2569 592 2730 662 μόνον
2764 591 2861 645 ιάν
2893 594 3054 663 ήμεῖς
3108 594 3345 666 στερρὰν
3369 595 3468 667 τὴν
3511 597 3590 658 εἰς
3634 598 3793 652 αὑτὸν

367 685 692 754 ἐπαγγελίας
722 684 1032 753 ὑπόσχεσις,
1061 681 1153 734 καὶ
1174 682 1254 743 είς
1275 679 1432 751 ἔργον
1459 677 1643 730 λοιπὸν
1663 675 1808 747 ἐξῄει
1837 677 1903 729 τά
1931 676 2008 729 πά

370 777 458 831 λαι
491 773 641 846 παρά
684 771 778 826 τοῦ
824 769 958 825 Θεοῦ
998 768 1402 837 ἐπαγγελθὼτα
1437 765 1606 833 αὐτῷ.
1647 766 1754 820 Kal
1788 765 2024 832 Κύριος,

370 863 552 933 φησὶν,
617 859 994 927 ἐπεσκέψατο
1049 855 1169 925 τὴν
1210 853 1466 924 Σάρραν,
1519 853 1672 910 καθὰ
1723 848 1871 914 εἶπε,
1931 848 2023 904 καί

366 949 622 1018 ἐποίησε
659 947 732 1015 τῇ
759 944 974 1015 Σάρρᾳ,
1000 943 1152 998 καθὰ
1169 943 1454 1010 ἀλάλησο.
1481 941 1591 996 Kal
1626 939 2024 995 συλλαστῦσα

367 1035 532 1090 ἔτεκε
556 1032 751 1101 Σάρῤα
783 1031 864 1097 τῷ
905 1029 1149 1100 Ἀϐραὰμ
1181 1031 1314 1084 υίὸν
1340 1030 1427 1096 είς
1460 1028 1528 1081 τὸ
1555 1026 1761 1097 γῆρας,
1791 1028 1877 1090 εἰς
1926 1025 2023 1079 τὸν

367 1120 592 1188 καιρὸν,
625 1119 775 1176 καθὰ
797 1117 1105 1184 ἐλάλησεν
1128 1115 1287 1181 αὐτῷ
1319 1113 1556 1184 Κύριος.
1588 1113 1652 1166 Τί
1689 1115 1824 1176 ἐστι,
1859 1113 2023 1168 Καθὰ

364 1203 650 1275 adfiges.
682 1207 794 1268 καὶ,
827 1205 988 1259 Καθὰ
1015 1201 1143 1258 εῖπε
1157 1219 1178 1268 ;
1212 1201 1498 1273 Καθάπερ,
1527 1203 1706 1272 φησιν,
1734 1201 2018 1271 ὑπέσχετο,

364 1296 523 1366 ήνίκα
563 1293 864 1364 ἐπεξενώθη
913 1293 1052 1364 μετά
1093 1292 1196 1346 τῶν
1241 1291 1487 1361 ἀγγέλων
1519 1293 1599 1355 εἰς
1626 1291 1723 1362 τὴν
1765 1289 1895 1360 δρῦν
1920 1291 2018 1361 τήν

361 1382 626 1454 Μαμϐρῆ,
665 1380 896 1452 εἰρηκὼς
922 1382 1004 1434 ὅτι
1033 1383 1136 1446 Εἰς
1155 1381 1262 1433 τὸν
1285 1379 1494 1446 καιρὸν
1529 1377 1740 1432 τοῦτον
1769 1378 2020 1432 ἐλεύσοο

355 1487 480 1538 μαι,
516 1469 612 1524 καί
638 1470 806 1524 ἔσται
832 1468 904 1536 τῇ
929 1467 1127 1536 tam:
1154 1469 1300 1533 υἰός.
1333 1467 1516 1522 Ταῦτα
1544 1466 1718 1519 τοίνυν
1756 1467 1834 1528 είς
1859 1465 2018 1537 ἔργον

361 1558 569 1630 ἐξῆλθε,
594 1559 687 1612 καὶ
705 1561 772 1611 τὰ
795 1559 860 1627 τῇ
883 1556 1040 1626 φύσει
1061 1555 1500 1627 ἀπηγορευμένα,
1527 1555 1698 1610 ταῦτα
1725 1557 1911 1629 ἐώρων
1939 1559 2017 1621 εἰς

359 1648 517 1718 ἔργον
541 1647 892 1717 ἐκϐεϐηκότα,
911 1646 969 1698 ού
996 1644 1135 1699 κατά
1163 1645 1507 1718 ἀνθρωπίνην
1524 1646 1864 1710 ἀκολουθίαν,
1884 1645 2018 1701 ἀλλά

359 1742 499 1789 κατά
531 1734 675 1788 θείαν
705 1735 882 1804 χάριν.
908 1734 1016 1787 Kal
1037 1731 1292 1786 ἐκάλεσε
1314 1731 1381 1786 τὸ
1411 1734 1597 1802 ὄνομα
1620 1734 1726 1788 τοῦ
1750 1733 1882 1788 υἱοῦ
1912 1735 2017 1788 αὐ-

357 1823 484 1887 τοῦ,
509 1821 580 1875 ὃν
596 1822 795 1875 ἔτεκεν
810 1817 966 1884 αὐτῷ
987 1817 1201 1888 Σάρρα,
1229 1819 1451 1875 Ἰσαάκ.
1475 1821 1584 1891 Οὐχ
1601 1820 1788 1885 ἁπλῶς
1818 1823 2017 1892 ἐπεση-

359 1912 564 1984 μήνατο
592 1910 624 1979 ή
651 1907 769 1961 θεία
805 1907 995 1979 Γραφὴ
1024 1907 1104 1971 τὸ,
1137 1909 1245 1959 Ὃν
1269 1905 1474 1960 ἔτεκεν
1505 1907 1665 1972 αὑτῷ
1703 1905 1916 1976 Σάρῤαο
1955 1909 2014 1961 ού

357 1999 464 2070 γὰρ
497 1994 646 2051 εἶπεν
675 1994 822 2068 [465]
852 1994 1055 2059 ἁπλῶς,
1097 1993 1382 2048 Ἑκάλεσε
1431 1994 1499 2047 τὸ
1533 1995 1718 2064 ὄνομα
1747 1995 1854 2049 τοῦ
1883 1994 2016 2049 υἱοῦ

355 2086 561 2148 αὑτοῦ,
613 2083 748 2137 ἀλλὰ
788 2081 1140 2155 προσέθηκεν,
1187 2083 1294 2134 ⁸ον
1343 2081 1550 2136 ἔτεκεν
1583 2082 1744 2148 αὐτῷ
1797 2083 2012 2152 Σάρῤα,

356 2173 498 2228 τοῦτ’
531 2172 673 2225 εστιν
691 2173 724 2241 ή
754 2172 960 2241 στεῖρα,
986 2171 1018 2240 ή
1049 2169 1258 2236 ἄγονος,
1287 2170 1320 2239 ή
1347 2173 1702 2239 γεγηρακυῖα.
1724 2171 1831 2226 Kal
1856 2188 2016 2240 περι-

351 2261 558 2330 έτεμεν
585 2259 788 2323 αὑτὸν,
823 2258 974 2328 φησι,
1012 2254 1088 2324 τῇ
1113 2255 1300 2324 ἡμέρᾳ
1323 2255 1395 2325 τῇ
1416 2256 1595 2327 ὀγδόῃ
1627 2259 1778 2312 καθὰ
1804 2259 2009 2314 ἐνετει-

351 2352 498 2403 λατο
519 2342 912 2415 Κύριος.οῦτω
935 2343 1043 2415 γὰρ
1061 2338 1129 2413 ἦν
1155 2342 1565 2414 διαταξάμενος,
1583 2345 1723 2398 ὥστε
1743 2349 1808 2417 τῇ
1831 2347 2013 2418 ήμέρςι

350 2435 418 2506 τῇ
453 2433 616 2507 ὀγδόῃ
648 2430 1072 2504 περιτέμνεσθαι
1096 2431 1279 2484 λοιπὸν
1317 2430 1388 2485 τὰ
1412 2431 1720 2500 τικτόμενα.
1762 2427 1892 2484 Εἶτα
1927 2433 2011 2485 ἵνα

358 2522 621 2596 μάθωμεν
642 2521 826 2574 λοιπὸν
851 2522 950 2591 τὴν
975 2520 1180 2588 ἄφατον
1195 2518 1418 2588 δύναμιν
1433 2517 1526 2571 τοῦ
1544 2517 1697 2581 Θεοῦ,
1723 2517 1803 2570 ὅτι
1835 2519 1928 2571 καὶ
1944 2519 2012 2572 τά

352 2613 504 2684 παρά
531 2610 834 2680 ἀνθρώποις
867 2609 1102 2664 ἀδύνατα
1133 2607 1262 2679 παρ’
1293 2608 1440 2679 αύτῷ
1479 2604 1700 2674 δυνατὰ,
1733 2609 1822 2662 διὰ
1853 2609 2010 2664 τοῦτο

349 2700 444 2752 καὶ
471 2699 562 2752 τὸν
588 2697 776 2768 χρόνον
805 2699 938 2766 ἡμῖν
959 2695 1118 2748 πάλιν
1142 2694 1558 2765 ἐπισημαίνεται
1583 2698 1616 2766 η
1652 2695 1771 2750 θεία
1800 2697 2008 2769 Γραφὴ,

351 2786 444 2840 καὶ
478 2786 614 2856 μετά
643 2784 733 2837 τὸν
755 2783 912 2836 τόκον
937 2782 1175 2836 διδάσκει
1201 2783 1347 2853 ἡμᾶς
1375 2782 1626 2850 λέγουσα.
1670 2785 1924 2854 Ἀϐραὰμ
1944 2785 2012 2838 δὲ

350 2872 430 2944 ἦν
463 2871 614 2928 ἐτῶν
645 2872 878 2932 ἑκατὸν,
907 2870 1090 2938 ἡνίκα
1129 2869 1364 2940 ἐγένετο
1395 2868 1556 2935 αὐτῷ
1597 2871 1792 2924 Ἰσαὰκ
1820 2875 1852 2925 ό
1881 2875 2011 2939 υἱός

348 2959 555 3018 αὐτοῦ.
585 2956 732 3014 Εἶπε
754 2956 822 3010 δὲ
861 2955 1076 3026 Σάρρα·
1112 2953 1350 3010 Γέλὶοτά
1379 2973 1480 3025 μοι
1509 2957 1798 3024 ἐποίησεν
1823 2963 1856 3012 ό
1889 2960 2008 3012 Κύ-

345 3062 491 3118 ριοςο
522 3047 592 3112 ὃς
642 3047 751 3117 τὰρ
793 3043 871 3098 ἂν
911 3045 1168 3111 ἀκούσῃ,
1202 3043 1592 3113 συγ-χαριεῖται
1623 3061 1744 3113 μοι.
1776 3045 1840 3098 Τί
1869 3047 2004 3112 ἐστι,

346 3132 592 3190 Γέλωτὰ
611 3149 711 3203 μοι
733 3131 1023 3199 ἐποίησεν
1043 3134 1076 3184 ό
1100 3132 1314 3198 Κύριος
1329 3145 1348 3194 ;
1378 3131 1729 3200 Εὑφροσύνης
1757 3131 2010 3196 ὑπόθεσίς

351 3239 442 3293 μοι
469 3223 498 3275 ό
521 3220 674 3284 τόκος
703 3219 868 3272 ἐστίν.
897 3219 1008 3272 Kal
1034 3218 1086 3270 τί
1114 3217 1443 3288 θαυμαστὸν,
1477 3220 1525 3271 εί
1556 3218 1711 3289 ἐμοί;
1744 3220 1849 3273 Kal
1877 3220 2011 3274 πάν-

347 3324 446 3371 τας
475 3309 598 3370 τοὺς
629 3305 925 3366 ἀκούοντας
955 3304 1349 3374 συνηδομένους
1375 3303 1502 3368 ἐξω,
1533 3306 1636 3358 ούκ
1668 3306 1854 3378 ἐπειδὴ
1897 3307 2011 3360 ἐτε-

348 3411 463 3460 κον,
501 3392 615 3446 ἀλλ’
636 3391 822 3461 ἐπειδὴ
846 3389 1016 3453 οὕτως
1041 3390 1244 3445 ἔτεκον.
1277 3391 1350 3442 Τὸ
1389 3391 1690 3460 παράδοξον
1725 3394 1819 3446 τοῦ
1852 3411 2009 3463 γεγε-

347 3481 581 3552 νημένου
609 3479 818 3541 πάντας
851 3478 930 3540 εἰς
951 3476 1135 3548 θαῦμα
1160 3478 1509 3549 καταστήσει,
1544 3480 1637 3533 καί
1659 3480 1876 3535 πλείονα
1902 3485 2008 3536 πᾶ-

348 3587 400 3624 σι
433 3566 657 3639 παρέξει
686 3566 784 3636 τὴν
824 3564 1037 3636 ἡδονὴν,
1082 3565 1212 3618 ὅταν
1262 3563 1522 3634 μάθωσιν,
1556 3567 1637 3620 ὃτι
1678 3568 1850 3639 ἐγὼή
1897 3573 2006 3624 τῶν

346 3653 553 3726 νεκρῶν
577 3653 727 3707 ούδέν
756 3652 975 3722 ἄμεινον
1006 3650 1341 3722 διακειμένη,
1363 3651 1556 3722 ἀθρόον
1578 3654 1759 3726 μήτηρ
1787 3656 2006 3725 γέγονα,

348 3741 443 3796 καὶ
477 3739 585 3794 ἀπὸ
606 3736 1022 3808 κατεψυγμένης
1057 3737 1269 3808 μήτρας
1301 3738 1511 3792 παιδίον
1537 3739 1740 3805 ἐτεκον,
1771 3742 1866 3795 καὶ
1900 3746 2006 3816 μὴν

348 3828 598 3901 θηλάζειν
623 3826 877 3897 δύναμαι,
904 3824 1000 3878 καὶ
1030 3824 1211 3896 πηγὰς
1234 3825 1503 3894 γάλακτος
1529 3829 1746 3898 ἀφιέναι
1781 3833 1813 3902 ή
1849 3833 2008 3902 μηδε-

352 3917 480 3988 μίαν
513 3914 702 3968 ἐλπίδα
736 3913 920 3967 λοιπὸν
945 3912 1290 3980 τεκνογονίας
1321 3913 1542 3984 ἔχουσα.
1570 3917 1678 3970 Kal
1717 3913 1867 3972 εἷπε·
1908 3919 2008 3988 Τίς

347 3998 668 4071 ἀναγγελεῖ
682 4018 711 4053 τ
714 3997 761 4065 ᾧ
787 3997 1050 4068 Ἀϐραὰμ,
1079 3997 1167 4051 ὅτι
1187 3997 1420 4066 θηλάζει
1438 4001 1502 4054 τὸ
1523 4003 1766 4058 παιδίον
1778 4005 1974 4076 Σάῥρα
1986 4026 2005 4074 ;

347 4087 444 4142 Διά
469 4088 578 4157 γὰρ
610 4088 768 4140 τοῦτο
804 4085 896 4140 καὶ
938 4085 1031 4140 τοῦ
1057 4085 1326 4152 γάλακτος
1355 4088 1412 4140 al
1457 4093 1629 4160 πηγαὶ
1663 4097 2005 4166 παρεσχέοη-

348 4192 469 4239 σαν,
501 4174 586 4228 ἵνα
615 4174 705 4228 τὸν
731 4174 886 4227 τόκον
920 4171 1318 4239 πιστώσωνται,
1355 4175 1447 4228 καὶ
1493 4179 1567 4247 μή
1599 4196 1681 4241 τις
1704 4182 2006 4253 ὑπόϐλητον

346 4259 484 4317 εἶναι
508 4261 703 4334 νομίσῃ
732 4260 793 4313 τὸ
819 4260 1047 4313 παιδίον·
1083 4261 1140 4312 al
1161 4260 1270 4330 γὰρ
1297 4264 1470 4330 πηγαί⁵
1493 4263 1586 4316 τοῦ
1613 4266 1880 4333 γάλακτος
1900 4273 2022 4322 πᾶ-·

348 4365 432 4404 σιν
461 4349 756 4420 ἐκήρυττον
791 4345 940 4410 παρά
971 4346 1151 4399 πᾶσαν
1182 4345 1525 4419 ἀνθρωπίνην
1574 4353 1896 4422 προσδοκίαν
1927 4354 2004 4412 εἷο

345 4453 433 4490 ναι
491 4434 552 4488 τὸ
607 4431 986 4503 γεγενημένον.
1044 4433 1139 4498 Τίς
1200 4434 1545 4505 ἀναγγελεῖ,
1616 4437 1704 4493 ὅτι
1766 4443 2002 4510 θηλάζει

345 4521 583 4575 παιδίον
633 4517 829 4588 Σάρρα
849 4534 868 4582 ;
917 4517 1006 4571 ὅτι
1061 4517 1270 4573 ἔτεκον
1322 4521 1457 4575 υἰὸν
1507 4524 1579 4578 ἐν
1640 4524 1794 4596 γήρᾳ
1847 4546 2001 4597 μου;

344 4611 425 4663 δτι
468 4605 578 4676 ἐγὼ
618 4609 654 4677 ή
681 4609 1018 4677 γεγηρακυῖα
1047 4610 1221 4660 τεκεῖν
1270 4609 1553 4681 ήδυνήθην,
1591 4615 1683 4667 καὶ
1729 4617 1787 4668 ἐν
1815 4616 2001 4690 ἡλικίᾳ

343 4693 566 4768 τοιαύτῃ
604 4693 816 4748 παιδίον
855 4693 1074 4764 τρέφειν
1100 4693 1366 4766 δύναμαι;
1410 4699 1516 4751 Kal
1551 4701 1807 4770 ηὐξήθη,
1845 4707 1997 4775 φησὶ,

343 4781 410 4836 τὸ
479 4779 739 4844 παιδίον,
800 4779 899 4834 καί
955 4779 1466 4851 ἀπεταλακτίσθη.
1523 4785 1633 4839 Kal
1709 4788 2001 4858 ἐποίησεν

354 4869 598 4938 Ἀϐραὰμ
622 4867 817 4937 δοχὴν
843 4863 1136 4936 μεγάλην,
1164 4861 1205 4939 ἦ
1227 4867 1415 4938 ἡμέρᾳ
1439 4871 1928 4946 ἀπεγαλακτίσ-θη
1968 4881 1999 4934 ὁ

341 4956 470 5022 υίὸς
492 4954 698 5012 αὐτοῦ.
1677 5029 1679 5031 ι

409 5050 472 5108 ς’.
497 5040 648 5108 Εἶδες
669 5044 763 5098 τοῦ
780 5044 912 5098 Θεοῦ
934 5043 1031 5117 τὴν
1055 5044 1256 5113 ἀφατον
1281 5047 1490 5115 σοφίαν,
1504 5050 1654 5114 ὅπως
1673 5051 1759 5105 διά
1781 5053 1996 5110 πάντων

338 5133 438 5203 τὴν
481 5132 755 5202 ὑπομονὴν
798 5133 891 5185 τοῦ
926 5133 1136 5186 δικαίου
1169 5132 1478 5201 βασανίσας,
1515 5139 1602 5192 ὅτε
1632 5141 1996 5214 ἀπαγορεύειν

339 5218 484 5284 εδοξε
517 5219 611 5271 καὶ
644 5219 804 5283 αύτδς
839 5221 930 5271 καὶ
976 5221 1175 5282 πάντες
1220 5223 1270 5273 οί
1317 5225 1395 5286 είς
1433 5224 1594 5279 αὐτὸν
1637 5229 1891 5298 ὁρῶντες,
1924 5236 1988 5304 τῇ

338 5305 656 5378 ἀνθρωπεία
691 5306 848 5374 φύσει
897 5306 1438 5373 κατακολουθοῦντες,
1471 5313 1590 5368 τότε
1637 5315 1736 5385 τὴν
1786 5320 1990 5375 οἰκείαν

338 5392 630 5463 ὑπόσχεσιν
658 5394 738 5457 εἰς
759 5393 915 5462 ἔργον
937 5395 1142 5464 ήγαγε;
1167 5396 1276 5449 Καὶ
1298 5399 1458 5467 ἡμεῖς
1481 5402 1678 5466 τοίνυν,
1697 5406 1990 5479 ἀγαπητοὶ,

335 5481 434 5553 τὴν
486 5481 655 5552 αὐτὴν
688 5481 763 5552 τῷ
809 5483 1002 5553 δικαίῳ
1046 5483 1324 5554 ὑπομονὴν
1367 5487 1847 5562 ἐπιδεικνυώμεθα,
1899 5499 1991 5553 καὶ

339 5567 604 5640 μηδέποτε
633 5569 940 5640 ναρκῶμεν,
973 5569 1104 5623 ἀλλά
1129 5574 1247 5634 ταῖς
1273 5577 1534 5643 χρησταῖς
1571 5578 1751 5633 ἐλπίσι
1783 5585 1994 5653 τρεφώ.

336 5654 498 5726 μεθα,
525 5656 725 5726 ειδότες
751 5657 831 5710 ὅτι
862 5655 985 5710 οῦτε
1009 5657 1262 5712 δυσκολία
1280 5663 1637 5732 πραγμάτων,
1655 5666 1779 5720 οὒτε
1807 5669 1992 5739 ἕτερον

333 5757 385 5796 τι
415 5741 523 5794 τῶν
553 5743 904 5813 ἀνθρωπίνων
933 5746 1112 5799 ἰκανὸν
1145 5745 1516 5820 κώλυμαήμῖν
1546 5754 1819 5821 γενέσθαι,
1843 5760 1990 5812 ἐπει-

331 5829 426 5883 δὰν
461 5832 492 5901 ή
525 5829 620 5884 τοῦ
651 5829 784 5886 Θεοῦ
814 5835 969 5904 χάρις
1000 5831 1098 5904 τὴν
1126 5834 1332 5905 οἰκείαν
1365 5837 1672 5910 φιλοτιμίαν
1717 5844 1986 5913 ἐπιδείξα-

334 5918 453 5972 σθαι
485 5918 739 5995 βουληθῇ.
773 5923 939 5978 ὀταν
959 5921 1066 5997 γὰρ
1095 5924 1299 5990 ικεϊνος
1325 5925 1509 6000 νεύσῃ,
1533 5929 1708 5985 πάντα
1733 5933 1866 5989 εῖκει
1892 5941 1983 5994 καὶ

2128 677 2310 742 πίστιν
2338 677 2824 750 ἐπιδεικνυώμεθα,
2854 679 2948 732 καὶ
2980 681 3118 751 πρὸς
3149 681 3210 734 τὸ
3240 681 3471 752 μέγεθος
3505 683 3672 738 αὑτοῦ
3697 687 3794 754 ἀφ-

2124 761 2379 834 ορῶντες,
2411 763 2674 836 ἀνώτεροι
2703 765 2981 836 γινώμεθα
3006 767 3113 821 τῶν
3135 769 3489 841 ἀνθρωπίνων
3516 773 3789 827 ἀπάντων.

2137 851 2194 905 ⁸0
2225 850 2334 921 γὰρ
2374 850 2443 904 τὰ
2483 850 2748 920 μέλλοντα
2790 852 2971 920 ἀγαθά
3017 857 3112 908 καὶ
3150 857 3219 909 τὰ
3276 854 3565 929 ἀπόρρητα
3607 861 3790 915 ἐκεῖνα

2123 938 2490 1009 ὑποσχόμενος
2516 941 2630 1002 τοῖς
2662 942 2782 1009 μετ’
2809 941 3012 1012 ἀρετῆς
3061 943 3161 1013 τὴν
3211 943 3447 1000 ἐνταῦθα
3484 944 3630 1018 ζωὴν
3670 948 3790 1002 δια·

2122 1025 2358 1093 νύουσιν,
2383 1026 2445 1079 ού
2474 1025 2890 1099 πολλῷυμᾶλλον
2922 1030 3018 1084 καὶ
3048 1031 3118 1085 τά
3147 1031 3382 1086 ἐνταῦθα
3413 1033 3658 1104 παρέξει,
3695 1035 3791 1090 καὶ

2124 1111 2382 1182 μάλιστα,
2414 1109 2509 1165 ἐὰν
2542 1113 2704 1182 ἡμεῖς
2743 1115 2968 1170 ἐκείνων
3014 1116 3310 1188 ἐφιέμενοι,
3348 1118 3454 1172 τῶν
3506 1119 3788 1191 παρόντων

2121 1201 2479 1272 ὑπερορῶμεν
2495 1216 2509 1265 ;
2528 1200 2681 1275 [666]
2694 1201 2827 1257 Τότε
2843 1202 2952 1273 γὰρ
2964 1203 3143 1257 αὑτῶν
3159 1203 3391 1274 μάλιστα
3408 1197 3787 1279 ἀπολαύσομεν

2122 1288 2260 1357 μετά
2273 1290 2573 1360 δαψιλείας,
2591 1292 2721 1346 όταν
2735 1291 2914 1345 αὐτῶν
2935 1291 3208 1363 ὑπεριδεῖν
3230 1291 3598 1364 βουληθῶμεν.
3621 1293 3787 1348 Ταῦτ’

2117 1371 2209 1428 οὖν
2233 1376 2497 1445 είδὸτεςηκ
2524 1379 2710 1433 ἐκεῖνα
2743 1378 2998 1450 ποθῶμεν
3025 1379 3093 1432 τὰ
3119 1379 3348 1450 μένοντα
3373 1381 3468 1434 καὶ
3496 1378 3648 1455 [ιθο]
3666 1381 3791 1436 ἀκί⁴

2115 1478 2252 1533 νητα
2274 1463 2474 1532 ἀγαθὰ,
2502 1465 2572 1519 τά
2595 1465 2745 1530 τέλος
2769 1466 2868 1520 ούκ
2895 1466 3252 1537 ἐπιστάμενα,
3284 1467 3370 1548 ἵνα
3403 1469 3496 1522 καὶ
3523 1468 3614 1522 τὸν
3645 1484 3789 1541 παρ-

2115 1551 2243 1606 όντα
2298 1553 2410 1624 βίον
2471 1554 2689 1619 ἀλύπως
2747 1554 3118 1625 διανύσωμεν,
3177 1556 3445 1610 κάκείνων
3509 1557 3787 1627 ἐπιτυχεῖν

2118 1638 2457 1712 δυνηθῶμεν,
2479 1635 2554 1696 ὧν
2583 1643 2796 1712 γίνοιτο
2824 1644 3033 1706 πάντας
3063 1645 3212 1714 ἡμᾶς
3239 1643 3565 1710 ἀπολαῦσαι,
3598 1643 3786 1716 χάριτι

2114 1727 2206 1779 καὶ
2239 1728 2621 1802 φιλανθρωπίᾳ
2662 1731 2758 1785 τοῦ
2803 1731 3010 1801 Κυρίου
3063 1731 3221 1802 ἡμῶν
3282 1731 3456 1804 Ἰησοῦ
3511 1729 3782 1802 Χριστοῦ,

2117 1813 2236 1884 μεθ’
2267 1808 2329 1870 οὗ
2362 1817 2440 1887 τῷ
2475 1819 2652 1890 Πατρὶ
2689 1821 2722 1890 ἡ
2755 1818 2901 1884 δόξα,
2938 1818 3054 1890 ἅμα
3079 1819 3158 1890 τῷ
3192 1818 3332 1890 άγίῳ
3360 1818 3660 1890 Πνεύματι,
3689 1816 3785 1872 νῦν

2113 1903 2208 1955 καὶ
2235 1904 2341 1967 ἀεὶ,
2377 1907 2472 1958 καὶ
2500 1907 2579 1969 είς
2604 1906 2730 1968 τοὺς
2760 1906 2962 1968 αἰῶνας
2985 1907 3094 1959 τῶν
3127 1907 3357 1962 αἰώνων.
3376 1908 3570 1978 Ἀμήν.

2730 1994 2972 2047 OMIAIA
3017 1994 3168 2061 Μςι.

2110 2077 2218 2152 Kal
2246 2073 2378 2152 εἶπε
2402 2079 2601 2152 Σιφρα
2623 2097 2637 2112 ·
2675 2081 3126 2152 Τίς-ἀναγγελεῖ
3145 2081 3225 2146 τῷ
3266 2082 3533 2152 Ἀϐραὰμ,
3566 2083 3659 2139 ὅτι
3679 2088 3784 2150 θη-

2179 2147 2337 2207 λάζει
2354 2147 2594 2203 παιδίον
2614 2150 2847 2219 Σάρῤα;
2871 2147 3192 2206 ὄιέίέτεκον
3211 2147 3436 2208 υίὸνεν
3457 2147 3610 2223 γήρᾳ
3627 2147 3766 2220 μού.

2179 2242 2249 2288 α’.
2288 2235 2422 2307 Φέρε
2448 2238 2542 2290 καὶ
2568 2240 2831 2309 σήμερον,
2859 2241 3154 2311 ἀγαπητοὶ,
3185 2242 3282 2311 τὴν
3314 2242 3638 2297 ἀκολουθίαν
3672 2241 3780 2294 τῶν

2108 2321 2234 2392 χθὲς
2271 2323 2573 2394 εἰρημένων
2604 2326 3002 2392 ἀναλαϐόντες,
3039 2325 3184 2380 οὕτω
3234 2328 3333 2400 τὴν
3368 2330 3611 2384 ἐπίασιν
3650 2330 3780 2399 ὑμῐν

2111 2411 2442 2482 παραθῶμεν
2459 2412 2660 2484 ταύτην
2672 2415 2770 2484 τὴν
2793 2417 3188 2487 πνευματικὴν.
3211 2417 3297 2469 ἵνα
3313 2418 3575 2489 μάθωμεν
3591 2418 3777 2484 πάλιν,

2110 2498 2360 2570 καθάπερ
2394 2499 2517 2570 χθὲς
2551 2501 2842 2572 ⁴ἠκούσατε,
2881 2504 2976 2556 τοῦ
3005 2504 3210 2572 ἀγαθοῦ
3260 2505 3396 2558 Θεοῦ
3430 2507 3528 2576 τὴν
3572 2507 3780 2574 ἄφατον

2109 2585 2435 2656 κηδεμονίαν
2460 2589 2555 2641 καὶ
2585 2589 3014 2656 συγκατάϐασιν,
3052 2593 3147 2645 καὶ
3189 2591 3283 2645 τοῦ
3316 2595 3651 2665 πατριάρχου
3678 2594 3780 2666 τὴν

2110 2672 2308 2744 πολλὴν
2348 2675 2594 2744 ὑπακοὴν
2625 2675 2720 2728 καὶ
2751 2678 3191 2749 εὐγνωμοσύνην.
3235 2680 3418 2733 Είδετε
3442 2681 3588 2744 ὅπως
3619 2681 3652 2752 ἡ
3682 2679 3776 2735 τοῦ

2121 2761 2307 2814 Ἰσαάκ
2335 2761 2586 2832 γέννησις
2614 2766 2888 2835 περιχαρῆ
2921 2767 3020 2838 τὴν
3066 2767 3299 2840 Σάρραν
3317 2768 3575 2840 ἐποίησεν
3595 2787 3611 2836 ;
3633 2765 3778 2823 Εἶπε

2109 2847 2236 2918 γὰρ,
2269 2850 2422 2918 φησι,
2459 2849 2698 2903 Γέλωτά
2733 2869 2836 2920 μοι
2871 2852 3162 2922 ἐποίησεν
3192 2859 3225 2910 d
3254 2859 3396 2922 Θεός
3418 2873 3430 2886 ·
3459 2856 3529 2922 ὃς
3560 2856 3672 2927 γὰρ
3698 2856 3779 2912 ἂν

2108 2935 2364 3003 ἀκούσῃ,
2391 2937 2781 3006 συγχαρεῖταί
2792 2957 2915 3008 μοι.
2934 2941 3223 3008 Ἕκαστον,
3249 2945 3403 3014 φησὶ,
3419 2943 3530 2997 τῶν
3549 2945 3776 3000 ἀκουόν-

2105 3040 2214 3076 των
2248 3026 2328 3087 εἰς
2350 3024 2635 3079 κοινωνίαν
2659 3026 2760 3096 τῆς
2787 3030 2964 3099 χαρᾶς
2985 3029 3382 3101 ἐπισπάσομαι.
3414 3032 3640 3102 Μεγάλη
3667 3034 3774 3104 γάρ

2107 3113 2254 3165 ἐστιν
2289 3116 2322 3184 ἠ
2367 3112 2518 3184 παρά
2557 3113 2651 3167 τοῦ
2680 3115 2816 3169 Θεοῦ
2862 3118 3276 3190 παρασχεθεῖσά
3327 3137 3419 3190 μοι
3444 3115 3642 3190 δωρεὰ,
3683 3123 3776 3177 καὶ

2107 3199 2510 3271 ὑπερϐαίνουσα
2549 3202 2647 3274 τὴν
2675 3203 3024 3276 ἀνθρωπίνην
3048 3205 3352 3261 ἀσθένειαν.
3382 3207 3479 3272 Τίς
3508 3209 3637 3280 γὰρ,
3672 3227 3776 3283 φη-

2109 3288 2213 3350 σὶν,
2237 3288 2338 3341 ούκ
2363 3289 2430 3342 ἂν
2460 3290 2762 3360 ἐκπλαγείη
2793 3293 2934 3362 δρῶν
2963 3293 3064 3364 ἐμὲ
3086 3294 3636 3366 γαλακτοτροφοῦσαν
3681 3297 3776 3354 καὶ

2103 3377 2518 3448 τιθηνουμένην,
2545 3379 2645 3450 τὴν
2672 3379 2731 3433 ἐν
2755 3379 2972 3451 ἐσχάτῳ
2993 3382 3143 3454 γήρᾳ
3167 3383 3257 3436 καὶ
3277 3383 3439 3455 μέχρι
3457 3385 3552 3438 τοῦ
3577 3387 3777 3459 παρόν-

2102 3481 2192 3527 τος
2229 3466 2286 3517 ἐν
2313 3465 2541 3536 ἀπαιδία
2583 3467 2992 3538 γεγενημένην;
3042 3469 3152 3523 Kal
3182 3471 3383 3526 ὡσανεὶ
3419 3472 3773 3543 θαυμάζουσα

2103 3552 2197 3605 καὶ
2225 3551 2637 3623 ἐκπληττομένη
2665 3554 2728 3606 τὸ
2749 3555 2993 3623 γεγονὸς,
3018 3557 3266 3628 ἐπήγαγε
3287 3576 3300 3590 ·
3337 3561 3430 3626 Τίς
3456 3560 3776 3632 ἀναγγελεῖ

2103 3637 2183 3702 τῷ
2224 3640 2488 3708 Ἀϐραὰμ,
2515 3639 2605 3693 ὅτι
2633 3640 2872 3709 θηλάζει
2908 3641 3150 3698 παιδίον
3177 3646 3410 3716 Σάρῤα;
3442 3647 3530 3702 ὅτι
3562 3651 3776 3706 ἔτεκον

2103 3725 2239 3778 υίὸν
2256 3725 2326 3778 ἐν
2347 3725 2500 3794 γήρᾳ
2523 3745 2643 3796 μου
2657 3743 2677 3791 ;
2705 3729 2921 3802 Ἐπειδὴ
2947 3732 3087 3803 ὑπὲρ
3108 3732 3268 3802 φύσιν
3299 3736 3416 3790 ἐστὶ
3446 3736 3506 3790 τὸ
3526 3739 3768 3806 γεγονὸς,

2103 3810 2191 3865 διὰ
2216 3812 2374 3866 τοῦτό
2400 3830 2552 3884 φησι,
2588 3815 2684 3882 Τις
2713 3816 3067 3887 ἁναττελεῖ;
3091 3821 3212 3874 ἀντὶ
3245 3821 3362 3886 τοῦ,
3395 3823 3491 3888 Τίς
3523 3825 3772 3892 ἀναλογί-

2107 3915 2296 3965 σεται;
2326 3900 2411 3963 τίς
2438 3900 2504 3954 ἀν
2533 3900 2896 3975 ἐνθυμηθείη;
2930 3905 3056 3959 ποία
3083 3906 3290 3961 διάνοια
3313 3910 3640 3965 καταλαϐεῖν
3675 3913 3771 3966 δυ-

2104 3987 2356 4055 νήσεται;
2383 3990 2535 4050 ποῖος
2563 3989 2820 4060 λογισμὸς
2851 3992 3031 4064 εὑρεῖν
3063 3995 3245 4058 ίκανδς
3279 3995 3371 4049 τοῦ
3401 3999 3772 4069 γεγενημένου

2101 4075 2200 4147 τὴν
2230 4077 2548 4148 ἀκρίϐειαν;
2584 4080 2695 4150 Οὐχ
2729 4079 2872 4134 οὕτω
2903 4081 3214 4151 θαυμαστὸν
3239 4079 3328 4156 ἦν,
3364 4085 3425 4140 τὸ
3452 4088 3516 4141 ἐκ
3543 4088 3641 4158 τῆς
3670 4090 3772 4144 πέ-

2101 4179 2238 4234 τρας
2276 4165 2416 4216 κατά
2443 4165 2563 4236 τὴν·
2582 4165 2787 4237 ἔρημον
2816 4169 3118 4223 ἀναϐλύσαι
3151 4171 3248 4235 τὰς
3290 4172 3474 4243 πηγὰς
3505 4175 3614 4229 τῶν
3645 4176 3772 4234 ὑδά-

2101 4267 2229 4312 των,
2263 4252 2422 4320 ήνίκα
2450 4255 2516 4323 τῇ
2546 4252 2726 4325 ῥάϐδῳ
2755 4256 2998 4327 Μωῦσῆς
3018 4257 3223 4329 ταύτην
3249 4260 3491 4328 ἔπταισεν,
3509 4263 3585 4329 ὡς
3610 4264 3773 4319 τοῦτο

2099 4336 2160 4390 τὸ
2189 4338 2298 4390 ἀπὸ
2333 4341 2546 4410 μήτρας
2567 4341 2664 4411 ήδη
2694 4345 3110 4419 νενεκρωμένης
3129 4349 3340 4404 παιδίον
3363 4351 3644 4423 τεχθῆναι,
3675 4356 3770 4410 καὶ

2101 4424 2368 4492 γάλακτος
2397 4427 2576 4497 πηγὰς
2591 4429 2911 4485 ἀναϐλύσαι.
2947 4434 3063 4487 Ἷνα
3099 4435 3206 4507 γὰρ
3233 4440 3396 4491 πᾶσιν
3426 4442 3455 4493 δ
3482 4441 3640 4505 τόκος
3663 4458 3768 4496 κα-

2100 4511 2325 4583 τάδηλος
2363 4512 2604 4584 γένηται,
2656 4515 2752 4570 καὶ
2782 4519 3014 4585 πάντας,
3048 4523 3141 4576 καὶ
3168 4526 3294 4590 τοὺς
3342 4525 3463 4580 τότε
3491 4528 3770 4599 παρόντας

2101 4599 2193 4652 καὶ
2219 4601 2343 4664 τοὺς
2377 4601 2515 4671 μετὰ
2544 4603 2718 4657 ταῦτα
2746 4605 3067 4677 ἀκούοντας,
3094 4612 3174 4676 εἰς
3207 4613 3387 4668 πίστιν
3418 4615 3513 4668 τοῦ
3549 4615 3768 4689 θαύμα-

2099 4702 2186 4775 τος
2210 4687 2472 4760 ἐναγάγῃ,
2501 4688 2587 4742 διά
2617 4690 2772 4744 τοῦτο
2802 4695 2895 4747 καὶ
2921 4695 3056 4768 αύτὴ
3088 4699 3278 4769 τρέφει
3301 4702 3514 4756 παιδίον
3542 4705 3637 4759 καὶ
3660 4687 3768 4775 τῆς

2097 4771 2559 4861 γαλακτοτροφίας
2587 4777 2859 4848 ἀνέχεται.
2896 4785 3002 4837 Καί
3042 4803 3196 4855 φησι,
3232 4789 3325 4856 Τίς
3347 4791 3671 4861 ἀναγγελεῖ
3684 4771 3770 4860 τῶ

2109 4858 2382 4929 Ἀϐραὰμ,
2433 4860 2521 4916 ὅτι
2551 4865 2786 4932 θηλάζει
2824 4871 3067 4926 παιδίον
3091 4873 3326 4944 Eappa;
3354 4858 3520 4932 τοῦτο
3542 4880 3606 4935 τὺ
3637 4858 3768 4937 καιέ

2095 4945 2204 5038 νὺν,
2245 4948 2563 5038 παράδοξον,
2597 4954 2693 5006 καὶ
2728 4957 2856 5028 παρ’
2889 4957 3078 5014 ἐλπίδα
3114 4963 3238 5033 ἐμοὶ
3271 4967 3767 5038 παραηεθένποεε
3807 4997 3812 5005 -

2093 5034 2301 5088 ἔτεκον
2326 5035 2543 5089 υίὸνὲν
2560 5039 2710 5108 γήρᾳ
2733 5061 2853 5110 μου
2878 5046 2904 5085 ι
2919 5063 2938 5110 ;
2969 5049 3034 5100 Τί
3059 5050 3227 5116 ἐστιν,
3263 5034 3383 5105 Ὅτι
3403 5034 3766 5111 ἔτεκοννυίὸν

2096 5121 2160 5174 ἐν
2193 5121 2485 5216 γήρᾳ-μρυ
2549 5126 2671 5216 ’Θτι
2701 5132 2794 5216 καὶ
2820 5132 2948 5186 ἀνευ
2973 5135 3076 5206 τῆς
3100 5139 3439 5210 στειρώσεως
3465 5142 3646 5206 ἱκανὸς
3671 5140 3761 5216 ἦν,

2093 5206 2252 5292 φησι,
2287 5207 2428 5292 καίῌό
2462 5211 2560 5279 τῆς
2597 5211 2809 5281 ήλικίας
2840 5218 3031 5286 χρόνος
3057 5206 3436 5292 ἀπαγορεῦσαι
3464 5224 3554 5277 τὸν
3581 5206 3761 5280 τόκον.

2106 5287 2287 5378 Ἀλλά-
2310 5287 2482 5343 ταῦτα
2507 5291 2683 5347 πάντα
2729 5296 2798 5350 τὰ
2837 5299 3135 5372 κωλύματα
3155 5287 3489 5378 ὁ-Δεσπότης
3515 5307 3764 5363 ἐκποδὼν

2093 5375 2480 5466 ποιησάμενος,
2503 5379 2595 5432 καὶ
2617 5382 2708 5436 τοῦ
2749 5385 2935 5451 παιδὸς
2960 5389 3054 5442 τὸν
3073 5391 3230 5444 τόκον
3260 5393 3385 5463 ἐμοὶ
3415 5375 3762 5466 κεχάρισται,

2094 5462 2188 5555 καί
2218 5463 2311 5555 τοῦ
2327 5464 2597 5555 γάλακτος
2614 5469 2712 5534 τὰς
2733 5475 2933 5542 πηγάς.
2954 5477 3090 5532 Ἀλλ’
3113 5462 3310 5550 ἴδωμεν
3326 5462 3514 5535 λοιπὸν
3525 5462 3592 5536 τά
3611 5462 3764 5555 ἑξῆς.-

2104 5549 2319 5639 ’ξτεειδὴ
2358 5550 2465 5624 γὰρ
2497 5554 2795 5626 ἀπήρτιστο
2824 5561 2893 5614 τά
2923 5563 3024 5634 τῆς
3059 5549 3221 5639 [ι67]
3259 5549 3759 5639 γαλακτοτροφίσίςι

2088 5633 2242 5728 εἶδε,
2269 5640 2422 5728 φησι,
2455 5641 2648 5710 Σάρῤα
2675 5660 2784 5699 τον
2804 5650 2938 5703 υίὸν
2964 5633 3150 5722 Ἃγῖαρ
3177 5633 3286 5722 ξῆξ
3316 5633 3660 5726 Αἰγυπτίας,

2091 5727 2322 5795 ἐγένετο
2345 5727 2424 5794 τῷ
2461 5731 2735 5802 Ἀϐραὰμ,
2762 5736 3046 5798 παίζοντα
3072 5741 3225 5809 μετὰ
3261 5744 3458 5799 Ἰσαὰκ
3487 5745 3595 5799 τοῦ
3621 5747 3762 5804 υίοῦ

2095 5893 2113 5904 _
2152 5833 2175 5859 ³
2207 5831 2376 5908 Mora].
2403 5839 2454 5882 el
2491 5837 2686 5897 quidam
2731 5854 2842 5891 mss.
2868 5841 3002 5891 ταῦτ’
3052 5844 3134 5893 οὖν
3174 5848 3362 5905 εἰδότες.
3405 5849 3557 5900 Savil.
3580 5856 3637 5900 οι
3674 5847 3761 5902 alii

2091 5909 2204 5957 οπερ
2219 5909 2548 5957 γινώσκοντες.

2158 5954 2189 5994 5
2212 5954 2360 6006 Smil.
2388 5959 2646 6021 etquidam
2670 5977 2784 6014 mss.
2809 5966 2856 6014 ἐν
2874 5983 3003 6031 γηρει
3028 5985 3142 6032 μου.
