4124 6478
261 426 355 485 ιὲι

258 564 386 619 olim
418 563 492 617 illi
520 580 547 617 a
582 563 691 618 Deo
716 564 970 633 promissa
1004 569 1143 615 sunt.
1193 559 1259 614 Et
1303 559 1551 613 Dominus
1577 599 1591 622 ,
1625 558 1796 627 inquit
1830 597 1845 621 ,

259 654 474 710 uisitauit
504 654 718 711 Sarram
739 697 754 719 ,
772 656 900 709 sicut
920 654 1047 709 dixit
1072 695 1086 718 ,
1108 660 1153 708 et
1179 652 1295 725 fecit
1313 650 1490 709 Sarra:
1513 655 1641 705 sicut
1673 652 1852 720 loquu-

258 754 337 801 tus
364 756 455 802 est.
487 746 541 800 2.
568 745 633 799 Et
661 747 901 816 concepit.
929 746 1217 815 peperitque
1247 743 1409 799 Sarra
1434 743 1654 797 Abrohat
1682 742 1850 813 ﬁlium

260 836 315 890 in
343 847 595 891 senectute
617 878 629 899 ,
670 838 723 890 in
759 848 981 906 tempore
1003 836 1133 891 sicut
1160 836 1398 906 loquutus
1422 845 1496 889 est
1526 835 1571 887 ei
1599 832 1849 887 Dominus

259 926 410 997 (Cap.
438 927 553 997 2i).
579 927 716 996 Quid
743 936 845 994 est,
872 926 1016 982 Sicut
1037 927 1273 998 loquutus
1298 936 1390 989 est,
1409 937 1481 989 et,
1507 925 1655 980 Sicut
1675 926 1802 980 dixit
1824 926 1850 979 ?

262 1015 951 1089 Quetnadtnodum,iuquit,
974 1019 1233 1087 promisit,
1257 1018 1469 1089 quando
1496 1018 1724 1088 hospitio
1748 1034 1846 1073 ex-

254 1116 441 1177 ceptus
474 1117 556 1163 est
581 1123 702 1164 cum
737 1110 941 1181 angelis
967 1111 1106 1181 apud
1136 1127 1391 1181 quercum
1422 1111 1677 1167 Mambre.
1707 1110 1839 1165 Nam

249 1198 394 1267 quod
424 1198 595 1257 dixit:
628 1200 695 1256 In
723 1211 944 1270 tempore
967 1202 1062 1256 hoc
1085 1204 1302 1263 veniant,
1330 1210 1378 1255 et
1398 1203 1493 1256 erit
1510 1202 1688 1257 Sarra
1702 1202 1842 1271 ﬁlius

256 1286 410 1357 (Gen.
441 1289 529 1346 18.
559 1289 651 1363 ει)
677 1309 690 1345 :
721 1292 822 1347 hoc
849 1306 990 1347 nunc
1013 1307 1177 1361 opere
1203 1293 1475 1361 impletum
1502 1301 1603 1347 est.
1628 1293 1694 1346 Et
1722 1306 1841 1361 quae

253 1386 445 1432 natura
472 1379 787 1450 denegabat,
820 1395 883 1435 ea
906 1381 1159 1436 videbant
1191 1383 1437 1437 evenisse
1458 1423 1474 1447 ,
1507 1397 1613 1435 non
1644 1396 1839 1435 secun-

249 1465 381 1521 dutn
422 1468 711 1524 humanum
749 1480 805 1524 et
832 1471 1047 1526 solitum
1076 1486 1277 1527 morem
1312 1513 1327 1537 ,
1358 1472 1453 1527 sed
1480 1488 1575 1542 per
1602 1472 1837 1528 divinam

249 1560 499 1629 gratiam.
542 1561 595 1617 ὅ.
630 1559 694 1616 Et
732 1563 923 1616 vocavit
962 1579 1143 1617 nomen
1183 1564 1277 1632 ﬁlii
1310 1564 1432 1630 sui,
1472 1580 1618 1635 quem
1647 1564 1842 1634 peperit

248 1650 349 1720 ipsi
370 1649 554 1716 Sarra,
601 1652 769 1707 Isaac.
794 1655 910 1709 Non
937 1656 1136 1726 absque
1159 1662 1314 1711 causa
1339 1655 1648 1726 assignavit,
1679 1656 1842 1721 Quem

254 1743 450 1810 peperit
476 1744 573 1813 ipsi
598 1744 757 1798 Sarra
777 1732 928 1799 :non
954 1746 1096 1800 enim
1122 1746 1257 1800 dixit
1274 1746 1625 1816 simpliciter,
1672 1745 1838 1800 Voca-

249 1834 320 1885 uit
340 1849 519 1886 nomen
533 1834 628 1902 ﬁlii
650 1836 768 1900 sui;
796 1836 1114 1907 sedadjecit,
1142 1838 1299 1905 Quem
1314 1842 1505 1909 peperit
1525 1839 1626 1909 ipsi
1650 1839 1836 1904 Sarro,

248 1923 532 1979 infecunda
560 1927 644 1980 illa
670 1938 723 1983 et
746 1929 941 1983 vetula.
970 1930 1022 1981 4.
1049 1928 1116 1981 Et
1153 1930 1467 1983 circumcidit
1494 1947 1629 1997 eum,
1648 1931 1837 1999 inquit,

249 2014 335 2068 die
357 2025 531 2070 octavo
558 2056 572 2079 ,
604 2016 732 2071 sicut
773 2027 1079 2087 praceperat
1106 2016 1379 2073 Dominus.
1406 2018 1493 2073 Sic
1524 2019 1669 2075 enim
1700 2036 1838 2089 prae-

245 2113 463 2173 ceptum
503 2117 826 2176 acceperat,
875 2118 932 2161 ut
967 2107 1055 2163 die
1096 2120 1286 2164 octavo
1328 2108 1839 2167 circutnciderentur

247 2194 338 2262 qui
372 2194 592 2263 posthac
621 2210 984 2252 nascerentur.

324 2283 510 2338 Omnia
541 2283 646 2341 Deo
678 2289 1033 2356 possibilia.—
1051 2289 1215 2345 Porro
1238 2299 1295 2345 ut
1322 2291 1544 2347 ulterius
1570 2292 1840 2349 discamus

248 2374 566 2431 ineﬁ‘abilem
594 2379 883 2447 potentiam
914 2381 1005 2435 Dei
1036 2423 1050 2447 ,
1080 2391 1134 2437 et
1172 2397 1233 2437 ea
1266 2397 1384 2452 quae
1424 2384 1563 2453 apud
1594 2383 1839 2443 homines

249 2462 595 2534 impossibilia
621 2477 745 2523 sunt
769 2511 783 2535 ,
811 2471 951 2540 apud
974 2487 1095 2527 eum
1125 2472 1395 2542 possibilia
1422 2488 1542 2529 esse
1581 2491 1595 2529 :
1637 2475 1839 2532 idcirco

247 2558 405 2614 nobis
440 2569 646 2629 tempus
674 2563 965 2633 assignavit
996 2566 1185 2619 iterum
1225 2566 1403 2621 divina
1435 2565 1705 2636 Scriptura
1742 2609 1757 2635 ,
1786 2580 1839 2623 et

246 2659 368 2717 post
397 2660 600 2718 partum
635 2653 793 2709 docet
832 2669 930 2709 nos
975 2654 1059 2711 his
1102 2656 1281 2713 verbis
1310 2676 1320 2710 :
1353 2658 1407 2712 5.
1436 2657 1692 2712 Abraham
1732 2671 1839 2715 erat

244 2755 500 2794 annorum
527 2753 746 2809 centum,
768 2746 971 2813 quando
1008 2757 1155 2801 natus
1188 2758 1260 2801 est
1287 2748 1333 2801 ei
1358 2745 1510 2802 Isaac
1529 2749 1837 2834 ﬁliusgnus.

246 2828 300 2884 6.
332 2829 478 2884 Dixit
502 2845 669 2887 autem
692 2834 888 2889 Sarra:
910 2835 1089 2890 Risum
1116 2838 1232 2908 fecit
1257 2838 1381 2893 mihi
1402 2828 1697 2898 Dominus}
1723 2860 1841 2897 nam

241 2922 333 2992 qui
360 2924 551 2990 audiet,
568 2925 815 2996 gaudebit
838 2943 1058 2983 mecum.
1081 2928 1217 2997 Quid
1242 2938 1344 2996 est,
1366 2932 1545 2986 Risum
1574 2936 1692 3006 fecit
1715 2936 1839 2989 mihi

246 3012 498 3070 Dominus
526 3017 551 3071 .’
575 3017 797 3075 Laelium
838 3023 1050 3075 occasio
1094 3021 1225 3075 mihi
1265 3033 1445 3092 partus
1482 3036 1584 3079 est.
1618 3026 1678 3081 Et
1713 3027 1839 3096 quid

244 3106 463 3173 mirum,
490 3110 535 3163 si
566 3109 695 3164 mihi
722 3111 1017 3181 gaudium?
1048 3113 1247 3169 Omnes
1272 3116 1435 3171 etiam
1460 3118 1548 3187 qui
1577 3120 1796 3175 audient
1814 3162 1831 3186 ,

245 3195 455 3254 habebo
479 3202 929 3269 congratulantes,
961 3219 1066 3257 non
1095 3205 1215 3273 quia
1249 3208 1462 3275 peperi,
1490 3209 1583 3263 sed
1611 3211 1733 3281 quia
1760 3215 1839 3268 sic

246 3290 452 3357 peperi.
480 3289 610 3343 Tam
654 3290 985 3348 admirabilis
1026 3310 1284 3365 rarusque
1325 3310 1507 3367 pertus
1555 3316 1741 3357 omnes
1784 3306 1836 3358 in

246 3378 649 3437 admirationem
676 3383 865 3451 rapiet,
889 3394 942 3438 et
964 3385 1220 3455 majorem
1238 3389 1487 3445 omnibus
1509 3392 1835 3462 voluptatem

243 3469 471 3536 sileret,
499 3487 620 3527 cum
646 3473 897 3529 sciverint
920 3490 1007 3531 me
1030 3517 1045 3542 ,
1072 3493 1191 3546 qua:
1212 3478 1344 3533 nihil
1368 3495 1398 3535 a
1429 3484 1654 3538 mortuis
1681 3483 1836 3541 ditfe~

244 3562 429 3617 rebam
476 3576 734 3633 quantum
775 3565 843 3621 ad
886 3569 1287 3638 generationem
1320 3611 1336 3637 ,
1384 3574 1562 3628 subito
1606 3586 1833 3631 matrem

242 3651 436 3708 factam
457 3670 600 3721 esse,
626 3666 726 3712 ete
754 3659 910 3713 vulva
927 3662 1194 3717 exsiccata
1222 3664 1455 3733 puellum
1480 3668 1754 3737 peperisse
1780 3680 1835 3726 et

244 3743 443 3799 lactare
470 3761 626 3815 posse
649 3789 665 3814 ,
696 3758 751 3803 et
777 3747 950 3805 fontes
981 3751 1133 3806 lactis
1162 3754 1407 3810 emittere
1436 3797 1451 3821 ,
1484 3771 1603 3826 qua:
1634 3759 1835 3815 nullam

241 3850 393 3905 spem
435 3838 673 3907 pariendi
722 3839 1003 3897 habebam.
1035 3843 1088 3897 7.
1126 3842 1187 3897 Et
1216 3845 1346 3900 dixit
1367 3862 1385 3899 :
1405 3846 1534 3915 Quis
1553 3851 1834 3904 annuntia-

242 3925 311 3979 bit
342 3925 579 3992 Abrahc,
598 3929 735 3998 quod
759 3932 915 3985 lactat
948 3949 1162 4001 puerum
1193 3934 1355 3990 Sarra
1385 3936 1411 3989 .9
1451 3937 1587 3993 Nam
1616 3948 1834 4009 propter

241 4017 345 4073 hoc
387 4028 444 4074 et
488 4020 640 4075 lactis
670 4023 843 4079 fontes
870 4027 1111 4082 concessi
1140 4037 1266 4083 sunt
1288 4072 1303 4093 ,
1338 4038 1395 4083 ut
1425 4043 1632 4099 partum
1664 4033 1832 4104 magis

239 4110 550 4173 credibilem
570 4111 781 4179 faciant,
803 4124 949 4171 etne
975 4118 1094 4185 quis
1112 4120 1507 4188 supposititium
1535 4138 1657 4179 esse
1682 4134 1832 4195 putet

238 4215 463 4272 puerum
501 4220 515 4257 :
548 4203 724 4260 fontes
762 4208 906 4261 enim
962 4208 1114 4269 Iactis
1157 4212 1407 4267 omnibus
1470 4214 1835 4283 praedicabant

239 4302 433 4363 prmter
474 4293 757 4351 humanam
788 4301 1243 4369 exspectationem
1274 4303 1376 4359 hoc
1411 4306 1672 4363 evenisse.
1702 4308 1829 4374 Quis

237 4388 591 4456 onnuntiobit,
632 4392 769 4459 quod
798 4391 952 4447 lactat
981 4410 1192 4463 puerum
1216 4395 1379 4451 Sarro
1400 4399 1427 4452 ν
1451 4401 1586 4470 quod
1614 4417 1826 4471 pepere-

234 4480 335 4533 rim
354 4480 520 4547 ﬁlium
542 4482 597 4535 in
626 4492 878 4537 senectute
905 4500 1016 4539 mea
1039 4484 1066 4540 2
1091 4486 1235 4556 quod
1263 4502 1363 4558 ego
1384 4505 1503 4559 qua:
1522 4491 1699 4558 senui,
1732 4507 1824 4562 pa-

233 4584 357 4626 rere
383 4572 647 4642 potuerim
678 4613 693 4639 ,
735 4581 787 4629 et
816 4575 868 4629 iu
897 4575 996 4631 hac
1020 4586 1178 4632 aetate
1204 4576 1368 4633 ﬁlium
1408 4579 1553 4636 alere
1581 4583 1778 4651 possim
1803 4584 1827 4638 ?

233 4662 289 4720 8.
310 4662 377 4718 Et
420 4667 597 4731 crevit,
626 4667 817 4737 inquit,
863 4685 1008 4738 puer,
1056 4680 1105 4724 et
1147 4671 1429 4727 obluctatus
1473 4684 1566 4727 est.
1595 4673 1661 4729 Et
1706 4677 1826 4745 fecit

232 4755 493 4811 Abraham
536 4758 813 4812 convivium
852 4776 1091 4832 magnum
1124 4762 1207 4816 die
1234 4780 1333 4834 quo
1354 4764 1637 4821 obluctatus
1658 4779 1729 4823 est
1760 4770 1797 4838 ﬁ

230 4844 331 4901 ἂν
362 4862 506 4903 suus.
1788 4886 1791 4887 ν

300 4935 355 4993 ϐ.
391 4936 607 4993 Herulis
623 4942 925 4995 exhortatio.
944 4940 1090 4997 Nihil
1106 4960 1206 4998 non
1227 4946 1358 4999 cedit
1378 4947 1524 4999 nutui
1539 4948 1726 5002 divino.
1752 4981 1821 4991 --

234 5026 419 5085 Vidisti
448 5026 543 5084 Dei
572 5029 895 5086 ineffabilem
930 5034 1247 5103 sapientiam
1268 5076 1285 5101 ,
1311 5036 1581 5105 quomodo
1616 5040 1823 5106 patien-

227 5122 355 5179 tiam
368 5120 501 5193 justi
518 5122 690 5177 modis
706 5124 957 5181 omnibus
982 5126 1246 5196 probavit,
1269 5128 1483 5198 quando
1501 5131 1616 5199 ipse
1635 5140 1689 5185 et
1706 5148 1821 5186 om-

224 5229 323 5272 nes
338 5214 431 5285 qui
446 5212 621 5285 ipsum
635 5215 907 5282 videbant,
928 5216 1172 5274 humana:
1191 5228 1395 5278 natura:
1407 5222 1548 5278 vires
1568 5235 1818 5295 spectan-

226 5317 325 5368 tes,
351 5306 483 5360 nihil
508 5320 725 5377 sperare
753 5306 1040 5374 audebant,
1070 5318 1193 5364 tunc
1222 5312 1333 5380 ipsa
1360 5314 1645 5382 promissio
1671 5330 1819 5371 com-

226 5397 367 5464 pleta
381 5396 501 5452 est?
519 5394 703 5467 Igitur,
726 5397 928 5464 dilecti,
957 5407 1011 5455 et
1038 5415 1135 5455 nos
1160 5402 1427 5470 eamdem,
1459 5420 1617 5475 quam
1641 5406 1818 5486 justus

224 5486 316 5541 ille
342 5488 651 5557 patientiam
680 5488 1031 5547 exbibeamus
1054 5533 1069 5558 ,
1100 5502 1155 5547 et
1183 5508 1470 5565 numquam
1497 5497 1709 5555 desides
1737 5501 1813 5554 si-

218 5594 343 5635 mus
370 5580 500 5637 :sed
521 5596 619 5652 spe
648 5582 787 5639 bona
815 5598 1141 5652 recreemur,
1170 5587 1403 5645 scientes
1434 5605 1605 5661 neque
1634 5606 1812 5649 rerum

216 5672 593 5731 difficultatem
613 5718 628 5741 ,
659 5690 831 5748 neque
852 5678 994 5734 aliud
1013 5676 1140 5751 quid
1168 5680 1456 5738 humanum
1479 5678 1811 5741 obstaculum

217 5761 378 5821 nobis
396 5778 517 5822 esse
542 5780 721 5837 posse,
744 5769 791 5823 si
814 5769 1031 5840 quando
1050 5771 1223 5841 gratia
1245 5772 1340 5829 Dei
1359 5787 1510 5829 suam
1534 5774 1811 5833 declarare

214 5852 450 5915 volucrit
474 5857 871 5917 liberalitatem.
889 5860 1110 5931 Quoties
1126 5863 1269 5921 enim
1290 5864 1380 5922 ille
1400 5866 1607 5936 annuit,
1627 5868 1808 5924 omnia

1312 424 1375 479 1N
1417 423 1567 481 CAP.
1610 421 1755 481 ΧΧΙ.
1798 416 2047 478 GENES.
2079 417 2312 477 H031"...
2354 418 2538 478 XLVI.

3443 420 3553 479 4”

1960 534 2156 590 cedunt
2181 546 2235 591 et
2271 537 2667 609 obtemperant,
2720 547 2771 594 et
2816 538 3050 594 difﬁcilia
3094 537 3266 595 facilia
3314 552 3457 607 ςιηιι,
3494 551 3554 598 et

1958 627 2310 697 impossibilia
2339 630 2611 699 possibilia
2631 673 2644 695 ,
2676 631 2720 685 si
2746 632 3085 686 solummodo
3111 631 3319 686 ﬁrmam
3353 631 3407 687 in
3435 633 3554 703 ipso

1956 715 2116 771 iidem
2136 733 2541 787 conservemus,
2555 731 2610 776 et
2630 722 2695 776 ad
2716 722 3139 793 magnitudinem
3158 723 3278 794 ejus
3296 724 3553 795 potentia

1951 816 2262 878 spectantes
2285 808 2534 865 humanis
2570 811 2820 868 omnibus
2848 813 3158 881 superiores
3190 813 3380 883 simus.
3416 813 3557 869 Nam

1954 901 2043 969 qui
2074 900 2249 956 futura
2275 902 2415 957 bona
2436 913 2491 958 et
2522 902 2804 958 ineffabilia
2834 904 2919 959 illa
2941 905 3185 973 promisit
3215 904 3282 960 iis
3310 904 3401 975 qui
3427 919 3551 959 cum

1955 993 2150 1048 virtute
2174 986 2341 1048 vitam
2370 995 2458 1050 hic
2488 998 2811 1066 percgerint,
2840 1006 3041 1067 quanto
3069 1000 3238 1085 magis
3264 1006 3319 1053 et
3339 1013 3402 1054 ea
3432 999 3555 1069 qui-

1954 1084 2053 1138 bus
2085 1084 2170 1139 hic
2190 1100 2326 1153 opus
2355 1095 2436 1140 est
2460 1087 2764 1157 prmbebir:
2798 1098 2853 1143 et
2878 1089 3110 1144 maxime
3140 1090 3186 1144 si
3217 1104 3316 1145 nos
3340 1090 3426 1145 illa
3453 1089 3552 1146 de-

1952 1176 2252 1231 siderantes
2300 1180 2585 1247 praesentia
2639 1180 3039 1250 despiciamus?
3081 1184 3231 1239 Tunc
3274 1186 3421 1240 enim
3466 1186 3548 1242 eis

1952 1266 2184 1321 maxime
2210 1276 2263 1321 et
2291 1268 2519 1324 ubertim
2553 1269 2822 1330 fruemur.
2853 1272 3068 1342 quando
3097 1290 3161 1329 ea
3197 1284 3547 1333 contemnere

1951 1358 2307 1415 voluerimus.
2341 1361 2575 1417 Proinde
2612 1362 2727 1419 btcc
2762 1365 3029 1431 scientes,
3061 1365 3149 1421 illa
3177 1367 3553 1423 desideremus

1952 1450 2092 1506 bona
2120 1468 2239 1521 qua:
2270 1462 2489 1509 manent
2527 1463 2583 1508 et
2623 1456 2915 1510 immobilia
2948 1466 3093 1521 sunt,
3140 1466 3196 1513 et
3223 1473 3344 1528 quas
3388 1459 3549 1514 ﬁnem

1956 1543 2245 1598 nesciunt:
2294 1554 2346 1599 ut
2394 1554 2447 1600 et
2494 1555 2815 1615 pra-sentem
2866 1550 3051 1601 vitam.
3084 1550 3217 1602 citra
3275 1549 3547 1605 tristitiam

1950 1634 2397 1701 transmittamus,
2442 1644 2497 1690 et
2532 1637 2616 1690 illa
2654 1634 2903 1707 assequi,
2952 1638 3165 1709 illisque
3207 1654 3399 1695 omnes
3443 1640 3548 1696 frui

1949 1727 2240 1793 valeamus,
2272 1728 2442 1797 gratia
2474 1737 2529 1783 et
2556 1730 2923 1785 misericordia
2960 1731 3171 1785 Domini
3216 1733 3383 1787 nostri
3421 1732 3553 1788 lesu

1946 1814 2169 1883 Christi,
2200 1820 2284 1872 cui
2329 1834 2449 1874 cum
2495 1820 2651 1875 Patre
2696 1831 2752 1875 et
2777 1821 2978 1891 Spiritu
3025 1833 3213 1878 sancto
3237 1826 3307 1877 sit
3346 1824 3541 1894 gloria,

1948 1922 2091 1962 nunc
2116 1916 2169 1962 et
2196 1922 2431 1979 semper,
2458 1918 2513 1965 et
2538 1911 2589 1964 in
2618 1912 2813 1966 szecula
2842 1912 3181 1967 smculorum.
3219 1916 3414 1969 Amen.

2495 2022 2777 2078 HOMILIA
2818 2023 3004 2080 XLVI.

1947 2112 2016 2168 Et
2041 2116 2168 2170 dixit
2208 2116 2372 2191 Sarra
2403 2136 2415 2171 :
2453 2117 2577 2191 Quis
2604 2120 2925 2173 annuntiabit
2958 2120 3204 2184 Abrolue,
3233 2125 3369 2191 quod
3389 2123 3543 2179 lactat

2018 2202 2230 2261 puerum
2248 2186 2427 2261 Sarra
2445 2189 2471 2243 ?
2495 2191 2633 2260 quod
2664 2192 2835 2261 peperi
2864 2193 3032 2259 ﬁlium
3061 2193 3113 2246 in
3142 2186 3397 2249 senectute
3427 2211 3542 2250 mea

2018 2256 2171 2325 (Gen.
2201 2256 2290 2313 21.
2326 2258 2379 2326 7)
2399 2252 2421 2313 ἓ

2020 2371 2069 2425 i.
2099 2372 2214 2442 Age
2244 2379 2297 2427 et
2325 2371 2485 2427 hodie
2504 2413 2521 2440 ,
2550 2373 2751 2438 dilecti,
2789 2375 2901 2429 lteri
2941 2375 3204 2431 dictorum
3235 2378 3432 2434 seriem
3461 2393 3548 2435 ro»-

1950 2471 2215 2531 petentes,
2244 2465 2547 2520 convivium
2572 2465 2676 2521 hoc
2704 2466 2857 2522 vobis
2877 2469 3156 2537 spirituale
3180 2471 3507 2527 instruamus
3531 2491 3544 2526 :

1948 2562 2004 2608 ut
2034 2555 2250 2621 iterum,
2300 2557 2439 2612 sicut
2472 2556 2607 2626 heri,
2654 2559 2924 2614 discamus
2967 2569 3017 2616 et
3050 2560 3177 2616 boni
3219 2562 3313 2620 Dei
3356 2563 3549 2620 ineﬂ’a-

1945 2643 2110 2699 bilem
2136 2646 2540 2717 benignitatem,
2562 2665 2664 2720 qua
2685 2661 2867 2706 nostra
2889 2661 3062 2719 curat,
3092 2653 3248 2708 nobis
3267 2670 3327 2709 se
3346 2663 3545 2710 attem-

1948 2751 2169 2804 perans,
2222 2748 2275 2793 et
2322 2754 2568 2810 magnam
2609 2742 2927 2811 patriarcha:
2967 2744 3330 2802 obedientiam
3379 2757 3542 2819 atque

1945 2835 2153 2895 gratum
2199 2830 2457 2884 animum.
2521 2830 2743 2888 Vidistis
2788 2834 3061 2903 quomodo
3104 2837 3354 2894 nativitas
3398 2839 3545 2897 lsaac

1946 2915 2162 2970 Sarram
2203 2919 2558 2976 exhilaravit?
2590 2921 2733 2975 Dixit
2769 2924 2921 2987 enirn,
2970 2925 3172 2995 inquit,
3204 2925 3385 2983 Risum
3428 2929 3546 2999 fecit

1945 3008 2071 3061 mihi
2098 3008 2231 3079 Deus
2254 3026 2271 3062 :
2291 3026 2409 3064 nam
2431 3013 2516 3080 qui
2536 3014 2775 3072 audierit.
2800 3016 3040 3086 gaudebit
3073 3034 3287 3072 mecum.
3317 3020 3538 3089 Omnes,

1942 3097 2092 3162 dicit,
2140 3100 2413 3156 auditores
2464 3104 2750 3173 participes
2791 3108 2972 3176 gaudii
3024 3110 3127 3165 mei
3175 3110 3387 3166 iaciam.
3429 3112 3544 3169 Ma-

1942 3206 2103 3259 gnum
2126 3192 2265 3245 enim
2284 3192 2483 3248 donum
2514 3195 2641 3250 milti
2665 3212 2695 3251 a
2728 3197 2836 3254 Deo
2856 3214 3170 3257 concessum
3196 3213 3301 3272 est,
3325 3215 3382 3261 et
3400 3208 3544 3278 quod

1944 3284 2233 3338 humanam
2276 3288 2606 3342 transcendit
2654 3288 3039 3347 inﬁrmitatem.
3089 3294 3221 3363 Quis
3262 3298 3429 3366 enim,
3460 3300 3547 3354 in-

1942 3377 2079 3448 quit,
2114 3392 2221 3432 non
2247 3378 2616 3450 Obstupescat,
2649 3382 2837 3439 videns
2866 3401 2952 3441 me
2978 3386 3119 3463 lacte
3151 3404 3272 3445 meo
3301 3393 3544 3449 nutrien-

1943 3478 2050 3524 tem
2081 3484 2307 3540 puerum
2338 3471 2389 3525 in
2419 3480 2654 3531 extrema
2679 3485 2975 3540 senectute,
2999 3494 3120 3548 qua:
3138 3478 3416 3552 hucusque
3435 3496 3545 3542 non

1942 3562 2165 3631 peperi?
2196 3562 2262 3618 Et
2283 3564 2439 3633 quasi
2468 3567 2742 3622 admirans
2781 3577 2837 3623 et
2864 3571 3088 3625 attonita
3119 3573 3188 3627 de
3216 3572 3380 3641 facto,
3406 3577 3542 3632 sub-

1941 3651 2076 3706 didit
2106 3670 2117 3705 :
2153 3652 2279 3719 Quis
2312 3657 2636 3713 onnuntiabit
2677 3659 2929 3724 Abrolue,
2961 3666 3097 3732 quod
3139 3666 3295 3720 lactat
3327 3684 3540 3735 prterunt

1942 3744 2143 3801 Sarra?
2163 3747 2303 3813 quod
2334 3751 2510 3819 peperi
2535 3750 2701 3819 ﬁlium
2730 3754 2782 3806 in
2810 3766 3063 3810 senectute
3086 3774 3197 3812 mea
3216 3759 3243 3812 7
3267 3758 3536 3829 Quoniam

1940 3848 2103 3905 super
2124 3846 2371 3892 naturam
2392 3848 2474 3895 est
2498 3841 2599 3896 hoc
2627 3841 2849 3911 factum,
2882 3856 3163 3916 propterea
3189 3851 3382 3921 inquit,
3409 3851 3540 3921 Quis

1938 3926 2303 3982 annuntiabit?
2345 3944 2408 3984 ac
2454 3931 2500 3986 si
2548 3932 2773 4003 diceret,
2828 3935 2959 4004 Quis
3006 3953 3189 3994 secum
3238 3944 3542 4013 reputabit?

1938 4016 2059 4084 quis
2090 4028 2269 4075 mente
2296 4022 2605 4092 concipiet?
2629 4041 2750 4095 qua:
2775 4042 2930 4082 mens
2951 4031 3412 4101 comprehendere
3438 4051 3537 4107 po-

1941 4111 2102 4164 terit?
2128 4128 2246 4181 quae
2279 4115 2413 4167 ratio
2441 4115 2638 4173 sufﬁcit
2670 4130 2726 4173 ut
2755 4132 3005 4179 accurate
3046 4124 3169 4181 facti
3213 4125 3375 4197 hujus
3416 4145 3537 4183 mo-

1937 4202 2064 4257 dum
2094 4204 2369 4261 inveniat?
2397 4206 2511 4263 Non
2540 4210 2619 4264 sic
2656 4210 2971 4270 admirabile
3018 4216 3150 4283 fuit,
3178 4232 3241 4273 ex
3290 4229 3437 4288 petra
3484 4222 3538 4278 in

1936 4292 2154 4350 deserto
2202 4299 2514 4355 scaturiisse
2560 4299 2734 4357 fontes
2782 4319 3075 4373 aquarum,
3123 4309 3338 4378 quando
3387 4312 3533 4368 illam

1936 4383 2113 4439 Moses
2135 4386 2279 4458 virga
2306 4392 2568 4456 percussit
2590 4391 2788 4461 (Exod.
2821 4394 2910 4467 Π)
2941 4413 2954 4450 :
2983 4397 3121 4452 sicut
3147 4398 3216 4455 de
3239 4401 3393 4455 vulva
3420 4404 3534 4472 jam

1931 4486 2175 4533 emortua
2222 4495 2445 4551 puerum
2499 4486 2648 4540 nasci
2700 4485 2888 4559 (Num.
2920 4487 3047 4560 20),
3076 4493 3310 4548 etlactis
3354 4494 3533 4553 fontes

1932 4570 2213 4641 scaturire.
2242 4570 2374 4627 Nam
2407 4559 2461 4628 ut
2490 4576 2741 4632 omnibus
2783 4590 2971 4649 partus
2994 4559 3331 4640 manifestus
3364 4598 3528 4654 esset,

1930 4671 1984 4716 et
2012 4676 2220 4727 omnes,
2255 4672 2364 4718 tam
2394 4680 2489 4720 eos
2518 4668 2606 4737 qui
2644 4676 2772 4724 tunc
2802 4671 3046 4739 aderant,
3078 4689 3238 4744 quam
3264 4678 3354 4748 qui
3386 4678 3533 4749 post-

1930 4768 1990 4807 ea
2034 4754 2324 4822 audierint,
2357 4757 2424 4811 ad
2476 4758 2637 4815 ﬁdem
2683 4762 2925 4819 miraculi
2973 4764 3273 4836 induceret,
3325 4770 3529 4829 idcirco

1930 4846 2046 4915 ipsa
2072 4863 2295 4916 puerum
2324 4850 2417 4904 alit
2443 4860 2497 4905 et
2523 4852 2661 4909 lacte
2686 4865 2787 4910 auo
2813 4857 2924 4911 vult
2949 4861 3211 4917 enutrirc.
3245 4862 3311 4917 Et
3334 4863 3528 4935 inquit,

1931 4937 2059 5004 Quis
2084 4942 2405 4996 annuntiubit
2448 4942 2668 4999 Abrahae
2685 4989 2699 5013 ,
2727 4950 2865 5017 quod
2894 4950 3045 5005 loctet
3085 4968 3296 5024 puerum
3324 4956 3536 5012 Sarra.’

1928 5029 2029 5084 hoc
2069 5046 2265 5088 novum
2292 5043 2345 5089 et
2376 5035 2718 5099 admirabile.
2752 5049 2808 5095 et
2849 5053 3043 5111 prmter
3068 5048 3524 5118 exspectationem

1929 5121 2055 5175 mihi
2084 5138 2431 5189 concessum,
2477 5128 2665 5199 inquit,
2700 5130 2849 5198 Quod
2883 5135 3057 5203 peperi
3099 5137 3265 5205 ﬁlium
3292 5138 3347 5193 in
3375 5154 3525 5196 sene-

1926 5224 2059 5270 ctute
2080 5233 2207 5270 mea.
2239 5218 2373 5286 Quid
2400 5218 2500 5275 hoc
2521 5230 2621 5286 est,
2645 5222 2830 5294 Peperi
2848 5226 3012 5293 ﬁlium
3035 5228 3087 5281 in
3108 5240 3358 5285 senectute
3372 5247 3483 5287 mea
3501 5232 3529 5288 Ρ

1926 5310 2059 5375 Quia
2091 5324 2285 5380 prmter
2311 5314 2644 5369 sterilitatem
2676 5315 2975 5372 sufficiebat
3007 5329 3239 5377 senecta
3276 5330 3487 5393 tempus
3508 5365 3523 5390 ,

1928 5408 1983 5453 ut
2011 5410 2193 5468 partus
2238 5418 2359 5472 spes
2390 5404 2685 5461 tolleretur.
2722 5406 3099 5466 Verumtamen
3139 5413 3523 5483 impedimenta

1926 5491 2038 5546 haec
2064 5495 2243 5549 omnia
2274 5511 2304 5551 e
2331 5498 2507 5552 medio
2550 5501 2766 5555 sustulit
2813 5502 3067 5559 Dominus
3089 5547 3103 5570 ,
3132 5515 3185 5561 et
3224 5508 3372 5576 pueri
3397 5523 3519 5579 par-

1927 5596 2038 5640 tum
2067 5593 2123 5640 et
2148 5586 2297 5641 lactis
2327 5586 2504 5644 fontes
2534 5592 2663 5645 mihi
2694 5594 2983 5649 concessit.
3016 5594 3214 5651 Verum
3248 5598 3520 5655 videamus

1922 5681 2224 5751 sequentia.
2258 5682 2543 5755 Postquam
2591 5687 2870 5755 impletum
2902 5697 2982 5744 est
3019 5688 3246 5746 lactendi
3280 5701 3514 5762 tempus,

1933 5771 2089 5839 Vidit,
2112 5775 2303 5847 inquit,
2336 5777 2497 5833 Sarra
2524 5779 2688 5848 ﬁliuni
2732 5781 2871 5852 Agor
2908 5779 3208 5852 ﬁgyptiw,
3248 5786 3335 5855 qui
3361 5796 3513 5841 natus

1916 5877 1990 5925 est
2015 5869 2249 5937 Abralue,
2276 5871 2528 5928 ludentem
2552 5889 2666 5927 cum
2687 5872 2839 5929 Isaac
2860 5889 3014 5945 puero
3037 5892 3148 5930 suo.
3183 5874 3267 5933 i0.
3297 5875 3362 5931 Et
3382 5876 3512 5933 diuit
