4124 6468
615 437 716 495 £33

613 549 830 606 Mth
854 564 874 602 :
903 544 1046 616 Ejice
1086 540 1326 598 ancile
1359 538 1492 594 Itane
1525 544 1572 592 et
1603 535 1768 605 ﬁlium
1796 532 1926 602 ejus.
1975 525 2184 597 Nequa-

613 658 762 714 quam
782 639 913 694 enim
942 635 1083 691 heres
1097 633 1190 690 erit
1215 631 1356 703 ﬁlius
1377 627 1581 684 ancilla:
1603 641 1717 679 cum
1745 623 1853 693 ﬁlio
1873 616 2182 714 medianae.

615 709 705 794 il.
734 732 921 786 Durum
948 735 1112 782 autem
1135 722 1373 796 apparuit
1393 718 1602 776 uerbum
1619 717 1714 770 ltoc
1738 728 1909 768 coram
1933 709 2189 764 Abraham

621 841 774 896 super
813 822 922 892 ﬁlio
952 835 1061 875 suo.
1093 815 1243 880 Vide,
1287 813 1532 877 obsecro,
1584 807 1699 872 hic,
1733 804 1944 866 dilecte,
1974 802 2188 855 Sarram

618 893 808 970 iterum
841 928 942 968 non
974 911 1231 966 ferentem
1253 903 1490 960 lsmaclis
1521 900 1736 955 nimiam
1766 893 2056 954 licentiam,
2088 905 2187 945 ne-

619 1021 722 1076 que
753 1003 1011 1074 patienter
1035 999 1299 1054 sustinere
1342 994 1608 1048 volentem
1646 987 1853 1042 ancilla:
1880 984 2042 1037 lilium
2068 993 2189 1036 cum

621 1074 718 1151 suo
754 1094 899 1148 lsaac
923 1097 1350 1146 conversantem.
1379 1085 1526 1142 Sicut
1555 1082 1710 1151 igitur
1735 1079 1882 1149 prius
1907 1074 2190 1144 superbum

622 1185 872 1255 Spiritum,
901 1183 1041 1252 Agar
1071 1177 1352 1234 humiliare
1380 1175 1586 1236 volens,
1619 1167 1921 1226 vehementi
1956 1165 2195 1255 indigna-

622 1252 765 1330 tione
795 1273 967 1343 fugam
1008 1271 1142 1324 inire
1166 1284 1281 1323 eam
1309 1265 1482 1335 coegit
1507 1281 1520 1317 :
1548 1262 1620 1317 ita
1663 1269 1718 1316 et
1743 1273 1884 1314 nunc
1920 1255 2102 1311 volens
2127 1252 2194 1309 ab

626 1365 774 1418 initio
805 1363 1097 1432 reprimere
1124 1358 1357 1414 lsmaelis
1385 1354 1763 1418 temeritatem,
1785 1359 1968 1404 etnon
1993 1345 2193 1410 ferens,

623 1469 745 1509 cum
771 1451 976 1506 videret
1005 1463 1224 1521 puerum
1254 1461 1409 1502 suum
1438 1459 1470 1498 a
1505 1443 1614 1497 Deo
1642 1440 1746 1495 sibi
1779 1439 2032 1494 donatum
2074 1449 2197 1491 cum

622 1542 828 1597 ancilla:
849 1540 1175 1611 [Egyptiacaz
1195 1535 1305 1590 tilio
1329 1533 1485 1592 simul
1518 1531 1742 1594 versari,
1769 1529 1897 1584 dicit
1925 1526 2150 1582 Abraha:
2178 1541 2193 1578 :

629 1633 774 1703 l'Ijice
796 1629 1047 1683 ancillam
1079 1639 1124 1682 et
1150 1627 1313 1696 ﬁlium
1336 1625 1462 1692 eius.
1493 1621 1612 1676 Non
1634 1621 1767 1675 enim
1786 1619 1876 1673 erit
1898 1618 2039 1672 lieres
2063 1616 2198 1685 ﬁlius

629 1725 830 1778 ancilla!
853 1722 1003 1791 hujus
1030 1735 1144 1775 cum
1168 1718 1278 1788 ﬁlio
1299 1733 1430 1770 meo.
1453 1715 1713 1782 Quoniam
1732 1721 1788 1767 et
1812 1726 1870 1766 se
1891 1712 1942 1764 in
1965 1719 2199 1764 extrema

631 1824 787 1870 actate
805 1827 924 1868 esse
947 1810 1178 1876 videbat,
1200 1815 1252 1861 et
1275 1805 1626 1876 patriarcham
1647 1815 1854 1872 quoque
1872 1799 2201 1868 decrepitum

633 1907 809 1974 (erant
829 1903 969 1958 enim
997 1901 1154 1954 ambo
1173 1941 1186 1964 ,
1221 1898 1408 1967 inquit,
1440 1896 1581 1966 pleni
1611 1893 1874 1963 dierum),
1903 1892 2200 1961 suspicans,

636 1997 679 2051 si
710 1995 843 2050 forte
871 2002 1089 2064 repente
1115 1997 1469 2054 morerentur,
1513 2003 1578 2042 ne
1604 1985 1790 2041 lsmael
1810 2023 1826 2050 ,
1857 1999 1923 2040 eo
1959 1981 2099 2053 quod
2138 1996 2202 2036 ex

639 2085 949 2158 patriarcha:
977 2083 1258 2138 concubitu
1289 2095 1442 2135 natos
1468 2087 1642 2143 esset,
1676 2091 1736 2132 se
1757 2077 1814 2130 in
1855 2074 2022 2145 patris
2048 2073 2204 2128 here-

632 2179 851 2233 ditatem
879 2174 1184 2235 intrudere,
1215 2171 1626 2240 participemque
1653 2177 1705 2222 et
1731 2166 1985 2235 aqualem
2025 2162 2203 2218 lsaaco

636 2267 752 2324 ﬁeri
799 2273 1025 2321 tentaret
1065 2282 1079 2318 :
1124 2262 1318 2317 idcirco
1356 2260 1501 2326 dicit,
1543 2257 1691 2330 Ejice
1727 2257 1966 2311 ancillam
2008 2255 2124 2310 hinc
2160 2263 2207 2309 et

636 2358 799 2427 ﬁlium
836 2357 964 2426 ejus.
1010 2353 1204 2420 Discat,
1242 2351 1440 2421 inquit,
1477 2349 1584 2420 jam
1627 2349 1756 2404 nihil
1791 2362 2072 2403 commune
2109 2346 2207 2400 ha-

636 2448 866 2505 biturum
908 2445 1075 2500 (ilium
1104 2443 1308 2497 ancilla:
1341 2457 1458 2497 cum
1509 2442 1620 2495 lilio
1658 2455 1776 2494 meo
1815 2439 1978 2494 lsaac.
2027 2437 2209 2506 Neque

517 2539 528 2554 ‘
637 2535 780 2593 enim
815 2550 1020 2605 mquam
1059 2543 1142 2588 est
1177 2544 1232 2586 ιιι
1274 2531 1408 2584 titius
1448 2528 1713 2600 Egyptite
1749 2537 1803 2584 et
1838 2527 2043 2582 ancilla:
2088 2541 2208 2580 cum

638 2628 750 2684 ﬁlio
777 2642 897 2682 meo
931 2635 984 2681 et
1011 2623 1240 2681 domina:
1276 2623 1433 2678 simul
1467 2631 1725 2677 versetur.
1756 2620 2018 2676 Cmterum
2053 2619 2211 2674 Sam

639 2734 746 2773 non
801 2717 919 2772 sine
963 2729 1122 2770 causa
1166 2729 1280 2768 rem
1327 2712 1463 2767 hanc
1490 2711 1629 2781 egit,
1673 2710 1772 2766 sed
1814 2710 1934 2780 jure
1988 2726 2050 2764 ac
2097 2724 2213 2762 me-

641 2811 764 2877 rito,
805 2819 961 2878 atque
1004 2808 1077 2861 ita
1113 2813 1494 2874 congruenter,
1537 2813 1592 2857 ut
1630 2811 1685 2857 et
1717 2802 1858 2857 Deus
1901 2799 2215 2856 collaudarit

638 2900 755 2970 ejus
805 2897 963 2953 dicta.
1015 2894 1317 2950 Patriarcha
1361 2909 1489 2947 vero
1530 2893 1666 2947 bene
1708 2890 1929 2946 aﬂectus
1971 2905 2096 2960 erga
2132 2888 2210 2945 is-

646 2992 892 3055 maelem,
925 2989 1147 3045 moleste
1171 2986 1464 3056 accipiebat
1493 3000 1611 3054 qua:
1640 3000 1667 3038 a
1693 2984 1851 3040 Sarra
1880 2983 2210 3038 dicebantur.

644 3083 844 3137 Durum
897 3081 1070 3145 enim,
1116 3080 1317 3149 inquit,
1370 3079 1608 3149 apparuit
1658 3076 1860 3130 verbum
1902 3078 1998 3131 hoc
2045 3091 2216 3129 coram

643 3173 900 3227 Abraham
943 3171 1006 3224 de
1035 3169 1143 3238 ﬁlio
1175 3186 1286 3222 suo.
1318 3168 1499 3238 Neque
1526 3169 1666 3222 enim
1712 3166 1779 3222 de
1808 3169 1949 3235 Agar
1988 3166 2214 3220 multum

643 3261 904 3317 sollicitus
927 3269 1064 3321 erat,
1101 3258 1194 3313 sed
1233 3273 1356 3328 erga
1396 3273 1615 3327 puerum
1647 3258 1719 3312 ita
1749 3257 2098 3322 afﬁciebatur,
2130 3264 2215 3309 ut-

645 3363 774 3420 pote
797 3350 904 3421 jam
929 3350 1342 3405 adolescentem.
1373 3349 1479 3405 Sed
1505 3351 1783 3405 considera
1804 3391 1818 3415 ,
1846 3351 2096 3415 obsecro,
2132 3350 2216 3406 hic

647 3442 924 3500 clementis
955 3441 1047 3495 Dei
1077 3440 1263 3493 miram
1292 3440 1649 3495 clementiam.
1691 3440 1821 3495 Nam
1853 3441 1973 3511 quia
2004 3441 2132 3495 vidit
2159 3449 2212 3496 et

648 3538 861 3591 Sarram
899 3535 1007 3603 pati
1037 3533 1238 3604 aliquid
1267 3532 1552 3588 humanum
1573 3573 1588 3596 ,
1625 3542 1678 3587 et
1703 3547 1844 3601 aegre
1871 3532 2009 3587 ferre
2037 3548 2216 3602 parem

647 3628 879 3682 filiorum
923 3628 1226 3681 honorem:
1263 3624 1422 3694 idque
1457 3625 1648 3678 merito
1680 3640 1693 3676 :
1739 3624 2004 3679 Abraham
2043 3634 2218 3679 autem

649 3734 754 3774 non
778 3717 916 3773 ferre
943 3732 1096 3786 sequo
1123 3717 1301 3771 animo
1331 3715 1642 3786 ejectionem
1675 3713 1908 3769 lsmaelis
1934 3726 1987 3769 et
2014 3716 2221 3770 ancilla:

654 3811 797 3883 (nam
841 3810 960 3865 licet
1011 3825 1116 3864 non
1159 3809 1520 3863 obluctaretur
1562 3806 1736 3862 Same
1779 3807 1848 3862 ob
1898 3808 2220 3877 singularem

651 3898 1109 3955 mansuetudinem
1133 3940 1148 3962 ,
1187 3907 1416 3952 attamen
1459 3896 1650 3957 durum
1675 3899 1725 3952 ei
1774 3897 2050 3952 videbatur
2078 3916 2091 3952 :
2121 3898 2224 3954 hoc

651 3997 735 4045 est
752 4003 934 4060 grave,
959 3987 1239 4042 molestum
1261 3998 1315 4042 et
1338 3986 1668 4057 onerosum),
1694 3999 1818 4042 tunc
1837 3987 2052 4042 demum
2069 4005 2219 4044 suam

651 4080 858 4135 solitam
884 4093 1101 4134 servans
1130 4076 1543 4132 misericordiam
1562 4119 1578 4142 ,
1609 4087 1662 4132 et
1685 4077 1983 4132 concordia:
2011 4079 2221 4132 illorum

654 4170 894 4240 copulam
915 4169 1300 4236 constringens,
1322 4167 1448 4222 dicit
1469 4168 1534 4220 ad
1567 4168 1832 4222 Abraham
1857 4186 1870 4220 :
1899 4167 1986 4222 η.
2020 4168 2101 4221 Ne
2124 4169 2225 4222 du-

655 4277 767 4314 rum
789 4262 851 4314 sit
877 4276 1046 4314 coram
1067 4269 1114 4312 te
1137 4261 1334 4312 uerbum
1360 4259 1451 4311 hoc
1478 4259 1541 4310 de
1566 4274 1720 4325 puero
1744 4260 2013 4313 etancilla.
2042 4259 2225 4313 Omnia

657 4365 974 4418 quacumque
994 4349 1174 4401 dixerit
1204 4348 1292 4401 tibi
1317 4348 1477 4402 Sarra
1495 4389 1510 4412 ,
1542 4347 1664 4401 audi
1688 4363 1854 4401 uocem
1880 4350 2007 4418 ejus.
2035 4350 2111 4404 Ne
2138 4365 2225 4406 ac-

656 4441 840 4510 cipias.
863 4439 1049 4507 inquit,
1067 4438 1298 4507 graviter
1318 4437 1458 4507 quod
1483 4438 1550 4492 ab
1573 4453 1635 4492 ea
1657 4437 1852 4493 dictum
1877 4440 1966 4494 tibi
1983 4448 2067 4495 est
2090 4458 2103 4494 :
2130 4442 2226 4496 sed

662 4530 845 4585 Omnia
871 4544 1193 4599 quarumque
1217 4528 1397 4580 dixerit
1429 4529 1516 4582 tibi
1545 4527 1725 4594 Sarra,
1748 4530 1872 4582 audi
1901 4548 2066 4584 vocent
2094 4535 2224 4603 ejus.

730 4621 785 4673 2.
813 4619 950 4688 Agar
965 4617 1192 4688 rjicitur;
1211 4617 1488 4670 obedientia
1509 4618 1754 4682 Abrahaz;
1780 4620 2087 4687 providentia
2109 4621 2222 4676 Dei.

662 4707 872 4762 —-lla:c
899 4706 1096 4772 omnia,
1126 4707 1312 4776 inquit,
1335 4721 1452 4776 qua:
1479 4721 1618 4761 nunc
1645 4709 1734 4761 tibi
1765 4708 1890 4762 dicit
1911 4709 1977 4764 de
2008 4711 2228 4778 Ismaele

664 4808 720 4854 et
745 4799 811 4852 de
841 4798 1012 4867 Agar,
1040 4798 1222 4868 accipe
1251 4814 1263 4849 :
1296 4807 1348 4852 et
1385 4797 1505 4851 audi
1558 4814 1740 4854 vocem
1782 4799 1917 4866 ejus.
1970 4801 2046 4856 Ne
2074 4804 2224 4870 velis,

659 4889 850 4959 inquit.
878 4888 1192 4942 Cuntrislare
1233 4903 1349 4941 eam
1371 4929 1387 4953 ,
1418 4903 1534 4957 qum
1573 4897 1719 4943 tanto
1760 4899 2003 4960 tempore
2027 4903 2227 4947 tantum

662 4993 898 5034 amorem
933 4993 1056 5047 erga
1090 4986 1138 5032 te
1168 4977 1453 5032 declaravit
1485 4997 1498 5032 :
1525 4994 1643 5049 qua:
1685 4996 1787 5034 non
1815 4982 1989 5036 solum
2025 4984 2224 5048 semel,

664 5071 758 5126 sed
778 5081 839 5125 et
866 5070 1120 5135 secundo,
1155 5079 1210 5123 ut
1246 5079 1295 5122 te
1320 5085 1348 5123 a
1391 5079 1562 5125 morte
1591 5073 1842 5142 eriperet,
1875 5076 2102 5143 seipsam
2134 5089 2229 5143 pro

661 5170 750 5214 tua
777 5161 942 5214 salute
962 5161 1240 5228 exposuit,
1283 5171 1336 5214 et
1361 5170 1544 5214 auctor
1571 5169 1673 5216 tua:
1715 5163 1871 5234 hujus
1900 5165 2082 5235 gloria:
2111 5165 2226 5220 fuit.

664 5251 896 5306 Primum
919 5249 1130 5320 quidem
1156 5249 1276 5303 fecit
1302 5260 1357 5304 ut
1376 5265 1496 5305 cum
1519 5254 1682 5307 tantis
1702 5253 1896 5310 divitiis
1915 5256 1983 5311 ab
2002 5254 2231 5328 λεωριο

661 5341 887 5405 redires,
919 5350 1098 5408 postea
1128 5356 1253 5395 vero
1283 5341 1471 5396 iterum
1501 5342 1552 5396 in
1574 5358 1730 5398 causa
1755 5345 1849 5400 fuit
1877 5357 1932 5401 ut
1959 5348 2032 5402 ita
2061 5357 2112 5402 te
2141 5363 2230 5401 ve~

665 5441 943 5485 neraretur
994 5439 1047 5484 et
1091 5429 1400 5486 observaret
1447 5433 1770 5489 Abimeleclt.
1827 5436 1905 5491 Ne
1944 5438 2100 5508 igitur
2151 5437 2232 5492 dl-

663 5533 815 5574 versa
857 5519 924 5574 ab
968 5519 1050 5574 his
1092 5536 1210 5588 quae
1253 5522 1464 5592 loquuta
1494 5532 1576 5579 est
1621 5527 1754 5580 velis
1798 5528 1931 5584 inire
1969 5532 2230 5586 consilia:

664 5612 935 5666 enimvero
965 5627 1069 5665 non
1094 5607 1247 5668 aliter
1267 5618 1500 5679 eveniet._
1520 5617 1575 5671 in
1599 5617 1743 5673 Isaac
1763 5622 1909 5675 enim.
1925 5638 1989 5678 ex
2016 5639 2076 5679 ea
2106 5633 2231 5678 nato

666 5711 808 5754 tuum
830 5717 1011 5757 semen
1040 5705 1332 5770 vocabitur,
1363 5718 1413 5761 et
1437 5709 1547 5776 ipse
1569 5710 1668 5765 erit
1691 5718 1812 5775 tuus
1835 5713 1990 5770 heres
2017 5716 2086 5788 (υ.
2114 5717 2232 5786 12).

665 5787 751 5849 ιδ.
784 5788 973 5846 Filium
1009 5803 1173 5849 autem
1213 5796 1357 5850 illum
1379 5799 1577 5854 ancilla
1610 5815 1829 5857 crescere
1853 5787 2060 5877 faciant,
2088 5819 2136 5865 at
2175 5812 2226 5865 in

1374 418 1433 477 8.
1473 411 1749 475 JOANNIS
1771 398 2243 468 ωιιιῖεοετοω
2280 400 2598 459 ARCHIEP.
2633 394 3172 460 CONSTANTINOP.

3768 397 3875 456 ιιι

2294 533 2491 596 gentem
2514 539 2750 596 magnam
2777 523 2966 594 faciam
2984 565 2999 589 ,
3024 522 3263 594 quoniam
3289 535 3458 576 seruat
3483 528 3625 575 tuum
3645 525 3737 576 est.
3765 513 3874 576 Iac

2295 614 2452 685 igitur
2470 631 2588 686 qua:
2616 616 2705 670 illa
2736 615 2827 670 tibi
2848 614 3064 682 dixerit,
3090 623 3145 669 et
3176 611 3330 668 obedi
3358 611 3476 667 voci
3502 610 3636 680 ejus.
3687 607 3875 679 Cogita

2298 705 2404 772 hic,
2432 708 2678 772 obsecro,
2709 715 2906 776 quanta
2932 704 3110 760 subito
3136 702 3423 759 concordia
3447 711 3503 758 et
3531 715 3632 771 pax
3657 700 3715 755 in
3739 713 3873 754 cou-

2299 799 2598 854 tnbernium
2638 813 2824 853 eorum
2865 797 3211 864 concesserit,
3254 796 3490 852 bonitate
3537 792 3716 846 divina
3757 790 3880 845 vin-

2297 893 2477 949 culum
2519 907 2702 948 eorum
2745 892 3162 962 constringente.
3192 889 3281 944 lt.
3332 885 3567 943 Surrexit
3609 885 3766 948 mins,
3798 882 3876 936 in-

2299 993 2434 1055 quit,
2447 999 2613 1048 mane,
2627 993 2674 1038 et
2693 983 2882 1052 accepit
2895 998 3071 1052 panes,
3088 990 3133 1035 et
3144 988 3306 1033 utrem
3323 993 3491 1048 aqua,
3505 987 3549 1030 et
3567 974 3703 1028 dedit
3718 972 3878 1043 Agar,

2301 1084 2351 1130 at
2384 1075 2625 1144 imposuit
2658 1089 2812 1142 super
2836 1073 3099 1126 hauserunt
3125 1071 3235 1140 ejus
3264 1078 3312 1123 et
3353 1082 3594 1137 puerum,
3621 1075 3668 1118 et
3692 1062 3880 1117 dimisit

2301 1181 2431 1222 eam.
2453 1166 2588 1222 Vide
2606 1165 2692 1222 hic
2712 1165 2902 1221 iterum
2921 1163 3052 1235 justi
3079 1162 3326 1219 eximiam
3354 1158 3692 1230 probitatem,
3709 1164 3767 1211 et
3780 1166 3880 1224 qua

2302 1255 2510 1313 ratione
2556 1256 2613 1311 in
2658 1255 2908 1312 omnibus
2960 1253 3262 1324 religiosam
3310 1264 3465 1306 suam
3509 1255 3743 1302 mentem
3788 1241 3885 1299 dc-

2303 1347 2493 1403 claret.
2528 1345 2660 1400 Nam
2689 1344 2903 1415 quando
2928 1342 3128 1400 audivit
3155 1341 3369 1398 Sarram
3404 1338 3671 1393 dicentem
3691 1375 3706 1400 ,
3742 1331 3887 1404 Ejice

2304 1438 2546 1495 ancillam
2567 1447 2614 1494 et
2643 1439 2806 1508 ﬁlium
2835 1439 2986 1509 ejus:
3013 1435 3204 1491 durum
3233 1433 3284 1490 ei
3313 1431 3592 1486 videbatur
3609 1468 3628 1494 ,
3654 1439 3721 1482 eo
3743 1421 3886 1495 quod

2307 1530 2442 1587 bene
2461 1529 2789 1586 afﬁciebatur
2809 1542 2934 1599 erga
2962 1525 3240 1582 lsmaelem
3264 1541 3278 1578 :
3303 1535 3489 1578 verum
3517 1518 3608 1574 ubi
3635 1515 3890 1572 Dominul

2307 1621 2581 1692 pncepit,
2622 1620 2801 1676 statim
2838 1618 2964 1672 fecit
2990 1615 3133 1687 quod
3181 1616 3496 1683 imperatum
3537 1615 3683 1672 erat,
3728 1605 3888 1662 etiam

2307 1711 2564 1766 naturalis
2583 1709 2782 1765 amoris
2808 1707 3026 1775 oblitus,
3046 1707 3198 1777 quasi
3216 1704 3420 1760 diceret
3441 1718 3455 1755 :
3478 1699 3578 1757 Ubi
3605 1697 3730 1770 quid
3757 1710 3891 1767 prat-

2309 1803 2438 1873 eipit
2467 1801 2743 1867 Dominus,
2767 1799 3032 1855 lacessant
3051 1811 3239 1852 omnes
3263 1793 3572 1850 aﬂectiones
3599 1807 3614 1844 :
3644 1788 3766 1859 quia
3793 1801 3892 1842 na-

2311 1902 2444 1948 tura
2472 1891 2728 1946 Dominus
2749 1899 2852 1954 est,
2879 1887 2970 1960 qui
3003 1887 3261 1959 pra:cipit.
3294 1883 3362 1940 Ut
3381 1883 3574 1952 accepit
3601 1880 3776 1952 igitur,
3807 1878 3895 1932 in-

2312 1986 2447 2056 quit,
2495 1983 2683 2038 ancilla
2723 1998 2900 2053 panes,
2931 1989 2979 2034 et
3016 1990 3179 2034 utrem
3216 1992 3393 2046 aqua,
3419 1988 3620 2046 egressa
3656 1981 3732 2027 est
3769 1984 3887 2023 cum

2316 2093 2493 2146 puero.
2503 2074 2723 2141 Verum,
2744 2073 2989 2138 obsecro,
3013 2071 3136 2126 vide
3155 2071 3367 2132 iterum,
3391 2066 3658 2138 quomodo
3681 2069 3898 2133 propter

2311 2168 2758 2234 benevolentiam,
2789 2181 2891 2237 qua
2923 2163 3339 2236 prosequebatur
3361 2161 3563 2231 justum
3594 2157 3754 2221 Deus,
3780 2156 3897 2209 lucc

2313 2277 2524 2332 quoque
2553 2275 2784 2331 superna
2810 2273 2939 2314 cura
2969 2258 3127 2328 digna
3168 2255 3445 2310 habeatur.
3476 2251 3548 2308 Ut
3580 2263 3709 2320 ergo
3743 2247 3895 2311 abiit,

2314 2352 2607 2421 vagabatur
2647 2367 2740 2421 per
2767 2348 3109 2406 solitudinem
3133 2388 3148 2413 ,
3186 2355 3386 2401 etcum
3409 2356 3548 2412 aqua
3582 2346 3898 2406 consumpta

2316 2444 2515 2499 nullam
2558 2457 2779 2513 usquam
2809 2441 3073 2495 inveniret
3097 2435 3516 2493 consolationem
3536 2473 3554 2498 ,
3585 2430 3674 2486 15.
3707 2427 3900 2498 Abjecit

2318 2550 2552 2606 puerum,
2581 2534 2768 2603 inquit,
2799 2533 2965 2586 subter
2992 2545 3143 2584 unam
3165 2527 3395 2580 abietem.
3425 2519 3900 2590 Disrumpehantur

2317 2627 2458 2684 enim
2489 2626 2606 2696 ejus
2626 2624 2852 2688 viscera,
2883 2631 2938 2677 et
2961 2620 3175 2676 dolebat
3213 2617 3438 2673 multum
3467 2615 3536 2668 oh
3562 2609 3900 2666 immediate

2319 2736 2444 2791 erga
2470 2734 2693 2790 puerum
2725 2715 3078 2771 aﬂ'ectionem.
3111 2710 3196 2766 l6.
3226 2709 3403 2775 Sedit,
3431 2705 3632 2776 inquit,
3663 2704 3903 2756 adversus

2319 2827 2464 2877 eum,
2491 2809 2636 2879 quasi
2660 2808 2728 2861 ad
2757 2807 2955 2878 jaclum
2992 2819 3159 2857 arcus.
3204 2799 3413 2854 Dicebat
3452 2796 3585 2851 enim
3608 2811 3629 2850 :
3669 2791 3789 2849 Non
3829 2793 3905 2846 vi-

2320 2899 2444 2953 debo
2473 2907 2683 2951 mortem
2710 2895 2854 2964 pueri
2890 2894 3006 2947 mei.
3047 2889 3116 2944 Et
3140 2891 3270 2946 sedit
3297 2906 3326 2944 e
3349 2888 3553 2958 regione
3593 2883 3756 2954 pueri.
3784 2882 3904 2936 Clu-

2319 3004 2465 3042 ntans
2493 2997 2659 3041 autem
2687 3001 2831 3056 puer,
2865 2983 3080 3055 ploravit
3106 2981 3204 3052 (a).
3229 2977 3495 3034 Caeterum
3520 2975 3829 3031 misericors
3852 2980 3904 3027 et

2321 3082 2582 3151 benignos
2611 3079 2748 3134 Deus
2767 3119 2780 3142 ,
2811 3076 2980 3146 patris
3021 3084 3074 3130 et
3103 3073 3287 3128 matris
3323 3085 3449 3141 erga
3477 3084 3577 3123 nos
3601 3081 3782 3123 curam
3812 3078 3904 3119 sua

2324 3169 2704 3227 transeendens
2739 3169 2951 3239 pietate,
3001 3167 3088 3220 l7.
3127 3163 3406 3218 Exaudicit
3445 3176 3613 3216 uocem
3655 3157 3800 3228 pueri
3843 3157 3908 3209 da

2323 3263 2436 3318 loco
2465 3262 2551 3316 ubi
2593 3270 2702 3314 erat
2741 3275 2762 3312 :
2805 3260 3055 3312 misertus
3100 3263 3262 3309 estet
3305 3252 3455 3322 pueri
3501 3258 3556 3305 et
3595 3246 3906 3304 calamitatis

2322 3347 2464 3426 Agar
2487 3371 2501 3407 :
2525 3352 2766 3423 permisit
2786 3357 2987 3403 tantum
3015 3361 3132 3400 eam
3157 3359 3310 3414 expet
3325 3343 3386 3396 iri
3414 3340 3540 3412 quid
3563 3341 3636 3394 sit
3652 3337 3906 3402 miitndn,

2323 3459 2376 3504 et
2391 3447 2566 3502 statim
2585 3459 2738 3500 suum
2754 3440 3022 3498 concessit
3042 3437 3370 3510 praesidium.
3393 3433 3458 3488 Et
3479 3432 3689 3497 vocanit,
3714 3428 3903 3500 inquit,

2324 3537 2534 3608 angelus
2565 3535 2661 3590 Dei
2687 3535 2826 3604 Agar
2849 3533 2911 3585 de
2938 3531 3081 3595 ca'lo,
3116 3539 3161 3583 et
3191 3528 3319 3582 dixit
3336 3527 3381 3581 ei
3399 3541 3418 3580 :
3442 3524 3577 3592 Quid
3605 3533 3698 3588 est,
3729 3519 3908 3591 Agar?

2329 3627 2413 3682 Ne
2441 3628 2618 3681 timeas
2642 3643 2660 3680 :
2689 3625 2879 3678 audivit
2909 3623 3041 3677 enim
3064 3621 3205 3678 Deus
3231 3634 3400 3673 uocem
3423 3615 3567 3687 pueri
3594 3615 3659 3669 de
3685 3615 3800 3668 loco
3827 3612 3908 3666 ubi

2327 3729 2416 3776 est.
2447 3721 2536 3776 f8.
2575 3719 2761 3790 Surge,
2799 3719 2972 3786 accipe
3001 3732 3240 3787 puerum,
3268 3725 3316 3768 et
3349 3711 3672 3782 apprehende
3704 3725 3908 3764 niam

2328 3815 2438 3880 eius
2467 3812 2560 3866 :in
2588 3822 2781 3882 gentem
2809 3812 2943 3864 enim
2973 3825 3209 3881 magnam
3236 3808 3421 3880 faciam
3457 3821 3594 3859 eum.
3621 3801 3667 3858 0
3702 3801 3911 3858 miseri.

2328 3903 2566 3959 condiant
2613 3901 2860 3955 Domini!
2904 3901 3016 3955 Non
3067 3900 3193 3970 quia
3233 3897 3424 3953 ancilla
3472 3906 3610 3962 erat,
3660 3887 3910 3963 despexit

2329 4009 2446 4048 eam
2472 4008 2486 4057 ;
2518 3991 2611 4047 sed
2638 3993 2756 4062 quia
2798 3990 3110 4059 patriarcha:
3149 3989 3496 4059 promiserat,
3526 3996 3580 4040 et
3615 3986 3740 4056 quia
3769 3985 3911 4040 illius

2329 4099 2514 4140 semen
2540 4095 2671 4148 erat,
2699 4093 2896 4137 tantam
2919 4096 3132 4152 quoque
3151 4095 3331 4135 curam
3353 4094 3480 4149 erga
3501 4093 3618 4133 eam
3639 4077 3912 4132 declarare

2331 4175 2596 4246 dignatur.
2629 4175 2794 4228 Dicit:
2825 4172 2961 4240 Quid
2983 4183 3074 4236 est,
3100 4171 3273 4242 Agar?
3306 4168 3388 4224 Ne
3411 4171 3586 4222 timeas
3611 4183 3633 4222 :
3659 4166 3912 4221 exaudiui

2329 4271 2462 4324 enim
2501 4268 2746 4320 Dominus
2786 4283 2956 4321 vocem
2986 4265 3147 4335 pueri.
3184 4263 3349 4334 Surge
3380 4272 3426 4316 et
3454 4261 3628 4331 accipe
3670 4260 3837 4324 illum,
3865 4269 3912 4314 et

2330 4360 2651 4431 apprehende
2678 4375 2883 4412 manum
2904 4359 3012 4427 ejus
3036 4373 3055 4411 :
3085 4357 3138 4411 in
3165 4365 3358 4427 gentem
3404 4354 3536 4408 enim
3571 4368 3808 4423 mgnum
3833 4355 3913 4424 {a-

2332 4453 2460 4504 riam
2476 4449 2643 4504 illum.
2667 4449 2742 4504 Ne
2763 4463 3011 4511 mereas,
3035 4447 3222 4517 inquit,
3245 4460 3310 4500 eo
3331 4443 3474 4515 quod
3507 4458 3539 4499 e
3565 4442 3727 4498 domo
3744 4439 3909 4513 ejecta

2333 4541 2426 4595 sis.
2458 4539 2684 4593 Tantam
2707 4541 2847 4594 enim
2889 4552 3072 4592 curam
3125 4551 3224 4606 ego
3255 4536 3405 4608 pueri
3452 4550 3628 4606 agam,
3659 4543 3719 4588 ut
3759 4544 3816 4588 et
3858 4533 3909 4587 in

2332 4640 2541 4702 gentem
2571 4646 2812 4702 magnam
2835 4630 2947 4700 ipse
2967 4631 3055 4684 sit.
3085 4629 3172 4685 l9.
3198 4628 3264 4684 Et
3286 4628 3502 4700 aperuit,
3531 4627 3720 4698 inquit,
3738 4626 3909 4680 oculos

2333 4723 2442 4794 ejus
2466 4737 2483 4776 :
2513 4737 2617 4776 non
2648 4721 2788 4792 quod
2809 4730 2963 4776 antea
2995 4735 3101 4776 non
3130 4719 3346 4784 viderit,
3376 4716 3470 4772 sed
3489 4716 3613 4787 quia
3635 4715 3765 4770 nihil
3791 4729 3910 4784 pro.

2333 4811 2521 4866 derant
2553 4813 2600 4866 ei
2647 4813 2813 4882 aperti
2851 4813 2991 4866 oculi
3035 4821 3159 4864 ante
3199 4823 3484 4880 supernam
3529 4806 3904 4862 visitationem.

2337 4887 2654 4954 Propterea,
2681 4901 2803 4939 cum
2826 4891 2984 4940 vehet
3015 4903 3166 4941 suam
3194 4887 3586 4955 providentiam
3609 4888 3900 4955 declarare,

2337 4977 2510 5048 inquit
2540 4994 2551 5028 :
2583 4977 2797 5045 Aperuit
2821 4979 2992 5032 oculos
3022 4981 3174 5048 ejus:
3200 4980 3252 5034 id
3278 4988 3379 5044 est,
3412 4981 3733 5043 indicavitci
3755 4982 3904 5053 igno-

2339 5069 2496 5134 ranti,
2520 5077 2573 5123 et
2598 5077 2833 5122 mentem
2863 5069 2980 5138 ejus
3001 5068 3276 5130 excitavit.
3301 5071 3552 5142 viamque
3576 5073 3626 5127 ei
3646 5074 3898 5138 ostendit.

2339 5172 2398 5216 ut
2421 5160 2629 5215 videret
2652 5161 2826 5214 locum
2855 5161 2908 5216 in
2933 5177 3040 5232 quo
3065 5161 3240 5218 fontes
3259 5179 3410 5233 aqua:
3431 5165 3820 5221 scaturiebant.
3840 5165 3907 5220 Et

2338 5255 2481 5317 vidit,
2508 5254 2699 5324 inquit,
2722 5263 2931 5321 puteum
2958 5273 3109 5326 aqum
3135 5257 3372 5319 viventis,
3401 5265 3448 5310 et
3473 5257 3582 5320 ivit,
3608 5267 3656 5312 et
3676 5259 3905 5328 implerit

2397 5379 2468 5445 (α)
2495 5382 2549 5463 in
2574 5383 2783 5460 Hebraeo
2805 5382 2990 5463 legitur
3015 5386 3158 5463 τω
3179 5363 3406 5463 πήρη-ιη
3425 5387 3580 5463 uri-13
3596 5389 3739 5463 uer:
3756 5388 3907 5463 aiam

2340 5454 2394 5526 lit
2421 5451 2554 5526 sedit
2573 5451 2845 5526 e.re_gio_ne,_
2866 5461 2908 5506 et
2929 5451 3282 5526 leuauit-uocent
3297 5469 3454 5526 suam.
3477 5462 3523 5526 et
3542 5456 3688 5519 fleuit.
3715 5454 3906 5526 scilicet

2335 5519 2484 5572 Agar,
2510 5520 2562 5562 et
2576 5515 2883 5581 _si_<_:_Vulgata
2915 5523 3078 5566 nostra
3107 5516 3396 5567 Hebraicqu
3425 5515 3618 5581 textum
3644 5530 3674 5566 e
3697 5516 3912 5581 vestigio

2335 5581 2561 5641 sequuta1
2571 5575 2694 5641 μω(
2720 5575 2838 5624 vero
2862 5591 3068 5637 puerum
3091 5578 3648 5641 plorantemeahlbent,
3663 5581 3780 5640 quia
3796 5575 3906 5641 q'ap

2337 5648 2447 5706 mox
2472 5635 2758 5706 ln‘Hebrteo
2771 5635 3067 5706 sequuntur,
3085 5635 3401 5706 Ειρωαάὲῑῄᾳ
3422 5640 3549 5689 Deus
3570 5635 3727 5689 vocent

2333 5697 2450 5766 huic
2472 5697 2867 5767 interpretationi
2893 5700 3056 5767 favere
3082 5698 3328 5749 videntur.
3350 5701 3723 5767 Chrysostomtts
3740 5697 3908 5767 am

2338 5758 2385 5823 in
2432 5758 2779 5820 explanatione
2819 5772 2906 5823 sua
2948 5765 3214 5822 utrumque
3254 5760 3538 5812 exauditam
3582 5758 3812 5823 exhibet,
3848 5762 3910 5812 et

2338 5821 2547 5882 Agarem
2569 5825 2792 5881 matrem,
2818 5826 2872 5871 et
2895 5821 3151 5874 lsmaelem
3181 5835 3402 5886 puerum.
