4144 6528
177 602 353 651 utrem,
392 596 440 643 et
469 595 658 659 potavit
683 601 915 657 puerum.
950 590 1005 641 In
1050 584 1208 640 inviis
1235 583 1373 637 viam
1421 577 1682 651 praebuit,
1708 580 1767 629 et

178 680 443 750 perplexa:
468 679 633 733 menti
657 675 961 746 nullamque
981 675 1168 731 salutis
1184 687 1333 743 spem
1358 668 1593 733 habenti,
1614 682 1763 723 suam

177 768 552 824 liberalitatem
582 766 844 830 exhibuit,
876 765 1039 820 simul
1059 778 1178 821 eam
1203 761 1509 822 consolans,
1532 766 1585 813 et
1619 772 1767 827 puen

174 874 357 915 curam
384 872 567 928 agens.
592 858 690 919 .Sic
718 855 1165 926 quandocumque
1188 852 1417 907 voluerit
1438 850 1578 904 Deus
1598 889 1612 913 ,
1646 848 1771 902 licet

176 952 225 1005 in
257 948 548 1005 solitudine
570 947 762 1011 simus,
795 955 851 1003 et
871 947 923 1002 in
951 944 1206 1001 extremis
1225 941 1621 1005 afflictionibus,
1646 938 1768 993 nul-

176 1042 392 1115 iamque
420 1057 570 1112 spem
613 1042 805 1097 salutis
828 1040 1144 1104 habeamus,
1186 1036 1338 1113 nullo
1373 1034 1479 1090 alio
1509 1047 1642 1103 opus
1670 1031 1769 1086 ba-

176 1133 440 1198 llebimus,
486 1132 667 1188 divino
708 1131 908 1186 auxilio
950 1129 1104 1184 nobis
1139 1129 1319 1183 omnia
1364 1123 1764 1196 suppeditante.

176 1222 304 1279 Nam
322 1224 370 1278 si
391 1222 509 1292 ejus
527 1221 949 1278 benevolentiam
970 1220 1127 1276 nobis
1140 1217 1626 1281 conciliaverimus,
1652 1214 1771 1268 nul-

175 1317 255 1371 lus
299 1316 459 1370 nobis
502 1314 835 1386 prtevalebit,
881 1313 976 1369 sed
1026 1327 1125 1367 nos
1161 1311 1477 1381 superiores
1519 1308 1771 1363 omnibus

174 1408 395 1461 erimus.
425 1406 517 1461 20.
550 1405 617 1460 Et
637 1416 746 1461 erat
774 1404 916 1459 Deus
940 1421 1054 1458 eum
1081 1418 1267 1474 puero,
1296 1402 1495 1472 inquit,
1523 1410 1571 1455 et
1593 1404 1768 1467 crevit,

173 1508 217 1551 et
242 1499 488 1553 habitavit
526 1500 580 1552 in
608 1498 900 1553 solitudine.
933 1496 1023 1553 Sic
1058 1494 1275 1565 quando
1316 1495 1547 1548 amicum
1587 1503 1643 1548 et
1672 1493 1771 1547 be-

174 1592 423 1649 nevolum
449 1591 708 1647 habemus
729 1592 921 1657 Deum,
943 1589 1153 1645 etiamsi
1173 1588 1225 1643 in
1252 1587 1469 1643 deserto
1489 1585 1767 1653 fuerimus,

174 1683 343 1737 multo
373 1682 676 1737 securiores
698 1682 960 1747 vivemus,
989 1670 1223 1749 quam'ii
1247 1677 1337 1748 qui
1382 1677 1436 1732 in
1466 1675 1769 1731 civitatibus

177 1782 479 1829 versantur.
510 1772 739 1827 Maxima
783 1771 925 1825 enim
956 1769 1215 1824 securitas
1252 1778 1304 1823 et
1344 1764 1771 1837 inexpugnabilis

175 1883 362 1926 murus
388 1876 471 1941 est
498 1868 754 1922 auxilium
784 1866 1045 1921 divinum.
1077 1864 1144 1918 Et
1174 1870 1235 1917 ut
1270 1861 1470 1926 discas,
1498 1859 1770 1931 quomodo

174 1962 263 2032 qui
289 1960 343 2015 in
369 1958 752 2014 solitudinibus
778 1957 908 2027 agit,
935 1956 1176 2011 securior
1201 1954 1292 2019 sit,
1321 1960 1379 2008 et
1408 1952 1677 2022 potentior
1705 1950 1770 2005 iis

174 2051 261 2122 qui
291 2051 347 2105 in
379 2048 571 2111 mediis
595 2048 899 2103 civitatibus
928 2055 1231 2110 versantur,
1258 2044 1461 2114 ingenti
1492 2042 1770 2097 hominum

176 2138 429 2211 pmidio
459 2134 604 2202 freti,
634 2137 911 2192 videamus
951 2135 1220 2207 quomodo
1246 2132 1416 2189 David
1448 2133 1518 2188 de
1553 2133 1673 2187 loco
1713 2132 1769 2187 in

176 2232 352 2288 locum
384 2231 669 2294 transiens,
702 2238 759 2285 et
784 2231 935 2301 quasi
961 2230 1221 2286 erraticus
1247 2242 1468 2299 vagans,
1497 2243 1657 2282 manu
1681 2242 1774 2283 su-

177 2339 341 2394 perna
365 2323 602 2378 munitus
625 2321 821 2378 fuerit:
848 2322 975 2378 Saﬁl
996 2330 1175 2377 autem
1197 2337 1319 2376 cum
1342 2329 1486 2377 essu
1512 2323 1563 2376 in
1583 2320 1773 2376 mediis

176 2414 503 2480 civitatibus,
535 2422 589 2468 et
615 2423 819 2468 tantum
858 2427 1041 2468 secum
1069 2412 1291 2469 duceret
1320 2413 1614 2469 exercitum
1636 2451 1653 2479 ,
1683 2426 1775 2468 sa-

178 2506 375 2562 tellites
405 2506 612 2561 habens
640 2516 695 2561 ct
722 2506 1043 2577 armigeros,
1074 2506 1312 2577 quotidie
1333 2504 1554 2561 timebat
1580 2515 1635 2561 et
1664 2513 1768 2562 tre-

176 2597 359 2652 mebat
412 2597 753 2652 inimicorum
802 2597 1023 2653 insidias
1072 2597 1151 2670 (l.
1216 2597 1346 2670 Reg.
1402 2599 1517 2671 l7).
1568 2598 1635 2653 Et
1684 2598 1777 2655 ille

174 2686 417 2758 quidem,
457 2688 549 2760 qui
577 2689 725 2743 solus
749 2697 887 2753 erat,
918 2688 1229 2760 nullumque
1256 2690 1419 2744 alium
1451 2705 1633 2745 secum
1675 2689 1777 2743 ha-

175 2778 361 2848 bebat,
393 2794 501 2835 non
528 2780 794 2852 indigebat
819 2782 1053 2836 humano
1084 2781 1371 2852 prmsidio:
1402 2783 1487 2839 hic
1509 2798 1639 2840 vere
1663 2783 1781 2857 dia-3

176 2868 396 2927 dentale
417 2872 717 2936 redimitus,
736 2881 789 2928 et
805 2887 1041 2943 purpura
1064 2873 1302 2941 indutus,
1321 2874 1464 2930 illius
1480 2876 1678 2930 auxilio
1695 2875 1778 2930 in-

174 2961 416 3032 digebat,
436 2972 492 3019 et
511 2965 625 3035 regi
648 2980 784 3034 opus
804 2978 925 3021 erat
938 2967 1167 3037 pastoris
1187 2982 1373 3037 opera,
1395 2977 1449 3024 et
1473 2969 1775 3027 diademate

177 3052 436 3110 redimite
460 3055 653 3124 privati
678 3056 777 3110 viri
818 3056 1189 3125 adjumentum
1232 3061 1589 3115 necessarium
1638 3072 1773 3117 erat.

248 3146 305 3201 5.
341 3144 496 3201 Nihil
515 3150 767 3216 potentius
793 3165 852 3203 eo
876 3150 963 3220 qui
987 3148 1084 3204 Dei
1109 3149 1305 3205 auxilio
1334 3153 1558 3208 munitus
1586 3162 1679 3208 est.
1705 3184 1779 3195 —

173 3232 281 3290 Sed
307 3237 355 3291 si
388 3236 549 3292 vultis
571 3277 587 3302 ,
628 3238 904 3309 aliquanto
948 3242 1200 3311 superius
1226 3243 1439 3299 seriem"
1468 3244 1627 3316 hujus
1665 3261 1779 3302 ser-

174 3326 358 3381 monis
380 3337 647 3397 petamus,
679 3338 736 3384 ut
761 3329 905 3385 omni
932 3329 1033 3386 hac
1058 3330 1284 3387 historia
1308 3333 1362 3389 in
1384 3335 1617 3410 medium
1650 3352 1778 3407 pro-

173 3414 361 3482 ducta,
390 3417 661 3472 discamus
677 3420 807 3474 nihil
833 3419 1025 3476 fortius
1042 3436 1164 3477 esse
1186 3424 1303 3480 viro
1323 3426 1528 3482 munito
1547 3441 1779 3499 superna

170 3509 387 3578 gratia,
435 3516 493 3564 et
534 3509 668 3564 nihil
716 3510 980 3567 infirmius
1024 3527 1090 3568 eo
1131 3516 1223 3585 qui
1275 3515 1377 3573 hac
1406 3518 1648 3588 privatus
1672 3529 1777 3589 est,

171 3600 393 3655 etiamsi
450 3601 745 3657 innumeris
792 3603 1154 3661 circumdetur
1200 3608 1547 3668 exercitibus.
1615 3610 1781 3682 lgitur

168 3693 344 3749 David
375 3693 468 3749 ille
491 3708 612 3748 cum
641 3695 817 3752 adhuc
838 3697 1154 3754 adolescens
1183 3700 1255 3755 ob
1278 3700 1621 3757 immaturam
1648 3713 1781 3759 mta-

168 3791 283 3839 tem
310 3784 367 3839 in
393 3794 618 3854 paterna
640 3786 801 3841 domo
826 3798 1148 3852 versaretur.
1172 3791 1428 3861 quoniam
1450 3801 1658 3863 tempus
1678 3794 1781 3850 ali-

168 3876 402 3946 quando
439 3877 761 3945 exposcebat
792 3886 850 3933 ut
878 3880 1075 3936 clarior
1114 3881 1230 3951 ejus
1256 3881 1409 3938 fieret
1436 3883 1638 3949 virtus,
1680 3884 1779 3939 ad-

168 3971 423 4024 monitus
450 3983 481 4023 a
508 3978 657 4039 patre
686 3978 743 4025 ut
767 3970 957 4027 fratres
986 3988 1111 4028 suos
1134 3975 1413 4041 inviseret,
1445 3973 1785 4046 obtempera-

169 4060 268 4128 vit,
300 4070 361 4115 et
393 4060 593 4115 missus
612 4071 696 4116 est
720 4062 789 4117 ad
813 4077 926 4119 eos.
958 4064 1124 4120 Porro
1151 4080 1275 4119 cum
1301 4066 1368 4120 ad
1397 4066 1520 4121 illos
1545 4066 1786 4123 venisset

167 4152 452 4209 invisendi
497 4154 698 4224 gratia,
739 4154 827 4209 ubi
860 4156 991 4212 vidit
1033 4160 1347 4213 instructam
1388 4159 1561 4216 aciem
1586 4166 1774 4216 contra

167 4243 544 4315 alienigenam
573 4243 813 4311 Goliath,
857 4255 911 4301 et
937 4263 1150 4303 omnem
1191 4250 1446 4319 populum
1470 4250 1623 4319 juxta
1648 4251 1808 4308 Saft-~

168 4333 278 4389 lein
310 4332 613 4389 formidine
640 4335 960 4404 perculsum,
992 4353 1280 4409 regemque
1303 4341 1475 4410 ipsum
1500 4341 1553 4395 in
1575 4358 1787 4399 summo

169 4427 540 4481 constitutum
566 4426 803 4495 periculo
823 4469 839 4494 ,
883 4435 1010 4483 tunc
1037 4440 1310 4499 spectator
1350 4432 1519 4487 voluit
1548 4448 1701 4500 esse,
1731 4444 1785 4490 et

170 4517 307 4572 abiit
337 4527 400 4571 ut
432 4515 644 4572 videret
672 4532 865 4573 novqu
892 4527 947 4573 et
986 4536 1166 4577 rarum
1191 4521 1557 4593 spectaculum
1580 4567 1595 4592 ,
1643 4525 1787 4597 quod

171 4626 317 4666 unus
358 4610 535 4665 homo
579 4610 837 4667 adversus
878 4620 959 4667 tot
991 4613 1152 4669 millia
1195 4629 1255 4671 se
1285 4617 1537 4687 erigeret.
1590 4617 1788 4675 Verum

173 4701 379 4759 fratres
406 4701 534 4772 ejus
574 4716 678 4756 non
709 4700 941 4758 ferentes
972 4715 1078 4759 tam
1109 4707 1249 4761 altos
1274 4708 1604 4765 fortitudinis
1630 4712 1790 4781 spiri-

169 4803 257 4848 tus
280 4834 296 4860 ,
328 4793 621 4863 provocati
650 4804 774 4848 sunt
811 4795 864 4849 in
894 4796 1146 4853 invidiam
1166 4840 1181 4865 ,
1222 4807 1279 4854 et
1302 4799 1485 4856 dicunt
1512 4803 1579 4857 ad
1614 4819 1737 4859 eum
1771 4822 1786 4860 :

167 4885 297 4941 Non
320 4886 439 4941 alia
457 4884 525 4938 de
538 4902 690 4941 causa
708 4888 902 4953 venisti,
927 4906 1076 4957 quam
1093 4899 1145 4943 ut
1162 4890 1347 4945 bellant
1359 4894 1547 4950 videres
1561 4898 1609 4965 (l
1623 4936 1639 4952 .
1658 4896 1788 4971 Reg.

169 4980 260 5031 t7.
289 4976 395 5046 28)
416 4977 445 5029 ἳ
498 4975 613 5032 Non
640 4978 783 5034 enim
814 4980 1005 5034 venisti
1030 4982 1197 5036 nostri
1225 4997 1407 5049 causa,
1438 4996 1496 5040 ut
1528 5002 1623 5042 nos
1655 4989 1789 5046 invi-

166 5084 347 5127 seres.
404 5069 487 5124 At
517 5076 572 5121 tu
600 5068 721 5124 vide
751 5068 907 5140 hujus
946 5072 1281 5141 prudentiam
1319 5085 1375 5130 et
1421 5081 1792 5137 mansuetudi.

168 5177 318 5216 nem.
351 5158 517 5217 Nihil
547 5160 920 5227 temerarium,
953 5180 1126 5234 neque
1146 5180 1393 5238 asperum
1418 5170 1497 5225 eis
1522 5170 1789 5242 loquitur:

168 5253 267 5310 sui
296 5252 624 5323 reprimens
662 5265 849 5306 eorum
891 5251 1158 5313 flammam
1180 5299 1193 5323 ,
1226 5268 1282 5328 et
1304 5259 1616 5319 detuulcens
1652 5263 1793 5319 invi-

165 5346 357 5413 diam,
418 5343 647 5413 inquit:
680 5342 947 5416 Numquid
986 5346 1189 5401 verbum
1238 5360 1311 5405 est
1356 5351 1517 5423 (lbid.
1570 5372 1617 5410 tt.
1659 5356 1793 5428 29)?

169 5437 491 5510 Numquid,
541 5436 731 5505 inquit,
779 5438 988 5494 vidistis
1020 5456 1105 5497 me
1132 5457 1280 5498 arma
1310 5448 1588 5518 arripere?
1632 5468 1791 5507 num-

169 5530 295 5599 quid
330 5525 565 5584 vidistis
595 5542 681 5583 me
707 5528 943 5584 ordinari
973 5546 1095 5587 cum
1124 5536 1335 5589 creterls
1368 5537 1418 5589 in
1451 5540 1611 5594 acie?
1652 5540 1793 5596 Tau-

172 5632 285 5680 tutn
315 5621 527 5677 videre
560 5619 742 5686 volui,
795 5629 853 5676 et
898 5623 1231 5696 interrogare
1258 5627 1399 5685 unde
1429 5630 1552 5688 huic
1586 5641 1791 5693 tantum

170 5714 430 5770 Insanitis.
490 5710 622 5780 Qttis
655 5714 789 5767 enim
822 5724 895 5769 est
920 5716 1207 5789 alienigena
1241 5720 1363 5788 iste,
1410 5724 1496 5793 qui
1521 5728 1794 5797 exprobrat

172 5809 467 5864 auritum
496 5802 599 5860 Dei
627 5805 832 5862 viventis
863 5807 1024 5879 (Ibid.
1056 5827 1105 5865 υ.
1130 5811 1267 5887 26)?
1315 5816 1505 5874 Postea
1536 5835 1660 5876 cum
1698 5839 1795 5880 au-

172 5901 315 5958 diret
363 5899 532 5956 illius
576 5896 935 5971 blasphemias
960 5913 1015 5959 et
1051 5909 1448 5977 arrogantiam,
1487 5920 1543 5969 et
1583 5913 1792 5975 videret

1167 465 1236 525 ιιι
1270 462 1427 524 CAP.
1467 459 1611 520 XXI.
1641 451 1889 517 GENBS.
1934 447 2165 509 HOIIL.
2206 448 2394 509 XLVI.

3363 455 3475 515 420

1875 566 2287 639 trepidationem
2326 582 2515 625 eorum
2551 568 2646 640 qui
2688 583 2813 626 eum
2842 570 2971 627 tum
3012 581 3199 641 erant,
3250 574 3424 646 inquit
3451 592 3473 633 :

1873 660 2011 728 Quid
2037 661 2141 717 erit
2171 662 2286 717 viro
2307 703 2324 729 ,
2371 664 2464 734 qui
2510 663 2654 719 illius
2690 670 2852 734 caput
2878 666 3216 721 essecuerit?
3267 667 3333 721 Et
3360 681 3477 723 ma-

1872 767 2035 824 gnum
2061 753 2227 809 animi
2256 755 2422 810 robur
2460 754 2546 809 bis
2585 755 2764 811 verbis
2801 755 3159 824 ostendebat,
3203 772 3395 814 omnes
3420 758 3477 815 in

1872 846 2279 904 admirationem
2307 847 2599 904 adducens.
2646 848 2774 905 erc
2802 859 2856 904 ut
2881 850 3141 921 cognovit
3170 849 3321 918 Sail,
3351 850 3479 908 mit-

1876 938 1937 992 tit
1963 937 2029 992 ad
2052 937 2306 1007 juvenem
2331 980 2345 1004 ,
2377 940 2466 1011 qui
2499 950 2693 1010 praeter
2716 942 2941 1010 pastorit
2957 956 3046 996 am
3073 949 3245 996 artem
3271 941 3479 1000 sciebat
3542 942 3545 943 ⁷

1874 1028 2009 1084 nihil
2042 1040 2130 1084 :et
2159 1041 2214 1083 ut
2238 1030 2366 1084 vidit
2389 1033 2507 1100 ejus
2532 1040 2766 1099 artatem,
2797 1032 3075 1102 vilipendit
3102 1048 3245 1087 eum.
3270 1032 3479 1091 Deinde

1875 1134 1995 1174 cum
2022 1120 2296 1177 didicisset
2315 1137 2382 1178 ex
2409 1138 2475 1178 eo
2496 1163 2513 1189 ,
2544 1122 2814 1193 quomodo
2843 1140 2964 1179 cum
2991 1124 3134 1180 ursis
3160 1126 3362 1197 egisset
3386 1126 3479 1197 qui

1874 1227 2065 1283 greges
2091 1229 2219 1270 suos
2246 1215 2589 1271 invaserant:
2616 1226 2836 1272 coactus
2857 1218 2999 1273 enim
3027 1217 3124 1272 fuit
3143 1218 3478 1274 admirabilis

1877 1305 1966 1360 ille
1999 1305 2083 1359 vir
2113 1304 2230 1360 bmc
2257 1322 2508 1374 narrare,
2542 1309 2733 1363 nolens
2754 1307 2877 1362 hinc
2909 1324 3096 1362 vanam
3127 1309 3353 1379 gloriam
3382 1324 3480 1363 au-

1875 1397 2063 1466 cupari
2088 1436 2104 1462 ,
2143 1396 2238 1453 sed
2279 1399 2330 1451 in
2369 1399 2689 1453 necessitate
2712 1399 3055 1462 constitutus.
3084 1411 3140 1457 et
3165 1410 3221 1454 ut
3251 1400 3325 1455 illi
3357 1402 3478 1456 aui-

1874 1502 2024 1541 mum
2050 1487 2296 1551 adderet,
2328 1496 2382 1542 et
2412 1504 2478 1543 ne
2505 1498 2772 1559 spectaret
2797 1489 2864 1544 ad
2887 1490 3147 1545 vilitatem
3174 1490 3290 1561 ejus
3317 1506 3481 1561 quem

1875 1579 2111 1645 videbat,
2144 1579 2238 1635 sed
2261 1579 2327 1634 ad
2358 1580 2516 1636 fidem
2539 1584 2659 1652 qum
2684 1581 3013 1637 intrinsecus
3034 1583 3254 1647 latebat,
3284 1598 3479 1653 super-

1875 1686 2111 1743 numque
2138 1672 2396 1727 auxilium
2422 1687 2528 1741 quo
2554 1672 2870 1728 adolescens
2901 1674 3121 1729 inermis
3147 1675 3276 1729 viris
3300 1689 3482 1730 arma-

1877 1764 1946 1818 tis
1973 1773 2028 1820 et
2056 1774 2240 1834 pastor
2266 1764 2526 1821 militibus
2548 1763 2738 1820 fortior
2762 1775 2879 1821 erat
2908 1784 2923 1820 :
2950 1781 3081 1836 ergo
3104 1767 3194 1821 ubi
3225 1782 3317 1822 rex
3346 1766 3480 1823 vidit

1876 1856 2039 1909 animi
2084 1856 2199 1926 ejus
2243 1856 2524 1923 fiduciam,
2565 1857 2676 1911 suis
2703 1856 2853 1911 illum
2884 1859 3051 1912 armis
3082 1857 3303 1914 induere
3328 1859 3483 1914 vole-

1876 1946 2005 2013 bat;
2049 1948 2264 2004 iudutus
2289 1960 2470 2004 autem
2501 1965 2564 2005 ea
2597 1947 2737 2006 ferre
2766 1965 2874 2005 non
2904 1951 3094 2021 potuit.
3146 1951 3257 2007 lloc
3300 1962 3483 2010 autem

1878 2038 2077 2096 factum
2118 2051 2202 2097 est
2223 2084 2239 2108 ,
2272 2052 2331 2097 ut
2357 2042 2528 2097 virtus
2555 2042 2672 2109 Dei,
2699 2057 2820 2113 quze
2857 2058 2955 2114 per
2981 2025 3106 2098 eum
3136 2044 3483 2114 operabatur,

1877 2133 2157 2189 manifesta
2204 2144 2635 2202 monstraretur,
2685 2144 2740 2191 et
2784 2150 2891 2191 non
2934 2135 3103 2191 armis
3126 2149 3246 2207 quas
3288 2136 3487 2191 fiebant

1877 2224 2331 2282 adscriberentur.
2384 2226 2517 2282 Nam
2546 2227 2798 2298 quoniam
2848 2227 3067 2283 indutus
3093 2228 3202 2283 illis
3220 2228 3491 2299 gravaba-

1880 2324 1990 2381 tur,
2024 2327 2080 2371 et
2109 2318 2286 2374 minus
2323 2320 2605 2389 expeditus
2640 2327 2790 2383 erat,
2820 2319 3069 2389 deposuit
3095 2336 3243 2375 arma
3264 2361 3280 2387 ,
3309 2329 3365 2376 et
3390 2334 3488 2378 ac-

1880 2421 2033 2481 cepta
2059 2416 2182 2481 pera
2201 2413 2453 2481 pastorali
2480 2422 2534 2468 et
2561 2413 2821 2480 silicibus,
2845 2422 3030 2469 contra
3060 2428 3317 2470 carneam
3340 2414 3485 2469 illam

1883 2502 2072 2557 turrim
2103 2516 2353 2573 egressus
2378 2512 2481 2558 est.
2515 2502 2622 2558 Sed
2654 2502 2777 2559 vide
2807 2504 3004 2558 iterum
3027 2505 3383 2575 alienigenam
3412 2504 3481 2559 ad

1883 2593 2140 2647 vilitatem
2170 2595 2345 2649 aetatis
2369 2604 2700 2664 spectantem
2725 2636 2740 2660 ,
2767 2604 2821 2651 et
2845 2596 2917 2651 ob
2943 2594 3045 2651 hoc
3071 2595 3487 2665 vilipendentem

1880 2684 2085 2756 justum
2110 2686 2280 2753 illum,
2309 2695 2364 2741 et
2389 2688 2539 2758 quasi
2566 2700 2753 2743 contra
2771 2702 2994 2757 puerum
3022 2686 3278 2743 humilem
3303 2687 3489 2744 verbis
3520 2734 3521 2737 η

1885 2777 2271 2847 insurgentem.
2301 2776 2434 2831 Nam
2466 2788 2745 2848 postquam
2775 2779 2908 2833 vidit
2933 2793 3057 2833 eum
3088 2794 3212 2834 cum
3234 2778 3493 2849 pastorali

1886 2884 2014 2940 pera
2045 2878 2231 2924 contra
2260 2885 2319 2925 se
2345 2871 2760 2926 contendentem
2785 2912 2802 2937 ,
2850 2881 2904 2927 et
2929 2870 3136 2942 lapides
3162 2871 3335 2926 solum
3357 2869 3493 2927 affe-

1887 2970 2121 3025 rentem,
2154 2962 2205 3015 in
2245 2962 2387 3017 hunc
2414 2962 2584 3019 ferme
2624 2963 2842 3018 modum
2875 2977 2997 3018 eum
3027 2963 3337 3033 alloquutus
3360 2973 3443 3019 est
3475 2979 3490 3018 :

1887 3051 2091 3107 Putasti
2121 3062 2172 3107 te
2212 3053 2390 3108 adhuc
2416 3054 2558 3122 apud
2595 3069 2725 3109 oves
2748 3068 2871 3109 esse
2895 3094 2910 3119 ,
2957 3064 3013 3109 et
3040 3069 3203 3109 canes
3231 3054 3495 3125 quosdam

1889 3144 2177 3215 persequi?
2219 3152 2274 3199 et
2313 3144 2386 3199 ita
2410 3144 2696 3199 adversum
2723 3160 2846 3213 me,
2892 3145 3047 3216 quasi
3086 3156 3274 3201 contra
3299 3160 3494 3202 canem

1892 3236 2266 3293 instrumentis
2291 3236 2395 3291 illis
2424 3238 2739 3304 instructus,
2773 3236 2825 3291 in
2856 3251 3089 3309 pugnam
3114 3240 3307 3293 venisti
3328 3239 3353 3291 Ἰ
3382 3246 3497 3296 sta-

1893 3328 1989 3383 tim
2020 3329 2350 3399 experieutia
2378 3328 2555 3383 disces
2581 3342 2689 3383 non
2740 3327 2835 3383 tibi
2865 3344 2989 3384 cum
3033 3328 3253 3386 homine
3287 3331 3497 3402 vulgari

1893 3422 2095 3478 bellum
2121 3436 2263 3477 esse.
2318 3421 2388 3476 Et
2412 3436 2542 3477 usus
2562 3435 2755 3493 magno
2784 3421 3073 3477 verborum
3102 3422 3238 3477 fastu
3259 3463 3274 3487 ,
3304 3438 3501 3493 propo-

1894 3513 2070 3577 rabat,
2094 3523 2528 3589 armaturamque
2548 3527 2699 3568 suam
2718 3527 2939 3569 omnem
2968 3515 3239 3580 movebat,
3263 3529 3328 3571 ac
3349 3529 3502 3574 arma

1895 3607 2197 3661 esserebat.
2251 3605 2317 3660 Et
2360 3606 2473 3676 ipse
2511 3606 2728 3677 quidem
2763 3622 3034 3662 armorum
3067 3608 3261 3663 virtute
3301 3608 3497 3676 fidens,

1894 3712 2125 3767 pugnam
2167 3698 2321 3753 inivit
2352 3716 2365 3752 :
2401 3698 2565 3752 David
2591 3707 2772 3753 autem
2805 3697 2944 3763 fide,
2985 3713 3329 3770 supernoque
3356 3716 3500 3770 prte-

1892 3788 2032 3843 sidio
2074 3788 2333 3843 munitus.
2385 3788 2451 3842 Et
2478 3789 2625 3859 prius
2660 3788 2838 3844 verbis
2862 3788 3180 3860 alienigena:
3210 3790 3500 3847 elationem

1894 3889 1951 3937 et
1978 3882 2322 3953 supercilium
2349 3881 2628 3938 decutiens
2647 3925 2661 3950 ,
2692 3891 2750 3937 ut
2776 3882 2912 3938 dixit
2939 3882 3008 3939 ad
3037 3898 3162 3939 eum
3196 3900 3210 3937 :
3240 3883 3319 3937 'l‘u
3349 3885 3501 3941 venis

1888 3966 1960 4049 ad
2000 3989 2088 4030 me
2111 3974 2163 4029 in
2192 3974 2355 4029 armis
2383 3983 2438 4030 et
2474 3975 2683 4042 lancea,
2730 3985 2785 4031 et
2813 3986 2899 4031 tua
2928 3976 3123 4031 virtute
3149 3976 3413 4033 victurum
3445 3986 3503 4036 te

1893 4075 2070 4139 putas,
2107 4082 2207 4137 ego
2234 4076 2410 4122 autem
2440 4068 2490 4122 in
2525 4068 2740 4123 nomine
2765 4067 2974 4123 Domini
3010 4069 3138 4125 Dei:
3164 4079 3220 4123 ut
3244 4069 3378 4136 lucc,
3411 4070 3499 4123 iu.

1893 4174 2052 4230 quam
2078 4201 2093 4225 ,
2122 4158 2289 4225 dixit,
2321 4169 2623 4229 sumptoex
2663 4174 2788 4229 pera
2830 4160 3085 4230 pastorali
3121 4161 3271 4215 silice
3294 4202 3310 4228 ,
3339 4161 3503 4232 quasi

1894 4267 2083 4310 revera
2126 4267 2317 4307 canem
2361 4254 2592 4323 aliquem
2637 4268 2853 4324 gregem
2900 4252 3240 4309 invadentem
3283 4253 3505 4311 abactu-

1894 4362 1988 4403 rus
2011 4388 2026 4414 ,
2060 4346 2219 4402 funda
2246 4347 2512 4417 jaculatus
2539 4357 2619 4402 est
2638 4389 2653 4412 ,
2680 4348 2970 4419 statimque
2993 4347 3045 4403 in
3077 4348 3253 4404 fronte
3284 4362 3507 4417 pcreusv

1898 4453 2018 4494 sum
2052 4438 2407 4509 alienigenam
2432 4438 2627 4507 dejecit
2656 4456 2672 4494 :
2702 4448 2757 4495 et
2786 4438 3101 4494 festinanter
3126 4439 3322 4495 educto
3350 4438 3492 4496 illius

1896 4529 2075 4601 gladio
2094 4540 2256 4600 caput
2284 4529 2402 4600 ejus
2426 4530 2755 4600 amputavit,
2782 4539 2837 4585 et
2864 4529 2976 4601 regi
3000 4530 3196 4594 attulit,
3231 4528 3519 4602 filiamque

1899 4620 2044 4677 bello
2072 4621 2347 4693 imposuit.
2394 4624 2569 4690 Atque
2598 4622 2738 4676 illius
2767 4637 2929 4691 Opera
2954 4632 3009 4678 et
3036 4638 3131 4693 rex
3162 4623 3389 4678 salutem
3422 4624 3501 4679 ἰιιο

1897 4712 2082 4775 venit,
2117 4723 2172 4767 et
2200 4712 2377 4767 omnis
2418 4712 2561 4767 illius
2598 4712 2866 4768 exercitus
2905 4714 3211 4783 respiravit.
3264 4714 3505 4773 Vidisses

1902 4814 2030 4860 tunc
2082 4804 2391 4875 inopinatas»
2437 4805 2889 4877 admirabilesque
2939 4820 3064 4871 res,
3121 4817 3386 4862 armatum
3435 4809 3512 4864 ab

1901 4900 2092 4955 inermi
2120 4900 2407 4970 dejectum,
2436 4902 2620 4970 reique
2652 4900 2902 4955 militaris
2930 4901 3159 4969 peritum
3183 4902 3252 4957 ab
3281 4916 3348 4957 eo
3376 4918 3504 4972 pro-

1900 5002 2125 5049 stratum
2151 5035 2165 5060 ,
2214 4994 2302 5063 qui
2332 5000 2528 5063 printer
2556 4992 2878 5061 pastoralem
2908 5002 3078 5048 artem
3122 4993 3253 5049 nihil
3279 4996 3509 5052 sciebat.

1901 5087 2113 5155 Quare,
2159 5097 2213 5142 et
2242 5087 2312 5142 ob
2349 5102 2507 5158 quam
2550 5085 2811 5141 causam?
2857 5086 2991 5153 Quia
3032 5087 3119 5143 hic
3158 5089 3375 5159 quidem
3405 5089 3508 5145 ha-

1903 5181 2020 5235 buit
2057 5195 2344 5249 supernam
2392 5180 2617 5251 gratiam
2662 5195 2722 5235 se
2764 5180 3152 5249 adjuvantetu:
3192 5184 3281 5239 illc
3326 5193 3514 5240 autem

1902 5275 1962 5326 "ea
1986 5285 2195 5336 carens,
2225 5272 2277 5325 in
2302 5271 2458 5339 hujus
2485 5287 2672 5325 manus
2703 5272 2865 5325 venit.
2896 5271 3013 5327 lam
3040 5273 3163 5328 vide
3192 5274 3276 5329 hic
3300 5317 3313 5339 ,
3342 5291 3511 5346 quam

1903 5362 2129 5417 absurda
2153 5374 2406 5432 operatus
2434 5366 2502 5418 sit
2532 5363 2745 5418 invidia:
2774 5364 3015 5419 morbus.
3046 5366 3332 5436 Postquam
3361 5368 3513 5424 enim

1903 5468 2003 5509 rex
2034 5453 2165 5507 vidit
2202 5454 2405 5521 justum
2452 5454 2591 5509 hunc
2622 5464 2764 5509 tanta
2802 5454 2971 5525 gloria
3012 5456 3296 5521 celebrari,
3329 5466 3383 5514 et
3414 5460 3511 5514 tri-

1906 5546 2188 5617 pudiautes
2212 5544 2445 5601 clamare
2478 5564 2493 5601 :
2536 5545 2662 5599 Vicit
2692 5546 2825 5602 Sail
2858 5547 2911 5601 in
2942 5549 3183 5613 millibus,
3215 5547 3383 5603 David
3407 5567 3507 5605 att-

1907 5646 2006 5693 tem
2046 5639 2099 5691 in
2144 5635 2317 5690 decem
2364 5635 2585 5691 millibus
2634 5636 2710 5710 (l.
2754 5638 2886 5707 Reg.
2928 5638 3015 5693 l8.
3046 5637 3099 5709 7)
3131 5655 3144 5689 :
3176 5654 3285 5693 non
3330 5639 3513 5695 ferens

1904 5745 2057 5801 a-quo
2085 5728 2268 5785 animo
2293 5744 2412 5798 quae
2441 5729 2509 5783 de
2547 5728 2648 5784 hoc
2671 5728 2985 5784 dicebantur
3008 5728 3276 5803 (quamvis
3314 5746 3508 5788 secun-

1902 5823 2030 5878 dum
2065 5822 2329 5877 rationem
2365 5820 2564 5891 justam
2594 5821 2644 5877 ei
2682 5821 2852 5891 magis
2881 5820 3178 5877 tribuerant
3205 5838 3367 5893 quam
3396 5821 3507 5877 Da-

1906 5916 2059 5986 vid),
2091 5917 2263 5973 victus
2289 5913 2487 5971 invidia
2512 5911 2844 5972 benefactori
2888 5915 3089 5972 malum
3129 5914 3408 5984 rependit;
3455 5922 3517 5969 es
