4144 6512
692 410 795 466 ιςτ

689 537 847 594 quem
874 517 1149 592 oportebat
1177 525 1234 573 ut
1265 514 1581 590 salvatorem
1607 522 1663 571 et
1681 511 2073 568 benefacton
2099 522 2262 579 agno-

689 628 860 678 scere,
876 618 996 668 eum
1008 607 1303 666 interﬁcere
1313 608 1601 679 quaerebat.
1622 604 1943 682 Oingentem
1967 602 2222 657 insaniam
2243 601 2260 655 ι

689 723 722 760 o
746 704 977 777 stuporis
1017 692 1465 773 magnitudinem!
1517 687 1778 768 Eumqui
1813 696 1975 750 vitam
2015 693 2118 750 sibi
2148 707 2264 748 ser-

692 806 840 852 varat
860 837 875 860 ,
902 805 958 851 et
979 808 1191 850 omnem
1224 805 1381 848 suum
1411 789 1702 846 exercitum
1724 788 1794 843 ab
1819 786 2127 857 alienigenae
2151 782 2260 840 Go-

691 887 822 942 liath
844 884 1022 941 furore
1048 885 1382 947 liberaverat,
1409 891 1468 937 ut
1490 881 1695 936 hostem
1716 887 2020 948 suspectum
2049 875 2255 942 habuit,

693 987 745 1034 et
792 978 1071 1034 immemor
1117 973 1361 1030 beneﬁcii
1384 1011 1401 1038 ,
1449 972 1518 1025 ab
1563 969 1844 1025 allectioue
1897 965 2212 1022 vincebatur

689 1069 783 1124 sed
817 1075 997 1124 mente
1039 1081 1135 1122 sua
1163 1063 1540 1119 obtenebratus
1564 1061 1632 1115 ab
1670 1059 1868 1114 invidia
1888 1099 1904 1125 ,
1937 1056 2154 1128 perinde
2178 1067 2262 1111 at-

689 1173 794 1225 quo
834 1157 901 1212 ab
929 1155 1184 1212 ebrietate
1207 1151 1433 1223 quadam
1455 1193 1474 1220 ,
1519 1147 1910 1208 benefactorem
1954 1157 2014 1204 ut
2052 1147 2263 1203 hostem

687 1247 984 1319 spectabat.
1601 1301 1604 1304 ,

759 1338 813 1392 4.
843 1334 1056 1398 Invidia!
1081 1333 1284 1390 morbus
1298 1333 1610 1389 describitur.
1650 1329 1864 1386 loralis
1898 1331 2176 1387 exhortatio
2194 1329 2265 1384 ad

694 1425 989 1499 fugiatdum
1021 1424 1283 1479 invidiam.
1324 1423 1550 1493 Damon,
1569 1423 1758 1477 homini
1794 1423 2064 1493 subjectus.
2089 1448 2160 1463 -ο
2184 1420 2261 1476 ita

687 1517 829 1572 enim
869 1530 929 1571 se
964 1515 1159 1571 habere
1198 1514 1333 1569 solet
1374 1514 1529 1583 hujus
1551 1513 1852 1568 adeotionis
1877 1513 2076 1566 malitia
2107 1528 2121 1564 :
2151 1511 2261 1581 pri-

692 1623 836 1662 mum
857 1609 1150 1680 corrumpit
1166 1623 1286 1664 eum
1311 1621 1342 1661 a
1366 1622 1470 1676 quo
1491 1615 1791 1676 generatur.
1820 1605 1882 1659 Et
1912 1603 2260 1675 quemadmo-

687 1698 815 1754 dum
856 1701 1052 1754 vermis
1094 1700 1243 1770 quia
1283 1698 1425 1768 ligno
1463 1696 1806 1767 producta",
1848 1696 2046 1766 lignum
2090 1694 2262 1764 primo

687 1788 952 1843 consumit
987 1804 1005 1844 :
1046 1787 1115 1842 ita
1155 1799 1209 1843 et
1253 1785 1448 1842 invidia
1494 1786 1637 1840 illam
1677 1787 1846 1856 primo
1883 1785 2115 1839 animam
2142 1799 2263 1839 cor-

689 1877 936 1949 rumpita
961 1893 1063 1948 qua
1102 1887 1222 1950 nata
1259 1886 1376 1942 est,
1422 1885 1477 1933 et
1498 1877 1547 1932 ei
1571 1877 1654 1932 cui
1691 1875 1958 1932 invidetur
1984 1875 2137 1946 plane
2175 1875 2262 1930 di-

687 1984 840 2025 versa
865 1985 1021 2039 quam
1038 1968 1150 2023 vult
1168 1968 1341 2024 ali'ert.
1365 1967 1441 2024 Ne
1462 1969 1619 2038 igitur
1639 1968 1843 2036 respice
1863 1967 1928 2020 ad
1950 1967 2262 2037 principium

688 2067 873 2118 earum
921 2062 1113 2132 quibus
1152 2060 1449 2126 invidetur,
1497 2060 1593 2116 sed
1632 2059 1700 2116 ad
1740 2059 1898 2116 tinem
1928 2059 2169 2129 respice,
2207 2067 2261 2114 et

689 2151 923 2216 attende,
955 2152 1076 2222 quia
1103 2152 1302 2206 malitia
1324 2151 1666 2206 invidentium
1690 2191 1706 2217 ,
1733 2165 1826 2206 eos
1844 2150 2034 2221 quibus
2063 2150 2263 2205 invidet

687 2241 940 2296 clariores
977 2240 1158 2296 eﬂicit.
1212 2231 1342 2296 Nam
1375 2241 1408 2294 ii
1447 2240 1640 2311 quibus
1685 2240 1952 2296 invidetur
1990 2240 2260 2297 subsidia-

688 2332 824 2386 rium
860 2331 1057 2386 habent
1095 2331 1189 2386 Dei
1217 2330 1468 2385 auxilium
1493 2372 1509 2396 ,
1549 2340 1604 2386 et
1638 2331 1804 2402 gratia
1848 2330 2092 2386 Iruuntur
2125 2349 2139 2386 :
2169 2332 2260 2401 qui

687 2433 863 2477 autem
907 2423 1140 2489 invidet,
1169 2423 1334 2494 gratia
1359 2423 1634 2492 spoliatur,
1676 2430 1732 2477 et
1762 2420 1915 2477 facile
1941 2423 2170 2478 vincitur
2190 2422 2259 2479 ab

685 2514 932 2568 omnibus
956 2532 968 2567 :
999 2524 1053 2569 et
1075 2523 1232 2575 antea
1259 2529 1290 2569 a
1320 2515 1431 2570 suis
1455 2514 1762 2580 atl'ectibus,
1790 2530 1951 2586 quam
1982 2515 2050 2570 ab
2077 2525 2259 2572 exter-

685 2601 770 2658 nis
795 2602 1037 2658 hostibus
1078 2602 1388 2669 infestatus,
1435 2603 1586 2673 quasi
1612 2606 1942 2659 consumitur
1965 2646 1980 2673 ,
2013 2614 2070 2661 et
2109 2606 2260 2677 quasi

685 2693 906 2748 occultis
933 2693 1160 2747 maxillis
1186 2692 1502 2757 devoratur,
1536 2701 1591 2749 et
1614 2693 1958 2763 absumptus,
1995 2704 2052 2748 nt
2080 2697 2148 2750 ita
2175 2697 2260 2750 di-

685 2797 841 2848 cam,
886 2782 1261 2851 submergitur.
1310 2781 1439 2848 Quze
1477 2797 1598 2836 cum
1641 2783 1795 2838 uobis
1831 2794 2102 2853 comperta
2131 2785 2257 2849 sint,

685 2870 929 2935 obsecro,
957 2870 1216 2940 fugiamus
1241 2871 1410 2926 morbi
1439 2870 1595 2941 hujus
1615 2873 1887 2938 damnum,
1911 2883 1965 2928 et
1988 2876 2110 2929 totis
2133 2875 2264 2930 viri-

687 2959 787 3016 bus
811 2959 878 3014 ab
895 2959 1172 3016 animabus
1200 2961 1397 3015 nostris
1421 2961 1779 3018 eliminemus.
1804 2963 2257 3020 Perniciosissima

685 3051 826 3107 enim
851 3061 934 3107 est
963 3054 1197 3107 omnium
1227 3052 1565 3109 ail‘ectionum
1593 3094 1606 3118 ,
1661 3064 2008 3126 nostramque
2032 3057 2259 3112 salutem

685 3142 977 3211 corrumpit
994 3181 1009 3203 .
1036 3151 1220 3212 utpote
1246 3143 1441 3198 diaboli
1469 3143 1758 3199 inventum.
1786 3144 2071 3216 Propterea
2099 3156 2152 3202 et
2172 3163 2262 3201 sa-

687 3232 838 3302 piens
873 3231 1085 3303 qnidam
1129 3232 1337 3288 dicebat
1377 3250 1393 3290 :
1433 3232 1634 3296 Invidia
1677 3243 1845 3289 autent
1891 3237 2080 3291 diaboli
2127 3254 2262 3294 mors

688 3324 888 3377 intravit
924 3325 976 3377 in
1013 3324 1254 3378 ntundum
1293 3323 1450 3395 (Sap.
1474 3325 1528 3379 2.
1558 3326 1671 3391 ει).
1719 3326 1853 3394 Quid
1894 3339 1975 3383 est
1998 3371 2012 3393 ,
2057 3327 2261 3385 Invidia

686 3414 874 3468 diaboli
896 3431 1028 3469 mors
1056 3414 1258 3469 intravit
1281 3415 1335 3468 in
1352 3415 1634 3470 mundmn.’
1657 3417 1788 3472 Nam
1819 3429 2096 3488 postquam
2123 3423 2259 3477 maia

689 3504 801 3560 haec
829 3505 996 3560 bestia
1031 3505 1254 3575 primum
1297 3505 1564 3560 hominem
1587 3507 1716 3561 vidit
1744 3508 2096 3564 immortalem
2122 3552 2137 3576 ,
2168 3528 2262 3580 per

688 3608 837 3649 suam
889 3593 1262 3662 malignitatem
1302 3594 1367 3649 ad
1409 3598 1880 3664 transgressionem
1911 3601 2140 3656 mandati
2183 3604 2263 3657 in-

687 3687 869 3751 duxit,
903 3701 995 3755 per
1022 3701 1178 3757 quam
1206 3686 1328 3742 fecit
1359 3695 1418 3742 ut
1447 3688 1603 3742 morti
1635 3687 1785 3743 ﬂeret
1808 3691 2087 3746 obnoxius.
2119 3693 2262 3749 invi-

685 3776 771 3831 dia
809 3776 965 3846 igitur
1003 3776 1369 3845 deceptionem
1410 3787 1626 3847 operata
1655 3787 1771 3846 est,
1800 3779 2044 3849 deceptio
2073 3781 2260 3838 inobe-

686 3865 974 3928 dicntiam,
1033 3865 1387 3920 iuobedientia
1440 3877 1686 3922 mortem.
1747 3869 2032 3939 Propterea
2083 3871 2256 3930 dicit:

688 3958 889 4012 Invidia
908 3967 1075 4011 autent
1103 3958 1288 4013 diaboli
1309 3975 1442 4014 mors
1467 3960 1672 4015 intravit
1696 3961 1747 4016 in
1778 3965 2037 4018 mundum.
2070 3964 2259 4022 Vidisti

686 4061 938 4122 quautmn
982 4050 1277 4106 affectionis
1319 4049 1475 4119 hujus
1523 4053 1809 4108 damnum?
1861 4054 2260 4112 immortalitate

689 4144 1004 4216 honoratum
1030 4143 1307 4196 mortalem
1336 4143 1474 4198 fecit.
1525 4142 1719 4197 Verum
1767 4144 2012 4198 inimicus
2048 4147 2260 4216 quidem

689 4214 1141 4300 nostrtesalutis,
1181 4248 1275 4288 sua
1320 4234 1545 4300 invidia,
1590 4243 1649 4290 ut
1693 4238 1895 4306 primus
1936 4214 2125 4304 homo,
2171 4239 2262 4310 qui

688 4324 1000 4389 immortalis
1027 4330 1141 4378 erat
1158 4366 1172 4385 .
1219 4323 1285 4379 ad
1327 4333 1550 4380 mortem
1575 4326 2017 4383 condemnaretur
2039 4329 2215 4387 eﬂ'ecit
2241 4349 2259 4391 :

686 4414 990 4471 misericors
1025 4422 1201 4469 autem
1245 4414 1606 4486 sollicitusque
1650 4431 1749 4488 pro
1785 4419 1938 4474 nobis
1982 4420 2257 4492 Dominus,

688 4519 784 4574 per
815 4513 1035 4559 mortem
1062 4519 1208 4558 suam
1249 4504 1436 4559 iterum
1468 4506 1918 4563 immortalitatem
1959 4510 2116 4565 nobis
2153 4512 2262 4566 lar-

687 4594 827 4665 gitus
853 4603 954 4648 est.
983 4591 1134 4649 Unde
1162 4604 1215 4650 et
1241 4596 1440 4664 majora
1463 4612 1620 4666 quam
1643 4599 1918 4655 amisimus
1939 4601 2258 4659 invenimus.

685 4683 942 4740 Paradiso
965 4685 1121 4756 ejecit
1148 4686 1234 4741 ille
1255 4727 1270 4752 ,
1299 4686 1386 4742 hic
1412 4687 1463 4742 in
1488 4688 1676 4743 caelum
1708 4689 1909 4746 induxit
1938 4709 1952 4748 :
1976 4693 2064 4750 ille
2090 4705 2260 4753 morte

686 4779 1030 4834 condemnari
1071 4795 1167 4835 nos
1195 4781 1430 4849 curavit,
1485 4783 1569 4838 bic
1614 4783 2058 4842 immortalitatem
2107 4790 2260 4846 nobis

688 4867 908 4940 largitus
925 4879 1008 4926 est
1038 4889 1052 4924 :
1084 4872 1171 4925 ille
1198 4873 1423 4941 paradisi
1441 4873 1641 4929 deliciis
1664 4875 1912 4944 privavit,
1937 4877 2023 4934 hic
2039 4895 2257 4950 regnum

688 4960 939 5014 czelorum
986 4961 1139 5015 nobis
1187 4963 1521 5031 prmparavit.
1554 4962 1742 5019 Vidisti
1771 4966 2022 5022 solertem
2052 4968 2259 5028 Domini

689 5049 762 5104 tui
813 5052 1169 5121 sapientiam?
1224 5063 1276 5107 et
1315 5054 1584 5123 quomodo
1626 5070 1688 5110 ea
1717 5072 1836 5127 qua:
1873 5073 1969 5128 per
2012 5059 2258 5118 invidiam

685 5141 879 5197 diaboli
906 5155 1091 5199 contra
1117 5145 1337 5200 salutem
1366 5156 1599 5201 nostram
1647 5147 1782 5203 facta
1821 5159 1976 5216 sunt,
2029 5151 2078 5206 in
2106 5165 2262 5223 caput

687 5234 828 5290 illius
852 5236 1152 5290 convertit?
1197 5235 1311 5292 Non
1337 5237 1476 5292 enim
1507 5240 1679 5294 solum
1725 5256 1822 5294 nos
1861 5242 2150 5312 majoribus
2176 5245 2259 5300 di-

684 5339 875 5397 gnatus
893 5338 995 5392 est,
1033 5327 1128 5382 sed
1161 5337 1214 5384 et
1240 5329 1383 5383 illum
1415 5330 1584 5399 ipsum
1616 5332 1771 5387 nobis
1800 5333 2025 5402 subjecit
2051 5336 2256 5407 dicens,

687 5419 818 5474 Ecce
840 5420 956 5474 dedi
995 5421 1130 5474 vobis
1163 5431 1452 5491 potestatem
1478 5422 1711 5477 calcandi
1736 5441 1886 5493 super
1920 5439 2171 5496 serpentes
2210 5439 2258 5485 et

681 5512 970 5581 scorpiones
997 5511 1144 5578 (Luc.
1177 5512 1260 5567 l0.
1295 5513 1406 5584 l9).
1434 5513 1660 5570 Proinde
1677 5515 1791 5570 haec
1817 5517 1992 5572 omnia
2019 5519 2256 5591 cogitan-

682 5610 803 5667 ωε,
842 5610 896 5657 et
921 5602 1179 5658 invidiam.
1207 5618 1272 5658 ex
1297 5604 1574 5660 animabus
1610 5608 1806 5662 nostris
1845 5607 2172 5680 eﬂugemus,
2201 5619 2258 5668 et

683 5691 991 5748 studeamus
1018 5702 1074 5747 ut
1095 5692 1324 5748 divinam
1354 5694 1507 5749 nobis
1543 5695 1965 5754 benevolentiam
2000 5701 2252 5759 concilie-

683 5797 828 5842 mus.
861 5783 984 5841 limo
1001 5785 1140 5841 enim
1161 5797 1341 5844 nostra
1368 5794 1635 5846 armatura
1648 5790 1839 5863 solida,
1860 5800 1916 5851 et
1935 5793 2252 5870 inexpugna-

1398 403 1457 460 s.
1494 373 1772 460 massis
1805 392 2274 456 etinvsosrout
2312 393 2625 452 Αιιυιιιει).
2666 395 3194 455 consummas.

3834 403 3938 459 1‘28

2367 504 2527 576 bilis,
2574 508 2656 562 ha:
2692 519 2888 564 nostra
2932 510 3180 568 maxima:
3224 510 3497 568 {nouitates
3536 529 3555 566 :
3585 529 3678 583 per
3717 513 3853 568 hanc
3890 525 3942 570 et

2369 593 2574 662 lsmael,
2599 599 2842 667 quamvis
2864 599 3173 657 adolescens
3196 642 3211 666 ,
3236 610 3294 659 et
3312 603 3365 658 in
3391 602 3674 659 solitudine
3694 646 3709 665 ,
3733 619 3942 659 rerum-

2363 700 2471 755 que
2487 688 2724 742 omnium
2748 688 2921 759 inopia
2941 705 3158 747 versans
3180 732 3196 757 ,
3222 691 3402 748 statim
3419 693 3590 748 crevit
3609 733 3624 758 ,
3661 703 3714 748 et
3736 694 3788 748 in
3808 709 3908 762 gen
3921 724 3942 736 -

2367 783 2477 833 tem
2515 792 2759 847 magnam
2782 781 2950 836 factus
2975 790 3057 839 est
3087 799 3102 842 :
3130 781 3251 852 quia
3287 783 3379 840 20.
3410 782 3543 839 Deus
3570 794 3676 839 erat
3694 825 3710 849 ,
3749 785 3938 855 inquit,

2365 881 2480 921 eum
2504 883 2676 937 puero.
2724 868 2860 926 Hinc
2893 871 3040 928 enim
3083 881 3227 927 totus
3268 888 3447 929 sermo
3488 884 3668 930 noster
3692 890 3943 945 egressus

2367 967 2469 1015 est.
2501 958 2860 1028 Despiciamus
2881 959 3038 1030 igitur
3055 1002 3071 1027 ,
3101 977 3224 1028 oro,
3250 967 3553 1033 praesentia,
3577 966 3944 1024 desideremus

2367 1049 2543 1110 futura
2570 1067 2587 1106 :
2611 1053 2836 1123 gratiam
2864 1054 2957 1110 Dei
2982 1056 3227 1112 omnibus
3255 1057 3599 1127 praeferamus
3617 1099 3636 1127 ,
3664 1070 3718 1115 et
3743 1074 3840 1128 per
3867 1061 3946 1114 vi-

2369 1151 2477 1198 tam
2515 1131 2771 1213 optimam
2810 1147 3032 1202 multam
3061 1145 3309 1206 fiduciam
3333 1148 3487 1205 nobis
3515 1160 3670 1205 antea
3708 1165 3942 1222 repona-

2365 1249 2484 1288 mus
2515 1253 2529 1289 :
2563 1244 2620 1290 ut
2645 1247 2700 1291 et
2735 1247 3052 1306 praesentem
3074 1240 3234 1295 vitam
3261 1241 3393 1295 citra
3421 1255 3711 1297 maerorem
3743 1244 3942 1298 trami-

2363 1336 2584 1393 gamns,
2612 1332 2669 1378 et
2704 1323 2880 1380 futura
2905 1325 3044 1381 bona
3064 1341 3454 1398 consequamur
3472 1369 3487 1395 ,
3519 1329 3684 1399 gratia
3714 1339 3770 1384 et
3795 1330 3949 1385 beni-

2365 1416 2564 1484 gnitate
2605 1413 2813 1470 Domini
2859 1416 3023 1471 nostri
3058 1415 3184 1472 Iesu
3223 1417 3459 1486 Christi,
3502 1419 3588 1474 cui
3617 1432 3740 1473 cum
3783 1418 3944 1473 Patre

2365 1503 2523 1558 simul
2547 1514 2603 1560 et
2628 1504 2824 1575 Spiritu
2848 1515 3034 1562 sancto
3061 1508 3130 1563 sit
3165 1508 3328 1578 gloria
3347 1549 3362 1572 ,
3399 1509 3678 1578 imperium
3701 1551 3716 1572 ,
3746 1509 3940 1577 honor,

2365 1609 2508 1652 nunc
2530 1604 2585 1652 et
2608 1609 2840 1668 sempr,
2863 1606 2914 1654 et
2934 1598 2987 1653 in
3014 1599 3208 1656 saecula
3236 1598 3574 1656 sceculorum.
3603 1601 3797 1656 Amen.

2889 1732 3164 1791 HOMILIA
3205 1735 3410 1793 XLVII.

2365 1836 2436 1894 Et
2464 1839 2651 1910 factum
2675 1850 2748 1898 est
2789 1852 2901 1913 post
2923 1845 3071 1900 verba
3099 1845 3206 1901 lues
3223 1885 3239 1909 ,
3266 1845 3407 1903 Deus
3431 1850 3652 1904 tentabat
3678 1849 3945 1906 Abraham

2944 1934 3351 2010 (Gen.22.i.)

2437 2042 2489 2097 ί.
2521 2042 2712 2112 ingens
2751 2045 2956 2104 lucrum
2978 2089 2995 2115 ,
3035 2050 3352 2122 grandisque
3381 2053 3660 2111 thesaurus
3683 2055 3736 2111 in
3764 2056 3946 2113 verbis

2362 2147 2482 2204 qua:
2506 2131 2666 2190 hodie
2685 2135 2850 2203 lecta,
2882 2140 3090 2195 tametsi
3121 2155 3285 2210 pauca
3310 2142 3450 2211 sint,
3477 2143 3666 2201 latont.
3696 2146 3775 2202 Eo
3796 2147 3944 2203 enim

2363 2224 2524 2281 modo
2547 2241 2608 2282 se
2627 2225 2824 2283 habent
2847 2229 3022 2286 divina
3050 2231 3282 2304 eloquia,
3301 2242 3362 2289 ut
3379 2234 3574 2292 multas
3595 2236 3811 2294 divitias
3832 2254 3944 2296 non

2364 2316 2417 2371 in
2447 2317 2781 2376 multitudine
2805 2323 3110 2393 verborum,
3141 2325 3235 2381 sed
3265 2327 3316 2381 in
3347 2326 3605 2386 brevitate
3629 2345 3943 2388 sermonum

2362 2408 2689 2464 contineant.
2721 2411 2830 2482 Age
2854 2412 3012 2482 igitur
3032 2415 3371 2486 exploremus
3392 2433 3453 2475 ea
3481 2435 3600 2491 qua:
3628 2419 3771 2477 dicta
3794 2433 3944 2488 sunt,

2362 2507 2417 2554 et
2437 2499 2706 2555 hodiernae
2729 2502 2968 2559 lectionis
2991 2507 3093 2559 vim
3115 2507 3398 2578 diligenter
3420 2508 3774 2565 addiscamus.
3799 2510 3944 2586 ⁸Νιιιι

2362 2590 2440 2645 sie
2469 2590 2660 2645 iterum
2685 2593 2914 2650 sciemus
2939 2609 2996 2651 et
3023 2596 3334 2665 patriarcha:
3359 2600 3630 2668 copiosam
3655 2601 3945 2668 virtutem,

2363 2689 2414 2738 et
2444 2682 2533 2738 Dei
2553 2684 2897 2740 excellentem
2923 2687 3279 2743 clementiam.
3304 2690 3354 2744 Ι.
3395 2687 3465 2744 Et
3502 2690 3692 2760 factum
3719 2702 3823 2760 est,
3856 2692 3948 2746 iu-

2362 2775 2496 2843 quil,
2524 2784 2635 2844 post
2660 2776 2808 2829 verba
2827 2776 2952 2845 hac,
2981 2776 3119 2834 Deus
3139 2782 3358 2835 tentabat
3376 2781 3626 2837 Abraham
3655 2781 3803 2854 (Cap.
3822 2783 3944 2855 22).

2361 2864 2497 2928 Quid
2524 2864 2626 2918 sibi
2652 2866 2836 2921 volunt
2871 2867 2985 2923 bare
3011 2870 3168 2924 verba
3187 2911 3202 2937 ,
3233 2869 3302 2924 Et
3329 2872 3520 2941 factum
3556 2882 3627 2927 est
3646 2881 3761 2943 post
3782 2875 3947 2930 verba

2362 2951 2490 3019 hac,
2513 2953 2733 3008 tentabat
2765 2954 2899 3012 Deus
2926 2957 3181 3012 Abraham
3197 2959 3225 3014 1’
3248 2957 3558 3030 Considera,
3581 2962 3822 3030 obsecro,
3854 2961 3950 3018 di-

2360 3044 2537 3099 vinam
2564 3042 2911 3116 Scripturam,
2939 3050 3206 3118 quomodo
3231 3050 3382 3106 nobis
3405 3050 3534 3120 justi
3559 3052 3803 3108 virtutem
3830 3053 3946 3123 jam

2364 3135 2491 3190 velit
2512 3133 2779 3205 detegere.
2806 3136 2872 3192 Et
2898 3139 3018 3208 quia
3047 3147 3321 3195 narratura
3349 3148 3450 3205 est,
3479 3143 3746 3212 quomodo
3767 3142 3947 3199 Abra-

2363 3225 2488 3283 bam
2516 3242 2547 3283 a
2579 3228 2688 3284 Deo
2715 3237 2946 3284 tentatus
2971 3231 3069 3297 sit,
3102 3231 3246 3301 prius
3276 3232 3385 3286 vult
3413 3240 3471 3287 ut
3506 3232 3774 3290 discamus
3803 3243 3947 3290 tem-

2363 3332 2495 3389 pus,
2525 3333 2630 3388 quo
2658 3316 2773 3372 hac
2807 3318 3118 3388 patriarchae
3159 3331 3418 3391 precepts
3457 3331 3620 3389 sunt,
3650 3332 3704 3379 et
3727 3323 3950 3395 quando

2356 3409 2539 3476 jussus
2564 3419 2646 3464 est
2671 3408 2867 3466 oll‘erre
2892 3409 3128 3466 isancum
3150 3452 3166 3478 ,
3193 3424 3251 3467 ut
3279 3413 3419 3468 scias
3443 3429 3686 3485 mgnam
3715 3416 3950 3484 patriar»

2361 3500 2476 3556 chce
2495 3500 2865 3568 obedientiam,
2892 3511 2947 3558 et
2964 3504 3233 3573 quomodo
3253 3502 3346 3559 Dei
3361 3504 3525 3575 jussis
3545 3505 3673 3561 nihil
3696 3505 3947 3577 prmiorri

2364 3606 2548 3661 passus
2575 3592 2662 3645 sit.
2687 3591 2824 3660 Quid
2852 3592 3011 3663 igitur
3031 3603 3131 3658 cst,
3155 3591 3368 3649 Factum
3384 3604 3456 3650 est
3478 3605 3644 3649 autem
3664 3605 3774 3666 post
3796 3597 3952 3652 verba

2363 3681 2468 3734 [nec
2485 3682 2510 3735 7
2529 3679 2785 3747 Quoniam
2809 3692 3081 3753 postquam
3104 3694 3255 3738 natus
3274 3693 3357 3739 est
3385 3685 3547 3750 lsaac,
3575 3686 3787 3756 quando
3809 3687 3950 3744 vidit

2363 3771 2522 3828 Sarra
2567 3773 2840 3829 lsmaelem
2881 3773 3036 3828 simul
3064 3775 3265 3829 versari
3297 3790 3418 3830 cum
3444 3774 3593 3832 lsaac
3615 3819 3629 3842 ,
3660 3777 3801 3832 sicut
3829 3778 3946 3834 beri

2340 3865 2514 3919 'vobis
2542 3864 2771 3920 diximus
2793 3908 2807 3930 ,
2849 3865 2951 3922 hoc
2992 3883 3140 3937 mgre
3171 3868 3347 3924 ferens
3370 3910 3385 3933 ,
3413 3869 3619 3924 dicebat
3664 3871 3898 3926 Abrahae
3930 3886 3944 3924 :

2363 3955 2510 4026 Ejice
2534 3959 2769 4013 ancillam
2794 3969 2840 4013 et
2861 3960 3025 4029 ﬁlium
3051 3961 3160 4031 ejus
3189 3975 3210 4015 :
3233 3976 3333 4015 non
3360 3961 3493 4015 enim
3513 3962 3608 4016 erit
3633 3961 3776 4017 heres
3805 3962 3950 4030 [ilius

2362 4049 2563 4102 ancillis
2582 4066 2695 4103 cum
2721 4051 2828 4119 [ilio
2857 4067 2966 4104 meo
2993 4054 3012 4119 (
3036 4050 3166 4107 Gen.
3196 4050 3287 4106 2i.
3310 4051 3432 4122 l0);
3464 4067 3693 4122 cumque
3721 4051 3827 4108 hoc
3853 4069 3952 4124 pa-

2363 4138 2608 4196 triarchas
2642 4140 2832 4196 durum
2863 4141 3130 4197 videretur
3149 4182 3166 4206 ,
3193 4142 3378 4198 volens
3409 4157 3532 4198 eum
3573 4141 3712 4198 Deus
3746 4158 3950 4200 corusc-

2364 4231 2484 4300 lari,
2509 4234 2584 4288 ait
2611 4251 2624 4286 :
2657 4233 2795 4289 Audi
2821 4233 3034 4308 Sarram
3067 4251 3284 4291 uxorem
3317 4245 3483 4303 tuam,
3509 4244 3568 4294 et
3592 4235 3674 4292 fac
3700 4237 3844 4308 quod
3875 4241 3948 4295 ab

2315 4382 2325 4391 ,
2363 4339 2425 4380 ea
2454 4323 2655 4379 dictum
2683 4334 2766 4380 est
2797 4342 2813 4380 :
2843 4340 3015 4397 neque
3041 4325 3280 4382 videatur
3307 4327 3398 4382 tibi
3425 4327 3613 4382 durum
3641 4369 3657 4393 ,
3683 4329 3826 4400 quod
3857 4328 3951 4384 di-

2362 4423 2505 4470 clum
2531 4423 2613 4470 est
2632 4413 2701 4471 de
2728 4431 2893 4486 puero
2916 4415 3061 4472 etde
3086 4417 3297 4472 ancilla.
3325 4418 3392 4471 In
3414 4416 3566 4472 Isaac
3587 4419 3721 4472 enirn
3745 4418 3953 4472 vocabi-

2363 4516 2445 4561 tur
2472 4506 2558 4560 tibi
2584 4524 2750 4562 semen
2779 4511 2797 4580 (
2825 4506 2904 4564 Ib.
2937 4525 2986 4562 v.
3018 4507 3087 4564 ιε
3107 4511 3149 4581 ),
3180 4519 3234 4564 et
3259 4509 3407 4564 illum
3431 4525 3642 4581 quoque
3671 4510 3859 4567 faciam
3888 4512 3948 4568 in

2362 4604 2571 4668 gentem
2597 4612 2838 4667 magnam
2863 4638 2880 4665 ,
2909 4599 3030 4669 quia
3057 4612 3239 4656 semen
3270 4609 3418 4655 tuum
3442 4608 3542 4655 est.
3573 4599 3641 4655 Et
3663 4601 3837 4655 omnis
3867 4600 3954 4660 illi

2364 4703 2393 4741 a
2423 4688 2533 4745 Deo
2569 4689 2702 4745 facta
2739 4691 3022 4761 promissio
3047 4706 3114 4747 eo
3144 4692 3422 4760 tendebat,
3463 4702 3521 4749 ut
3562 4694 3670 4750 nati
3698 4709 3766 4750 ex
3797 4694 3954 4754 lsaac

2363 4781 2416 4838 in
2446 4795 2690 4853 magnum
2725 4784 2976 4854 populum
3018 4795 3452 4856 propagarentur.
3482 4783 3614 4840 Cum
3643 4801 3771 4856 ergo
3795 4785 3950 4844 bona

2363 4873 2663 4943 bujusmodi
2692 4889 2789 4944 spe
2815 4875 3048 4930 aleretur
3070 4876 3264 4944 justus,
3291 4884 3412 4947 post
3434 4885 3606 4931 tantas
3624 4886 3678 4934 et
3697 4888 3801 4932 tam
3831 4879 3951 4936 ire.

2363 4975 2583 5035 quentes
2608 4982 2872 5022 aerumnas
2899 4975 2954 5022 et
2983 4967 3318 5034 tentationes,
3341 4982 3523 5024 earum
3549 4978 3762 5039 accepta
3788 4984 3952 5027 mer-

2362 5055 2510 5122 cede,
2539 5066 2593 5113 et
2620 5058 2672 5113 in
2701 5065 2812 5113 tuto
2838 5057 3051 5113 demum
3077 5057 3380 5125 collocatus,
3413 5074 3521 5129 prae
3538 5059 3706 5115 oculis
3735 5059 3950 5118 habens

2361 5147 2463 5204 sibi
2491 5163 2860 5204 successurum
2893 5147 3164 5217 heredem,
3192 5163 3379 5205 secure
3402 5149 3620 5220 agebat,
3653 5150 3947 5208 maximam

2361 5240 2484 5296 inde
2506 5241 2800 5311 percipiens
2823 5240 3259 5296 consolationem.
3291 5240 3488 5297 Verum
3515 5243 3602 5313 qui
3626 5243 3950 5302 abscondita

2358 5333 2600 5389 cordium
2631 5332 2814 5397 novit,
2841 5333 3024 5390 volens
3050 5332 3204 5388 nobis
3225 5333 3357 5403 justi
3385 5333 3542 5404 hujus
3566 5335 3814 5391 virtutem
3844 5335 3945 5393 de-

2363 5436 2577 5498 tegere,
2608 5436 2664 5482 et
2702 5440 2947 5496 magnum
2976 5441 3213 5482 amorem
3239 5443 3395 5498 quem
3422 5443 3544 5498 erga
3585 5442 3644 5482 se
3681 5427 3903 5499 gerebat
3926 5471 3945 5496 ,

2359 5527 2479 5589 post
2519 5526 2596 5574 tot
2639 5518 3016 5590 promissiones
3057 5528 3110 5574 et
3153 5518 3289 5574 hanc
3334 5534 3544 5589 quoque
3585 5535 3702 5591 qua:
3750 5535 3950 5580 recens

2357 5609 2495 5667 facta
2518 5624 2655 5679 erat,
2683 5622 2736 5667 et
2755 5611 2904 5683 cujus
2929 5611 3238 5668 memoriam
3265 5613 3438 5670 adhuc
3467 5613 3670 5669 firmam
3703 5614 3950 5686 tenebat,

2356 5719 2477 5762 cum
2503 5705 2605 5777 jam
2635 5703 2964 5762 adolesceret
2989 5706 3153 5772 lsaac,
3191 5716 3242 5762 et
3274 5707 3324 5762 in
3355 5706 3471 5777 ipso
3494 5709 3666 5764 aetatis
3695 5706 3829 5765 ﬂore
3861 5725 3952 5768 es-

2359 5806 2460 5868 set,
2481 5806 2849 5868 cresceretque
2869 5808 3033 5869 patris
3056 5813 3182 5871 erga
3209 5797 3357 5855 illum
3381 5796 3618 5870 dilectio,
3641 5809 3765 5872 post
3782 5800 3949 5862 verba
