4124 6502
279 424 421 503 tea

313 532 687 610 proinissioois
721 540 779 589 et
807 540 1083 602 postquam
1110 524 1245 582 dixit
1276 544 1288 580 :
1323 523 1392 579 In
1415 524 1506 578 illo
1535 520 1791 575 vocabitur
1815 516 1905 576 tibi

309 643 482 682 semen
503 665 520 689 ,
561 636 618 680 et
660 623 753 678 ille
783 620 884 677 erit
925 632 1204 676 successor
1229 624 1350 671 tuus
1378 632 1391 668 :
1423 613 1549 668 Post
1571 613 1721 667 verba
1752 611 1861 665 hac

310 718 536 774 tentabat
557 714 694 770 Deus
722 713 997 769 Abraham.
1025 708 1165 778 Quid
1188 716 1291 775 est,
1318 705 1568 762 Tentabat
1585 705 1612 758 2
1626 703 1742 759 Non
1763 718 1910 775 quoa

312 811 428 881 ipse
456 811 752 880 ignoraret,
789 804 1081 860 tentatione
1105 801 1252 856 illum
1281 798 1557 869 probavit,
1584 796 1677 852 sed
1707 802 1765 850 ut
1791 803 1845 850 et
1871 794 1906 849 ii

314 900 403 970 qui
426 907 553 954 tunc
571 905 743 960 erant,
766 906 820 950 et
837 893 926 964 qui
949 892 1016 948 ab
1032 908 1097 947 eo
1120 901 1549 960 temporeausque
1573 887 1639 942 ad
1669 899 1908 955 przesens

313 991 478 1049 futuri
521 998 684 1056 sunt,
729 986 866 1042 istud
907 986 1080 1055 ipsum
1127 980 1444 1052 patriarcha:
1486 978 1812 1035 desiderium
1852 985 1910 1032 et

310 1083 671 1141 obedientiam
717 1080 768 1134 in
804 1077 1086 1149 praeceptis
1114 1074 1397 1130 dominicis
1423 1087 1533 1140 pra:
1560 1085 1619 1127 se
1649 1069 1792 1125 ferre
1820 1067 1905 1126 di-

311 1183 490 1230 scant.
523 1173 591 1228 Et
621 1171 770 1237 dixit,
794 1173 996 1240 inquit,
1027 1170 1096 1223 ad
1115 1184 1231 1222 eum
1252 1184 1271 1221 :
1301 1165 1558 1220 Abraham
1581 1204 1597 1228 ,
1628 1162 1905 1218 Abraham.

312 1267 382 1322 At
425 1267 512 1321 ille
550 1267 677 1321 dixit
703 1281 722 1319 :
753 1263 884 1336 Ecce
911 1279 1024 1333 ego.
1057 1260 1192 1328 Quid
1220 1259 1320 1315 sibi
1348 1259 1463 1313 vult
1488 1257 1635 1312 verbi
1661 1255 1906 1325 duplica-

313 1359 393 1413 tio
413 1358 438 1412 ?
467 1358 669 1428 Magnae.
692 1355 1077 1410 benevolentia:
1097 1352 1221 1423 eiga
1248 1350 1604 1421 patriarcham
1626 1362 1912 1419 argumen-

313 1460 429 1507 tum
460 1460 563 1514 est,
593 1458 648 1505 et
672 1447 1001 1502 monstrabat
1025 1445 1073 1501 ei
1104 1444 1382 1500 vocatione
1404 1442 1540 1510 ipsa,
1573 1455 1634 1498 se
1659 1453 1916 1509 magnum

311 1541 513 1612 aliquid
541 1549 927 1610 praceptorum
955 1551 1094 1593 esse.
1118 1535 1188 1592 Ut
1215 1535 1374 1606 igitur
1399 1534 1544 1587 illum
1569 1530 1909 1586 attentiorem

312 1631 589 1696 redderet,
619 1631 946 1685 vocationem
977 1626 1315 1698 geminabat',
1345 1635 1400 1682 et
1424 1623 1559 1679 dixit
1587 1641 1599 1676 :
1631 1622 1907 1683 Abraham,

313 1723 594 1778 Abraham.
625 1720 727 1779 Illa
745 1730 911 1776 autem
935 1720 1064 1774 dixit
1089 1736 1106 1774 :
1137 1718 1268 1775 Ecce
1305 1733 1416 1789 ego.
1437 1715 1493 1772 2.
1517 1714 1584 1769 Et
1609 1715 1736 1768 dixit
1762 1732 1775 1767 :
1809 1712 1910 1766 Ac-

313 1813 432 1884 cipe
451 1813 614 1881 ﬁlium
636 1822 778 1866 tuum
806 1811 1066 1874 dilectum,
1089 1826 1234 1880 quem
1254 1807 1496 1871 dilexisti,
1521 1805 1693 1872 Isaac,
1714 1815 1762 1859 et
1789 1804 1915 1858 vade

311 1904 373 1957 iu
404 1912 595 1958 terrast
622 1902 870 1960 excelsam
889 1941 906 1967 ,
936 1909 981 1956 et
1006 1898 1136 1966 offer
1161 1915 1273 1954 eum
1303 1901 1356 1953 in
1383 1899 1739 1955 holocaustum
1759 1911 1914 1966 super

313 2007 479 2046 unum
507 1994 748 2046 montium
771 2032 787 2059 ,
826 2008 983 2059 quem.
1013 1991 1102 2045 tibi
1145 1991 1339 2044 dixero.
1381 1989 1626 2060 Magnum
1658 1986 1919 2058 pracepti

313 2081 556 2152 pondus,
583 2089 637 2136 et
665 2096 750 2136 res
781 2081 1073 2136 humanam
1101 2079 1482 2134 transcenderis
1511 2086 1788 2133 naturam.
1813 2078 1912 2132 Ac-

313 2173 433 2242 cipe
461 2173 622 2240 [ilium
643 2182 784 2226 tuum
812 2173 1088 2234 dilectum,
1115 2189 1263 2241 quem
1285 2172 1508 2226 dilexisti
1530 2213 1544 2236 ,
1572 2170 1740 2225 Isaac.
1778 2169 1914 2224 Vide

316 2262 593 2334 quomodo
631 2278 728 2332 per
754 2263 914 2317 verba
957 2263 1056 2318 ista
1097 2261 1353 2331 majorem
1385 2277 1568 2345 rogum
1598 2260 1912 2325 succendit,

315 2362 376 2410 et
405 2352 672 2408 fornacem
697 2353 913 2418 amoris,
945 2367 1055 2422 quo
1075 2353 1249 2420 justus
1279 2353 1329 2405 in
1361 2351 1504 2405 Isaac
1531 2350 1752 2405 aﬂ'ectus
1775 2359 1918 2418 erat,

318 2443 691 2498 rehrmentius
706 2444 926 2499 excitat.
945 2445 1129 2513 Accipe
1149 2443 1312 2512 ﬁlium
1330 2453 1469 2495 tuum
1494 2442 1748 2506 dilectum,
1768 2457 1916 2512 quem

319 2535 566 2604 dilexisti,
598 2535 767 2590 Isaac.
800 2536 1226 2606 Unumquodque
1249 2534 1471 2590 verbum
1499 2550 1593 2604 per
1616 2545 1676 2589 se
1701 2533 1914 2588 sufﬁce-

321 2636 410 2682 ret
426 2627 492 2682 ad
516 2627 851 2682 sanciendam
873 2627 1104 2682 animam
1122 2626 1273 2698 justi.
1296 2626 1410 2684 Non
1433 2625 1574 2681 enim
1597 2625 1913 2696 simpliciter

321 2718 479 2780 dixit,
508 2717 692 2786 Isaac,
719 2719 812 2774 sed
851 2719 1073 2785 addidit,
1106 2717 1300 2773 Filium
1325 2728 1467 2772 tuum
1492 2759 1508 2785 ,
1533 2733 1689 2788 quem
1715 2725 1917 2809 prmter

318 2824 545 2866 omnem
559 2810 1008 2880 exspectationem
1031 2809 1332 2880 suscepisti,
1352 2819 1407 2865 et
1424 2809 1476 2863 in
1499 2809 1611 2880 ipsa
1635 2816 1916 2864 senectute

321 2899 524 2955 habere
544 2899 780 2970 potuisti,
813 2898 1081 2963 Dilectum,
1111 2899 1521 2956 desiderabilem
1553 2909 1722 2966 tuum,
1754 2915 1914 2968 quem

320 2999 434 3048 tam
476 2991 760 3047 immodice
799 2991 1008 3062 diligis,
1043 2991 1284 3048 lsaacum
1305 3031 1321 3058 ,
1353 3006 1515 3062 quem
1541 3005 1912 3046 successurum

320 3081 425 3140 tibi
448 3092 748 3153 exspectas,
771 3097 838 3137 ex
862 3097 968 3152 quo
991 3091 1048 3138 et
1073 3097 1255 3138 semen
1283 3089 1438 3139 tuum
1456 3081 1913 3151 multiplicandum

322 3173 580 3244 promisi,
611 3182 667 3229 et
695 3173 748 3227 in
779 3181 982 3227 tantum
1018 3172 1477 3242 multiplicandum
1507 3213 1523 3237 ,
1554 3181 1612 3225 ut
1638 3171 1914 3226 stellarum

320 3265 646 3322 multitudini
675 3276 731 3323 et
767 3283 946 3323 arente
981 3284 1100 3338 quae
1124 3269 1271 3338 juxta
1312 3267 1437 3322 litus
1466 3267 1629 3322 maris
1655 3274 1741 3321 est
1769 3265 1917 3320 adm-

321 3366 536 3428 quetur.
559 3357 708 3413 Illum
743 3359 914 3428 ipsum
941 3359 1145 3430 Accipe,
1165 3370 1212 3413 et
1231 3359 1358 3413 vade
1373 3359 1426 3413 in
1443 3367 1625 3412 terram
1643 3357 1915 3420 excelsam.

319 3460 371 3506 et
399 3449 528 3518 afer
559 3467 675 3506 eum
699 3453 768 3505 ibi
795 3451 848 3504 in
883 3452 1229 3505 holocaustum
1257 3467 1409 3520 super
1441 3467 1596 3504 unum
1627 3451 1870 3503 montium
1898 3491 1913 3517 ,

319 3561 469 3614 quem
497 3545 586 3598 tibi
610 3546 795 3599 dicam.
826 3544 1090 3599 Admirari
1120 3543 1262 3598 subit
1286 3543 1557 3614 quomodo
1591 3543 1705 3597 ha:c
1742 3542 1914 3612 justus

317 3635 538 3690 auribus
565 3634 704 3691 ferre
727 3635 978 3706 potuerit.
1004 3635 1155 3689 Illum
1184 3634 1328 3690 enim
1357 3635 1550 3703 ipsum,
1583 3633 1773 3703 inquit,
1801 3642 1912 3688 tam

319 3728 732 3784 desiderabilem
775 3727 866 3782 tibi
893 3769 909 3790 ,
947 3725 1081 3782 oll‘er
1109 3727 1240 3780 mihi
1270 3727 1322 3780 in
1355 3728 1722 3781 holocaustum
1749 3739 1915 3795 super

319 3837 490 3875 unum
517 3821 797 3874 montium.
817 3812 963 3888 Quid
995 3819 1154 3890 igitur
1173 3819 1388 3889 justus?
1416 3819 1528 3873 Non
1561 3818 1804 3873 turbatus
1831 3826 1916 3872 est

319 3911 522 3976 animo,
553 3927 659 3966 non
688 3911 940 3966 confusus
965 3921 1048 3966 est
1068 3921 1268 3977 mente,
1299 3927 1406 3965 non
1435 3911 1658 3965 consilio
1684 3910 1910 3964 destitu-

319 4011 412 4056 tus
431 4010 513 4056 est
535 4001 600 4056 ad
628 4012 733 4057 tam
761 4002 1080 4072 stupendum
1114 4011 1457 4075 pra-ceptum,
1488 4017 1593 4057 non
1620 4002 1914 4072 cogitabat,

320 4106 435 4147 non
469 4095 882 4154 ratiocinabatur
916 4109 1099 4150 secum
1130 4113 1143 4148 :
1170 4093 1308 4161 Quid
1355 4095 1455 4149 hoc
1495 4094 1622 4149 est?
1648 4095 1735 4163 qui
1784 4094 1914 4148 mihi

319 4193 518 4254 prater
557 4200 770 4239 omnem
814 4186 1264 4256 exspectationem
1307 4187 1509 4260 prolem
1547 4186 1777 4255 largitus.
1793 4195 1910 4251 est,

319 4276 414 4346 qui
443 4289 655 4347 propter
684 4278 1068 4349 benignitatem
1094 4294 1243 4332 suam
1267 4287 1568 4334 emortuam
1590 4279 1768 4336 Sarra:
1797 4279 1914 4333 vul-

319 4381 443 4421 vam
472 4369 799 4438 generatiOni
832 4368 1075 4423 idoneam
1103 4369 1256 4435 iecit,
1290 4384 1429 4425 nunc
1457 4379 1733 4441 postquam
1759 4370 1914 4425 ειμι-η

320 4470 496 4515 elatus
524 4472 607 4515 cst
632 4461 770 4516 [ilius
796 4471 850 4516 et
876 4463 1043 4516 crevit
1061 4502 1077 4528 ,
1109 4471 1162 4517 et
1190 4463 1242 4516 in
1273 4462 1404 4518 llore
1430 4463 1601 4517 artatis
1629 4472 1741 4528 est,
1771 4464 1912 4518 hunc

319 4549 494 4605 occidi
524 4559 576 4605 et
615 4553 668 4605 in
700 4553 1068 4606 holocaustum
1109 4552 1287 4608 offerri
1316 4554 1554 4624 praecipit
1585 4572 1598 4608 :
1632 4555 1728 4625 qui
1755 4556 1915 4625 paulo

317 4654 477 4696 antea
504 4642 654 4703 dixit,
683 4639 751 4695 In
778 4642 888 4712 ipso
919 4643 1173 4696 vocabitur
1199 4645 1285 4698 tibi
1315 4661 1502 4711 semen,
1533 4661 1672 4702 nunc
1697 4655 1914 4700 eontra-

318 4734 397 4789 ria
431 4733 682 4804 primipit.
731 4734 799 4789 Et
843 4733 1112 4804 quomodo
1147 4735 1523 4805 implebuntur,
1567 4753 1687 4806 qua:
1733 4738 1804 4792 ab
1845 4752 1917 4794 eo

316 4835 447 4882 sunt
471 4827 726 4894 promissa
747 4825 901 4892 ‘lQuo
927 4839 1081 4895 pacto
1109 4828 1252 4881 enim
1282 4828 1391 4883 lleri
1421 4838 1617 4899 potest,
1645 4839 1702 4884 ut
1732 4830 1914 4887 radice

322 4930 534 4974 exsecta
581 4919 716 4972 rami
754 4919 1059 4988 pullulent,
1105 4921 1185 4975 vel
1226 4922 1428 4975 succisa
1474 4922 1668 4978 arbore
1709 4923 1913 4978 fructus

321 5012 634 5082 proveniant
659 5053 675 5076 ,
704 5013 782 5065 vel
827 5012 971 5067 l’nnle
999 5012 1236 5068 arefacto
1266 5013 1404 5068 ﬂuvii
1437 5018 1731 5071 scaturiant
1757 5017 1780 5070 ?
1809 5017 1908 5072 Se-

323 5107 550 5162 cundum
580 5105 809 5161 hominis
832 5109 1088 5162 ratiOnem
1113 5108 1232 5163 talia
1260 5109 1371 5163 ﬁeri
1398 5125 1502 5164 non
1528 5121 1607 5164 est
1635 5112 1908 5180 possibile;

320 5197 434 5252 Deo
460 5199 632 5258 autem
656 5198 867 5252 volente
897 5197 1008 5251 ﬁeri
1039 5211 1258 5268 possunt
1281 5202 1479 5255 omnia.

390 5287 448 5340 2.
473 5287 736 5341 Cauerum
760 5287 948 5342 horum
981 5288 1108 5342 nihil
1134 5291 1383 5360 cogitavit
1404 5293 1781 5363 secumjustu.
1799 5295 1905 5360 ille,

315 5378 414 5434 sed
431 5380 567 5434 sicut
585 5388 766 5451 gratus
789 5378 1038 5442 famulus.
1053 5383 1247 5437 omissa
1265 5385 1408 5437 omni
1431 5385 1639 5443 ratione
1656 5387 1906 5451 humana,

319 5486 482 5525 unam
513 5481 712 5526 tantum
746 5489 857 5527 rem
885 5474 1119 5538 curabat,
1148 5485 1204 5529 ut
1235 5477 1493 5545 imperata
1525 5494 1686 5548 opere
1717 5463 1908 5547 imple-

317 5571 402 5618 mt
433 5581 446 5616 z
475 5572 528 5618 et
568 5565 716 5634 quasi
756 5565 926 5620 lactus
968 5566 1034 5618 ab
1076 5567 1301 5620 humana
1346 5577 1532 5622 natura
1579 5571 1786 5624 alienus
1812 5611 1825 5631 ,
1857 5580 1919 5622 at:

321 5655 741 5724 postponendam
772 5655 974 5710 dIICl'DS
999 5655 1190 5710 divinis
1223 5659 1500 5726 prccccplis
1539 5675 1748 5714 onmem
1782 5660 1910 5714 alic-

321 5745 553 5800 ctionem
584 5756 638 5799 et
663 5745 1003 5801 dilectionem
1029 5790 1040 5809 ,
1071 5747 1134 5800 ad
1164 5749 1429 5822 implenda
1464 5749 1552 5802 Dei
1581 5751 1726 5818 jnssa
1756 5752 1908 5806 testi—

318 5837 487 5893 navit.
510 5837 562 5892 5.
597 5836 661 5890 Et
691 5854 801 5892 cum
832 5839 1126 5892 surrexisset
1153 5879 1166 5906 ,
1201 5842 1404 5911 inquit,
1434 5844 1687 5897 Abraham
1724 5861 1903 5914 mane,

1377 411 1442 470 IN
1474 408 1630 466 CAP.
1669 408 1834 472 XXII.
1869 411 2117 471 GENES.
2158 408 2387 470 suum
2430 411 2642 470 XLVII.

3502 428 3610 489 880

2010 522 2188 574 stravit
2215 522 2412 578 auitam
2446 541 2611 580 suasit.
2647 521 2851 598 Accepit
2877 539 3045 587 autem
3087 549 3256 598 secum
3281 535 3416 592 duos
3437 554 3615 594 servos

2013 623 2066 670 et
2100 611 2251 669 Isaae
2288 617 2452 684 ﬁlium
2480 634 2630 673 suum
2659 636 2680 675 :
2713 631 2761 675 et
2796 623 2968 678 scissis
3003 625 3154 695 lignis
3181 626 3612 685 inholocaustum

2012 721 2126 760 cum
2152 709 2451 764 surreaisset
2469 751 2484 775 ,
2506 716 2766 788 profectus
2788 725 2882 781 est,
2909 726 2956 770 et
2982 718 3114 771 venit
3139 719 3191 772 in
3227 719 3395 774 locum
3413 763 3428 785 ,
3461 739 3612 792 quem

2014 796 2146 852 dixit
2179 799 2226 852 ei
2258 798 2396 855 Deus
2418 841 2434 867 ,
2467 801 2554 856 die
2578 807 2744 860 tertio.
2768 805 2904 862 Vide
2931 808 3253 865 clementem
3277 809 3560 868 Dominum
3593 855 3608 880 ,

2014 888 2298 962 quomodo,
2327 899 2382 946 et
2418 885 2702 948 intervalki
2747 895 2850 950 loci
2885 897 3014 966 justi
3056 899 3301 967 probavit
3331 901 3607 958 virtutem.

2013 977 2194 1047 Cogita
2222 992 2400 1036 autem
2426 983 2551 1053 quid
2579 985 2854 1054 probabile
2877 987 2948 1042 sit
2977 988 3154 1044 triduo
3180 989 3270 1044 illo
3293 991 3612 1048 sustinuisse

2011 1067 2212 1138 justum
2246 1071 2262 1101 ί
2292 1085 2472 1126 secum
2512 1084 2846 1143 reputantem
2881 1077 2983 1133 sibi
3013 1090 3336 1148 praeceptum
3365 1096 3488 1137 esse
3508 1123 3524 1147 ,
3555 1091 3614 1136 ut

2012 1159 2126 1216 suis
2148 1163 2391 1218 manibus
2409 1171 2512 1217 tam
2534 1165 2787 1221 dilectum
2810 1167 2976 1223 lilium
2998 1169 3286 1236 occideret,
3309 1186 3483 1241 neque
3499 1188 3612 1227 rem

2017 1252 2114 1308 ulli
2142 1257 2564 1339 communicaret
2592 1267 2645 1313 et
2683 1257 2995 1329 detegeret;
3033 1269 3087 1315 et
3115 1263 3436 1333 olistupesce
3461 1264 3607 1333 pium

2015 1347 2429 1418 religiosunique
2477 1365 2540 1405 ac
2582 1352 2896 1421 prudentem
2942 1355 3107 1422 ipsius
3160 1356 3420 1411 animum.
3478 1357 3612 1425 Quia

2016 1441 2160 1494 enim
2193 1441 2393 1495 sciebat
2421 1443 2839 1512 magnitudinem
2871 1447 3143 1516 prtecepti,
3163 1449 3362 1502 nemini
3393 1463 3613 1518 prorsus

2020 1531 2120 1587 hoc
2145 1525 2498 1604 significavit,
2525 1550 2697 1605 neque
2725 1537 2931 1605 pueris,
2962 1554 3139 1608 neque
3170 1541 3270 1609 ipsi
3305 1540 3450 1595 Isaac
3475 1559 3488 1596 :
3517 1541 3613 1596 sed

2019 1625 2165 1679 solus
2192 1639 2372 1680 secum
2402 1641 2631 1696 agonem
2665 1627 2810 1682 illum
2841 1629 3145 1684 decertabat
3175 1673 3189 1695 ,
3221 1641 3274 1686 et
3303 1632 3451 1702 quasi
3483 1631 3614 1686 ada-

2018 1730 2132 1769 mas
2172 1715 2385 1783 quidam
2425 1717 2676 1772 manebat
2715 1718 2976 1784 invictus,
3019 1719 3186 1774 robur
3231 1723 3614 1791 cogitationum

2020 1813 2224 1860 tantum
2250 1805 2508 1862 exhibens
2527 1849 2542 1873 ,
2573 1816 2622 1862 et
2651 1822 2758 1874 non
2786 1810 2946 1864 multa
2973 1820 3245 1876 causatus,
3275 1826 3468 1882 magno
3493 1827 3614 1868 cum

2018 1897 2285 1952 desiderio
2314 1897 2716 1968 obtemperabat
2741 1902 2889 1955 nutui
2912 1901 3110 1956 divino.
3146 1903 3210 1956 Et
3237 1912 3518 1974 postquam
3546 1904 3612 1959 ad

2017 1991 2192 2045 locum
2236 1991 2385 2047 illum
2428 1994 2704 2063 pervenit,
2733 1994 2787 2049 ι.
2821 1993 3048 2049 Sublatis
3072 2035 3087 2058 ,
3116 1994 3288 2066 inquit
3311 2037 3326 2060 ,
3360 1995 3618 2050 Abraham

2019 2085 2180 2140 oculis
2207 2085 2314 2139 suis
2338 2084 2461 2139 vidit
2489 2085 2656 2140 locum
2685 2103 2716 2138 a
2751 2087 2934 2158 longe,
2966 2087 3017 2142 5.
3050 2096 3098 2141 et
3126 2087 3256 2142 dixit
3296 2088 3451 2142 seruis
3476 2087 3620 2141 suis:

2021 2178 2206 2234 Sedete
2238 2179 2320 2232 hic
2356 2195 2470 2233 cum
2505 2181 2672 2234 asina.
2701 2179 2837 2236 Vide
2859 2191 2912 2236 et
2944 2178 3030 2236 hic
3054 2181 3183 2251 justi
3213 2194 3458 2251 magnam
3490 2196 3617 2250 pru-

2020 2269 2254 2325 dentiam
2282 2287 2295 2323 :
2323 2271 2482 2325 etiam
2514 2271 2684 2326 servis
2709 2271 2821 2326 vult
2848 2286 2970 2327 esse
2999 2271 3244 2327 occultus
3268 2312 3283 2338 ,
3314 2286 3408 2340 per
3438 2271 3617 2326 omnia

2019 2361 2300 2416 declarans
2324 2377 2380 2416 se
2401 2376 2522 2416 cum
2552 2362 2776 2417 ferventi
2800 2363 3075 2418 alacritate
3095 2371 3149 2418 et
3177 2362 3382 2417 intento
3403 2361 3617 2416 deside-

2019 2454 2102 2507 rio
2123 2454 2345 2522 implere
2366 2453 2500 2509 velle
2520 2452 2662 2520 quod
2684 2454 2793 2509 Deo
2815 2453 3157 2523 probabatur.
3182 2452 3315 2508 Nam
3339 2454 3460 2523 quia
3484 2453 3618 2508 scie-

2022 2544 2112 2600 bat
2139 2559 2331 2599 novum
2363 2554 2417 2599 et
2449 2544 2742 2600 inauditum
2772 2559 2895 2600 esse
2929 2544 2980 2599 id
3011 2543 3151 2614 quod
3175 2543 3245 2598 ab
3273 2544 3387 2612 ipso
3415 2541 3617 2596 facien-

2020 2637 2146 2692 dum
2168 2646 2302 2702 erat,
2327 2652 2500 2706 neque
2519 2637 2588 2691 ab
2607 2636 2717 2691 ullo
2732 2630 2982 2707 tanquam
3010 2635 3114 2691 tale
3135 2634 3388 2705 quiddam
3417 2631 3616 2687 factum

2022 2730 2186 2785 fuisse
2215 2713 2371 2785 antea
2394 2773 2408 2797 ,
2436 2745 2550 2785 rem
2578 2730 2754 2785 servis
2782 2729 3035 2784 occultat.
3068 2729 3127 2783 Et
3157 2727 3362 2783 relictis
3389 2727 3469 2779 eis
3493 2741 3618 2781 cum

2021 2823 2192 2887 asina,
2226 2823 2395 2894 inquit
2427 2841 2440 2876 :
2468 2821 2521 2876 5.
2553 2819 2655 2875 Hic
2673 2829 2957 2891 exspectate
2977 2835 2996 2874 :
3013 2835 3106 2890 ego
3127 2819 3266 2872 enim
3290 2827 3337 2872 et
3359 2832 3485 2886 puer
3502 2833 3618 2868 am-

2022 2913 2307 2968 bulabimus
2336 2929 2490 2982 usque
2511 2912 2656 2979 illuc,
2677 2921 2724 2966 et
2748 2928 2865 2966 cum
2888 2912 3290 2973 adoravcrimus,
3316 2918 3620 2962 revertemur

2022 3007 2091 3060 ad
2120 3023 2224 3060 vos.
2259 3005 2518 3075 Ignorans
2545 3004 2776 3059 futurum
2808 3018 2928 3059 esse
2957 3003 3007 3056 id
3040 3001 3183 3072 quod
3224 3000 3437 3055 dicebat
3464 3040 3478 3066 ,
3520 2995 3618 3053 sed

2025 3095 2368 3167 prophetavit
2393 3094 2606 3164 quidem
2634 3135 2648 3158 ,
2682 3095 2933 3164 ignorans
2955 3101 3133 3146 tamen
3167 3089 3429 3144 fortassis.
3466 3088 3620 3144 Dice-

2023 3186 2114 3242 bat
2141 3195 2318 3240 autem
2350 3183 2466 3250 bare
2490 3183 2657 3238 servis
2682 3221 2697 3248 ,
2729 3182 2867 3236 forte
2897 3191 2954 3235 ut
2981 3181 3282 3250 imponeret
3307 3179 3384 3232 eis
3406 3218 3423 3242 ,
3452 3188 3505 3232 et
3537 3176 3619 3232 la-

2024 3285 2171 3334 ceret
2199 3286 2256 3332 ut
2295 3276 2365 3331 ibi
2407 3282 2688 3329 manentes
2716 3289 2823 3328 non
2850 3280 3203 3341 sequerentur
3231 3287 3246 3326 :
3277 3285 3338 3324 ac
3363 3269 3619 3340 deinceps

2024 3383 2144 3422 cum
2173 3380 2339 3436 puero
2363 3373 2483 3420 erat
2509 3362 2830 3435 patriarcha.
2853 3362 2905 3416 6.
2932 3361 3137 3432 Accepit
3162 3370 3329 3414 autem
3360 3359 3618 3414 Abraham

2024 3459 2164 3528 ligna
2195 3456 2495 3522 holocausti,
2525 3465 2572 3510 et
2598 3454 2838 3524 imposuit
2867 3451 3017 3506 lsaac
3046 3451 3155 3521 [ilio
3184 3467 3296 3505 suo.
3330 3450 3463 3503 Tulit
3488 3465 3617 3519 quo-

2023 3564 2120 3616 que
2141 3547 2193 3600 in
2215 3546 2448 3600 manibus
2467 3544 2633 3616 ignem
2660 3553 2707 3599 et
2731 3541 2981 3612 gladium,
3003 3551 3049 3595 et
3070 3549 3399 3609 perrexerunt
3421 3538 3618 3592 duo'illi

2023 3641 2194 3696 simul.
2225 3639 2270 3693 Ο
2297 3640 2490 3694 anima:
2520 3636 2879 3692 fortitudinem
2906 3636 2919 3689 l
2953 3650 2986 3688 ο
3013 3633 3231 3704 spiritus
3254 3631 3610 3686 soliditatem!

2025 3735 2090 3789 Et
2117 3734 2375 3805 imposuit,
2404 3732 2595 3802 inquit,
2618 3729 2771 3785 Isaac
2786 3731 2928 3801 ligna
2947 3729 3232 3783 holocausti
3252 3742 3272 3780 :
3299 3727 3412 3796 ipse
3437 3735 3616 3780 autem

2021 3825 2255 3896 gladium
2296 3833 2351 3879 et
2390 3824 2566 3891 ignem
2600 3821 2840 3890 accepit,
2880 3830 2934 3875 et
2972 3816 3194 3873 iverunt
3224 3817 3397 3872 ambo.
3429 3814 3614 3872 simul.

2021 3917 2278 3986 Qualibus
2305 3915 2474 3971 oculis
2507 3913 2782 3982 spectabat
2810 3920 3030 3982 puerum
3072 3911 3210 3980 ligna
3253 3909 3566 3965 all‘erentetn
3596 3949 3618 3976 .

2022 4024 2186 4078 super
2209 4021 2330 4077 quae
2356 4020 2462 4081 non
2487 4005 2657 4060 multo
2689 4012 2808 4072 post
2837 4002 2982 4057 illum
3012 4001 3382 4056 immolaturus
3401 4001 3423 4032 ²
3452 4008 3569 4055 erat
3592 3998 3627 4055 ι

2021 4098 2290 4170 quomodo
2330 4111 2520 4151 manus
2559 4095 2700 4150 ferre
2741 4095 2912 4164 potuit
2954 4093 3127 4163 ignem
3156 4102 3208 4146 et
3241 4087 3522 4162 gladium?
3548 4089 3626 4146 Et"

2023 4205 2211 4246 manus
2239 4189 2455 4260 quidem
2479 4186 2688 4242 ferebat
2711 4187 2885 4256 ignem
2916 4184 3249 4248 sensibilem,
3277 4182 3413 4252 ignis
3436 4190 3628 4237 autem.

2020 4282 2243 4337 interior
2268 4276 2595 4336 accendebat
2631 4276 2797 4345 ipsius
2827 4284 3059 4330 mentem
3085 4314 3098 4335 ,
3127 4281 3185 4326 et
3224 4274 3485 4328 rationem
3515 4271 3616 4326 ab-

2020 4373 2282 4438 sumebat,
2310 4370 2772 4442 persuadebatque
2792 4378 2849 4422 ut
2872 4382 3057 4421 amore
3083 4367 3135 4419 in
3165 4366 3328 4420 Dcttm
3352 4366 3614 4428 vinceret.

2019 4475 2074 4521 ct
2106 4467 2241 4518 hanc
2267 4462 2644 4533 cogitationem
2675 4457 3014 4522 immittebat,
3037 4473 3182 4519 cum,
3210 4456 3297 4525 qui
3321 4455 3428 4526 jam
3452 4469 3614 4523 supra

2019 4558 2304 4612 humanam
2319 4565 2560 4610 naturam
2575 4569 2632 4608 se
2649 4553 2847 4608 fecerat
2859 4565 2980 4606 esse
2995 4567 3054 4619 pa
3065 4561 3221 4613 trem,
3247 4551 3436 4604 iterum
3457 4561 3618 4618 posse

2018 4661 2071 4705 et
2103 4663 2241 4704 nunc
2262 4662 2388 4719 qua:
2405 4646 2690 4700 humanam
2715 4643 3177 4712 transgrediuntur
3199 4643 3458 4696 rationem
3485 4655 3617 4709 ope-

1973 4797 1976 4800 ,
2019 4741 2146 4795 rari.
2169 4739 2434 4794 Cmterum
2462 4737 2602 4800 vide,
2619 4736 2864 4796 obsecro,
2884 4733 3136 4802 deinceps
3158 4741 3279 4786 ante
3304 4733 3614 4787 sensibilem

2021 4834 2170 4889 illum
2214 4832 2425 4902 ignem,
2472 4829 2775 4884 incendium
2821 4827 3087 4881 internttm
3114 4869 3126 4890 ,
3176 4825 3315 4895 quod
3359 4823 3614 4893 paulatim

2019 4921 2435 4984 exardescebat,
2463 4927 2518 4974 et
2541 4917 2671 4988 justi
2699 4926 2931 4972 mentem
2963 4915 3346 4971 inﬂammabat.
3386 4915 3436 4968 7.
3471 4913 3612 4966 Dixit

2018 5027 2208 5080 autem,
2234 5015 2423 5084 inquit,
2453 5011 2606 5064 Isaac
2624 5009 2692 5062 ad
2713 5009 2970 5062 Abraham
2997 5017 3187 5076 patrem
3214 5023 3363 5062 suum
3384 5023 3404 5060 :
3435 5005 3608 5059 Pater.

2018 5106 2328 5164 Sul’ﬁcicbat
2377 5104 2481 5158 hoc
2525 5101 2741 5157 verbum
2794 5100 2859 5153 ad
2914 5099 3223 5153 lancinanda
3271 5098 3398 5164 justi
3455 5096 3613 5165 hujus

2017 5201 2240 5254 viscera.
2274 5195 2374 5250 Ille
2401 5205 2569 5249 autem
2609 5194 2736 5247 dixit
2769 5208 2787 5245 :
2821 5191 2963 5255 Quid
2984 5201 3075 5252 est,
3109 5189 3230 5258 ﬁli?
3274 5190 3486 5242 Patrem
3521 5203 3614 5241 vo-

2016 5308 2134 5358 cas,
2151 5290 2306 5361 paulo
2324 5297 2443 5359 post
2468 5287 2696 5341 futurum
2716 5283 2905 5338 orbum
2930 5298 2944 5334 :
2973 5291 3026 5336 et
3052 5296 3150 5350 ego
3182 5279 3346 5334 lilium
3373 5279 3618 5350 appello,

2016 5384 2105 5454 qui
2137 5397 2241 5436 non
2273 5380 2439 5434 multo
2467 5386 2583 5448 post
2607 5392 2767 5444 super
2793 5375 2960 5428 altare
2987 5387 3304 5427 ascensurus
3333 5381 3446 5435 est,
3478 5371 3613 5426 meis

2015 5473 2335 5530 occidendus
2362 5471 2625 5525 manibus.
2658 5466 2854 5521 Deinde
2883 5479 3012 5534 puer
3043 5464 3210 5533 inquit
3240 5481 3251 5516 :
3287 5461 3418 5516 Ecce
3444 5462 3610 5530 ignem

2015 5566 2205 5622 παρτε.
2239 5575 2286 5620 ot
2318 5580 2414 5633 ego
2455 5562 2621 5631 ligna:
2654 5559 2739 5614 ubi
2780 5569 2861 5612 est
2901 5557 3069 5611 hostia
3113 5554 3479 5608 immolanda?
3515 5553 3608 5609 L'bi

2079 5732 2113 5792 '_
2134 5723 2349 5792 savtl.._e_t
2371 5720 2565 5792 quidam
2597 5727 2708 5770 Mss.
2754 5730 2769 5792 _:
2814 5715 2976 5778 Cogita
2998 5715 3124 5765 enin:
3157 5723 3335 5777 quanta
3359 5725 3614 5776 perpessus

2015 5789 2074 5841 εἱι
2090 5789 2251 5849 justus
2274 5785 2354 5833 illa
2379 5785 2504 5833 intra
2529 5790 2625 5850 {res
2656 5789 2830 5850 noctes.
3017 5839 3024 5846 .
3163 5839 3170 5850 ’

2081 5845 2104 5882 ἱ
2135 5862 2351 5910 quinque
2379 5855 2503 5904 5155.,
2530 5845 2852 5909 immaturus.
2881 5853 2982 5903 pro.
3010 5845 3362 5891 int-nutaturus.
