4144 6474
565 383 664 442 ιω
1299 379 1357 437 S.
1395 367 2182 436 JOANNISCHRYSOSTOII
2217 369 2531 428 ARCBIEP.
2569 366 3103 428 CONSTANTINOP.
3707 363 3820 420 ιδς

560 507 632 552 est
653 483 756 553 ωε.
775 497 842 550 ad
868 494 1211 551 holocaustum
1230 491 1257 546 2
1279 490 1587 555 Considera,
1614 489 1860 553 obsecro,
1885 485 1973 542 hic
1993 483 2122 556 justi

2233 483 2388 540 times
2413 482 2577 540 Deum
2607 491 2680 537 tu.
2703 477 2837 537 Vide
2855 478 3122 550 quomodo
3147 476 3416 534 humiliter
3439 489 3500 531 se
3517 483 3712 531 nostra:
3735 472 3822 530 in-

561 587 658 641 viri
673 571 984 651 cruciatum,
1003 566 1270 654 quomodo
1289 579 1653 646 tulitauribus,
1671 575 1939 649 quomodo
1959 573 2128 646 potuit
2230 573 2469 631 ﬁrmitati
2490 574 2592 629 hoc
2609 573 2773 628 verbo
2797 579 3134 640 attemperat.
3160 569 3297 638 Quid
3318 566 3497 638 igitur?
3516 565 3824 636 ignorabu-

562 675 882 746 respondere
907 687 1095 746 puero,
1120 670 1384 744 quomodo
1407 685 1514 725 non
1532 679 1616 726 est
1642 666 1897 724 confusus
1920 671 2126 728 mente,

564 763 831 837 quomodo
849 763 965 817 tilio
988 762 1253 819 occultare
1279 759 1447 830 potuit
1471 758 1522 816 id
1550 757 1692 829 quod
1713 755 1944 812 futurum
1973 760 2126 809 erat:

564 853 659 910 sed
689 852 858 923 inquit
883 864 1144 921 generoso
1178 849 1364 920 spiritu
1403 856 1458 906 et
1496 846 1616 902 forti
1654 845 1827 900 anima
1858 861 1870 896 :
1901 841 1955 900 8.
1994 840 2131 895 Deus

565 943 748 1000 ridebit
762 943 1053 1015 sibimetipsi
1079 957 1217 998 ouem
1239 942 1309 996 ad
1327 939 1689 1004 holocaustum,
1716 934 1950 1006 ﬁli.Vide
1967 934 2127 988 etiam

567 1034 655 1091 hic
679 1048 786 1106 quo
810 1042 963 1104 pacto
989 1032 1201 1103 ignarus
1233 1028 1465 1084 insinuat
1506 1028 1693 1084 iterum
1720 1025 1862 1096 quod
1903 1025 2133 1097 futurum

568 1133 703 1180 erat.
734 1122 1018 1178 Videbatur
1043 1121 1181 1176 enim
1208 1134 1304 1188 per
1328 1132 1638 1186 responsum
1668 1115 1813 1170 lsaac
1835 1111 2133 1179 decepisse,

570 1214 667 1271 sed
694 1214 774 1270 illi
795 1213 1005 1284 quidem
1043 1211 1217 1266 verbis
1242 1210 1450 1264 interim
1479 1206 1741 1278 persuasit
1772 1223 1787 1260 :
1819 1206 1931 1275 ipse
1959 1211 2136 1256 autem

572 1305 826 1375 majorem
869 1305 1267 1376 gravioremque
1313 1301 1554 1358 dolorem
1600 1299 1844 1368 pertulit,
1884 1295 2043 1350 verba
2084 1295 2138 1350 in

572 1395 748 1449 anima
768 1408 1005 1459 versans,
1023 1406 1075 1449 et
1092 1392 1326 1462 cogitans
1347 1390 1494 1460 pueri
1516 1387 1826 1458 elegantiam
1841 1394 2139 1450 externam,

581 1481 950 1562 intentamque
974 1478 1414 1550 pnléhritudinet'n
1443 1519 1457 1542 ,
1485 1475 1866 1540 obedientiam,
1897 1475 2139 1544 gratiam,

2233 675 2301 724 ne
2324 675 2448 722 ante
2474 666 2577 722 hoc
2598 663 2999 735 justivirtutem
3018 704 3032 727 ,
3057 673 3110 717 et
3138 673 3281 716 nunc
3311 659 3560 729 cognovit
3580 657 3825 712 omnium

2236 756 2528 813 Dominus?
2550 755 2664 810 Non
2685 754 2816 814 hoc.
2844 752 3042 821 inquit.
3067 748 3328 821 signiﬁcat
3343 788 3360 816 ,
3387 745 3524 819 quod
3549 758 3692 801 nunc
3714 745 3829 815 ipse

2236 845 2559 919 cognoverit.
2579 846 2689 908 Sed
2709 843 2834 916 quid
2858 843 3036 899 dicere
3054 841 3207 896 vult?
3230 839 3405 904 Nunc,
3427 836 3633 908 inquit,
3654 836 3832 890 omni-

2238 937 2338 993 bus
2372 934 2685 1002 declarasti,
2712 932 2978 1005 quomodo
3017 932 3226 987 sincero
3254 930 3444 984 timore
3471 927 3640 982 Deum
3663 924 3830 980 colas.

2238 1025 2368 1083 Nam
2398 1041 2498 1095 ego
2526 1038 2775 1080 noveram
2815 1022 3069 1078 famulum
3094 1034 3310 1075 meum:
3339 1033 3457 1087 qum
3483 1026 3658 1070 antem
3694 1025 3836 1068 nunc

2241 1131 2271 1170 a
2301 1125 2354 1172 te
2378 1114 2513 1171 facta
2532 1123 2657 1170 sunt
2679 1113 2936 1169 doctrina:
2961 1111 3179 1166 materia
3202 1117 3326 1163 sunt
3348 1118 3454 1162 tam
3483 1103 3836 1176 praesentibus

2241 1222 2399 1277 quam
2429 1205 2638 1261 futuris.
2667 1205 2860 1262 Notum
2887 1204 3027 1260 enim
3056 1199 3230 1258 fecisti
3251 1212 3392 1254 nunc
3419 1195 3666 1253 omnibus
3693 1203 3749 1251 te
3773 1193 3840 1250 ti-

2244 1313 2392 1353 mere
2409 1297 2570 1351 Deum
2590 1338 2605 1360 ,
2633 1303 2688 1351 et
2701 1308 2889 1351 curare
2909 1303 2966 1347 ut
2988 1289 3232 1346 mandata
3250 1287 3366 1359 ejus
3385 1300 3549 1358 opere
3573 1284 3798 1354 impleas
3820 1300 3836 1336 :

2251 1385 2316 1440 Et
2335 1403 2433 1441 non
2450 1384 2711 1457 pepercisti
2732 1383 2839 1453 ﬁlio
2858 1391 2944 1436 tuo
2967 1379 3148 1435 dilecto
3171 1385 3468 1448 propterms
3485 1390 3507 1430 :
3529 1373 3604 1429 illi
3621 1373 3717 1444 qui
3731 1382 3840 1427 tam

2248 1477 2472 1532 dilectus
2500 1485 2617 1540 est,
2648 1488 2807 1544 quem
2847 1480 2955 1526 tam
2983 1469 3230 1526 ardenter
3268 1479 3452 1531 amas,
3505 1478 3612 1518 non
3653 1475 3847 1533 peper-

574 1572 744 1626 mtatis
770 1555 977 1627 liorem.
1007 1571 1061 1627 9.
1091 1569 1313 1641 Cumque
1343 1569 1469 1623 irent
1496 1565 1642 1621 ambo
1659 1606 1676 1633 ,
1713 1573 1948 1621 venerunt
1974 1563 2040 1617 ad
2068 1563 2146 1616 lo-
2249 1567 2365 1622 cisti
2388 1574 2605 1636 propter
2623 1579 2710 1619 me
2727 1604 2744 1631 ,
2767 1572 2980 1632 prepter
2997 1557 3302 1615 mandatum
3323 1565 3376 1610 et
3399 1554 3604 1624 iussum
3628 1564 3805 1606 meum
3825 1565 3844 1604 :

575 1680 688 1718 eum
710 1662 772 1717 de
791 1678 886 1733 quo
901 1662 1026 1716 dixit
1048 1661 1094 1714 ei
1112 1639 1266 1714 Deus.
1290 1659 1578 1722 Venerunt,
1601 1655 1787 1726 inquit,
1810 1655 1877 1709 ad
1909 1664 2143 1708 montem
2249 1657 2345 1712 sed
2373 1654 2648 1726 prmtulisti
2675 1653 2978 1709 mandatum
3009 1664 3185 1705 meum
3227 1645 3338 1701 lilio
3362 1654 3476 1700 tuo.
3515 1639 3746 1697 Proinde
3789 1645 3849 1695 et

576 1751 881 1816 excelsum,
929 1764 1087 1820 quem
1125 1748 1326 1803 scilicet
1360 1748 1409 1803 ci
1457 1747 1707 1800 Dominus
1749 1744 2003 1800 indicarat
2034 1759 2049 1796 :
2079 1741 2147 1796 Et

578 1843 846 1913 cdiﬁcaoit
871 1842 940 1896 ibi
963 1840 1220 1903 Abraham
1248 1839 1429 1895 altare.
1465 1839 1656 1893 lterum
1685 1835 2002 1904 obstupesco
2020 1832 2148 1902 justi

569 1931 937 1990 fortitudinem
967 1970 983 1996 ,
1037 1928 1302 2001 quomodo
1351 1929 1580 1998 potuerit
1618 1933 1892 1992 exstruere
1938 1924 2104 1978 altare
2132 1963 2148 1988 ,

579 2021 845 2093 quomodo
879 2020 1141 2086 valuerit,
1183 2017 1448 2089 quomodo
1489 2031 1594 2072 non
1633 2014 1888 2072 defecerit
1918 2029 2025 2082 prte
2053 2028 2152 2066 an-

579 2112 771 2183 gustia,
800 2111 894 2167 sed
921 2121 976 2168 et
1002 2111 1169 2166 altare
1194 2109 1554 2173 mdillcaverit,
1582 2117 1637 2164 et
1660 2105 1970 2176 imposuerit
1991 2105 2152 2174 ligna.

582 2201 651 2257 Et
685 2203 895 2274 ligatum
933 2199 1099 2270 ﬁlium
1134 2217 1284 2256 suum
1323 2197 1478 2254 Isaac
1512 2197 1747 2268 imposuit
1789 2210 1938 2266 super
1970 2193 2152 2247 altare.

583 2293 674 2350 10.
704 2291 785 2347 ‘Et
817 2291 1036 2347 extendit
1071 2277 1326 2346 Abraham
1363 2303 1570 2342 manum
1610 2302 1788 2351 suam,
1823 2294 1877 2339 ut
1914 2284 2159 2353 acciperet

587 2382 835 2454 gladium,
858 2392 902 2435 et
927 2380 1172 2458 occideret
1200 2381 1364 2450 ﬁlium
1387 2395 1554 2433 suum.

657 2493 712 2550 3.
741 2492 1014 2548 Abrahami
1050 2492 1291 2563 fortitudo
1327 2500 1372 2545 et
1402 2488 1570 2544 Isauri
1606 2487 1938 2560 obsequentia.
1973 2517 2047 2529 —
2087 2484 2164 2540 Ne

585 2583 772 2639 leviter
809 2593 1275 2651 praetercurramus
1295 2622 1312 2647 ,
1340 2579 1556 2644 dilecti,
1581 2594 1700 2650 qua:
1717 2579 1856 2634 dicta
1884 2589 2038 2638 sunt:
2071 2576 2163 2630 sed

585 2673 980 2729 consideremus
1002 2672 1264 2742 quomodo
1289 2685 1393 2725 non
1419 2671 1638 2724 avolarit
1659 2684 1689 2723 a
1713 2684 1935 2738 corpore
1957 2669 2129 2722 anima
2147 2711 2161 2734 ,

589 2762 856 2834 quomodo
878 2761 1106 2832 potuerit
1123 2762 1233 2817 suis
1252 2761 1496 2816 manibus
1519 2760 1796 2830 colligare,
1825 2768 1879 2814 et
1897 2759 2050 2828 lignis
2073 2759 2170 2813 im-

590 2868 789 2924 ponere
827 2863 931 2910 tam
945 2852 1208 2908 dilectum
1231 2891 1251 2919 ,
1281 2860 1388 2906 tam
1417 2851 1698 2907 amabilem
1733 2851 2078 2922 unigenitum.
2104 2849 2170 2902 Et

591 2943 810 2998 extendit
840 2984 858 3012 ,
901 2941 1108 3012 inquit,
1147 2940 1398 2996 Abraham
1434 2958 1637 2996 manum
1659 2958 1803 2996 suam
1830 2982 1845 3004 ,
1901 2953 1954 2995 ut
1979 2942 2172 3010 artipe-

591 3041 666 3089 ret
684 3030 911 3106 gladium
937 3032 1006 3086 ad
1029 3030 1355 3087 occidendum
1379 3030 1540 3100 ﬁlium
1571 3047 1734 3084 suum.
1782 3029 1828 3085 Ο
1873 3030 2171 3099 religiosam

592 3123 845 3178 animam!
874 3137 908 3177 ο
936 3120 1124 3177 fortem
1169 3119 1419 3177 mentem!
1468 3135 1503 3175 o
1555 3121 1818 3188 ingentem
1857 3121 2112 3175 amorem!
2144 3133 2177 3174 ο

595 3216 856 3272 rationem
901 3217 1200 3269 vincentem
1261 3213 1542 3268 humanam
1613 3213 1870 3268 naturam!
1935 3213 2175 3282 Accepit,

597 3306 800 3377 inquit,
820 3306 1050 3378 gladium
1069 3347 1083 3371 ,
1103 3317 1158 3358 ut
1173 3306 1412 3359 occideret
1437 3306 1596 3372 ﬁlium
1612 3321 1775 3358 suum.
1805 3305 1991 3360 Utrum
2016 3306 2182 3375 magis

595 3396 828 3452 admirer
861 3407 915 3451 et
945 3397 1314 3465 obstupescam
1357 3435 1373 3459 ,
1402 3395 1659 3449 fortemne
1687 3394 1928 3464 spiritum
1958 3398 2184 3464 patriar-

598 3489 747 3553 clne,
782 3488 1034 3572 an.pueri
1080 3485 1474 3542 obedientiam?
1514 3485 1652 3555 quod
1683 3501 1852 3556 neque
1898 3487 2185 3541 reluctatus

605 3595 686 3637 cst
708 3620 724 3646 ,
755 3594 924 3650 neque
961 3582 1156 3634 factum
1177 3594 1318 3649 εει-ε
1343 3579 1491 3636 tulit.
1523 3577 1616 3632 sed
1646 3578 1804 3631 cessit
1825 3585 1878 3631 et
1909 3578 2185 3646 obtempe-

603 3672 744 3726 ravit
789 3671 852 3726 iis
891 3685 1011 3741 quas
1044 3686 1072 3722 a
1103 3679 1251 3739 patre
1277 3667 1410 3722 facta
1439 3676 1593 3732 sunt,
1622 3677 1675 3722 et
1709 3668 1843 3722 sicut
1871 3683 2036 3736 agnus
2065 3682 2185 3720 cum

604 3762 820 3818 silentio
847 3776 1009 3832 super
1035 3760 1206 3815 altare
1232 3758 1471 3814 accubuit
1494 3800 1510 3823 ,
1532 3766 1852 3826 exspectans
1877 3757 2038 3825 patris
2062 3755 2194 3812 dex-

609 3865 774 3909 teram
795 3853 820 3908 ἲ
844 3851 1040 3908 Verum
1062 3851 1152 3906 ubi
1179 3851 1264 3906 illa
1296 3851 1378 3921 pia
1409 3863 1559 3903 mens
1606 3863 1698 3902 sua
1727 3847 1901 3902 omnia
1941 3862 2191 3901 consum-

615 3943 778 3997 mavit
829 3952 883 3996 et
908 3941 1035 3995 nihil
1059 3941 1373 3996 intermisit:
1402 3939 1686 3993 ostendens
1706 3937 1872 3990 bonus
1904 3936 2153 3990 Dominus
2173 3977 2188 4002 ,

616 4047 673 4087 se
699 4047 805 4086 non
833 4031 999 4086 occidi
1043 4045 1292 4100 puerum,
1318 4028 1410 4084 sed
1453 4028 1625 4097 p0tius
1664 4027 1790 4096 justi
1821 4029 2066 4082 virtutem
2109 4026 2196 4081 de-

615 4125 714 4194 tegi
745 4124 1011 4178 volentem
1032 4164 1047 4188 ,
1075 4123 1188 4176 haec
1212 4122 1537 4192 imperasse:
1567 4128 1820 4174 coronato
1847 4118 1990 4187 justo
2018 4119 2085 4172 ob
2106 4134 2198 4173 vo-

617 4216 872 4268 luntatem
917 4227 1102 4278 suam,
1153 4221 1207 4267 et
1248 4221 1462 4280 accepta
1507 4216 1870 4263 consummata
1919 4207 2085 4262 hostia
2133 4224 2197 4262 ex

624 4312 798 4359 mente
826 4303 1136 4372 patriarchze
1154 4342 1169 4366 ,
1199 4316 1339 4355 nunc
1366 4317 1512 4355 suam
1541 4300 1772 4355 declarat
1801 4299 2199 4367 benignitatem.

622 4395 706 4450 il.
740 4393 806 4448 Et
826 4394 1015 4449 vocavit
1034 4409 1145 4448 eum
1169 4434 1181 4456 ,
1209 4392 1413 4461 inquit,
1454 4391 1658 4460 angelus
1697 4389 1902 4444 Domini
1939 4390 2001 4443 de
2037 4389 2160 4442 ccelo
2181 4430 2199 4457 ,

621 4486 870 4554 dixitque,
892 4485 1164 4547 Abraham,
1187 4484 1458 4536 Abraham.
1492 4482 1620 4536 Nam
1639 4484 1756 4551 quia
1779 4481 1987 4536 videbat
2004 4482 2200 4548 justum

621 4573 728 4642 jam
764 4575 1053 4628 accinctum
1085 4582 1141 4628 et
1161 4582 1396 4640 paratum
1420 4571 1483 4624 ad
1534 4571 1972 4634 immolationem,
2023 4580 2074 4624 et
2112 4585 2206 4622 vo-

629 4665 822 4719 lentem
853 4663 1074 4732 implerc
1103 4663 1403 4716 mandatum
1422 4662 1657 4736 ‘Domini,
1687 4661 1879 4714 idcirco
1912 4669 2059 4714 vocat
2082 4676 2201 4713 eum

624 4755 690 4809 dc
717 4755 874 4819 caelo,
916 4765 970 4808 et
994 4753 1157 4808 dicit:
1187 4754 1480 4817 Abraham,
1527 4753 1809 4805 Abraham.
1865 4753 2001 4805 Bene
2033 4763 2086 4806 et
2120 4751 2204 4807 hii:

624 4848 978 4918 geminatione
1005 4861 1130 4900 usus
1149 4854 1262 4912 est,
1297 4857 1347 4897 ut
1379 4836 1650 4912 superaret
1681 4845 1929 4913 impetum
1971 4845 2128 4912 justi,
2153 4857 2205 4901 et

628 4942 771 5010 quasi
800 4955 895 5009 per
925 4953 1108 4993 vocem
1153 4936 1474 4991 detineretur
1509 4937 1630 5004 justi
1660 4937 1905 4999 dextera,
1946 4935 2050 5002 jam
2096 4945 2208 4989 ten-

628 5023 762 5086 deus
775 5030 838 5084 ad
862 5029 1007 5098 pueri
1034 5028 1252 5082 caulem.
1282 5025 1346 5079 Et
1369 5027 1492 5078 dixit
1523 5025 1690 5078 :Ecce
1711 5042 1819 5095 ego.
1847 5025 1931 5078 1'2.
1963 5025 2023 5076 Et
2045 5025 2204 5079 dixit:

593 5159 595 5161 ι
633 5121 716 5175 Ne
739 5121 936 5190 injicias
975 5135 1176 5171 manuni
1219 5127 1352 5169 tuam
1379 5117 1428 5168 in
1471 5133 1701 5181 pfterttm,
1748 5132 1902 5183 neque
1941 5115 2096 5185 [arias
2135 5114 2209 5169 illi

632 5213 922 5283 quidquam.
951 5209 1099 5264 Nunc
1128 5214 1260 5262 enim
1283 5210 1486 5277 cognovi
1507 5209 1621 5276 quia
1651 5208 1791 5258 times
1835 5206 1990 5258 Deum
2035 5215 2088 5256 tu
2107 5246 2121 5266 ,
2166 5215 2211 5257 et

635 5320 732 5357 non
763 5301 1021 5372 pepercisti
1050 5299 1157 5367 ﬁlio
1178 5311 1263 5352 tuo
1291 5299 1469 5350 dilecto
1517 5314 1604 5363 pro
1643 5307 1714 5346 ter
1741 5312 1837 5348 me.
1873 5293 1954 5347 Ne
1979 5295 2209 5363 injicias,

638 5396 832 5464 inquit,
882 5407 1084 5444 manum
1108 5401 1243 5443 tuam
1290 5389 1341 5440 in
1370 5403 1591 5456 puerum.
1623 5385 1735 5440 Non
1768 5384 1867 5438 hoc
1909 5384 2129 5452 praecepi
2161 5393 2216 5435 ut

638 5499 772 5555 opus
815 5482 1110 5552 perficiatur
1130 5520 1143 5543 ,
1175 5493 1342 5548 nt-quc
1372 5476 1488 5528 volo
1515 5487 1567 5528 nt
1593 5475 1862 5530 occidatur
1891 5473 2022 5526 titius
2053 5482 2171 5526 tuus
2202 5513 2215 5527 .

641 5574 733 5629 sed
762 5584 818 5626 ut
847 5571 1140 5626 obedientia
1169 5578 1252 5622 tua
1281 5567 1552 5621 manifesta
1584 5567 1648 5619 sit
1668 5566 1929 5620 omnibus.
1965 5563 2123 5633 Igitur
2151 5577 2218 5615 ne

645 5665 830 5721 frueris
858 5665 905 5718 ei
944 5663 1250 5734 quidquam.
1283 5661 1568 5716 Contentus
1596 5675 1711 5714 sum
1741 5657 2008 5714 voluntate
2037 5667 2143 5722 tua,
2167 5663 2221 5710 et

649 5769 716 5813 ex
737 5756 837 5810 hac
860 5765 906 5811 te
931 5761 1130 5810 cereno
1159 5762 1212 5808 ct
1232 5751 1480 5823 medico.
1511 5749 1659 5804 Nunc
1686 5751 1825 5806 enim
1849 5745 2071 5819 cognovi
2095 5745 2218 5820 quia

2212 1801 2214 1803 ,
2254 1748 2418 1803 lilium
2446 1756 2591 1801 tuum
2620 1745 2822 1813 accipe.
2851 1743 3076 1813 Propter
3101 1739 3204 1794 hoc
3241 1739 3384 1793 enim
3415 1732 3682 1804 pollicitus
3729 1744 3848 1786 sum

2254 1837 2369 1892 fore
2399 1847 2456 1891 ut
2476 1851 2658 1890 semen
2677 1844 2823 1888 tuum
2849 1831 3254 1886 extenderetur:
3275 1824 3550 1882 redimitus
3571 1835 3701 1891 ergo
3719 1819 3852 1874 obe-

2256 1929 2472 1986 dientitn
2511 1936 2614 1982 tuae
2636 1940 2832 1980 corona
2851 1965 2868 1990 ,
2897 1923 3007 1980 abi.
3037 1922 3147 1992 Ego
3169 1919 3311 1975 enim
3339 1917 3665 1973 voluntatem
3691 1927 3851 1968 coro-

2260 2037 2388 2076 nare
2406 2019 2588 2083 soleo,
2614 2026 2669 2074 et
2706 2025 2922 2087 propter
2952 2023 3180 2068 mentem
3209 2009 3424 2082 praemia
3452 2006 3652 2079 largiri.
3677 2003 3854 2074 Opere

2259 2111 2400 2166 enim
2420 2109 2622 2179 impleri
2642 2123 2736 2178 par
2760 2114 2927 2161 estea
2953 2116 3074 2175 quae
3112 2113 3143 2153 a
3175 2111 3230 2156 te
3269 2100 3415 2156 dicta
3440 2107 3564 2153 sunt
3601 2096 3658 2151 et
3683 2093 3856 2151 servis

2263 2201 2366 2256 tuis
2409 2208 2464 2256 et
2506 2200 2684 2255 Isaae:
2717 2197 2822 2253 illis
2855 2194 2996 2250 enim
3023 2189 3346 2263 promisiSti,
3393 2187 3520 2244 Cum
3567 2183 3865 2241 adorarerio

2263 2309 2407 2356 mus,
2453 2291 2724 2346 redihimus
2753 2305 2772 2343 :
2810 2301 2937 2342 ecce
2980 2284 3084 2339 hoc
3119 2297 3260 2337 nunc
3293 2280 3428 2345 erit;
3459 2287 3515 2334 et
3553 2271 3721 2346 puero
3771 2287 3853 2328 ro-

2264 2394 2441 2457 gante,
2474 2382 2570 2438 Ubi
2598 2383 2702 2436 ovis
2725 2389 2796 2435 est
2823 2379 2891 2432 ad
2920 2376 3262 2431 holocaustum
3284 2371 3312 2424 ν
3336 2369 3473 2424 Deus
3510 2366 3692 2421 ridebit
3733 2363 3857 2418 sibi-

2267 2476 2466 2545 metipsi
2509 2488 2646 2528 orem
2673 2471 2741 2524 ad
2784 2468 3128 2523 holocaustum
3150 2505 3166 2531 ,
3191 2461 3393 2517 dixisti.
3433 2459 3575 2513 Ecce
3622 2470 3743 2512 cum
3770 2469 3857 2509 re.

2274 2566 2512 2637 speret-is
2533 2607 2548 2631 ,
2581 2562 2748 2633 inquit
2772 2600 2789 2628 ,
2820 2558 2988 2613 oculis
3005 2597 3021 2621 ,
3049 2555 3168 2609 vide
3192 2551 3494 2616 praedictam
3515 2561 3546 2602 a
3572 2556 3625 2602 te
3667 2560 3821 2600 ovem
3840 2585 3859 2612 ,

2270 2673 2427 2728 quam
2451 2657 2653 2711 scilicet
2686 2668 2783 2723 pro
2811 2664 2978 2722 puero
3020 2643 3362 2703 sacrilicabis.
3412 2642 3494 2696 l3.
3529 2637 3598 2696 Ut
3642 2637 3870 2728 respexit

2273 2725 2438 2805 autem
2464 2748 2622 2802 oculis
2649 2744 2768 2799 vidit
2791 2758 2810 2797 :
2835 2750 2879 2796 et
2912 2755 3022 2795 ecce
3041 2739 3171 2792 aries
3198 2751 3328 2789 unus
3343 2729 3653 2788 detinebatur
3697 2725 3862 2782 corni-

2273 2843 2362 2896 bus
2383 2841 2436 2895 in
2464 2839 2665 2893 arbusto
2691 2834 2870 2892 Sabcc.
2899 2832 2963 2887 Et
2981 2832 3068 2885 ivit
3091 2828 3379 2893 Abraham,
3417 2832 3464 2880 et
3500 2819 3690 2893 accepit
3731 2817 3864 2872 arise

2277 2948 2373 2989 tem
2389 2975 2405 3000 ,
2434 2943 2482 2988 et
2516 2932 2689 2985 obtulit
2714 2929 2859 2983 illum
2882 2927 2934 2979 in
2965 2925 3312 2978 holocaustum
3337 2934 3428 2987 pro
3448 2915 3600 2971 Isaac
3619 2913 3727 3000 ﬁlio
3752 2924 3868 3000 suo:

2279 2991 2404 3073 Vidi
2429 3017 2724 3086 religiosam
2756 3020 2897 3066 tuam
2944 3015 3206 3073 mentem,
3239 3001 3441 3073 inquit,
3479 3011 3607 3055 ecce
3651 2995 3702 3051 id
3727 2991 3868 3065 quod

2284 3111 2424 3178 prius
2450 3105 2626 3161 dixisti
2668 3116 2867 3173 puero,
2900 3100 3003 3155 hoc
3045 3097 3139 3153 tibi
3168 3091 3477 3166 praeparari.
3535 3088 3602 3143 Et
3646 3087 3869 3155 accepit,

2279 3198 2483 3268 inquit,
2512 3207 2556 3251 et
2585 3195 2764 3250 obtulit
2807 3194 2859 3246 in
2889 3191 3233 3244 holocaustum
3263 3201 3354 3255 pro
3402 3182 3552 3236 Isaac
3598 3180 3706 3248 ﬁlio
3756 3192 3869 3232 suo.

2285 3288 2472 3345 νὶιιίείί
2505 3288 2594 3342 Dei
2621 3281 2990 3340 clementiam?
3019 3279 3085 3333 Et
3109 3276 3421 3332 sacriﬁcium
3449 3276 3872 3327 consummatum

2284 3391 2401 3445 est,
2435 3391 2488 3434 et
2531 3375 2825 3448 patriarcha
2875 3372 3175 3441 religimam
3229 3381 3378 3422 suam
3409 3372 3644 3419 mentem
3691 3357 3873 3415 decla-

2286 3474 2453 3539 ravit,
2480 3481 2534 3525 et
2581 3485 2609 3522 a
2661 3469 2933 3523 voluntate
2977 3476 3228 3518 coronam
3267 3456 3593 3528 reportavit:
3622 3463 3679 3511 et
3730 3453 3874 3508 Isaac

2288 3573 2508 3634 accepto
2527 3604 2542 3627 ,
2565 3561 2720 3616 rediit
2746 3573 2865 3613 cum
2899 3555 3191 3611 innumeris
3215 3550 3450 3607 coronis.

2366 3652 2691 3721 Sacriﬁcium
2743 3647 2958 3702 Abrahat
3003 3645 3169 3716 ﬁgura
3197 3642 3379 3696 crucis.
3411 3668 3482 3679 —
3517 3636 3644 3693 llaec
3694 3643 3874 3690 autem

2295 3745 2471 3800 omnia
2523 3743 2686 3812 figura
2734 3739 2947 3795 fuerunt
2988 3736 3183 3792 crucis.
3213 3734 3499 3800 Propterea
3549 3738 3606 3785 et
3632 3728 3879 3783 Christus

2294 3837 2491 3894 ludatis
2533 3835 2742 3889 dicebat
2775 3848 2790 3886 :
2821 3829 3075 3885 Abraham
3119 3836 3260 3896 pater
3296 3836 3454 3878 vester
3483 3822 3782 3884 exsultavit,
3824 3829 3879 3872 ut

2297 3929 2483 3982 uideret
2507 3925 2636 3979 diem
2661 3929 2932 3986 menm;et
2955 3920 3108 3984 vidit,
3160 3928 3204 3972 et
3229 3917 3429 3987 gauisus
3485 3921 3556 3967 est
3609 3910 3792 3983 (Joan.
3822 3909 3878 3965 8.

2299 4019 2414 4086 56).
2467 4013 2746 4081 Quomodo
2792 4010 2953 4074 vidit,
3004 4007 3094 4078 qui
3148 4015 3224 4059 tot
3253 4005 3406 4058 annis
3433 4001 3742 4072 praecessit?
3773 3999 3884 4054 Per

2305 4109 2547 4178 ﬁguram,
2581 4118 2674 4172 per
2702 4101 2966 4156 umbram.
2994 4097 3143 4152 Sicut
3170 4095 3313 4150 enim
3343 4094 3429 4147 hic
3450 4092 3565 4146 ovis
3589 4091 3769 4145 oblata
3797 4098 3886 4146 est

2306 4215 2402 4270 pro
2422 4199 2587 4263 Isaac,
2605 4198 2677 4250 ita
2699 4205 2751 4251 et
2767 4190 3037 4249 rationalis
3051 4203 3217 4259 agnus
3231 4186 3438 4242 oblatus
3448 4193 3530 4239 est
3543 4199 3638 4254 pro
3659 4181 3882 4238 mundo.

2305 4289 2590 4359 Oportebat
2613 4284 2752 4341 enim
2775 4284 2827 4336 in
2856 4282 3040 4336 umbra
3065 4278 3296 4334 describi
3317 4287 3369 4331 et
3396 4274 3700 4346 przesiguari
3723 4281 3887 4329 antea

2306 4381 2601 4438 veritatem.
2650 4376 2780 4430 Vide
2823 4387 3091 4442 namque,
3134 4371 3373 4432 obsecro,
3405 4365 3702 4428 carissime,
3750 4377 3890 4434 quo-

2307 4471 2467 4526 modo
2493 4467 2669 4522 omnia
2697 4479 2790 4534 per
2812 4463 3050 4516 umbram
3078 4459 3406 4529 prarﬁgurata
3443 4463 3568 4510 sunt
3596 4471 3611 4508 :
3640 4452 3889 4522 unigeni-

2311 4574 2392 4620 tus
2450 4564 2555 4617 illic
2583 4605 2598 4628 ,
2648 4572 2701 4617 et
2757 4560 3058 4630 uuigenitus
3106 4559 3191 4612 hic
3263 4558 3372 4625 (a);
3416 4553 3641 4608 dilectus
3687 4550 3795 4605 illic
3832 4558 3892 4607 et

2310 4671 2610 4727 germanus,
2647 4655 2872 4710 dilectus
2913 4662 2967 4709 et
3005 4652 3088 4706 hic
3127 4664 3190 4703 ac
3229 4661 3536 4718 germanus.
3593 4642 3694 4696 Hic
3741 4642 3892 4697 enim

2312 4758 2380 4800 est
2439 4746 2604 4799 Filius
2630 4763 2765 4799 meus
2819 4744 3061 4808 dilectus,
3082 4742 3134 4794 in
3163 4756 3259 4810 quo
3297 4738 3418 4790 mihi
3448 4736 3568 4790 bene
3608 4732 3896 4803 coatplactsi

2315 4838 2525 4909 (Matth.
2577 4839 2629 4891 5.
2663 4834 2772 4907 i7).
2828 4838 2869 4887 A
2925 4846 3071 4903 patre
3101 4832 3186 4898 ille
3229 4831 3278 4883 in
3347 4827 3712 4884 holocaustum
3760 4820 3891 4877 olfe-

2313 4929 2565 4989 rebatur.
2621 4937 2674 4981 ct
2735 4929 2872 4979 hunc
2920 4926 3072 4976 i‘atcr
3132 4921 3362 4974 tradidit.
3417 4918 3485 4972 Et
3545 4917 3644 4969 hoc
3699 4914 3901 4968 clamat

2316 5023 2507 5076 Paulus
2543 5020 2721 5077 dicens
2754 5037 2765 5071 :
2812 5017 2910 5084 Qui
2964 5014 3166 5084 proprio
3200 5012 3332 5065 Filio
3361 5026 3452 5062 suo
3487 5024 3587 5060 non
3633 5005 3899 5076 pepercit,

2315 5114 2402 5167 sed
2443 5130 2529 5179 ῃτο
2574 5111 2714 5163 nobis
2760 5107 2986 5160 omnibus
3016 5104 3220 5158 tradidit
3266 5102 3454 5154 illum:
3492 5097 3738 5166 quomodo
3791 5111 3900 5148 nun

2317 5214 2362 5257 et
2385 5220 2494 5256 cum
2517 5202 2604 5253 illo
2634 5199 2800 5252 omnia
2825 5197 2962 5250 nobis
2992 5197 3198 5249 daturus
3225 5201 3295 5245 est
3322 5191 3493 5258 (Rom.
3518 5188 3568 5241 8.
3591 5185 3682 5256 32)
3703 5185 3725 5238 ?
3749 5184 3901 5238 lluc-

2322 5310 2487 5362 usque
2526 5292 2744 5351 umbra;
2787 5300 2965 5358 postea
3010 5299 3184 5340 rerum
3226 5282 3417 5336 veritas
3447 5281 3599 5347 longe
3625 5273 3904 5330 excellen-

2321 5385 2423 5437 tior
2470 5389 2812 5435 monstratur.
2847 5379 3026 5447 Agnus
3055 5375 3195 5430 enim
3226 5372 3310 5426 hic
3349 5368 3620 5424 rationalis
3655 5379 3751 5434 pro
3782 5373 3904 5418 toto

2319 5474 2517 5529 mutulo
2545 5473 2750 5526 oblatus
2779 5479 2892 5533 cst,
2935 5476 3100 5522 totum
3139 5466 3321 5520 orbem
3350 5474 3607 5515 terrarum
3653 5456 3904 5526 purillca—

2385 5629 2456 5691 (tt)
2491 5628 2608 5677 Huic
2630 5624 2737 5675 loco
2768 5623 3043 5691 conferatur
3062 5620 3216 5691 oratio
3238 5620 3320 5691 _de_
3340 5612 3795 5691 beato;
3813 5622 3907 5691 suo

2322 5672 2788 5754 parasiticas
2805 5672 3001 5737 homins
3029 5685 3081 5735 tn
3112 5681 3279 5732 multis
3309 5681 3419 5731 huic
3445 5685 3622 5728 nostra:
3643 5672 3905 5725 salutatio-

2321 5752 2673 5818 prehendetur.

4141 4583 4144 4726 γ

4141 4871 4144 4962 ι
