4124 6506
352 427 457 489 ω

350 539 460 605 vit;
486 534 574 594 hic
602 535 844 593 homines
870 534 939 592 ab
972 546 1157 589 errore
1184 532 1445 599 liberavit,
1476 539 1532 587 et
1558 528 1626 586 ad
1651 528 1930 586 veritatem

354 628 597 694 reduxit;
631 628 720 684 hic
764 638 955 683 terram
986 624 1173 679 caelum
1214 623 1339 679 fecit
1361 665 1375 689 ,
1404 638 1511 680 non
1550 621 1933 678 elementorum

353 717 629 773 immutata
670 728 877 784 natura,
925 715 1019 772 sed
1044 716 1450 772 conversatione
1475 714 1675 770 caelesti
1700 711 1935 769 homini-

353 807 456 862 bus
479 822 641 877 super
667 816 866 863 terram
896 806 1209 877 degentibus
1236 806 1415 861 allata.
1446 807 1548 861 Per
1576 805 1720 860 hunc
1754 801 1932 859 omnis

353 897 652 953 damonnm
682 899 860 953 cultus
884 898 1090 954 solutus
1114 907 1233 962 est;
1267 913 1362 968 per
1381 897 1521 953 hunc
1549 896 1742 952 factum
1771 904 1854 951 est
1877 903 1936 950 ut

352 1003 460 1044 non
492 988 779 1044 adorentur
801 989 1005 1058 lapides
1030 998 1083 1044 et
1130 990 1268 1060 ligna
1295 990 1364 1043 ab
1391 988 1729 1044 hominibus:
1760 997 1813 1043 et
1842 985 1935 1057 qui

349 1078 561 1133 ratione
590 1078 934 1148 pra-ditisunt
957 1090 1081 1135 ante
1110 1078 1436 1134 insensibiiia
1480 1094 1587 1133 non
1612 1076 1930 1148 procidunt,

346 1167 446 1224 sed
462 1168 633 1224 omnis
646 1169 955 1233 abiiterror,
988 1179 1042 1225 et
1062 1170 1298 1225 veritatis
1317 1170 1408 1225 lux
1426 1169 1609 1224 orbem
1628 1167 1929 1223 illustravit.

421 1257 475 1312 4.
512 1256 701 1313 Vidisti
727 1260 966 1315 veritatis
990 1260 1391 1315 excellentiam?
1438 1259 1616 1314 vidisti
1642 1257 1769 1329 quid
1814 1272 1936 1312 um-

347 1345 444 1402 bra
469 1388 485 1414 ,
516 1348 642 1417 quid
668 1350 905 1403 veritas?
944 1350 1029 1403 ib.
1081 1349 1145 1403 Et
1168 1350 1390 1417 mouit,
1419 1349 1629 1419 inquit,
1676 1347 1933 1403 Abraham

348 1452 531 1491 nomen
559 1439 657 1493 loci
698 1440 835 1493 illius
857 1480 874 1507 ,
906 1438 1157 1495 Dominus
1182 1440 1305 1494 vidit
1330 1456 1349 1494 :
1374 1450 1425 1494 ut
1465 1442 1635 1494 dicant
1657 1440 1806 1494 hodie
1828 1481 1842 1505 ,
1876 1439 1930 1492 in

345 1536 517 1580 monte
556 1527 802 1582 Dominus
827 1532 959 1584 risus
1001 1540 1091 1584 est.
1123 1530 1403 1600 Videjusti
1444 1532 1747 1603 religiosam
1778 1547 1931 1585 men-

347 1627 454 1671 tem
475 1659 491 1685 ,
522 1619 791 1687 quomodo
819 1620 1010 1690 ubique
1036 1636 1102 1676 ex
1134 1621 1196 1676 iis
1222 1637 1353 1691 quas.
1369 1621 1670 1677 acciderant
1696 1621 1932 1692 appella-

344 1708 522 1763 tiones
562 1710 691 1765 locis
718 1712 962 1780 imponit.
992 1712 1361 1768 Visitationem
1386 1714 1527 1770 enim
1549 1729 1579 1767 a
1606 1714 1715 1769 Deo
1734 1710 1929 1769 factam

344 1797 531 1853 volens
578 1802 727 1869 quasi
772 1802 823 1855 in
869 1802 1117 1857 columna
1149 1818 1285 1859 azrea
1334 1804 1635 1874 insculpere
1672 1805 1789 1860 ioco
1834 1818 1931 1875 per

341 1889 792 1959 appellationem,
847 1891 1050 1947 Voconi:
1100 1911 1280 1948 nomen
1332 1894 1460 1961 loci,
1493 1894 1739 1950 Dominus
1783 1895 1927 1951 cidit.

340 1978 652 2034 Suﬂiciebat
676 1980 886 2051 quidem
914 1983 1060 2051 justo
1084 1998 1181 2053 pro
1207 1984 1428 2053 praemio
1447 2026 1461 2050 ,
1488 1984 1629 2054 quod
1666 1986 1816 2040 vivus
1843 2000 1925 2041 re-

340 2070 484 2125 diret
533 2071 715 2137 isaac,
742 2082 796 2127 et
822 2073 961 2143 quod
1017 2076 1239 2131 meritus
1278 2084 1437 2153 esset
1487 2075 1633 2131 illam
1670 2078 1929 2133 eximiam

344 2161 556 2218 laudem
577 2204 593 2229 ,
637 2180 832 2235 nempe
858 2166 999 2236 quod
1023 2166 1149 2221 dicit
1173 2183 1188 2220 :
1220 2165 1372 2221 Nune
1403 2168 1610 2239 cognovi
1623 2169 1765 2238 quod
1785 2170 1928 2223 times

345 2248 510 2306 Deum
538 2266 590 2307 tu
621 2269 641 2307 :
666 2264 1027 2311 verumtamen
1054 2256 1101 2312 is
1122 2257 1213 2326 qui
1242 2258 1398 2312 donis
1415 2268 1624 2315 certare
1652 2260 1795 2330 cupit
1819 2301 1835 2327 ,
1872 2267 1927 2315 ct

342 2342 615 2399 beneﬂciis
639 2360 853 2416 semper
886 2349 1049 2404 vincit
1073 2360 1308 2405 mentem
1353 2360 1589 2406 nostram
1609 2392 1627 2420 ,
1649 2352 1774 2420 justi
1805 2354 1925 2408 ani-

342 2449 489 2488 mum
541 2436 701 2490 variis
743 2448 971 2493 exornat
1017 2441 1287 2510 prtemiis,
1340 2451 1395 2497 et
1419 2441 1589 2511 inquit
1622 2442 1809 2498 iterum
1857 2442 1925 2498 ad

341 2522 490 2577 illum
514 2541 528 2577 :
560 2526 643 2581 i5.
666 2525 734 2579 Et
759 2529 947 2582 vocarit
972 2531 1181 2600 angelus
1200 2528 1409 2584 Domini
1429 2531 1684 2585 Abraham
1706 2533 1924 2587 secundo

340 2615 408 2668 de
435 2617 576 2683 carlo,
604 2616 776 2672 dicens
806 2633 824 2672 :
849 2619 937 2674 16.
964 2619 1068 2674 Per
1093 2623 1436 2693 memetipsum
1455 2624 1619 2691 iuraui
1634 2665 1650 2691 ,
1678 2624 1798 2679 dicit
1819 2624 1926 2679 Do-

342 2709 526 2772 minus,
556 2726 613 2763 eo
652 2711 787 2781 quod
814 2713 974 2781 fecisti
1027 2714 1226 2767 verbum
1262 2716 1390 2781 Itoc,
1442 2726 1489 2769 et
1518 2732 1619 2770 non
1657 2718 1924 2787 pepercisti

342 2800 452 2866 ﬁlio
497 2810 581 2854 tuo
608 2801 789 2855 dilecto
840 2814 1044 2874 propter
1068 2822 1184 2872 me,
1219 2807 1307 2860 Π.
1366 2810 1588 2877 profecto
1630 2808 1923 2865 benedicens

339 2889 628 2943 benedicam
654 2902 701 2945 te
720 2932 737 2957 ,
760 2903 806 2947 et
835 2895 1176 2965 multiplicans
1209 2899 1554 2968 multiplicabo
1582 2918 1747 2956 semen
1778 2914 1922 2957 tuum

332 2980 470 3031 sicut
507 2983 678 3035 stellas
703 2983 847 3047 cwli,
880 2994 925 3037 et
954 2986 1080 3038 sicut
1132 3004 1336 3041 arenam
1382 3005 1496 3059 qua:
1541 3000 1611 3045 est
1652 2992 1704 3045 in
1757 2972 1923 3047 littore

340 3067 494 3119 maris
518 3086 535 3131 ;
560 3082 606 3122 et
630 3070 901 3124 hereditate
928 3074 1196 3141 possidebit
1220 3092 1385 3130 semen
1412 3087 1554 3130 tuum
1579 3080 1800 3135 civitates
1823 3081 1919 3135 Ito-

336 3158 509 3222 stium,
550 3160 637 3215 i8.
670 3172 717 3214 et
738 3162 789 3215 in
828 3164 1015 3217 semine
1048 3174 1132 3218 tuo
1159 3164 1512 3222 benedicentur
1540 3185 1711 3225 omnes
1748 3180 1922 3241 gentes

334 3257 500 3315 terror,
529 3266 587 3304 eo
614 3253 750 3321 quod
776 3255 963 3310 audisti
991 3272 1157 3310 vocem
1192 3275 1371 3313 meam.
1400 3260 1535 3329 Quia
1556 3303 1572 3329 ,
1592 3263 1781 3334 inquit,
1813 3265 1915 3319 im-

332 3340 546 3407 plevisti
587 3354 909 3416 praeceptum
955 3364 1132 3404 meum
1152 3392 1168 3416 ,
1196 3360 1251 3405 et
1276 3361 1417 3407 tuam
1446 3353 1801 3410 obedientiam
1825 3372 1919 3428 per

332 3432 515 3486 omnia
559 3433 873 3503 deciarasti,
906 3449 1183 3507 propterea
1210 3442 1332 3495 audi
1362 3459 1375 3495 :
1419 3441 1524 3497 Per
1571 3447 1917 3516 memetipsum

335 3520 501 3581 iuravi
521 3563 535 3586 ,
583 3524 703 3577 dicit
732 3524 995 3582 Dominus.
1027 3528 1161 3585 Vide
1192 3532 1459 3601 quomodo
1500 3536 1553 3589 in
1582 3552 1830 3594 sermone
1856 3554 1917 3595 se

330 3611 575 3667 demittat
615 3616 869 3672 Dominus
900 3637 914 3673 :
959 3618 1062 3674 Per
1087 3624 1429 3693 mentetipsum
1449 3666 1463 3691 ,
1494 3624 1692 3696 inquit,
1725 3628 1911 3698 iuravi,

333 3711 392 3757 ut
416 3704 649 3762 confidas
698 3710 916 3765 omnino
968 3722 1221 3768 eventura
1271 3716 1363 3770 tibi
1410 3734 1529 3787 qua:
1577 3734 1608 3773 a
1657 3736 1744 3775 me
1772 3723 1914 3778 dicta

330 3803 481 3849 sunt.
513 3796 952 3868 Quandoquidem
995 3805 1139 3858 enim
1182 3820 1303 3860 cum
1347 3806 1589 3865 homines
1636 3813 1912 3882 promissis

327 3882 627 3952 iuramenta
656 3887 884 3956 addunt,
917 3899 1041 3946 tunc
1057 3893 1381 3954 stabiliorem
1396 3898 1655 3967 accipiunt
1686 3903 1911 3969 promis-

328 3977 538 4029 sionem
584 3977 617 4030 ii
644 3978 836 4046 quibus
867 3982 1193 4050 promittitur
1221 4002 1234 4037 :
1267 3996 1551 4055 caprOptcr
1574 3999 1628 4044 et
1657 3991 1909 4049 Dominus

330 4063 561 4121 humana
607 4084 732 4125 usus
776 4074 1160 4130 consuetudine
1188 4077 1355 4146 inquit
1386 4096 1398 4132 :
1431 4078 1534 4133 Per
1563 4084 1908 4153 memetipsum

328 4152 495 4207 iuravi
516 4196 531 4219 ,
579 4174 637 4210 eo
689 4160 826 4228 quod
863 4162 1017 4229 fecisti
1047 4169 1247 4218 uerbum
1276 4169 1407 4234 hoc,
1436 4178 1480 4223 et
1511 4187 1611 4225 non
1642 4152 1909 4243 pepercisti

327 4249 437 4316 [ilio
457 4260 542 4304 tuo
563 4251 742 4307 dilecto
773 4267 974 4326 propter
1012 4274 1109 4312 me.
1149 4254 1436 4316 Considera
1458 4304 1473 4328 ,
1504 4264 1760 4335 obsecro,
1792 4268 1903 4323 cle-

326 4342 581 4395 mentiam
639 4344 868 4399 Domini.
918 4346 1039 4402 Non
1089 4352 1379 4419 perpercistt'
1422 4356 1530 4422 ﬁlio
1578 4366 1663 4410 tuo
1719 4360 1900 4416 dilecto

326 4442 533 4498 propter
555 4449 649 4486 me.
674 4436 921 4490 Attamen
945 4436 1119 4493 tivum
1141 4440 1315 4509 ipsum
1342 4444 1565 4499 reducit.
1594 4446 1710 4503 Non
1739 4464 1903 4514 evcnv

324 4530 441 4576 tttm
465 4526 748 4591 respicias,
790 4526 1009 4594 dilecte,
1067 4530 1161 4585 sed
1205 4533 1529 4591 voluntatem
1576 4547 1631 4593 et
1668 4550 1903 4596 mentem

322 4609 499 4673 disce,
552 4628 654 4682 qua
693 4615 810 4670 sine
857 4616 964 4671 ullo
1008 4620 1282 4675 ratiocinio
1330 4626 1577 4681 mandata
1627 4629 1899 4699 implebat.

322 4702 591 4770 Quantum
620 4706 762 4759 enim
797 4706 862 4760 ad
893 4708 1217 4765 voluntatem
1264 4715 1483 4782 attinet,
1532 4730 1902 4775 cruentaverat

321 4791 567 4847 dextram
590 4795 908 4863 patriarcha,
941 4809 996 4853 et
1023 4814 1116 4868 per
1137 4803 1402 4858 cervicem
1431 4808 1578 4874 pueri
1611 4809 1903 4868 immiserat

318 4882 577 4950 gladium,
604 4884 1002 4957 perfectumque
1027 4890 1290 4946 obtulerat
1308 4896 1627 4952 sacriﬁcium
1660 4916 1671 4950 :
1701 4900 1901 4957 ideirco

323 4973 601 5040 Dominus,
634 4978 782 5045 quasi
809 4979 1066 5035 sacriliclo
1088 4996 1145 5036 re
1170 4983 1282 5052 ipsa
1313 5000 1700 5056 consummato,
1721 4991 1901 5048 laudat

316 5064 521 5132 justum
542 5106 560 5132 ,
586 5075 653 5157 et
662 5067 826 5121 dicit:
863 5068 981 5123 Non
1014 5076 1276 5143 pepercisti
1296 5079 1404 5145 filio
1446 5091 1530 5134 tuo
1558 5082 1741 5139 dilecto
1778 5106 1899 5157 pro-

321 5164 433 5222 pter
490 5171 585 5208 me.
614 5155 692 5241 Tu
732 5158 947 5227 quidem
994 5175 1096 5215 non
1139 5168 1413 5232 pepercisti
1461 5181 1679 5241 propter
1720 5155 1899 5232 meum

319 5234 669 5309 mandatum;
696 5261 795 5315 ego
821 5259 995 5302 autem
1022 5255 1233 5321 peperci
1253 5234 1627 5325 propter-tuam
1646 5264 1901 5321 obedien-

322 5335 468 5424 tiam.
500 5334 720 5405 Propter
740 5338 877 5392 hanc
901 5349 1046 5394 tuam
1070 5341 1426 5403 obedientiam
1451 5360 1502 5405 te
1529 5369 1895 5424 remunerans,

319 5422 621 5481 Benedicatn
661 5437 740 5519 te,
790 5439 839 5482 et
893 5432 1233 5500 multiplicans
1261 5436 1603 5507 multiplicabo
1651 5455 1717 5499 te.
1770 5422 1899 5503 \‘ide

320 5517 644 5571 cmnulatam
672 5517 1093 5577 benedictionem
1128 5542 1142 5578 :
1168 5525 1268 5581 hoc
1292 5537 1375 5583 est
1400 5547 1414 5581 :
1443 5532 1685 5602 Amplius
1714 5538 1896 5591 multi-

324 5608 532 5677 plicabo
564 5627 745 5667 semen
776 5624 945 5668 tuum.
980 5616 1075 5670 ilic
1122 5619 1262 5673 enim
1293 5622 1380 5690 qui
1430 5638 1523 5692 per
1569 5629 1895 5686 voluntatem

320 5709 465 5753 tuam
493 5702 702 5757 occisus
722 5713 824 5770 est,
854 5704 905 5758 in
938 5712 1135 5763 tantam
1176 5711 1560 5773 multitudinem
1593 5724 1899 5791 propagabit

321 5805 504 5848 semen
550 5805 733 5859 tuum,
764 5804 820 5849 ut
857 5796 1025 5853 stellis
1053 5808 1105 5852 et
1134 5814 1311 5856 arena:
1359 5803 1743 5877 adatquandum
1789 5818 1856 5868 sit
1882 5859 1895 5883 ,

1325 418 1390 475 IN
1427 415 1581 473 CAP.
1626 410 1807 471 XXIII.
1849 403 2098 466 oms.
2139 404 2366 464 ΠΟΜΙῙ..
2408 400 2639 462 XLVIII.

3522 387 3631 448 ιω

2046 520 2117 576 Et
2145 537 2316 577 omnes
2342 530 2511 593 gentes
2559 520 2613 573 in
2636 515 2823 572 semine
2850 522 2937 570 tuo
2963 506 3345 569 bcnedicendm
3394 506 3530 571 sint,
3572 522 3632 560 eo

2042 612 2179 684 quod
2205 613 2393 667 audisti
2415 627 2584 666 vocem
2630 625 2809 664 meam.
2863 606 2986 661 llaec
3030 602 3246 668 omnia,
3300 601 3506 671 inquit,
3538 597 3633 652 tibi

2044 705 2096 759 in
2123 703 2437 760 obedientia:
2452 710 2613 757 tanta:
2639 697 2942 755 mercedem
2972 695 3221 751 aderunt.

2114 796 2331 850 Horalis
2357 793 2746 849 exhortatio.—
2772 791 2985 861 Ergone
3030 787 3257 857 plurima
3298 781 3455 839 nobis
3491 782 3632 837 bona

2043 886 2095 942 id
2126 885 2406 950 conciliat,
2458 884 2600 955 quod
2638 880 2919 938 obedimus
2956 881 3066 934 Deo
3093 885 3147 933 et
3194 872 3476 947 praeceptis
3515 872 3633 941 ejus

2040 978 2503 1047 obtemperamus,
2560 985 2613 1030 et
2662 973 2799 1028 sicut
2846 970 3145 1042 patriarcha
3189 968 3313 1032 ille,
3365 964 3634 1020 Curiosius

2041 1082 2146 1122 non
2193 1066 2539 1136 inquirimus,
2574 1079 2737 1135 quare
2789 1064 2909 1117 talia
2945 1062 3013 1116 ab
3044 1074 3111 1116 eo
3158 1059 3418 1128 imperata
3467 1056 3574 1108 sint
3612 1070 3627 1108 :

2038 1158 2131 1213 sed
2176 1158 2393 1229 utgrati
2424 1156 2561 1211 servi
2606 1156 2887 1224 implemus
2930 1150 3217 1215 mandata,
3258 1142 3629 1216 rationemque

2038 1266 2223 1307 eorum
2266 1250 2616 1319 relinquimus
2663 1246 2923 1301 Domino?
2963 1244 3017 1299 Si
3061 1244 3221 1313 igitur
3260 1241 3337 1296 sic
3374 1236 3625 1293 docueri-

2036 1360 2157 1399 mus
2217 1343 2606 1412 nosmetipsos,
2659 1340 2950 1411 poterimus
2983 1345 3037 1392 et
3079 1334 3322 1391 eamdem
3370 1329 3624 1387 obedien-

2038 1435 2163 1489 tiam
2187 1433 2459 1497 exitibere,
2482 1446 2639 1501 quam
2661 1430 2836 1499 justus
2862 1428 2951 1483 ille
2969 1470 2983 1491 ,
3017 1425 3340 1494 easdemque
3366 1418 3625 1491 consequi

2035 1540 2279 1581 coronas.
2303 1523 2580 1593 Quomodo
2600 1531 2776 1577 autem
2806 1518 3150 1581 obediemus?
3171 1518 3226 1573 Si
3248 1516 3493 1571 mandata
3507 1513 3623 1583 ejus

2034 1632 2198 1686 Opere
2238 1615 2727 1685 adimpleverimus.
2760 1611 2879 1667 Non
2907 1610 3039 1666 enim
3081 1609 3370 1672 auditores,
3414 1606 3618 1676 inquit,

2034 1708 2158 1779 legis
2185 1705 2621 1777 justiﬁcabuntur,
2662 1704 2751 1757 sed
2788 1707 3005 1773 factores
3034 1699 3211 1771 (Rom.
3254 1698 3310 1753 2.
3342 1696 3454 1768 l3).
3488 1695 3621 1763 Quae

2034 1802 2175 1856 enim
2206 1800 2404 1855 utilitas
2420 1841 2435 1865 ,
2458 1799 2504 1853 si
2533 1796 2769 1868 quotidie
2789 1795 3088 1869 audiamus,
3117 1801 3171 1846 et
3190 1806 3353 1863 opera
3376 1789 3620 1861 negliga-

2032 1890 2183 1945 mus?
2213 1889 2337 1945 Ideo
2363 1905 2477 1954 oro,
2508 1897 2565 1944 ut
2592 1887 2656 1941 ad
2683 1886 2884 1958 agenda
2903 1899 3063 1955 opera
3089 1884 3227 1939 bona
3271 1881 3616 1941 festinemus;

2034 1998 2207 2053 neque
2232 1982 2373 2037 enim
2394 1982 2551 2036 aliter
2570 1980 2799 2035 salutem
2821 1976 3073 2046 consequi
3105 1986 3387 2045 possumus
3417 1988 3430 2025 :
3466 1980 3523 2024 ut
3565 1980 3620 2025 et

2031 2082 2248 2145 peccata
2279 2082 2459 2127 nostra
2502 2070 2817 2135 abiuamus,
2856 2079 2911 2124 et
2955 2066 3239 2123 clementia
3288 2064 3500 2120 Domini
3529 2062 3617 2119 di-

2030 2164 2119 2234 gni
2150 2164 2459 2229 habeantur,
2486 2163 2653 2233 gratia
2680 2171 2732 2216 et
2759 2158 3189 2216 miserationibus
3205 2155 3419 2212 Domini
3448 2166 3616 2211 nostri

2028 2254 2152 2310 Jesu
2195 2253 2426 2319 Christi,
2479 2269 2599 2308 cum
2639 2267 2745 2323 quo
2796 2252 2937 2307 Patri
2987 2261 3041 2307 et
3068 2259 3253 2306 saneto
3301 2247 3618 2317 viviticoque

2031 2346 2252 2417 Spiritui
2281 2346 2355 2400 sit
2375 2344 2540 2415 gloria
2568 2386 2582 2411 ,
2610 2358 2753 2399 nunc
2774 2353 2828 2400 et
2852 2358 3085 2413 semper,
3117 2351 3171 2398 et
3198 2342 3251 2397 in
3278 2340 3475 2397 smcula
3504 2354 3611 2396 sae-

2032 2436 2292 2492 culorum.
2325 2436 2513 2491 Amen.

2535 2504 2814 2561 HOMILIA
2862 2503 3095 2561 XLVIII.

2030 2598 2415 2669 Responderunt
2448 2607 2615 2652 autem
2643 2596 2738 2667 [illi
2762 2595 2885 2651 Chet
2918 2597 2987 2649 ad
3022 2595 3277 2649 Abraham
3303 2635 3316 2659 ,
3362 2604 3409 2649 et
3453 2594 3604 2648 dixe;-

2096 2704 2213 2748 runt
2236 2709 2256 2747 :
2287 2692 2393 2747 Rea:
2418 2710 2449 2746 a
2486 2690 2595 2746 Deo
2631 2708 2682 2746 es
2714 2701 2767 2745 tu
2810 2692 2863 2745 in
2889 2690 3050 2755 nobis,
3080 2690 3132 2743 in
3164 2689 3333 2744 electis
3362 2688 3609 2758 sepulcris

2096 2791 2279 2844 nostris
2307 2782 2461 2858 sepeli
2489 2796 2741 2841 mortuum
2768 2795 2908 2839 tuum
2934 2783 3084 2854 (Gen.
3114 2783 3205 2837 23.
3239 2782 3291 2837 5.
3324 2780 3404 2852 0).

2097 2903 2150 2957 1.
2187 2900 2402 2956 Vidistis
2433 2900 2545 2955 lteri
2567 2940 2583 2965 ,
2605 2898 2782 2954 dilecti
2807 2940 2822 2965 ,
2854 2895 3171 2969 patriarcha:
3201 2895 3561 2950 fortitudinem
3592 2911 3608 2948 :

2024 2992 2229 3047 vidistis
2270 2993 2501 3045 animam
2556 2990 2834 3044 adamante
2886 2987 3225 3052 solidiorem,
3290 2986 3601 3058 quomodo,

2022 3090 2276 3150 quantum
2305 3080 2355 3134 in
2390 3081 2505 3149 ipso
2518 3089 2653 3144 erat,
2682 3079 2752 3133 ob
2782 3093 3027 3148 magnam
3055 3078 3108 3131 in
3134 3078 3298 3131 Deum
3325 3077 3606 3130 caritatem

2022 3170 2272 3225 sacerdos
2304 3169 2395 3223 lilii
2424 3168 2593 3224 factus
2618 3177 2701 3222 est
2722 3210 2736 3233 ,
2774 3176 2828 3222 et
2857 3168 3129 3237 proposito
3156 3165 3371 3235 quidem
3410 3179 3608 3219 cruen-

2022 3262 2154 3315 tavit
2175 3261 2435 3325 dextram,
2458 3259 2887 3329 saeriliciumque
2915 3259 3139 3314 obtulit:
3164 3273 3259 3328 per
3284 3256 3607 3312 ineii'abilem

2020 3359 2196 3405 autem
2228 3350 2647 3405 misericordiam
2689 3351 2782 3405 Dei
2806 3349 2955 3403 salvo
2998 3358 3052 3403 et
3086 3364 3217 3404 sano
3248 3348 3356 3402 lilio
3392 3362 3490 3405 suo
3517 3364 3607 3403 re-

2020 3451 2176 3511 cepto
2214 3440 2405 3506 rediit,
2439 3449 2492 3495 et
2536 3450 2753 3510 propter
2793 3440 3119 3494 voluntatem
3155 3438 3475 3509 praedicatus
3522 3449 3607 3494 est

2018 3547 2321 3602 coronaque
2364 3530 2560 3602 fulgida
2610 3531 2918 3595 redimitus,
2964 3538 3019 3586 et
3065 3526 3332 3587 sumntum
3376 3544 3603 3599 agonem

2018 3623 2239 3679 certavit
2259 3665 2272 3688 ,
2296 3638 2357 3677 ac
2393 3638 2489 3693 per
2517 3623 2695 3677 omnia
2731 3623 2978 3692 pietatem
3007 3622 3199 3677 mentis
3223 3636 3335 3677 sua:
3359 3620 3604 3675 declara-

2017 3718 2111 3771 vit.
2140 3716 2425 3771 Videamus
2456 3725 2508 3771 et
2534 3716 2692 3771 hodie
2721 3726 2967 3785 quantam
2989 3715 3163 3785 justus
3184 3715 3273 3770 ille
3302 3713 3391 3767 lilii
3417 3728 3603 3770 curam

2016 3809 2277 3864 habuerit.
2318 3808 2448 3862 Nam
2472 3821 2751 3879 pOStquam
2774 3823 2803 3862 a
2830 3808 3095 3867 Sacrificio
3134 3808 3225 3863 illo
3255 3822 3393 3862 novo
3422 3817 3475 3862 et
3502 3806 3600 3860 ad-

2016 3900 2242 3955 mirabili
2271 3900 2461 3963 rediit,
2494 3901 2701 3969 excepit
2725 3916 2846 3955 eum
2896 3900 3069 3955 Sarra:
3109 3900 3280 3954 luctus
3310 3917 3322 3951 :
3355 3913 3475 3953 cum
3506 3913 3603 3951 au-

2014 3998 2119 4044 tem
2141 3991 2379 4059 petiisset
2400 4005 2427 4042 a
2448 3989 2567 4043 liliis
2583 3990 2719 4044 Chet
2738 4004 2893 4061 posse
2924 3990 3127 4043 sionem
3148 3989 3400 4058 sepulcri,
3417 3998 3600 4055 empto

2012 4083 2130 4139 loco
2152 4124 2165 4148 ,
2196 4083 2443 4151 deposuit
2489 4094 2775 4149 mortuam,
2806 4092 2861 4137 et
2900 4083 3001 4137 hoc
3039 4084 3353 4151 principium
3387 4095 3601 4150 posscs-

2009 4173 2176 4227 sionis
2245 4172 2405 4225 habet
2462 4171 2757 4241 patriarcha
2820 4173 3005 4226 mortis
3056 4172 3232 4227 Sarra:
3286 4173 3592 4227 occasione.

2007 4262 2309 4317 Monstrans
2332 4264 2472 4317 enim
2502 4263 2653 4317 nobis
2671 4262 2939 4331 Scriptura
2968 4263 3142 4317 divina
3166 4263 3293 4332 justi
3320 4264 3594 4329 virtutem,

2008 4368 2235 4422 eumque
2264 4354 2399 4407 sicut
2442 4354 2783 4423 peregrinum
2825 4363 2879 4407 et
2908 4352 3166 4407 advenam
3200 4361 3310 4407 toto
3356 4362 3596 4421 tempore

2006 4445 2201 4511 fuisse,
2227 4446 2327 4501 hoc
2356 4462 2568 4517 quoque
2595 4446 2947 4517 significavit,
2982 4456 3038 4501 ut
3060 4446 3327 4501 discamus
3353 4464 3475 4503 eum
3502 4452 3593 4517 qui

2008 4546 2154 4590 tanto
2180 4552 2414 4605 superno
2462 4538 2710 4606 prmsidio
2739 4537 3033 4603 fruebatur,
3055 4547 3113 4594 et
3139 4539 3217 4593 sic
3264 4538 3485 4596 illustris
3511 4538 3561 4593 l'a
3578 4570 3594 4581 ο

2005 4636 2121 4681 ctus
2155 4638 2313 4696 atque
2357 4628 2409 4681 in
2461 4638 2661 4681 tantam
2714 4627 3105 4683 multitudinem
3162 4627 3388 4682 diliusus
3435 4637 3591 4693 erat,

2005 4720 2277 4788 proprium
2300 4721 2601 4788 sepulcrum
2630 4734 2734 4773 non
2754 4718 3055 4789 possedisse
3074 4759 3090 4785 ,
3114 4720 3250 4775 sicut
3276 4734 3416 4774 nunc
3439 4719 3592 4777 multi

2004 4810 2203 4865 faciunt
2225 4853 2238 4877 ,
2266 4827 2421 4880 agros
2447 4821 2500 4865 et
2528 4812 2713 4875 villas,
2756 4810 3121 4880 infinitamque
3149 4810 3309 4864 aliam
3338 4810 3591 4866 substan-

2006 4902 2133 4956 tiam
2178 4903 2453 4971 possidere
2479 4903 2773 4958 studentes.
2800 4903 2975 4958 Multis
3013 4904 3155 4960 enim
3197 4905 3359 4961 anitni
3390 4905 3591 4960 divitiis

2005 4992 2295 5058 fruebatur,
2328 5004 2381 5049 et
2418 4994 2486 5049 de
2534 4994 2653 5049 aliis
2678 5009 2785 5049 non
2830 5003 2946 5050 erat
2975 4996 3183 5053 anxius.
3237 4996 3472 5053 Audiant
3498 4999 3589 5067 qui

2003 5096 2225 5155 repente
2272 5097 2326 5139 et
2354 5086 2405 5140 in
2437 5101 2541 5140 uno
2575 5087 2832 5156 temporis
2860 5097 3132 5143 momento
3160 5088 3398 5149 omnium
3448 5089 3587 5144 bona

2002 5178 2327 5240 corradunt,
2369 5184 2424 5230 et
2472 5176 2699 5247 ubique,
2740 5186 2799 5231 ut
2849 5178 2921 5234 ita
2968 5177 3175 5244 dicant,
3209 5180 3446 5234 avaritia:
3477 5194 3588 5237 sua:

2002 5268 2489 5338 concupiscentiam
2548 5268 2880 5334 extendunt,
2935 5268 3315 5339 imitenturque
3360 5272 3587 5340 patriar-

2002 5359 2157 5416 cham
2185 5400 2203 5426 ,
2233 5361 2416 5430 quine
2440 5360 2652 5429 quidem
2703 5360 2886 5416 habuit
2930 5363 3103 5417 locum
3159 5362 3210 5417 in
3256 5377 3362 5433 quo
3409 5363 3583 5420 Sarra:

2002 5451 2597 5521 coiiocarctreliquias,
2631 5452 2724 5507 sed
2774 5462 2897 5513 tunc
2942 5454 3209 5523 primum,
3260 5454 3474 5524 quando
3518 5456 3583 5511 ait

2005 5542 2116 5613 ipsa
2140 5545 2457 5598 necessitate
2482 5546 2789 5612 compulsus
2815 5555 2926 5609 est,
2969 5547 3097 5600 emit
3136 5562 3321 5615 agrum
3350 5556 3407 5602 et
3455 5562 3571 5616 spc-

2004 5635 2213 5691 luncam
2238 5649 2268 5688 a
2295 5635 2415 5696 tiliis
2441 5635 2595 5690 Chet.
2622 5636 2753 5690 Nam
2781 5637 2923 5706 quod
2951 5638 3255 5707 spectabilis
3275 5648 3420 5695 esset
3440 5640 3582 5709 apud

2002 5723 2358 5791 Chananteos,
2414 5725 2537 5779 audi
2585 5726 2720 5780 ﬁlios
2764 5726 2899 5782 Chet
2949 5728 3014 5782 ad
3067 5745 3191 5788 eum
3217 5731 3491 5796 dicentes,
3522 5732 3578 5786 6.

2006 5816 2115 5870 Rea:
2142 5833 2173 5875 tt
2203 5815 2307 5871 Deo
2333 5832 2386 5870 es
2413 5827 2465 5870 tu
2493 5818 2542 5874 in
2596 5816 2767 5887 nobis,
2800 5820 2849 5874 in
2879 5820 3044 5875 electis
3100 5824 3348 5892 sepulcris
3379 5830 3578 5883 nostris
