4144 6488
509 405 613 462 835

510 519 665 591 sepeli
693 524 942 579 mortuum
968 520 1105 567 luunt
1127 525 1145 564 :
1170 497 1505 563 nullus'euim
1534 510 1758 559 nostrum
1800 497 2073 569 prohibebit

512 589 796 681 sepulcrum
842 620 988 659 suum
1028 618 1061 655 a
1091 610 1139 653 te
1163 598 1315 667 (Cap.
1345 596 1460 665 23).
1490 593 1749 649 Caeterum
1778 589 1896 644 vide
1944 600 2077 656 quo-

513 678 859 770 modojusttts
884 694 1131 765 operibus
1151 692 1261 747 suis
1279 690 1467 744 doceat
1489 686 1607 740 illos
1633 696 1809 737 veram
1843 678 2077 750 philoso-

482 794 723 865 phiam,
766 798 819 843 et
873 800 978 841 non
1023 784 1168 855 prius
1213 780 1341 836 velit
1361 780 1601 846 accipere
1643 780 2077 833 monumentum,

515 898 670 954 quam
714 881 915 951 justum
943 877 1243 932 dinumerat
1294 871 1534 942 pretium.
1590 867 1720 921 Nam
1776 865 1899 918 licet
1949 876 2078 926 vos,

514 973 715 1042 inquit,
766 971 834 1024 ita
864 966 1105 1023 benevoli
1146 979 1268 1032 erga
1305 976 1391 1016 me
1430 959 1587 1014 sitis:
1619 966 1668 1010 at
1694 970 1794 1025 ego
1843 968 1947 1008 non
1992 967 2083 1023 pa-

516 1066 641 1131 tiar,
671 1062 771 1117 nisi
817 1061 961 1131 prius
982 1058 1216 1112 debitum
1244 1053 1472 1124 pretium
1498 1047 1837 1119 dcpenderim
1857 1046 1924 1113 (o.
1956 1044 2043 1113 i3)
2066 1060 2079 1095 :

516 1164 573 1208 ει
600 1154 677 1207 sic
697 1150 954 1219 accipiam
975 1145 1291 1216 sepulcrum.
1326 1144 1391 1197 Et
1414 1147 1687 1195 numerata
1706 1179 1725 1201 ν
1757 1135 1959 1204 inquit,
1988 1149 2085 1203 pe-

517 1243 669 1298 cunia
690 1239 885 1308 accepit
914 1245 1345 1291 monumentum:
1399 1232 1482 1291 i9.
1552 1228 1617 1283 Et
1636 1226 1856 1298 sepelivit
1875 1225 2086 1280 Sarram

520 1346 888 1413 uxoremguam
915 1331 966 1383 in
988 1328 1225 1396 spelunca
1252 1324 1363 1394 agri
1382 1321 1594 1392 duplici,
1621 1336 1731 1390 qum
1754 1328 1826 1372 est
1850 1336 1874 1371 ι
1890 1316 2089 1387 regione

522 1406 769 1476 Humbre.
804 1421 867 1475 Et
912 1421 1000 1489 qui
1028 1428 1132 1473 tant
1162 1417 1339 1471 clarus
1365 1423 1419 1468 et
1462 1410 1766 1482 Spectabilis
1809 1418 1950 1469 erat,
1998 1406 2086 1475 qui

1229 393 1286 449 S.
1324 386 1596 449 JOANNIS
1631 375 2096 442 αηηγεοετοιιι
2137 374 2445 436 ARCHIEP.
2488 370 3014 429 CONSTANTINOP.

3649 369 3753 427 636

2189 508 2322 549 mus.
2362 494 2543 563 Neque
2583 492 2723 548 enim
2764 506 2851 547 res
2890 498 3085 546 nostra:
3135 490 3291 561 hujus
3334 490 3454 545 vita!
3498 489 3755 544 limitibus

2190 586 2596 655 circumscriptm
2637 592 2761 638 sunt
2783 623 2797 648 ,
2832 597 3005 654 neque
3026 595 3236 652 semper
3269 581 3322 635 in
3350 581 3519 635 aliena
3541 582 3758 651 regione

2189 680 2425 737 erimus:
2458 676 2549 730 sed
2596 690 2701 729 non
2754 677 2923 729 multo
2963 683 3078 744 post
3113 674 3162 727 in
3195 672 3462 741 propriam
3502 667 3763 727 remeabi.

2191 785 2307 827 mus
2338 769 2579 837 patriam.
2611 766 2798 821 Omnia
2834 765 2992 835 igitur
3029 763 3313 827 faciamus,
3362 778 3427 815 ne
3472 761 3577 815 illic
3603 757 3758 831 egeni

2189 863 2350 917 simus
2378 861 2559 915 futuri.
2588 860 2719 915 Nam
2742 873 2857 928 qua:
2876 857 3096 922 utilitas,
3125 858 3176 909 in
3198 856 3363 909 aliena
3381 854 3597 922 regione
3624 850 3764 906 mni-

2194 965 2271 1009 tas
2301 954 2511 1008 divitias
2539 952 2856 1021 relinquere,
2891 950 2942 1001 in
2973 950 3183 1016 propria
3210 955 3409 1009 autem,
3438 952 3493 998 ct
3514 943 3565 996 in
3594 942 3762 1013 patria

2186 1046 2504 1101 necessariis
2524 1059 2706 1099 carere
2726 1042 2749 1096 ?
2771 1042 2949 1111 itaque
2969 1054 3085 1105 oro,
3112 1038 3424 1094 festinemus
3447 1036 3578 1090 dum
3592 1033 3766 1089 adhuc

2191 1145 2397 1206 tempus
2431 1145 2532 1199 est,
2582 1143 2638 1188 ut
2681 1133 2806 1188 illuc
2841 1129 3220 1186 trausleramus
3257 1128 3416 1181 etiam
3445 1139 3563 1195 qua:
3590 1124 3642 1177 in
3668 1123 3770 1177 hac

2191 1228 2360 1282 aliena
2389 1226 2663 1280 habemus.
2710 1222 2997 1279 Enimvero
3018 1220 3141 1275 licet
3165 1218 3393 1274 multum
3436 1217 3576 1271 inter
3598 1228 3658 1270 se
3684 1212 3766 1269 di-

2193 1329 2355 1385 stent,
2399 1318 2567 1372 facilis
2600 1326 2774 1372 tamen
2802 1324 2885 1370 est
2910 1314 3250 1369 transvectio.
3291 1311 3393 1380 Qui
3427 1310 3570 1366 enim
3591 1317 3773 1365 nostra

2195 1426 2259 1467 eo
2290 1409 2609 1464 transferant
2630 1448 2643 1469 .
2678 1405 2845 1475 parati
2873 1412 3026 1469 sunt,
3068 1412 3122 1457 et
3147 1416 3333 1457 secure
3360 1396 3483 1454 illuc
3512 1406 3774 1469 pergunt,

523 1522 717 1566 tantam
747 1508 883 1579 apud
912 1511 1073 1563 Deum
1104 1507 1303 1560 habens
1328 1501 1571 1557 fiduciam
1595 1541 1609 1567 ,
1638 1509 1690 1553 ct
1727 1497 1861 1567 apud
1906 1510 2090 1549 omnes
2192 1512 2351 1571 atque
2391 1501 2443 1552 in
2478 1501 2727 1553 thesauro
2752 1492 3147 1563 indeprzrdabili
3177 1506 3238 1545 ea
3269 1499 3574 1559 reponunt,
3623 1500 3773 1558 qua:-

524 1604 634 1659 ict'c
660 1602 748 1673 qni
782 1576 865 1655 iibi
910 1600 1134 1671 agebant
1186 1598 1237 1651 in
1267 1603 1414 1649 ωιιιο
1442 1593 1643 1646 honore
1681 1599 1824 1655 erat.
1858 1598 1911 1643 ιιι
1958 1596 2012 1642 οι
2060 1603 2151 1647 θ..
2197 1606 2421 1661 cumque
2453 1604 2545 1658 per
2572 1588 2782 1642 illorum
2812 1585 3016 1639 'manus
3061 1581 3384 1652 praemittere
3428 1576 3772 1649 potuerimus.

528 1696 650 1752 filiis
678 1694 810 1749 (lbet
862 1708 953 1746 res
987 1692 1367 1753 nominaretur,
1420 1698 1591 1753 neque
1629 1682 1905 1751 vestigium
1946 1679 2093 1748 pedis

528 1787 844 1856 possidebat.
875 1785 1157 1851 Propterea
1182 1788 1234 1834 ct
1273 1780 1455 1832 beatus
1488 1776 1683 1830 Paulus
1703 1774 1949 1827 virtutem
1968 1770 2093 1839 justi

504 1877 819 1947 lprtedicaus
848 1882 901 1928 et
927 1872 1164 1927 scribens
1189 1869 1397 1925 dicebat
1429 1885 1443 1921 :
1476 1865 1576 1920 Per
1611 1865 1761 1935 ﬁdem
1805 1863 2095 1933 peregrinus

531 1968 626 2037 fuit
652 1968 903 2021 Abraham
940 1966 995 2017 in
1036 1974 1167 2017 terra
1198 1960 1539 2032 promissionis
1566 1958 1713 2013 veluti
1749 1956 1915 2010 aliena
1936 1995 1948 2019 ,
1984 1937 2110 2006 cum.

531 2058 583 2113 in
622 2056 951 2111 tabernaculis
980 2055 1245 2109 habitasset
1266 2068 1378 2106 cum
1408 2050 1557 2106 Isaac
1586 2060 1631 2103 et
1655 2047 1812 2102 Iacob
1841 2043 2099 2100 coheredi-

533 2151 623 2206 bus
646 2150 863 2221 ejusdem
883 2148 1225 2223 promissionis
1252 2146 1431 2216 (Hebr.
1462 2145 1545 2199 ll.
1570 2144 1645 2212 9).
1676 2140 1872 2196 Deinde
1900 2139 2100 2193 docens

535 2256 630 2297 nos
654 2282 671 2307 ,
697 2240 958 2311 quomodo
980 2239 1081 2293 llde
1112 2237 1419 2309 peregrinus
1463 2233 1656 2299 fuerit,
1692 2230 1959 2287 subdidit:
1996 2228 2100 2282 Ea:-

533 2333 785 2403 spectabat
805 2333 933 2387 enim
979 2333 1238 2386 habentem
1274 2328 1600 2401 fundamenta
1638 2324 1882 2379 ciuitatem
1905 2363 1920 2386 ,
1958 2322 2105 2390 cujus

540 2423 710 2494 opifex
732 2431 777 2476 et
803 2423 1028 2476 conditor
1066 2432 1137 2475 est
1170 2421 1302 2473 Deus
1332 2417 1491 2490 (Ibid.
1518 2433 1565 2470 v.
1600 2416 1711 2485 10).
1735 2415 1839 2483 Spe
1858 2455 1873 2479 ,
1900 2414 2101 2483 inquit,

539 2515 833 2569 futurorum
876 2512 1199 2580 despiciebat
1249 2509 1565 2579 praesentia;
1614 2516 1667 2561 et
1712 2504 2108 2573 exspectatione

539 2603 798 2672 majorum
821 2603 1101 2667 bonorum,
1123 2601 1295 2656 minus
1317 2599 1534 2654 curabat
1550 2612 1611 2653 ea
1637 2611 1756 2668 qua:
1777 2596 1829 2649 in
1861 2595 2109 2666 prtesenti

539 2699 646 2753 vita
688 2708 853 2753 sunt:
887 2708 1043 2767 atque
1083 2696 1196 2750 haec
1224 2702 1346 2749 ante
1389 2695 1588 2763 legem,
1617 2701 1669 2747 et
1696 2699 1822 2745 ante
1863 2687 2107 2759 gratiam.

543 2793 761 2861 Qualem
783 2791 936 2860 igitur
967 2788 1274 2843 habebimus
1304 2802 1401 2842 nos
1425 2784 1837 2849 excusationem,
1869 2781 2110 2846 dic,oro,

546 2885 634 2952 qui
667 2892 780 2953 post
810 2892 885 2936 tot
915 2881 1315 2950 pollicitationes
1334 2921 1348 2946 ,
1377 2888 1430 2935 ct
1462 2876 1839 2948 promissioncs
1870 2872 2111 2927 ineffabi-

547 2974 674 3029 iium
717 2974 971 3028 bonorum
997 3014 1011 3039 ,
1057 2971 1320 3026 inhiamus
1367 2968 1748 3040 prmsentibus,
1796 2975 1847 3021 et
1886 2966 2112 3021 emimus

547 3079 735 3135 agros,
780 3074 835 3119 et
865 3063 1056 3133 ubique
1076 3063 1202 3117 clari
1227 3076 1345 3117 esse
1374 3061 1649 3116 studemus
1669 3101 1684 3127 ,
1713 3060 2115 3129 colligimusque

548 3158 663 3212 haec
701 3158 877 3211 omnia
921 3172 1015 3226 per
1058 3156 1327 3210 avaritiam
1384 3164 1439 3209 et
1478 3154 1758 3224 rapinam?
1812 3163 1866 3207 et
1897 3153 1949 3208 id
1976 3152 2117 3219 quod

551 3248 735 3302 beatos
782 3246 1038 3316 propheta
1084 3262 1205 3302 cum
1248 3247 1478 3300 lamento
1529 3245 1778 3300 dicebat:
1821 3243 1909 3298 Va:
1945 3244 2008 3298 iis
2034 3244 2120 3313 qui

548 3340 856 3410 eoujungunt
877 3337 1077 3391 domum
1104 3338 1274 3391 domui
1291 3380 1305 3402 ,
1333 3348 1378 3389 et
1417 3353 1593 3405 agrum
1620 3351 1740 3405 agro
1762 3336 2029 3405 copulant,
2068 3342 2122 3387 ut

554 3428 676 3498 quid
704 3446 734 3481 a
759 3429 990 3496 proximo
1019 3429 1249 3498 auferant
1276 3425 1427 3496 (Isai.
1457 3426 1510 3480 5.
1549 3426 1602 3483 8)
1635 3443 1647 3478 :
1680 3425 1779 3480 hoc
1817 3439 1912 3479 nos
1949 3424 2123 3493 operi-

552 3518 651 3573 bus
676 3518 992 3586 implemus?
1021 3518 1209 3571 Annon
1240 3516 1475 3587 quotidie
1492 3515 1731 3571 videmus
1756 3515 1911 3584 diripi
1938 3514 2119 3570 viduao

555 3624 671 3665 rum
702 3610 837 3664 bona
858 3651 873 3674 ,
915 3609 1128 3679 spoliari
1155 3608 1421 3677 orphanns
1441 3650 1455 3674 ,
1489 3609 1725 3661 inlirmos
1751 3620 1779 3658 a
1815 3606 2121 3662 fortioribus

555 3701 823 3771 opprimi?
853 3699 1046 3755 Verum
1092 3699 1262 3769 justus
1283 3698 1371 3754 ille
1416 3712 1749 3769 nequaquam
1778 3698 1890 3761 sic,
1937 3697 2031 3751 sed
2071 3707 2127 3765 et

558 3792 856 3861 sepulcrum
900 3806 1081 3847 emere
1104 3805 1222 3845 cum
1274 3791 1465 3855 voluit,
1498 3789 1745 3860 quoniam
1786 3788 1917 3843 vidit
1960 3803 2053 3843 eos
2093 3804 2122 3843 a

558 3883 749 3952 quibus
778 3883 925 3952 petiit
946 3881 1373 3951 darervoientes,
1407 3896 1511 3935 non
1541 3881 1685 3951 prius
1705 3882 1938 3949 accepit,
1968 3895 2125 3950 quam

558 3973 756 4044 iustum
788 3974 1129 4043 dcpcndisset
1156 3974 1403 4043 pretium.
1433 3972 1557 4031 Hau:
1597 3972 1774 4042 itaque
1799 3980 1977 4027 mente
2003 3987 2127 4027 ver-

562 4074 743 4120 santes
766 4106 779 4129 ,
804 4063 977 4119 dilecti
1000 4107 1015 4131 ,
1040 4079 1137 4119 nos
1164 4065 1251 4134 qui
1282 4064 1381 4118 sub
1399 4063 1566 4134 gratia
1583 4105 1597 4128 ,
1638 4078 1759 4118 eum
1783 4064 1870 4133 qui
1901 4071 2025 4117 ante
2054 4064 2133 4118 lc-

565 4170 682 4226 gem
734 4155 1042 4211 imitemur:
1097 4164 1151 4209 et
1199 4172 1265 4211 ne
1292 4155 1458 4209 multa
1501 4153 1804 4224 possidendi
1848 4153 2133 4223 cupiditate

565 4246 811 4311 accensi,
844 4246 1099 4312 majorem
1129 4255 1176 4299 et
1205 4245 1499 4314 graviorem
1548 4242 1938 4298 accumulemus
1959 4244 2132 4313 ignem

572 4332 1084 4405 inexstinguihilem,
1125 4345 1177 4389 et
1205 4334 1470 4389 ﬂammam
1503 4332 1905 4387 intolerabilem.
1936 4332 2131 4387 Audie-

571 4440 687 4480 mus
712 4426 881 4490 enim,
912 4424 954 4480 si
986 4426 1035 4479 in
1064 4423 1364 4493 huiusmodi
1393 4423 1576 4493 rapina
1606 4431 1660 4477 et
1679 4422 1894 4478 avaritia
1925 4437 2135 4477 mansee

575 4515 763 4581 rimus,
795 4531 855 4569 ea
883 4530 999 4585 quae
1020 4515 1157 4570 dicta
1178 4523 1301 4569 sunt
1325 4513 1473 4568 diviti
1504 4512 1611 4568 illi:
1644 4511 1842 4579 Stulte,
1868 4514 1968 4567 ista
1992 4523 2139 4568 nocte

571 4606 658 4659 abs
685 4617 730 4659 te
760 4608 979 4659 animam
1008 4616 1143 4659 tuam
1180 4614 1400 4674 repetent
1426 4619 1447 4658 :
1469 4619 1583 4671 qua
1617 4614 1780 4658 autem
1804 4605 2137 4675 preparasti,

574 4700 720 4770 cujus
746 4708 888 4753 erunt
931 4697 1077 4768 (Luc.
1109 4698 1195 4752 12.
1222 4697 1356 4768 20)?
1400 4695 1576 4763 Quare
1599 4736 1615 4763 ,
1658 4695 1743 4751 die
1768 4692 1897 4751 tiiihi
1918 4737 1933 4762 ,
1966 4704 2141 4751 tanto-

486 4800 491 4807 ί
578 4805 703 4857 perc
739 4786 901 4843 sudes
924 4828 939 4852 .
973 4797 1030 4842 ιιι
1053 4788 1273 4858 colligas
1301 4801 1361 4842 ea
1388 4802 1507 4858 quae
1533 4799 1643 4857 non
1679 4786 1844 4840 multo
1869 4795 1987 4856 post
2017 4784 2142 4841 hinc

577 4878 914 4949 ahripicudus
938 4920 953 4943 ,
983 4878 1067 4934 hic
1116 4878 1383 4947 relinques
1404 4917 1419 4941 ,
1450 4890 1515 4933 ex
1542 4877 1622 4932 eis
1658 4890 1765 4932 non
1812 4877 1981 4933 solum
2010 4875 2142 4935 nihil

580 4971 825 5029 utilitatis
848 4971 1123 5043 percipere
1166 4970 1381 5037 valens,
1423 4968 1517 5025 sed
1543 4977 1596 5024 et
1621 4983 1756 5025 onus
1805 4977 2140 5039 peccatorum

580 5064 634 5117 in
682 5061 922 5121 humeris
961 5061 1191 5133 propriis
1243 5059 1424 5117 ferens
1448 5100 1464 5125 ,
1508 5068 1565 5116 et
1610 5059 1778 5114 inutili
1837 5059 2142 5126 pauitantia

584 5150 813 5210 ductus?
832 5151 962 5215 Nam
981 5168 1044 5209 ea
1068 5168 1187 5223 qua:
1216 5167 1243 5205 a
1268 5160 1321 5207 te
1342 5161 1438 5222 per
1456 5151 1731 5207 avaritiam
1755 5150 1976 5211 collecta
1998 5159 2142 5219 sunt,

583 5245 637 5300 in
666 5243 894 5301 hostium
915 5258 1057 5317 saepe
1083 5242 1369 5300 devenient
1405 5256 1629 5310 manus,
1659 5253 1714 5299 tu
1740 5251 1914 5298 autem
1957 5255 2057 5313 pro
2079 5242 2146 5299 iis
2190 5258 2193 5259 '

583 5338 842 5393 rationem
866 5343 921 5393 et
944 5349 1153 5407 penam
1176 5332 1347 5391 dabis.
1383 5328 1604 5400 Quantas
1632 5333 1790 5405 igitur
1817 5341 1897 5388 est
1926 5333 2145 5390 demen-

582 5429 673 5485 tiae
693 5427 814 5484 aliis
842 5427 1118 5495 laborare,
1143 5434 1199 5481 et
1224 5433 1277 5479 te
1309 5434 1587 5494 promeres
1618 5437 1830 5494 patiam
1873 5422 2036 5479 dare?

655 5518 713 5573 2.
740 5515 872 5576 Esto
892 5522 1092 5583 autem,
1123 5516 1376 5572 hactenus
1402 5514 1471 5571 ita
1496 5514 1822 5586 negligenter
1840 5527 1937 5567 nos
1962 5526 2145 5583 gesse-

579 5609 747 5667 rimus
764 5652 782 5679 ,
809 5624 949 5666 nunc
968 5609 1158 5665 saltem
1176 5607 1300 5680 quid
1322 5621 1458 5679 opus
1484 5605 1623 5663 facto
1647 5605 1717 5661 sit
1744 5604 2149 5672 eonsultemns;

580 5713 635 5761 et
660 5718 765 5762 non
786 5712 990 5761 tantum
1014 5716 1229 5775 operam
1256 5710 1444 5757 demus
1459 5742 1475 5769 ,
1502 5708 1560 5757 ut
1584 5699 1738 5757 nobis
1758 5712 1887 5769 opes
1910 5697 2149 5766 affluant,

2202 1685 2495 1752 Pauperum
2538 1681 2679 1734 enim
2728 1692 2915 1732 manus
2941 1676 2991 1728 in
3030 1673 3263 1729 ca‘iestia
3292 1669 3650 1741 promptuaria
3675 1666 3777 1723 sibi

2202 1776 2390 1829 enllata
2428 1772 2567 1826 dona
2610 1777 2786 1834 nostra
2828 1774 3107 1835 reponunt.
3136 1762 3397 1831 Quoniam
3437 1761 3597 1831 igitur
3634 1766 3779 1813 tanta

2204 1875 2257 1920 et
2294 1864 2513 1918 facilitas
2550 1872 2604 1916 et
2625 1859 2881 1915 securitas
2918 1865 3022 1921 est,
3053 1869 3219 1925 quare
3258 1868 3563 1917 moramur,
3594 1859 3648 1905 et
3674 1864 3779 1905 non

2205 1958 2345 2012 omni
2375 1955 2549 2010 studio
2574 1954 2676 2009 hoc
2706 1953 2956 2015 facimus,
2988 1959 3044 2005 ut
3075 1949 3144 2003 ibi
3174 1964 3235 2003 ea
3279 1947 3645 2011 inveniamus,
3685 1943 3776 1999 ubi

2200 2054 2283 2105 eis
2308 2050 2534 2103 maxime
2560 2062 2696 2116 opus
2719 2044 2857 2099 erit?
2879 2043 3161 2113 Propterea
3191 2040 3484 2111 patriarcha
3508 2038 3603 2094 ille
3624 2036 3778 2107 quasi

2206 2143 2431 2197 alienam
2459 2137 2712 2193 inhabitat
2738 2136 3110 2198 Chananmam,
3140 2134 3260 2203 quia
3283 2132 3421 2185 illam
3449 2129 3782 2199 Exspectabat

2208 2234 2481 2295 civitatem,
2513 2230 2660 2299 cujus
2686 2229 2857 2297 Opifeat
2882 2234 2926 2281 et
2949 2223 3179 2279 conditor
3204 2231 3276 2276 est
3303 2220 3439 2275 Deus
3467 2218 3664 2293 (Hebr.
3690 2218 3776 2273 Η.

2212 2323 2332 2393 10).
2359 2323 2413 2377 Si
2444 2322 2601 2395 igitur
2630 2316 2951 2375 voluerimus
2974 2315 3173 2385 justum
3201 2313 3341 2367 hunc
3362 2310 3579 2378 imitari,
3607 2317 3663 2366 et
3688 2323 3786 2364 nos

2210 2415 2268 2470 in
2292 2414 2431 2468 illam
2458 2420 2798 2467 occurremus
2818 2448 2835 2475 ,
2874 2414 2929 2461 et
2969 2406 3021 2459 in
3064 2404 3239 2459 sinum
3264 2400 3579 2475 patriarcha:
3606 2399 3788 2454 venie-

2214 2521 2350 2562 mus.
2382 2504 2611 2575 Opcrutn
2643 2501 2781 2557 enim
2812 2498 3117 2555 communio
3153 2495 3310 2551 etiam
3354 2492 3618 2549 fruitionis
3644 2506 3791 2547 cont-

2216 2598 2519 2654 munionem
2551 2602 2785 2665 prmstat.
2835 2588 3032 2646 Verum
3076 2588 3121 2644 si
3150 2587 3353 2658 placet,
3398 2585 3677 2641 redeamus
3725 2596 3795 2645 at.

2217 2688 2480 2746 sermonis
2509 2686 2700 2741 seriem
2727 2722 2742 2748 ,
2786 2693 2842 2738 et
2884 2681 3156 2736 videamus
3185 2685 3305 2748 post
3349 2676 3523 2733 Sarra:
3565 2682 3793 2733 mortem

2220 2790 2466 2853 quantam
2504 2777 2677 2846 justus
2698 2789 2881 2829 curant
2905 2771 3012 2841 agit
3040 2770 3133 2824 filii
3156 2811 3171 2837 ,
3219 2768 3383 2824 isaaci
3425 2767 3564 2822 dico.
3597 2763 3798 2821 Audie-

2220 2888 2336 2929 tnus
2355 2873 2509 2942 igitur
2526 2870 2758 2923 divinam
2787 2866 3115 2935 Scripturam
3136 2861 3289 2916 nobis
3310 2868 3634 2915 narrantem.
3659 2857 3715 2910 Ι.
3732 2854 3794 2910 E‘

2219 2965 2473 3019 Abraham
2497 2970 2602 3015 erat
2628 2975 2779 3014 senex
2798 3000 2811 3023 ,
2839 2966 3097 3029 provectus
3120 2954 3315 3008 diebus.
3347 2951 3411 3005 Et
3435 2949 3687 3004 Dominus
3716 2949 3807 3003 bt-

2223 3058 2411 3115 ncdia'it
2434 3055 2691 3111 Abraham
2715 3068 2801 3122 per
2820 3049 2991 3105 omnia
3017 3046 3177 3117 (Cap.
3207 3044 3278 3099 24
3297 3045 3335 3111 ).
3359 3042 3534 3110 Quare
3559 3039 3674 3095 lucc
3698 3052 3803 3093 no-

2226 3152 2308 3206 bis
2336 3140 2623 3219 assignavit
2659 3140 2972 3213 Scriptum?
3017 3139 3151 3207 Quia
3180 3134 3477 3208 patriarcha
3520 3135 3809 3203 diligenter

2226 3251 2508 3298 curaturus
2548 3245 2662 3293 erat
2699 3244 2754 3290 ut
2784 3246 2977 3304 sponsa
3025 3231 3213 3287 isaaco
3247 3225 3636 3287 adduceretur,
3682 3220 3807 3275 ideo

2228 3332 2379 3386 nobis
2402 3329 2519 3399 ejus
2544 3335 2753 3382 tetatem
2796 3322 3099 3392 assignavit.
3139 3315 3359 3386 Quando
3386 3313 3528 3371 enim
3550 3355 3565 3379 ,
3592 3310 3763 3382 inquit
3786 3352 3803 3374 ,

2230 3424 2293 3478 ad
2320 3432 2614 3479 extremam
2643 3423 2969 3472 senectutem
3000 3410 3264 3481 pervenit,
3294 3407 3480 3462 volens
3504 3402 3749 3459 lsaacum
3773 3415 3805 3453 a

2229 3515 2649 3571 Chananzcorum
2678 3504 2991 3577 cognatione
3029 3509 3272 3557 avertere
3295 3539 3310 3563 ,
3343 3506 3401 3552 ut
3426 3510 3494 3551 ne
3521 3493 3642 3549 inde
3669 3506 3808 3546 uxo-

2233 3622 2345 3663 rem
2377 3604 2631 3665 duceret,
2676 3605 2901 3662 vocato,
2948 3592 3156 3663 inquit,
3197 3589 3392 3645 famulo
3419 3584 3765 3659 prudentiore
3788 3624 3807 3649 ,

2235 3692 2570 3752 commendat
2593 3690 2641 3747 ei
2672 3688 2939 3759 negotium
2984 3683 3087 3739 boc
3110 3724 3125 3750 ,
3165 3689 3219 3737 et
3243 3679 3371 3735 dicit
3400 3677 3495 3734 :12.
3529 3675 3672 3731 Pone
3698 3689 3811 3728 uta-

2237 3804 2356 3841 num
2393 3795 2529 3839 tuam
2564 3782 2731 3837 subter
2750 3783 2915 3851 femur
2938 3791 3121 3829 meum.
3167 3771 3366 3844 Lingua
3409 3768 3592 3826 Graeca
3617 3765 3813 3833 habet,
3888 3770 3891 3773 ‘

2236 3880 2401 3934 subter
2425 3881 2588 3949 femur
2607 3889 2771 3929 meum
2799 3872 2864 3943 (a
2890 3872 2908 3943 )
2932 3881 2948 3924 :
2980 3868 3232 3924 liebraica
3258 3878 3384 3920 vero
3402 3903 3416 3929 ,
3450 3860 3637 3917 Subter
3674 3859 3810 3921 lunt-

2239 3972 2374 4025 bum.
2406 3969 2475 4025 Et
2497 3982 2661 4038 quare
2688 3965 2766 4021 sic
2790 3962 2959 4019 dicit?
2976 3961 3087 4016 Mos
3112 3959 3199 4014 ille
3226 3964 3463 4012 veterum
3487 3960 3622 4008 erat.
3644 3949 3815 4005 Aliter

2239 4071 2414 4117 autem
2443 4058 2677 4122 dixeris,
2721 4054 2847 4126 quia
2885 4052 3008 4107 hinc
3052 4046 3363 4119 principium
3404 4042 3624 4112 originis
3666 4038 3815 4094 Isaae

2242 4153 2484 4207 duxerat.
2515 4148 2585 4204 Et
2608 4155 2666 4202 ut
2689 4145 2861 4201 discas
2889 4142 2989 4197 hoc
3019 4150 3146 4195 tunc
3174 4138 3228 4193 in
3251 4152 3401 4193 more
3426 4133 3609 4201 fuisse,
3637 4131 3815 4187 anim-

2242 4245 2458 4300 adverte
2499 4241 2643 4296 illum
2675 4240 2938 4307 imperare
2984 4241 3042 4288 ut
3078 4244 3291 4286 manum
3328 4228 3419 4283 ille
3455 4240 3523 4282 eo
3567 4225 3688 4280 loco
3721 4235 3821 4292 po-

2242 4346 2354 4400 nat,
2385 4344 2439 4391 et
2470 4332 2647 4387 statim
2673 4328 2963 4399 adiungere
2990 4342 3004 4379 :
3031 4324 3086 4379 ὅ.
3125 4321 3193 4376 Et
3218 4319 3465 4391 adjurabo
3484 4358 3499 4383 ,
3538 4314 3743 4386 inquit,
3770 4321 3822 4367 ω

2244 4446 2334 4500 per
2354 4426 2627 4483 Dominum
2646 4420 2811 4477 Deum
2836 4418 2948 4473 steti
2967 4424 3010 4472 et
3033 4415 3193 4467 Deum
3219 4419 3382 4466 terra.
3402 4406 3534 4462 Vide
3550 4402 3822 4477 quomodo

2242 4494 2403 4577 docet
2439 4516 2691 4573 famulum
2730 4511 2797 4565 ad
2825 4503 3251 4580 cognoscendum
3280 4501 3646 4556 universorum
3664 4494 3818 4551 Con-

2245 4613 2495 4670 ditorem.
2548 4606 2679 4661 Nam
2720 4602 2807 4673 qui
2836 4599 3008 4665 dixit,
3039 4596 3200 4651 Deum
3236 4591 3348 4648 cali
3371 4598 3416 4646 et
3445 4589 3606 4643 Dm
3638 4594 3821 4652 tm,

2245 4718 2459 4762 ornnem
2486 4707 2781 4757 creaturam
2810 4686 3235 4762 comprehendit.
3262 4684 3332 4740 Et
3356 4680 3496 4755 quod
3524 4678 3652 4735 illud
3672 4678 3826 4748 jura-

2248 4805 2485 4855 mentum
2514 4789 2666 4849 erat?
2700 4786 2769 4843 Ut
2796 4801 2897 4839 non
2926 4780 3146 4851 accipias
3173 4792 3382 4832 uxorem
3399 4774 3506 4843 ﬁlio
3533 4786 3642 4825 meo
3671 4767 3825 4823 Isaae

2249 4890 2313 4943 de
2329 4887 2529 4959 ﬁliabus
2555 4881 2979 4937 Chananteorum.
3000 4873 3132 4925 inter
3157 4883 3282 4959 quos
3307 4880 3397 4959 ego
3420 4864 3594 4918 habito
3610 4878 3630 4917 :
3659 4862 3719 4917 ι.
3733 4859 3825 4915 sed

2251 4981 2305 5035 ist
2325 4952 2506 5034 terram
2527 4988 2712 5035 meant,
2736 4969 2789 5024 in
2809 4983 2908 5040 qua
2936 4972 3083 5018 natus
3101 4975 3236 5026 sum,
3253 4958 3369 5026 ibis,
3400 4964 3448 5011 et
3469 4955 3538 5009 ad
3557 4952 3823 5025 cognatio-

2313 5164 2390 5229 ‹α›
2417 5164 2472 5215 ιιι
2503 5161 2716 5231 πεδίῳ
2736 5159 2928 5231 tam
2944 5150 3407 5231 ’πέτρη-ν..φὲ
3427 5147 3663 5231 ,ΥξῖίέῊῖ
3678 5145 3829 5231 ν..ξὲ

2245 5209 2608 5293 mactata?
2622 5209 2629 5211 “
2643 5209 2735 5293 At.
2760 5209 3002 5293 ῧὶοάιὶευξ
3038 5209 3389 5293 Τιηειὲιίείίυ
3404 5292 3409 5293 ,
3427 5210 3669 5293 c.2299":
3692 5209 3829 5293 τιεξε

2249 5269 2467 5353 ξάξῐ·τξ.ν
2480 5269 2739 5353 signia
2763 5269 2857 5353 ῖς..
2901 5277 3122 5353 ageam
3157 5274 3435 5353 ἠπίως,
3446 5272 3575 5353 ξξιιξξ
3599 5269 3831 5353 3,35

2249 5331 3830 5452 seruatam

2354 5392 3425 5489 retegwassheaaee
3449 5392 3717 5489 me:

2252 5454 2335 5523 ἑιῖιὶ
2359 5454 2687 5528 etiamst;
2720 5454 2929 5525 οἱιεάᾶιη
2954 5454 3331 5524 αισιὶὶιϊςςηιπι
3352 5454 3409 5510 ἐι
3442 5454 3707 5507 Hebrm
3736 5464 3835 5503 uolt

2254 5534 2325 5585 ita
2375 5531 2812 5593 haberetaempe.
2857 5538 2987 5593 pone
3026 5535 3233 5593 manum
3266 5527 3419 5593 tuam.
3452 5514 3837 5593 899§£-_i5l?_tl!

2256 5580 2421 5655 meum
2446 5580 2485 5641 ίέ
2520 5580 2637 5648 sed.
2669 5580 2825 5655 super
2860 5580 3030 5655 ipsum
3063 5581 3352 5655 _proliﬂ_eum
3404 5580 3832 5655 instrumentum]:

2255 5634 2483 5722 ἓῖιῷἷῧιηὶ
2520 5634 3126 5722 ἓῐιῐέεὲκῖᾇθῖἷιὲἕνὲέιῖξαίο
3138 5643 3246 5722 31
3664 5634 3840 5722 aut

2257 5697 2831 5783 iﬁEHEnIWIM-f
2848 5697 3647 5783 imula-reujsestaeb‘"
3673 5697 3841 5763 tm

580 5793 677 5852 sed
704 5805 761 5851 ut
797 5803 851 5851 et
873 5765 1093 5866 iustitia:
1119 5807 1364 5865 magnam
1392 5765 1650 5849 rationem
1689 5800 1744 5848 et
1782 5765 1964 5846 curant
2003 5802 2114 5860 ger:

2258 5765 2438 5839 incrtat,
2462 5765 2612 5841 atque
2637 5776 2704 5828 ita
2727 5780 2925 5827 vertere
2947 5765 3117 5821 ﬁoleot
3149 5765 3521 5819 Hebraiuotes.
