4144 6528
433 486 536 544 637

442 592 598 664 Εἶδες
615 596 712 669 τήν
743 597 957 668 ἐντολὴν
975 595 1069 650 τοῦ
1095 596 1430 667 πατριάρχου
1461 596 1564 667 τήν
1582 595 1718 664 πρὸς
1749 592 1840 647 τὸν
1864 588 2080 659 οἰκέτην

440 684 766 755 γενομένηνς
788 683 878 753 Μή
907 681 1089 746 ἁπλῶς
1126 683 1236 752 γὰρ
1287 682 1648 754 παραδράμῃς
1687 681 1755 732 τά
1782 675 2042 748 εἰρημένα
2063 711 2085 740 ,

441 769 555 822 ἀλλ’
578 768 824 838 ἐννόησον
846 768 938 821 τὸν
967 767 1168 820 σκοπὸν
1194 766 1287 821 τοῦ
1311 758 1540 829 δικαίου,
1575 766 1669 818 καὶ
1691 764 1904 832 λόγισαι
1925 762 2078 824 ὅπως

439 853 502 907 τδ
545 854 770 908 παλαιὸν
817 851 1091 908 ἐποιοῦντο
1145 854 1398 923 σπουδὴν,
1450 852 1510 906 οὐ
1554 851 1848 923 χρημάτων
1887 846 2081 918 ἐπιζη-

442 939 658 1002 τοῦντες
691 940 1026 1010 περιουσίαν,
1057 941 1117 994 οὐ
1155 941 1320 994 πολὺν
1351 938 1595 1000 πλοῦτον,
1620 939 1712 990 καί
1737 934 2042 1007 ἀνδράποδα
2061 971 2076 996 ,

437 1024 532 1077 καὶ
558 1024 768 1095 πλέθρα
787 1027 888 1096 γῆς
909 1027 1041 1079 τόσα
1070 1027 1161 1080 καὶ
1197 1027 1329 1080 τόσα
1351 1065 1364 1090 ,
1404 1027 1463 1078 οὐ
1495 1024 1590 1078 τοῦ
1619 1023 1812 1089 εξωθεν
1849 1020 2078 1084 κάλλους

435 1108 534 1179 τὴν
573 1110 871 1181 εὐμορφίαν
890 1150 905 1174 ,
936 1111 1072 1165 ἀλλά
1111 1111 1208 1181 τῆς
1247 1111 1423 1181 ψυχῆς
1447 1110 1508 1164 τὸ
1535 1109 1726 1172 κάλλος
1757 1107 2074 1178 ἐπεζήτουν,

436 1197 532 1248 καὶ
577 1197 790 1265 τρόπων
838 1196 1133 1265 εὐγένειαν.
1175 1197 1391 1267 Ἐπειδὴ
1437 1197 1545 1268 γάρ
1588 1193 1692 1250 εῐδε
1737 1195 1844 1248 τῶν
1897 1197 1954 1247 ἐν
2006 1194 2072 1262 τῇ

434 1281 710 1352 Χαναναία
751 1280 1038 1336 οἰκούντων
1082 1282 1180 1352 τήν
1229 1283 1518 1354 πονηρίαν,
1567 1281 1723 1345 εἰδὼς
1765 1282 1886 1338 ὅσον
1929 1278 2073 1331 ἐστὶν

434 1366 632 1432 ἀγαθὸν
658 1367 954 1437 όμότροπον
985 1368 1127 1438 ἐχειν
1151 1368 1402 1437 σύζυγον,
1424 1368 1760 1422 διατάττεται
1779 1365 1858 1437 τῷ
1884 1365 2034 1418 παιδὶ
2055 1402 2071 1426 ,

433 1451 526 1504 καὶ
554 1452 713 1522 ὅρκον
741 1454 1090 1525 προστίθησιν
1108 1494 1125 1521 ,
1159 1454 1299 1508 ὥστε
1328 1456 1393 1508 ἐκ
1421 1455 1522 1524 τῆς
1550 1453 1869 1524 συγγενείας
1902 1449 2068 1504 αὐτοῦ

434 1536 734 1603 ἀγαγέσθαι
775 1538 853 1609 τῷ
892 1539 1075 1605 Ἰσαὰκ
1114 1543 1345 1608 γυναῖκα
1369 1556 1384 1572 ο
1408 1542 1502 1594 καὶ
1543 1539 1665 1594 οὐτε
1704 1538 1764 1592 τὺ
1799 1539 2070 1606 διάστημα

429 1619 537 1674 τῶν
569 1624 767 1687 τόπων,
791 1624 914 1677 οὐτε
942 1627 998 1678 αί
1027 1625 1181 1679 ἄλλαι
1213 1625 1488 1680 δυσκολίαι
1519 1625 1872 1696 ὀκνηρότερον
1908 1622 2067 1674 αὐτὸν

428 1706 560 1776 περὶ
585 1707 740 1761 τοῦτο
767 1711 1120 1784 πεποιήκασιν
1145 1725 1158 1741 ⁸
1200 1711 1312 1764 ἀλλ’
1347 1710 1499 1774 εἰδὼς
1535 1711 1630 1763 τοῦ
1657 1709 1974 1778 πράγματος
2007 1707 2069 1760 τδ

427 1791 740 1860 ἀναγκαῖον,
778 1797 953 1851 πᾶσαν
988 1799 1216 1851 ποιεῖται
1242 1797 1338 1868 τήν
1367 1795 1618 1867 σπουδὴν,
1638 1795 1732 1850 καὶ
1751 1793 2066 1848 ἀποστέλλει

427 1876 515 1930 τὸν
540 1879 772 1951 οἰκέτην.
814 1882 954 1935 Ἀλλ’
983 1883 1011 1935 6
1041 1883 1137 1953 μὲν
1163 1884 1498 1954 πατριάρχης
1522 1882 1941 1953 ἐπιμελούμενος
1969 1881 2068 1951 τῆς

426 1964 567 2016 κατά
609 1965 782 2037 ψυχήν
819 1967 1039 2038 ἀρετῆς,
1093 1968 1186 2022 καὶ
1235 1968 1448 2037 φεύγων
1497 1968 1603 2022 τῶν
1649 1967 1924 2038 ἐγχωρίων
1968 1967 2065 2037 τήν

423 2049 712 2120 πονηρίαν,
746 2052 904 2106 τοῦτο
932 2056 1108 2107 ποιεῖ’
1154 2054 1203 2108 οἰ
1243 2054 1298 2107 δέ
1323 2054 1417 2106 νῦν
1447 2054 1681 2116 ἀπαντες
1711 2054 1808 2107 οὐκ
1838 2053 1901 2107 ἄν
1935 2069 2064 2105 ποτε

424 2132 741 2204 ἀνάσχοιντο
781 2134 1018 2189 τοιοῦτόν
1058 2153 1110 2189 τι
1149 2138 1391 2207 ἐννοῆσαι
1434 2154 1449 2168 ·
1485 2138 1622 2191 ἀλλά
1648 2138 1752 2191 κάν
1793 2131 2061 2208 μυρίωνῇ

424 2218 608 2271 κακῶν
651 2220 950 2290 ἀνάμεστος
975 2260 990 2284 ,
1023 2221 1081 2275 ἐν
1115 2222 1272 2290 μόνον
1305 2221 1650 2293 ἐπιζητοῦσι,
1693 2221 1801 2274 τῶν
1846 2222 2062 2291 χρημά-

421 2321 528 2360 των
551 2307 648 2377 τὴν
683 2310 993 2379 περιουσίαν
1013 2347 1028 2370 ,
1063 2311 1154 2362 καὶ
1185 2311 1358 2364 πάντα
1382 2313 1448 2362 τά
1469 2310 1601 2363 ἄλλα
1630 2310 1854 2379 δεύτερα
1882 2309 2064 2372 αὐτοῖς

419 2392 726 2463 νενόμισται
755 2435 770 2460 ,
827 2396 926 2448 οὐκ
982 2395 1178 2459 εἰδότες
1248 2397 1328 2449 ὃτι
1379 2394 1601 2465 γνώμης
1668 2393 2062 2466 διεφθαρμένης

417 2479 615 2549 οὔσης,
666 2483 769 2535 κᾶν
810 2483 1014 2551 ἀφατος
1056 2484 1286 2557 ἐπιρρέῃ
1329 2483 1585 2545 πλοῦτος,
1623 2482 1814 2534 θᾶττόν
1856 2499 1935 2543 τις
1982 2484 2060 2544 εἰς

416 2568 650 2637 ἐσχάτην
691 2569 876 2624 πενίαν
915 2570 1065 2639 ἡξει,
1109 2571 1204 2623 καὶ
1231 2570 1382 2623 οὐδὲν
1423 2570 1610 2634 δφελος
1657 2569 1805 2622 ἐσται
1834 2569 1932 2638 τῆς
1965 2583 2060 2619 περ

419 2655 694 2716 ριουσίας.
737 2657 838 2709 οὐκ
877 2656 1040 2726 οὐσης
1078 2657 1175 2725 τῆς
1211 2657 1511 2726 οἰκονομεῖν
1549 2655 1719 2710 ταῦτα
1759 2655 2058 2725 δυναμένης

411 2739 636 2804 δεόντως
661 2742 853 2814 ψυχῆς.

484 2823 548 2892 γ’.
595 2827 730 2878 Ἀλλ’
757 2831 786 2881 6
812 2829 910 2898 μέν
961 2830 1304 2898 πατριάρχης
1330 2829 1602 2900 ἀρκοῦσαν
1639 2830 1715 2898 τῷ
1765 2829 1915 2881 παιδὶ
1961 2826 2054 2897 τὴν

409 2909 628 2980 ἐντολήν
656 2913 963 2983 ἐποιήσατο,
1001 2914 1093 2967 καὶ
1120 2916 1303 2985 ὅρκοις
1332 2916 1491 2968 αὐτὸν
1513 2915 2055 2985 συνέδησεν.’1δωμεν

410 2994 469 3047 δέ
496 2995 679 3049 λοιπδν
708 2999 807 3067 τήν
830 2999 1243 3069 εὐγνωμοσύνην
1275 3001 1367 3054 τοῦ
1396 3002 1605 3056 οἰκέτου
1629 3040 1644 3064 ,
1676 3003 1821 3063 ὅπως
1860 2997 2052 3070 ἐζήλου

409 3080 504 3133 τοῦ
555 3077 812 3137 δεσπότου
873 3086 934 3138 τὸ
996 3086 1256 3155 φιλόθεον.
1324 3087 1538 3157 Ἐπειδὴ
1595 3087 1700 3156 γὰρ
1755 3083 1860 3139 εἶδε
1917 3085 2053 3156 μετά

408 3170 606 3242 πολλῆς
654 3174 1004 3243 σφοδρότητος
1055 3174 1429 3242 ἐντελλόμενον
1492 3175 1581 3226 τὸν
1626 3173 1828 3226 δίκαιον
1853 3213 1868 3236 ,
1917 3173 2056 3243 φησί

408 3258 545 3327 πρὸς
580 3259 738 3312 αὐτόν
773 3276 787 3289 '
844 3259 980 3313 Ἐὰν
1022 3261 1108 3328 μὴ
1132 3261 1426 3328 ,βούληται
1450 3263 1486 3328 ἡ
1519 3261 1667 3328 γυνὴ
1696 3260 2053 3329 πορευθῆναι

403 3344 531 3411 μετ’
559 3343 702 3408 ἐμοῦ
721 3382 734 3404 ,
758 3343 970 3406 ,βούλει
1001 3343 1108 3396 τὸν
1131 3346 1262 3397 υίόν
1285 3361 1400 3398 σου
1436 3345 1793 3412 ἀποστρέψει)
1823 3347 1907 3408 εις
1939 3345 2054 3410 τὴν

407 3427 544 3496 γῆν,
578 3427 714 3481 ὅθεν
733 3427 986 3496 ἐξῆλθες
1016 3429 1240 3482 ἐκεῖθεν
1257 3445 1276 3492 ;
1303 3428 1416 3482 Ἰνα
1447 3429 1540 3499 μὴ,
1573 3431 1704 3499 φησὶ
1729 3468 1744 3491 ,
1771 3429 2051 3492 δυσκολίας

405 3513 548 3577 τινὸς
583 3512 1043 3584 παρεμπεσούσης
1089 3513 1359 3568 ἐκϐαίνειν
1397 3514 1529 3580 δόξω
1565 3515 1663 3575 τάς
1700 3514 1916 3578 ἐντολάς
1953 3516 2050 3580 τὰς

410 3598 531 3662 σάς,
553 3598 638 3651 διὰ
667 3598 823 3652 τοῦτο
854 3598 1210 3668 πυνθάνομαι,
1241 3601 1291 3652 τί
1314 3599 1420 3652 δέοι
1457 3617 1523 3670 με
1548 3600 2047 3671 παραφυλάξασθαι,

405 3685 500 3737 καὶ
523 3684 571 3736 εἰ
599 3683 825 3752 ἀρεστόν
854 3699 936 3737 σοι
975 3684 1064 3736 τὸν
1091 3683 1237 3756 [484]
1272 3684 1450 3738 Ἰσαάκ
1472 3687 1588 3738 ἐκεῖ
1609 3685 1879 3748 ἀπελθεῖν,
1911 3685 2049 3740 ὥστε

401 3770 632 3825 λαϐόντα
657 3769 752 3840 τήν
767 3769 1008 3840 γαμετὴν
1026 3769 1196 3832 οὕτως
1222 3771 1550 3835 ἐπανελθεῖν,
1577 3774 1623 3824 εἰ
1647 3772 1720 3842 μὴ
1744 3773 2046 3842 ἀνάσχοιτο,

404 3855 654 3928 καθάπερ
697 3858 963 3922 ἐνετείλω,
1008 3858 1124 3926 μετ’
1151 3858 1284 3928 ἐμοῦ
1316 3859 1753 3928 παραγενέσθαι;
1782 3860 1847 3912 Τί
1889 3857 1981 3912 οὖν
2021 3863 2048 3913 6

402 3943 639 4011 δίκαιος;
687 3943 1040 4016 Ἀπαγορεύει
1069 3945 1228 3998 τοῦτο
1257 3945 1402 4015 αὐτῷ
1433 3946 1524 4000 καί
1554 3963 1682 4017 φησι
1726 3963 1739 3976 ·
1781 3949 2048 4016 Πρόσεχε

402 4028 634 4095 σεαυτῷ
666 4029 751 4100 μὴ
781 4029 1170 4100 ἀποστρέψῃς
1202 4029 1308 4084 τὸν
1336 4031 1468 4086 υιόν
1489 4049 1608 4100 μου
1632 4031 1770 4086 ἐκεῖ.
1794 4032 1868 4084 Οὐ
1891 4034 2049 4101 χρεία

405 4133 488 4171 σοι
541 4118 828 4186 γενήσεται
873 4117 1085 4183 τούτου,
1137 4117 1320 4186 φησίν.
1356 4118 1415 4171 '0
1453 4119 1561 4189 γάρ
1597 4120 1695 4194 τήν
1722 4120 2048 4187 ἐπαγγελίαν

403 4203 539 4274 πρός
583 4220 648 4273 με
684 4203 1067 4272 ποιησάμενος,
1101 4203 1192 4256 καὶ
1224 4205 1315 4256 ἐπὶ
1353 4203 1606 4257 τοσοῦτον
1647 4204 1941 4275 αὐξηθῆναι
1985 4207 2046 4260 τὸ

402 4293 622 4367 σπέρμα
647 4292 810 4347 αὐτοῦ
839 4291 1202 4363 ὑποσχόμενος
1224 4331 1239 4357 ,
1263 4293 1422 4357 αὐτός
1447 4311 1527 4348 σοι
1554 4295 1644 4346 καὶ
1671 4295 1826 4348 τοῦτο
1852 4294 2046 4347 εὐοδώ-

402 4399 505 4435 σει.
530 4376 626 4446 Μὴ
646 4380 821 4433 τοίνυν
841 4377 1227 4448 ἀποστρέψῃς
1257 4379 1363 4432 τὸν
1389 4381 1522 4433 υίόν
1543 4397 1661 4447 μου
1681 4379 1817 4433 ἐκεῖ.
1834 4380 2047 4446 Κύριος

400 4472 434 4524 ό
477 4467 619 4531 Θεὸς
657 4466 762 4522 τοῦ
795 4466 1051 4534 οὐρανοῦ
1086 4467 1182 4519 καὶ
1216 4469 1249 4520 ό
1286 4468 1428 4532 Θεὸς
1469 4466 1578 4533 τῆς
1603 4467 1734 4534 γῆς.
1765 4468 1903 4538 Ὅρα
1933 4468 2046 4530 πῶς

400 4555 494 4609 καὶ
533 4555 786 4626 ἀνωτέρω
832 4553 1008 4624 όρκῶν
1055 4553 1147 4606 τὸν
1193 4554 1391 4616 παῖδα,
1443 4553 1536 4606 τὸν
1579 4554 1902 4626 δημιουργὸν
1939 4554 2045 4608 τῶν

399 4643 536 4696 ὅλων
574 4641 732 4694 αὐτὸν
776 4639 1082 4694 ἐκπαιδεύει
1116 4656 1130 4670 ο
1165 4641 1258 4693 καὶ
1303 4640 1397 4693 νῦν
1441 4641 1646 4711 μέλλων
1691 4641 2042 4710 ἐπεύχεσθαι,

399 4730 467 4782 τὶ
493 4727 629 4781 αὐτά
651 4725 872 4799 ῥήματά
887 4743 1038 4796 φησι,
1061 4726 1148 4778 διά
1178 4726 1392 4781 πάντων
1424 4726 1690 4780 παιδεύων
1723 4727 1810 4778 τὸν
1831 4727 2044 4796 οίκίτην

400 4817 487 4868 ἐπ’
519 4816 724 4868 ἐκεῖνον
753 4812 850 4884 τήν
875 4811 1195 4882 πεποίθησιν
1218 4812 1425 4882 ἔχοντα,
1454 4811 1594 4865 οὕτω
1620 4811 1718 4880 τῆς
1744 4811 2044 4881 ὁδοιπορίας

399 4903 674 4972 ἅψασθαι,
717 4903 808 4954 καὶ
867 4901 1084 4971 θαρρεῖν
1118 4900 1212 4952 καὶ
1243 4900 1382 4969 ὑπὲρ
1413 4899 1504 4951 τοῦ
1543 4900 1745 4962 τέλους.
1798 4899 2043 4952 Διδάσκει

400 4991 508 5059 γὰρ
545 4989 700 5041 αὐτὸν
728 4988 855 5056 ὅσης
883 4987 939 5052 ἐξ
975 4987 1149 5058 ἀρχῆς
1189 4987 1284 5040 καὶ
1331 4989 1393 5038 ἐκ
1435 4985 1727 5057 προοιμίων
1769 4985 2043 5054 ἀπήλαυσε

397 5077 496 5146 τῆς
545 5075 692 5144 παρὰ
739 5075 831 5126 τοῦ
861 5072 966 5125 τῶν
999 5073 1133 5124 ὅλων
1176 5071 1310 5124 Θεοῦ
1351 5073 1579 5135 εὐνοίας,
1624 5074 1714 5125 καὶ
1756 5074 1836 5124 ὅτι
1887 5075 2044 5136 αὐτὸς

398 5157 547 5224 οὗτος
569 5201 584 5225 ,
630 5163 658 5213 6
684 5160 776 5213 καὶ
805 5162 867 5213 ἐκ
894 5159 991 5228 τῆς
1025 5157 1228 5220 οἰκείας
1271 5159 1526 5228 πατρίδος
1575 5161 1912 5227 ἀναστήσας,
1950 5161 2041 5211 καὶ

403 5249 564 5318 μέχρι
602 5246 694 5298 νῦν
733 5245 802 5298 τά
841 5246 957 5298 κατ’
981 5244 1142 5297 αὐτὸν
1190 5245 1357 5307 οὕτως
1406 5247 1763 5314 οἰκονομήσας
1790 5287 1802 5306 ,
1858 5248 1948 5298 καὶ
1985 5247 2042 5297 ἐν

399 5334 545 5402 αὐτῷ
589 5332 664 5401 τῷ
719 5333 864 5402 γήρᾳ
915 5332 1008 5383 τοῦ
1061 5331 1242 5383 Ἰσαὰκ
1298 5331 1386 5382 τὸν
1437 5333 1592 5383 τόκον
1653 5334 2040 5402 χαρισάμενος,

398 5418 560 5482 αὐτὸς
595 5419 685 5471 καὶ
716 5418 786 5470 τά
811 5418 1143 5488 προκείμενα
1175 5415 1322 5484 αὐτῷ
1360 5419 1735 5470 κατευοδώσει.
1772 5421 1982 5484 Κύριος
2013 5424 2043 5472 ό

402 5505 542 5570 Θεὸς
569 5545 583 5567 ,
621 5505 750 5574 φησί
772 5542 787 5566 ,
823 5504 922 5557 τοῦ
959 5502 1213 5570 οὐρανοῦ
1246 5502 1342 5554 καὶ
1372 5502 1477 5568 τῆς
1510 5501 1649 5569 γῆς,
1681 5505 1746 5568 ὃς
1771 5505 1944 5557 ἔλαϐέ
1968 5524 2042 5573 με

397 5593 467 5644 ἐκ
508 5589 612 5643 τοῦ
661 5590 826 5642 οικου
873 5589 976 5642 τοῦ
1026 5590 1248 5654 πατρός
1287 5606 1436 5656 μου,
1467 5589 1560 5640 καί
1591 5589 1656 5640 ἐκ
1689 5589 1788 5654 τῆς,
1831 5589 1940 5657 γῆς
1972 5588 2044 5659 ἧς

401 5676 750 5744 ἐγεννήθην,
780 5675 960 5740 αὐτὸς
989 5670 1164 5738 οὗτος
1193 5675 1260 5739 ὃς
1280 5673 1544 5740 ἐλάλησέ
1567 5693 1666 5742 μοι
1703 5676 1913 5742 λέγων,
1945 5678 2044 5730 Σοὶ

408 5765 577 5816 δώσω
604 5763 714 5829 τὴν
740 5761 852 5830 γῆν
877 5762 1094 5828 ταύτην
1121 5763 1216 5814 καί
1247 5762 1326 5826 τῷ
1348 5762 1637 5829 σπέρματί
1666 5779 1808 5823 σου,
1837 5757 1988 5825 οὗτος
2020 5767 2047 5816 6

406 5848 667 5917 τοσαύτην
697 5850 818 5918 περὶ
840 5850 937 5917 ἐμὲ
966 5846 1060 5917 τὴν
1087 5846 1402 5916 κηδεμονίαν
1427 5845 1844 5914 ἐπιδειξάμενος,
1868 5851 2046 5914 αὐτὸς

405 5934 728 5988 ἀποστελεῖ
768 5937 871 5988 τὸν
917 5935 1172 6004 ἄγγελον
1204 5934 1387 5986 αὐτοῦ
1409 5933 1743 6002 ἔμπροσθέν
1767 5952 1881 5987 σου
1901 5975 1913 5999 ,
1951 5937 2050 5989 καί

411 6021 583 6089 λήψῃ
615 6025 861 6090 γυναῖκα
909 6021 984 6087 τῷ
1029 6021 1129 6086 vlg?)
1154 6039 1270 6090 μου
1304 6020 1545 6075 ἐκεῖθεν.
1579 6021 1822 6090 Θαρρῶν,
1861 6025 2020 6092 φησὶν
2041 6065 2056 6092 ,

1206 483 1264 538 8.
1293 480 1572 539 JOANNIS
1606 471 2089 538 εηιιγεοετοιιι
2139 471 2436 531 ARCHIEP
2499 470 3030 530 CONSTANTINOP.

3725 469 3821 528 639

2182 587 2335 642 ἄπιθι
2362 605 2376 621 ⁶
2413 589 2711 660 πέπεισμαι
2758 589 2865 658 γὰρ
2912 588 2992 641 ὅτι
3044 587 3073 639 6
3118 599 3382 653 τοσαυτην
3431 584 3559 655 περὶ
3600 586 3698 656 ἐμέ
3724 587 3821 658 τὴν

2181 675 2494 744 εὐεργεσίαν
2524 672 2957 745 ἐπιδειξάμενος,
3005 672 3097 726 καὶ⁸
3129 670 3333 742 ταύτην
3367 671 3664 741 προσθήσει
3703 677 3820 740 ταῖς

2179 759 2594 830 προλασούσαις,
2646 761 2741 814 καὶ
2791 759 3074 813 ἀποστελεῖ
3107 757 3199 810 τὸν
3242 757 3469 826 ἄγγελον
3513 758 3676 813 αὐτοῦ
3727 759 3822 832 ιμ-

2179 849 2410 920 προσθέν
2447 865 2560 903 σου.
2595 849 2765 912 Αὐτός
2807 865 2888 901 σοι
2930 847 3336 917 προοδοποιήσει
3377 845 3622 908 ἅπαντα,
3661 847 3818 912 αὐτός

2180 951 2260 988 σοι
2305 935 2400 989 καὶ
2445 936 2544 1007 τὴν
2591 938 2821 1002 γυναῖκα
2868 933 3140 1002 γνώριμον
3191 933 3445 1001 ποιήσει,
3499 932 3593 985 καὶ
3641 932 3820 988 λαδὼν

2175 1013 2344 1083 αὐτὴν
2371 1013 2542 1083 ἣξεις.
2578 1013 2700 1066 Ἐὰν
2727 1013 2783 1065 δέ
2807 1013 3028 1081 γένηται
3047 1049 3062 1073 ,
3101 1009 3130 1062 ὃ
3172 1010 3244 1080 μὴ
3281 1010 3486 1078 γίνοιτο
3509 1050 3524 1073 ,
3553 1011 3647 1064 καὶ
3669 1011 3822 1065 ἀντιο

2174 1091 2322 1164 τείνῃ
2347 1093 2379 1162 ή
2400 1092 2532 1162 γυνὴ
2554 1092 2645 1146 τοῦ
2673 1093 2746 1162 μὴ
2776 1089 3124 1160 πορευθῆναι.
3157 1090 3432 1158 ἀλλότριος
3467 1089 3562 1162 ἐσῃ
3595 1091 3702 1144 ἀπὺ
3718 1093 3817 1164 τῆς

2175 1166 2313 1238 ἀρᾶς
2339 1167 2432 1222 τοῦ
2463 1171 2645 1240 ὅρκου.
2679 1169 2787 1222 Τὸν
2800 1169 3006 1238 μέντοι
3035 1170 3168 1222 υίόν
3187 1184 3306 1236 μου
3323 1166 3408 1235 μὴ
3434 1167 3816 1238 ἀποστρέψας

2171 1245 2310 1300 ἐκεῖ.
2345 1244 2457 1301 Οὐκ
2481 1246 2802 1318 άμφιδάλλω
2833 1247 2958 1317 γάρ,
2982 1247 3064 1298 ὅτι
3084 1243 3434 1298 κατευοδώσει
3457 1263 3514 1298 σε
3533 1259 3558 1288 ι
3589 1247 3812 1318 Κύριος.

2172 1322 2282 1377 Καὶ
2325 1319 2532 1388 δεικνὺς
2572 1326 2714 1387 ὃπως
2741 1323 3015 1378 ἐπποίσει
3039 1325 3104 1393 τῇ
3137 1321 3229 1374 τοῦ
3264 1321 3406 1375 Θεοῦ·
3425 1323 3668 1392 δυνάμει.
3707 1325 3815 1378 ἀπ-

2171 1401 2418 1472 αγορεύει
2466 1401 2542 1472 τῷ
2589 1403 2738 1456 παιδὶ
2775 1401 2864 1455 τὸν
2904 1401 3088 1453 Ἰσαὰκ
3122 1401 3297 1452 ἐκεῖσε
3331 1400 3651 1467 ἀπαγαγεῖν.
3685 1397 3815 1457 Εἶτα

2171 1478 2354 1548 ἐπειδὴ
2391 1479 2528 1548 μετά
2553 1478 2834 1549 ἀκριϐείας
2861 1477 3152 1531 διετείλατο
3183 1475 3259 1545 τῷ
3289 1476 3439 1528 παιδὶ
3463 1515 3480 1539 ,
3513 1477 3607 1528 καὶ
3638 1478 3818 1550 ἀπήλ-

2168 1553 2326 1619 λαξεν
2375 1555 2534 1609 αὐτὸν
2585 1558 2682 1625 τῆς
2728 1555 3000 1627 φροντίδος
3045 1553 3321 1624 (ἐδεδοίκει
3363 1555 3470 1623 γὰρ
3495 1552 3524 1604 6
3553 1558 3682 1618 παῖς
3735 1557 3813 1628 μὴ

2168 1630 2497 1703 ἐπιορκήσας
2549 1633 2661 1704 ἀλῷ
2701 1634 2762 1687 1:6
2806 1631 3136 1704 προσταχθὲν
3163 1630 3239 1700 μή
3281 1631 3616 1702 πληρώσας),
3655 1633 3812 1699 Θείς,

2168 1714 2322 1779 φησι,
2345 1711 2460 1780 τὴν
2483 1713 2646 1781 χεῖρα
2665 1713 2850 1769 αὐτοῦ
2879 1711 2995 1766 ὑπὸ
3023 1710 3130 1764 τὸν
3152 1709 3364 1778 μηρὸν.
3390 1709 3626 1778 ὤμοσεν
3651 1711 3814 1778 αὐτῷ

2166 1789 2298 1856 περί
2334 1790 2442 1844 τοῦ
2463 1790 2732 1858 ῥήματος
2757 1791 2989 1852 τούτου,
3015 1787 3157 1842 ὥστε
3187 1787 3260 1856 μὴ
3293 1786 3383 1838 τὸν
3420 1787 3598 1841 Ἰσαὰκ
3629 1789 3808 1844 ἐκεῖσε

2165 1865 2486 1935 ἀπαγαγεῖν.
2540 1865 2690 1930 Εἶδες
2733 1866 2848 1929 πῶς
2885 1865 2948 1919 ἐκ
2972 1861 3268 1935 προοιμίων
3307 1863 3504 1926 ἔδειξεν
3543 1867 3571 1918 6
3593 1866 3809 1938 οἰκέτης

2164 1942 2262 2012 τήν
2288 1943 2497 1998 εῦνοιαν
2523 1945 2621 2014 τὴν
2648 1944 2777 2015 περὶ
2799 1943 2890 1996 τὸν
2915 1939 3214 2009 δεσπότην;
3253 1940 3392 2012 Ὅρα
3423 1940 3609 1996 λοιπὸν
3643 1944 3811 1999 αὐτὸν

2163 2020 2229 2076 ἐκ
2253 2023 2352 2094 τῆς
2389 2024 2480 2077 τοῦ
2517 2023 2854 2094 πατριάρχου
2879 2019 3225 2083 διδασκαλίας
3263 2019 3454 2088 βελτίω
3491 2022 3805 2093 γινόμενον,

2163 2099 2254 2153 καὶ
2285 2099 2614 2170 μιμούμενον
2659 2098 2752 2152 τοῦ
2805 2097 3012 2152 δικαίου
3039 2096 3101 2149 τδ
3134 2097 3397 2165 φιλόθεον.
3449 2099 3655 2168 Λαόζῲν
3676 2103 3808 2172 γάρ,

2163 2177 2325 2245 φησὶν
2348 2218 2362 2238 ,
2398 2181 2431 2231 ό
2466 2178 2603 2244 παῖς
2629 2177 2775 2231 δέκα
2804 2174 3112 2244 καμήλους
3141 2173 3238 2229 καί
3265 2175 3381 2229 ἀπὸ
3413 2175 3653 2231 πάντων
3687 2179 3809 2233 τῶν

2159 2253 2396 2322 ἀγαθῶν
2442 2255 2545 2308 τοῦ
2586 2255 2794 2322 κυρίου
2837 2251 3022 2307 αὐτοῦ
3041 2292 3057 2318 ,
3104 2251 3367 2316 ἀναστὰς
3397 2253 3682 2322 ἐπορεύθη
3716 2259 3808 2323 είς

2160 2329 2274 2397 τὴν
2297 2332 2756 2399 Μεσοποταμίαν
2776 2331 2863 2396 είς
2900 2327 3017 2396 τὴν
3043 2331 3223 2382 πόλιν
3255 2328 3485 2398 Ναχὼρ,
3524 2330 3621 2384 καὶ
3651 2332 3809 2387 ἐκοί-

2159 2425 2297 2476 μισε
2358 2408 2462 2476 τὰς
2517 2409 2825 2478 καμήλους
2882 2406 2997 2468 ἔξω
3063 2404 3172 2472 τῆς
3222 2409 3451 2471 πόλεως
3509 2407 3668 2475 παρὰ
3736 2409 3803 2464 τὸ

2157 2484 2342 2554 φρέαρ
2365 2486 2469 2539 τοῦ
2492 2485 2710 2550 ὕδατος
2737 2485 2802 2537 τὸ
2827 2482 2977 2550 πρὸς
3009 2481 3143 2548 ὀψὲ,
3181 2480 3360 2547 ἡνίκα
3383 2483 3803 2551 ἐκπορεύονται

2156 2565 2216 2616 αί
2241 2562 2644 2632 ὐδρευόμεναι.
2673 2562 2783 2614 Καὶ
2804 2561 2932 2614 εἶπε
2962 2573 2975 2588 ⁸
3009 2559 3186 2625 Κύριε
3211 2561 3243 2612 d
3272 2559 3416 2624 Θεὸς
3445 2559 3551 2614 τοῦ
3592 2565 3802 2630 κυρίου

2150 2657 2268 2706 μου
2305 2639 2564 2708 Ἁϐραάμ.
2595 2640 2738 2710 Ὅρα
2756 2636 2850 2691 τοῦ
2873 2636 3082 2690 οἰκέτου
3113 2634 3210 2705 τὴν
3237 2636 3673 2708 εὐγνωμοσύνην.
3698 2639 3800 2693 τόν

2154 2717 2253 2785 τῆς
2273 2718 2586 2786 οἰκουμένης
2613 2715 2886 2786 Δεσπότην
2913 2713 3128 2768 ἀπὸτοῦ
3154 2714 3492 2784 πατριάρχου
3525 2717 3796 2788 ὀνομάζειο

2155 2795 2328 2862 Κύριε
2359 2794 2466 2865 γὰρ
2499 2797 2531 2848 ό
2565 2793 2728 2858 Θεὸς,
2758 2793 2910 2861 φησὶ,
2942 2791 3046 2846 τοῦ
3080 2791 3288 2859 κυρίου
3305 2809 3427 2860 μου
3476 2793 3747 2863 Ἀϐραὰμ,
3769 2796 3799 2848 6

2154 2871 2416 2935 τοσαύτας
2450 2872 2574 2942 περὶ
2605 2871 2764 2923 αὐτὸν
2794 2869 3107 2939 εὐεργεσίας
3131 2869 3548 2938 ἐπιδειξάμενος.
3601 2873 3707 2926 Καὶ
3744 2872 3797 2927 τί

2155 2948 2450 3017 θαυμάζεις
2477 2951 2525 3002 εί
2551 2952 2579 3002 6
2603 2949 2819 3017 οἰκέτης
2845 2947 3004 3001 αὐτὸν
3027 2946 3169 3000 οὕτω
3197 2947 3348 2999 καλεῖ
3372 2948 3502 3001 Θεὸν
3517 2948 3797 3020 Ἀδραάμς

2151 3027 2320 3090 Αὐτὸς
2358 3030 2385 3080 6
2426 3026 2533 3079 τῶν
2564 3025 2700 3078 ὅλων
2743 3025 2874 3087 Θεὸς
2894 3024 3106 3086 δεικνὺς
3138 3025 3284 3087 ὅπως
3310 3024 3416 3076 τῶν
3456 3025 3678 3079 δικαίων
3701 3027 3801 3098 τὴν

2152 3103 2348 3174 ἀρετὴν
2370 3105 2498 3174 περὶ
2523 3102 2716 3156 πολλοῦ
2741 3103 2994 3165 ποιεῖται,
3025 3100 3188 3169 φησίν
3211 3117 3225 3130 ⁸
3263 3099 3411 3172 [485]
3449 3101 3594 3170 Ἐγώ
3622 3106 3737 3172 ειμι
3763 3107 3799 3159 ό

2154 3180 2293 3246 Θεὸς
2338 3181 2544 3234 Ἰακὼϐ
2560 3181 2656 3233 καί
2687 3183 2720 3232 ὁ
2746 3179 2888 3243 Θεὸς
2904 3176 3107 3231 Ἰσαὰκ
3126 3177 3222 3230 καί
3239 3181 3271 3230 ὀ
3295 3178 3437 3239 Θεὸς
3480 3178 3722 3248 Ἁϐραάμ
3746 3180 3795 3236 ³⁵.

2151 3258 2344 3324 Κύριε,
2374 3257 2555 3325 φησὶν,
2589 3259 2622 3309 ό
2655 3255 2796 3320 Θεὸς
2819 3253 2924 3307 τοῦ
2958 3254 3164 3322 κυρίου
3193 3270 3313 3322 μου
3367 3255 3609 3324 Ἀϐραὰμ
3638 3297 3654 3320 ,
3702 3259 3799 3312 εὐ.

2151 3333 2382 3387 όδωσον
2404 3333 2681 3386 ἐναντίον
2710 3349 2830 3400 μου
2865 3329 3151 3399 σήμερον,
3191 3330 3288 3385 καί
3331 3332 3592 3398 ποίησον
3625 3334 3800 3402 ἕλεος

2143 3409 2291 3478 μετὰ
2344 3409 2448 3462 τοῦ
2492 3411 2699 3476 κυρίου
2737 3426 2856 3477 μου
2923 3405 3207 3476 Ἀεραάμσ
3256 3407 3332 3470 ὡς
3377 3409 3425 3461 εί
3472 3408 3658 3476 ἔλεγεν
3683 3409 3802 3477 -Εἰς

2149 3487 2306 3556 ἔργον
2323 3487 2493 3540 ἐλθεῖν
2515 3488 2736 3556 ποίησον
2763 3487 2831 3538 τά
2855 3484 3076 3550 δόξαντα
3097 3485 3266 3554 αὐτῷ,
3285 3484 3378 3538 καὶ
3403 3485 3544 3539 κατά
3572 3489 3799 3559 γνώμην

2147 3565 2246 3632 τὴν
2273 3563 2434 3617 αὐτοῦ
2472 3563 2644 3616 πάντα
2676 3563 2953 3616 εὐόδωσον.
2991 3563 3256 3627 Ποίησον
3286 3562 3460 3626 ἕλεος
3504 3565 3655 3632 μετὰ
3690 3566 3798 3620 τοῦ

2149 3643 2354 3709 κυρίου
2389 3659 2505 3710 μου
2557 3639 2824 3708 Ἀϐραάμ.
2870 3640 2934 3692 Τί
2968 3641 3083 3692 ἐστι
3105 3679 3117 3694 .
3151 3636 3417 3706 Ποίησον
3443 3640 3658 3704 ἕλεος;
3686 3643 3799 3711 Τὴν

2150 3720 2438 3789 ἐπιθυμίαν
2484 3719 2644 3772 αὐτοῦ
2698 3719 2999 3788 πλήρωσον.
3053 3713 3185 3772 Εἷτά
3237 3733 3398 3787 φησιν
3434 3731 3447 3746 ⁸
3496 3717 3652 3772 Ἰδοὺ
3684 3719 3803 3788 ἐγὼ

2146 3797 2370 3863 ἕστηκα
2396 3797 2491 3848 ἐπὶ
2524 3797 2632 3862 τῆς
2663 3795 2864 3865 πηγῆς
2893 3795 2997 3849 τοῦ
3022 3795 3258 3860 ὕδατος,
3287 3797 3346 3847 αἱ
3382 3795 3450 3847 δὲ
3486 3797 3802 3866 θυγατέρες

2146 3873 2265 3926 τῶν
2303 3874 2626 3926 οίκούντων
2660 3873 2774 3939 τὴν
2809 3869 2991 3926 π’ὅλιν
3028 3873 3452 3938 ἐκπορεύονται
3496 3874 3802 3941 ἀντλῆσαι

2146 3951 2321 4018 ὕδωρ.
2360 3951 2466 4003 Καὶ
2499 3950 2666 4002 ἔσται
2699 3953 2736 4017 ἡ
2771 3949 3061 4018 παρθένος
3081 3991 3095 4014 ,
3130 3945 3169 4020 ᾗ
3196 3949 3272 4003 ἂν
3321 3951 3435 4018 ἐγὼ
3465 3951 3802 4014 81.111036le-

2147 4033 2356 4082 κλινον
2390 4028 2505 4094 τὴν
2533 4029 2743 4096 ὑδρ.”αν
2769 4045 2883 4082 σου
2912 4030 3009 4081 ἵνα
3041 4031 3174 4090 πίω,
3206 4028 3301 4080 καί
3334 4028 3473 4094 sum
3495 4045 3597 4096 μοι
3623 4070 3638 4092 ,
3671 4033 3797 4094 Ilia,

2145 4105 2244 4158 καί
2287 4107 2390 4170 τὰς
2436 4104 2744 4172 καμήλους
2793 4121 2908 4158 σου
2957 4103 3156 4167 ποτιῶ,
3195 4103 3305 4169 ἕως
3337 4105 3414 4158 ἂν
3451 4106 3800 4161 παύσωνται

2145 4181 2332 4236 πᾶσαι
2375 4181 2678 4246 πίνουσαι,
2723 4182 2946 4248 ταύτην
2983 4182 3314 4251 ἡτοίμασας
3353 4180 3432 4246 τῷ
3467 4181 3636 4235 παιδί
3678 4200 3799 4240 σου

2157 4259 2383 4317 Ἰσαὰκ.
2406 4257 2502 4310 καὶ
2525 4259 2593 4311 ἐν
2625 4259 2813 4324 τούτῳ
2840 4257 3156 4328 γνώσομαι,
3193 4259 3281 4312 ὅτι
3307 4259 3599 4326 ἐποίησας
3625 4259 3801 4328 ἕλεος

2145 4335 2224 4401 τῷ
2247 4337 2425 4402 κυρίῳ
2463 4353 2582 4404 μου
2620 4336 3048 4407 Ἀϐραάμ.”ορα
3073 4336 3166 4390 τοῦ
3196 4336 3406 4388 οἰκέτου
3433 4337 3531 4406 τὴν
3559 4337 3793 4394 σύνεσιν.

2157 4414 2368 4484 Ἐπειδὴ
2401 4415 2507 4484 γάρ
2536 4414 2648 4482 ᾔδει
2671 4413 2765 4466 τοῦ
2801 4416 3134 4484 πατριάρχου
3161 4414 3219 4466 τὸ
3250 4414 3517 4481 φιλόξενον
3536 4453 3550 4476 ,
3590 4417 3685 4469 καὶ
3715 4418 3799 4471 δτι

2143 4491 2240 4560 τὴν
2286 4491 2451 4560 κόρην
2498 4493 2594 4560 τὴν
2637 4492 2752 4542 ἐκεῖ
2801 4490 3095 4558 μέλλουσαν
3147 4490 3450 4556 ἀπάγεσθαι
3498 4491 3801 4562 όμότφπον

2143 4565 2281 4622 εἶναι
2329 4569 2591 4638 προσήκει
2650 4567 2727 4636 τῷ
2779 4567 2998 4637 δικαίῳ,
3057 4567 3210 4620 οὐδὲν
3258 4567 3444 4636 ἐτερον
3495 4572 3800 4641 τεκμήριον

2144 4647 2407 4712 ἐπιζητεῖ,
2442 4644 2553 4698 ἀλλ’
2577 4646 2683 4698 ἀπὸ
2705 4646 2800 4714 τῆς
2822 4646 3046 4714 γνώμης
3071 4645 3168 4713 τὴν
3197 4643 3494 4712 φιλοξενίαν
3523 4663 3802 4718 χαρακτη-

2146 4723 2291 4793 ρίσαι
2324 4721 2564 4791 βούλεται
2591 4723 2689 4790 τῆς
2723 4723 2910 4792 κόρης,
2942 4722 3032 4775 καί
3063 4739 3226 4792 φησιν
3250 4737 3264 4752 ο
3308 4723 3432 4774 Ἐάν
3471 4723 3602 4791 ἐμοῦ
3638 4726 3794 4794 αἰτή-

2146 4817 2334 4861 σαντος
2375 4802 2500 4871 παρ’
2543 4800 2712 4868 αὐτῆς
2747 4799 2809 4851 τὸ
2851 4799 3016 4869 ὐδωρ,
3060 4799 3309 4870 ἐπικλίνῃ
3339 4816 3426 4868 μοι
3454 4799 3552 4870 τὴν
3577 4801 3796 4871 ὑδρίαν,
3861 4870 3868 4873 ᾔ

2144 4877 2236 4928 καὶ
2266 4877 2338 4946 μὴ
2371 4877 2528 4945 μόνον
2556 4875 2615 4928 τὸ
2657 4876 2886 4944 αἰτηθὲν
2925 4879 3154 4946 ποιήσῃ,
3194 4873 3329 4927 ἀλλά
3369 4876 3462 4928 καὶ
3505 4875 3603 4945 τήν
3643 4878 3800 4946 δαψί-

2143 4955 2288 5008 λειαν
2307 4957 2404 5023 τῆς
2419 4956 2620 5018 οἰκείας
2645 4953 2863 5025 γνώμης
2889 4954 3237 5023 ἐπιδείξηται,
3267 4955 3360 5007 καὶ
3376 4953 3524 5024 εἴπῃ,
3557 4957 3659 5010 Καὶ
3683 4959 3802 5021 ταῖς

2143 5033 2407 5103 καμήλοις
2459 5050 2550 5085 σου
2595 5033 3013 5103 ἐφυδρεύσομαι,
3063 5032 3336 5102 ἀρκοῦσαν
3376 5034 3650 5099 ἀπόδειξιν
3691 5053 3799 5088 πα-

2145 5113 2303 5182 ρέσχε
2346 5113 2432 5164 διὰ
2483 5113 2580 5180 τῆς
2625 5111 2716 5164 τοῦ
2762 5112 2951 5174 ὓδατος
2995 5111 3236 5182 παροχῆς
3276 5112 3374 5181 τῆς
3419 5111 3529 5164 τῶν
3583 5115 3800 5184 τρόπων

2142 5192 2456 5252 ἐπιεικείας.

2211 5271 2271 5321 δ’.
2291 5270 2564 5336 Ἐννόησον
2593 5270 2698 5338 γάρ
2723 5286 2829 5337 μοι,
2857 5269 3125 5339 ἀγαπητὲ,
3143 5268 3264 5322 ὅσον
3289 5265 3356 5338 ἦν
3383 5271 3548 5342 κόρην
3587 5271 3802 5342 ἀπαλὴν

2145 5349 2507 5416 ὑδρευομένην
2539 5349 2598 5400 οὐ
2639 5350 2794 5416 μόνον
2827 5350 2899 5416 μὴ
2929 5348 3219 5400 ἀνανεῦσαι
3251 5347 3386 5416 πρὸς
3415 5352 3513 5417 τὴν
3545 5349 3756 5416 αἴτησιν
3777 5392 3797 5416 ,

2144 5428 2275 5480 ἁλλά
2298 5430 2387 5477 κοιί
2413 5426 2651 5478 καθεῖναι
2671 5428 2768 5495 τὴν
2797 5427 2982 5497 ὑδρίαν
3007 5427 3112 5477 ἀπὸ
3133 5425 3241 5476 τῶν
3264 5425 3428 5494 ὤμων
3452 5466 3466 5484 .
3499 5428 3590 5479 καὶ
3622 5447 3799 5499 παρα-

2149 5510 2294 5575 σχεῖν
2325 5506 2692 5575 ἐμφορηθῆναι
2714 5506 2790 5574 τῴ
2818 5505 3072 5563 αἰτοῦντι,
3103 5506 3193 5555 καὶ
3218 5504 3385 5556 ταῦτα
3412 5506 3545 5574 ξένῳ
3569 5506 3682 5557 ὄντι
3707 5508 3802 5559 καὶ

2146 5588 2438 5654 οὐδαμόθεν
2465 5588 2718 5655 γνωρίμῳ
2738 5604 2749 5613 ·
2776 5588 2866 5639 καὶ
2899 5587 2957 5638 οὐ
2996 5588 3150 5654 μόνον
3184 5586 3378 5656 τούτῳ,
3410 5587 3542 5638 ἀλλὰ
3566 5589 3658 5639 καὶ
3680 5590 3801 5651 ταῖς

2151 5667 2409 5734 καμήλοις
2434 5668 2668 5728 ἀπάσαις
2700 5666 3075 5734 ὑδρεύσασθαι,
3102 5665 3195 5717 καὶ
3221 5666 3386 5730 δεῖξαι
3409 5665 3493 5716 διὰ
3521 5667 3628 5717 τῶν
3656 5683 3804 5733 γινοο

2155 5747 2326 5816 μένων
2356 5747 2450 5812 τῆς
2480 5747 2534 5796 ὲν
2571 5747 2632 5814 τῇ
2672 5746 2814 5815 ψυχῇ
2853 5746 3126 5812 εὐγενείας
3164 5745 3232 5796 τὰ
3274 5747 3566 5816 τεκμήρια.
3603 5746 3674 5799 Ἢ
3699 5748 3805 5802 οὐκ

2219 5850 2242 5875 τι
2283 5848 2428 5894 εει-ιι.
2453 5854 2503 5891 et
2523 5854 2728 5906 qualum
2750 5862 2862 5896 mss.
2890 5865 2982 5896 σοι.
3009 5848 3177 5895 Morel.
3203 5865 3274 5896 σε.

2223 5907 2248 5943 h
2276 5910 2354 5954 Sic.
2377 5911 2568 5955 inverso
2590 5910 2756 5954 0rdin
2787 5911 2962 5966 ῑρκὶιιιι·
2986 5909 3130 5954 oliam
3155 5910 3202 5955 in
3223 5912 3332 5957 ξεν.
3353 5915 3397 5956 eI
3438 5911 3483 5956 in
3508 5922 3618 5957 mss.
3638 5909 3808 5956 Inter-

2182 5984 2278 6014 πρε
2301 5976 2440 6013 ι’ριιις
2465 5971 2640 6023 Ιυρὶεςο
2686 5971 2891 6022 \idelur.
2937 5975 2989 6015 ul.
3014 5977 3089 6016 est
3113 5971 3370 6027 hodieque,
3396 5969 3442 6016 in
3485 5971 3653 6019 ατη-ω
3677 5981 3731 6020 οι
3747 5974 3806 6022 ια

2182 5986 2278 6014 πως
2302 5986 2440 6013 H‘HN
2466 5986 2640 6023 ιιιμιεςο
2686 5986 2891 6022 \melur.
2937 5986 2989 6015 Ill.
3014 5986 3089 6016 ιιςι
3113 5986 3370 6027 ιιυυιριμιιν,
3396 5986 3442 6016 ιη
3485 5986 3554 6018 ΜΓ

2165 5986 2372 6091 λιύιεοιτι
2389 6069 2402 6094 ,
2425 6031 2546 6078 Deus
2572 6030 2828 6090 Abraham,
2853 6032 2972 6082 υιιιε
2999 6031 3155 6090 Isaac,
3185 6039 3229 6084 ct
3259 6032 3382 6082 Dcus
3401 6032 3554 6081 Jm‘ob
