4124 6504
271 539 359 597 ιω
1235 520 1297 582 ω
1335 520 1483 578 CAP.
1529 514 1714 572 XXIV.
1756 511 2000 570 CENES.
2043 509 2277 568 llO.\llL.
2320 508 2547 566 XLVllI.

270 668 373 707 nent
411 665 568 704 meum
593 690 609 716 ,
651 656 697 703 et
730 644 846 700 inde
875 640 1088 711 accipies
1112 652 1318 693 uxorem
1367 634 1473 701 ﬁlio
1509 645 1617 683 meo
1665 626 1831 716 Isaae.

274 740 447 797 Vidisti
474 714 776 794 mandatum
804 731 1142 805 patriarcha',
1168 726 1310 797 quod
1334 724 1531 777 famulo
1555 714 1743 774 dedit?
1772 719 1845 769 At-

274 849 333 888 ne
376 828 724 901 perfunctorie
754 834 1036 896 pnetereas
1066 820 1239 884 dicta,
1279 816 1373 870 sed
1408 814 1578 879 cogita
1608 818 1839 864 mentem

270 933 319 977 ct
346 922 663 993 propositum
687 917 848 988 justi,
880 923 934 970 et
962 910 1176 968 attende
1204 905 1471 978 quomoda
1502 910 1709 957 veteres
1732 912 1840 952 non

272 1015 567 1083 «manebant
604 1008 952 1064 substantiam
997 1001 1216 1057 multam
1238 1041 1253 1064 ,
1301 1013 1408 1052 ηοιι
1444 993 1653 1049 divitias
1676 1030 1692 1057 ,
1732 1002 1840 1044 ntu

270 1118 461 1167 servos,
494 1117 596 1155 non
627 1108 702 1155 tot
728 1109 781 1153 et
807 1105 883 1152 tot
903 1095 1087 1165 jugera
1117 1088 1260 1159 agri,‘
1279 1101 1382 1141 non
1408 1095 1644 1139 externa:
1670 1094 1839 1134 venu-

272 1195 409 1249 statis
438 1193 692 1250 fortnam.
725 1187 821 1243 sed
855 1185 1047 1241 anima:
1078 1176 1524 1251 pulchritudinem
1555 1181 1609 1227 et
1631 1184 1838 1225 morum

271 1286 607 1339 nobilitatem.
653 1280 785 1336 Nam
817 1277 1066 1349 quoniam
1092 1270 1303 1326 videbat
1335 1265 1623 1335 nequitiam
1653 1273 1838 1341 eorum

267 1375 349 1443 qui
378 1374 428 1429 in
454 1374 753 1428 Cbanamea
785 1364 1111 1428 habitabant,
1155 1360 1331 1416 sciens
1358 1366 1615 1426 quantum
1642 1350 1840 1405 bonum

266 1467 329 1521 sit
350 1466 625 1535 conjugcm
662 1461 858 1515 habere
887 1456 1075 1512 iisdem
1102 1450 1339 1507 moribus
1362 1445 1634 1518 praeditam
1652 1482 1665 1504 ,
1696 1454 1837 1510 pra:-

266 1557 385 1626 cipit
412 1570 588 1617 servo,
619 1562 673 1607 et
694 1552 1053 1620 jurameutmn
1080 1542 1317 1603 adhibet,
1349 1546 1402 1592 ut
1430 1552 1495 1591 ex
1523 1549 1626 1626 sua,
1644 1546 1839 1626 cogna-

268 1622 401 1701 tione
428 1659 647 1699 uxorem
683 1642 858 1695 lsaaeo
885 1638 1113 1692 adducat
1146 1653 1159 1688 :
1191 1646 1361 1701 neque
1391 1624 1724 1682 intervallum
1757 1622 1837 1674 lo-

264 1752 437 1792 corum
463 1778 477 1803 ,
521 1752 692 1800 neque
728 1733 845 1785 alia:
873 1728 1208 1784 difficultates
1229 1735 1445 1793 segnem
1485 1732 1607 1774 eum
1654 1716 1705 1770 in
1757 1714 1839 1767 his

263 1828 480 1885 reddunt
510 1846 522 1880 :
553 1826 646 1881 sed
678 1825 852 1879 sciens
878 1822 953 1877 rei
984 1818 1377 1879 necessitatem,
1412 1824 1625 1867 omnem
1652 1820 1835 1863 curam

263 1928 315 1973 et
354 1918 582 1973 studium
613 1916 858 1979 adhibet,
891 1929 953 1968 ac
981 1912 1139 1966 mittit
1168 1905 1540 1962 domesticum.
1572 1899 1838 1956 Cmtcrum

262 2008 548 2078 patriarcha
576 2008 822 2060 virtutem
851 2012 1054 2058 tantum
1076 1998 1236 2054 animi
1262 2008 1525 2066 quaerens,
1558 2001 1612 2045 et
1636 1989 1834 2043 abhor-

259 2114 377 2152 rens
397 2114 424 2151 a
444 2097 738 2151 vicinorum
762 2094 985 2156 malitia,
1009 2091 1078 2144 ita
1108 2087 1320 2159 quidem
1348 2100 1405 2140 se
1424 2082 1590 2154 gerit;
1616 2089 1670 2134 at
1696 2092 1837 2133 nunc

257 2205 437 2244 omnes
468 2187 769 2258 bujusmodi
797 2184 1154 2240 conditionem
1182 2196 1247 2234 ne
1268 2177 1563 2247 cogitarent
1582 2171 1794 2243 quidem
1819 2186 1833 2223 :

260 2295 374 2333 nam
404 2282 505 2335 etsi
538 2280 679 2333 vitiis
707 2276 999 2332 innumeris
1024 2274 1177 2344 plena
1206 2274 1295 2333 sit,
1326 2270 1427 2325 hoc
1456 2267 1627 2321 solum
1659 2264 1836 2334 inqui-

258 2379 393 2435 runt,
421 2380 673 2440 quantum
709 2366 944 2422 abundet
971 2363 1246 2434 pecuniis;
1298 2369 1489 2415 czctera
1525 2356 1705 2411 omnia
1744 2369 1839 2424 po-

255 2464 472 2515 steriore
500 2462 619 2515 loco
649 2459 865 2523 habent,
900 2456 1197 2511 nescientes
1216 2470 1296 2521 se,
1327 2453 1371 2507 si
1402 2466 1555 2507 mens
1582 2464 1833 2521 perversa

254 2551 352 2615 sit,
382 2552 501 2605 licet
530 2551 804 2605 immensa:
830 2546 1051 2602 afﬂuant
1074 2545 1272 2599 divitia:
1292 2586 1305 2607 ,
1340 2544 1445 2597 cito
1467 2542 1518 2597 in
1540 2549 1833 2596 extremam

257 2651 504 2697 venturos
535 2642 765 2709 inopiam
795 2657 809 2694 :
836 2649 890 2693 et
914 2636 1042 2692 nihil
1073 2634 1376 2706 profuturas
1396 2646 1545 2702 opes,
1575 2646 1695 2687 eum
1728 2645 1834 2684 non

254 2734 321 2789 sit
343 2735 411 2788 ibi
442 2749 593 2790 mens
618 2748 736 2803 qua:
768 2732 904 2786 bene
926 2730 1043 2784 illas
1070 2728 1380 2797 dispensare
1407 2741 1476 2795 qu
1498 2734 1586 2777 at.

320 2827 373 2881 3.
404 2826 595 2880 Verum
637 2824 933 2894 patriarcha
961 2835 1121 2876 servo
1159 2827 1466 2874 accuratunt
1495 2815 1647 2870 dedit
1676 2830 1832 2869 mau—

252 2914 429 2969 dstum
455 2957 471 2978 ,
500 2914 891 2983 ctjuramentis
930 2927 1052 2965 eum
1078 2909 1380 2965 adstrinxit.
1418 2907 1703 2962 Videamus
1742 2920 1836 2959 au-

254 3014 359 3062 tem
405 3020 547 3060 nunc
577 3012 631 3058 et
658 3004 794 3057 servi
825 3003 1171 3071 probitatem,
1203 2997 1472 3069 quomodo
1512 2997 1628 3051 beri
1669 2997 1836 3065 pieta-

252 3105 353 3151 teut
383 3095 716 3149 illlilalllSsii.
741 3092 871 3147 Nam
904 3100 1178 3162 postquam
1207 3089 1337 3143 vidit
1358 3097 1462 3143 tam
1484 3087 1833 3155 seriojusttun

250 3187 348 3241 sibi
404 3185 724 3255 praecipere,
771 3183 903 3237 dicit
940 3183 988 3237 ei
1023 3181 1114 3237 :5.
1146 3180 1206 3235 Si
1249 3195 1352 3233 non
1400 3178 1613 3232 voluerit
1656 3177 1837 3230 mulier

251 3278 413 3331 venire
437 3292 629 3329 mecum
650 3316 663 3338 ,
694 3275 766 3327 vis
791 3274 956 3343 ﬁlium
988 3283 1130 3326 tuum
1154 3272 1207 3325 in
1241 3281 1426 3325 terram
1446 3310 1461 3335 ,
1488 3269 1621 3323 unde
1657 3269 1834 3335 existi,

249 3367 525 3421 inducam?
550 3364 618 3421 Ut
644 3380 711 3419 ne
732 3405 745 3429 ,
783 3362 952 3433 inquit
969 3403 984 3429 ,
1017 3361 1062 3416 si
1089 3360 1375 3415 difﬁcultas
1395 3359 1567 3429 aliqua
1605 3356 1800 3413 incidat
1819 3398 1834 3423 ,

248 3455 622 3526 transgrediar
642 3454 887 3509 mandata
934 3462 1020 3506 tua
1047 3470 1062 3505 ε
1096 3466 1224 3521 rogo
1246 3492 1260 3515 ,
1289 3450 1415 3521 quid
1460 3449 1727 3518 oportebit
1752 3464 1838 3502 me

249 3545 534 3601 observare
556 3585 571 3606 ,
598 3553 651 3599 et
672 3558 814 3597 nunc
846 3541 1016 3611 placet
1044 3541 1137 3595 tibi
1159 3548 1215 3594 ut
1238 3539 1363 3594 illuc
1391 3538 1548 3593 abeat
1572 3537 1718 3593 Isaac
1742 3581 1754 3600 ,
1785 3546 1839 3592 et

249 3647 461 3705 accepta
489 3648 683 3705 sponsa
709 3633 929 3697 redeat,
953 3633 997 3685 si
1027 3647 1129 3684 non
1161 3630 1407 3694 voluerit,
1439 3639 1501 3683 ut
1531 3629 1795 3683 mandasti
1820 3670 1833 3693 ,

250 3728 432 3785 venire
475 3726 718 3782 mecum?
751 3724 886 3791 Quid
937 3724 1096 3794 igitur
1136 3723 1348 3794 justus?
1379 3723 1611 3793 Denegat
1655 3721 1756 3776 hoc
1784 3732 1839 3777 et

248 3818 375 3873 dicit
402 3837 416 3871 :
442 3817 476 3872 ὓ
501 3816 713 3870 Attende
739 3814 851 3878 tibi;
881 3830 943 3869 ne
966 3815 1152 3867 educas
1174 3814 1337 3882 [ilium
1363 3830 1527 3866 meum
1555 3814 1695 3867 illuc.
1720 3813 1835 3868 Non

248 3911 350 3964 erit
376 3910 470 3963 tibi
494 3908 594 3963 hac
615 3923 673 3962 re
696 3922 851 3977 opus.
867 3905 966 3973 Qui
995 3906 1140 3960 enim
1166 3905 1291 3960 mihi
1318 3905 1418 3960 hoc
1447 3905 1711 3975 pollicitus
1732 3916 1833 3971 est,

245 4008 303 4056 et
346 3999 594 4071 promisit
626 4011 808 4053 semen
856 3996 971 4066 ejus
1015 3997 1084 4050 ita
1138 3995 1625 4065 multiplicandum,
1676 3999 1835 4053 etiam

246 4091 457 4148 curabit
508 4089 609 4144 hoc
635 4098 687 4143 ut
720 4102 972 4159 prostiere
1009 4086 1280 4141 succedat.
1315 4085 1397 4141 Ne
1434 4088 1594 4157 igitur
1617 4087 1838 4141 abducas

245 4180 369 4235 illuc
416 4181 586 4249 [ilium
637 4196 819 4233 meum.
856 4179 911 4232 7.
962 4177 1214 4232 Dominus
1264 4177 1404 4233 Deus
1452 4179 1564 4233 cceli
1609 4189 1657 4234 et
1700 4178 1841 4235 Deus

248 4281 415 4325 terror.
470 4269 603 4324 Vide
658 4267 925 4338 quomodo
970 4269 1217 4337 superius
1269 4283 1481 4323 servum
1535 4268 1789 4340 adjurans
1821 4311 1835 4337 ,

248 4361 424 4431 ipsum
454 4359 526 4415 dc
546 4359 783 4414 omnium
805 4358 1095 4413 Conditorc
1120 4358 1349 4412 instituit
1378 4375 1393 4411 :
1417 4368 1629 4414 ethunc
1656 4374 1840 4426 precav

249 4461 399 4505 turus
430 4452 654 4514 iterum,
685 4448 872 4504 eadem
903 4448 1065 4503 verba
1110 4447 1239 4503 dicit
1267 4464 1283 4503 :
1308 4463 1402 4518 per
1421 4448 1600 4504 omnia
1623 4464 1842 4503 servum

244 4541 483 4606 docens,
532 4549 589 4593 ut
637 4539 824 4593 ﬁducia
872 4539 924 4593 in
970 4554 1090 4594 eum
1139 4538 1324 4608 plenus
1362 4539 1463 4594 iter
1503 4540 1758 4611 arripiat,
1788 4549 1841 4595 et

246 4631 317 4685 de
362 4631 509 4685 bono
556 4630 631 4683 rei
693 4631 836 4684 exitu
887 4628 1023 4684 bene
1061 4638 1259 4698 speret.
1306 4629 1476 4685 Docet
1516 4630 1659 4685 enim
1718 4647 1839 4685 eum

247 4732 508 4793 quantam
534 4722 661 4775 olim
687 4721 755 4775 ab
781 4722 933 4776 initio
961 4721 1386 4776 benevolentiam
1412 4722 1504 4776 Dei
1535 4722 1795 4779 invenerit
1823 4765 1838 4790 ,

244 4826 301 4870 et
324 4830 450 4870 eum
484 4813 573 4883 qui
603 4829 632 4868 a
654 4813 815 4868 domo
838 4822 1055 4883 paterna
1076 4827 1135 4868 se
1154 4814 1475 4880 evocaverit,
1504 4825 1555 4870 et
1584 4831 1751 4886 usque
1774 4817 1842 4871 ad

250 4908 355 4963 hoc
400 4919 613 4976 tempus
654 4907 724 4960 ita
762 4906 1135 4977 gubernaverit
1157 4948 1173 4972 ,
1202 4906 1417 4977 jamque
1446 4909 1497 4963 in
1526 4918 1631 4963 tam
1650 4926 1839 4980 prove-

247 5007 333 5051 cta
383 5006 600 5052 senecta
641 4996 791 5051 Isaac
816 4997 1061 5061 dederit,
1096 5013 1348 5067 prospera
1388 5000 1548 5054 etiam
1579 5016 1698 5070 qua:
1743 5000 1842 5055 ad-

249 5091 356 5145 huc
412 5090 719 5156 restabant,
763 5090 1022 5145 facturum
1064 5106 1204 5146 esse.
1252 5090 1501 5147 Dominus
1544 5092 1716 5159 Deus,
1765 5096 1844 5150 iu-

246 5181 386 5251 quit,
418 5178 528 5233 caeli
544 5188 590 5233 et
616 5190 777 5244 terrm,
794 5181 881 5253 qui
900 5184 1169 5251 assumpsit
1192 5200 1269 5236 me
1286 5194 1348 5236 de
1362 5185 1511 5237 domo
1541 5188 1699 5254 patris
1725 5189 1844 5251 mei,

248 5282 296 5326 et
328 5272 396 5325 de
421 5281 554 5324 terra
590 5272 641 5324 in
670 5288 769 5333 qua
796 5286 945 5326 natus
970 5290 1082 5327 sum
1107 5316 1122 5340 ,
1159 5277 1246 5329 ille
1273 5278 1380 5345 ipse
1402 5277 1487 5345 qui
1511 5279 1746 5345 loquutus
1771 5288 1842 5333 est

248 5362 379 5415 mihi
412 5362 581 5415 dicens
610 5378 628 5415 :
656 5360 770 5416 Tibi
798 5362 927 5417 dabo
952 5374 1135 5417 terram
1166 5366 1297 5419 hanc
1321 5379 1367 5420 et
1390 5368 1567 5421 semini
1595 5379 1681 5422 tuo
1707 5384 1726 5422 .°
1754 5369 1845 5424 illc

250 5455 343 5524 qui
394 5446 593 5507 tantam
633 5469 758 5525 erga
810 5471 895 5510 me
933 5456 1223 5511 declaravit
1255 5458 1633 5529 benignitatem
1660 5472 1715 5517 et
1742 5478 1842 5515 cu-

251 5562 371 5600 rant
399 5588 413 5611 ,
446 5546 554 5614 ipse
603 5547 763 5599 mittet
792 5557 1025 5618 angelum
1065 5565 1211 5602 suum
1232 5558 1350 5602 ante
1392 5561 1466 5616 te,
1492 5562 1537 5605 et
1566 5552 1685 5605 inde
1708 5553 1843 5605 acci-

256 5640 369 5706 pies
397 5638 506 5705 ﬁlio
536 5656 645 5692 meo
679 5655 907 5693 uxorem.
938 5640 1224 5695 Conﬁdens
1243 5684 1257 5707 ,
1288 5642 1475 5710 inquit,
1506 5644 1591 5696 abi
1620 5662 1633 5697 :
1664 5652 1843 5699 certus

250 5730 400 5784 enim
446 5744 565 5784 sum
612 5746 734 5786 eum
784 5731 870 5802 qui
925 5733 1083 5785 tantis
1123 5749 1209 5788 mc
1279 5733 1548 5789 beneﬂciis
1589 5735 1847 5793 hactenus

254 5829 615 5891 prosequutus
641 5831 751 5889 est,
785 5823 1051 5891 prioribus
1076 5826 1234 5879 etiam
1279 5825 1408 5879 illud
1437 5827 1763 5893 additurum,
1793 5838 1848 5885 et

255 5914 547 5971 missurum
570 5916 815 5989 angelum
847 5933 1001 5976 suum
1026 5928 1147 5973 ante
1181 5928 1247 5975 te.
1280 5918 1436 5989 Ipse,
1466 5919 1635 5991 inquit
1656 5963 1670 5989 ,
1701 5921 1837 5978 viam

3438 522 3540 579 «138

1953 623 2046 676 tibi
2098 623 2418 692 prmparabit
2461 623 2524 677 in
2544 622 2821 687 omnibus,
2856 638 3186 695 uxoremque
3218 627 3310 685 tibi
3357 641 3536 689 ιωιιιηι

1948 710 2127 776 faciet,
2162 720 2223 765 ut-
2247 721 2465 782 accepta
2494 727 2566 766 ea
2585 709 2688 765 huc
2715 712 2923 767 redeas.
2962 713 3115 780 Quod
3146 716 3190 770 si
3220 721 3494 791 contingat
3520 761 3537 788 ,

1949 802 2090 871 quod
2135 800 2312 867 absit,
2342 811 2399 856 ut
2448 802 2740 857 reluctetur
2772 818 2905 857 uxor
2936 804 3121 860 venire
3157 804 3290 872 huc,
3332 810 3540 868 alienus

1947 894 2053 947 eris
2075 908 2103 946 a
2132 893 2507 949 maledictione
2523 893 2833 964 juramenti.
2857 897 2910 951 8.
2933 895 3156 951 Tantum
3183 900 3351 969 ﬁlium
3375 920 3541 959 meum

1946 991 2067 1036 ntuc
2106 999 2168 1037 ne
2190 983 2428 1038 abducas.
2456 983 2668 1038 Nullum
2690 986 2831 1040 cnim
2868 986 3003 1041 mihi
3022 987 3241 1044 dubium
3264 1000 3375 1058 est,
3409 994 3539 1065 quitt

1948 1074 2204 1129 Dominus
2224 1075 2453 1130 secunda
2475 1076 2564 1129 tibi
2586 1075 2741 1132 faciat
2752 1078 2953 1133 omnia.
2976 1080 3263 1137 Declarans
3275 1095 3539 1153 quantum

1946 1164 2141 1219 divina:
2190 1167 2439 1235 potentia:
2493 1167 2650 1233 lidat,
2686 1169 2931 1237 prohibet
2970 1186 3221 1239 servum,
3255 1190 3322 1230 ne
3370 1177 3540 1233 llliutn

1948 1252 2039 1307 illo
2065 1253 2297 1309 inducat.
2325 1255 2537 1321 Postea,
2568 1272 2688 1312 cum
2718 1258 3003 1329 diligenter
3032 1264 3338 1321 mandasset
3356 1281 3538 1334 servo,

1947 1362 2181 1417 curaque
2234 1364 2357 1403 eum
2400 1349 2720 1413 liberasset;
2749 1352 3039 1408 verebatur
3083 1356 3227 1410 enim
3258 1372 3449 1416 servus
3476 1374 3545 1415 no

1929 1438 2199 1494 .mandato
2227 1455 2332 1494 non
2375 1441 2593 1510 impleto
2617 1443 2833 1511 perjurii
2864 1458 2989 1499 reus
3028 1444 3218 1500 fieret:
3251 1448 3305 1503 9.
3336 1446 3541 1512 Posito,

1946 1528 2150 1598 inquit,
2179 1547 2333 1583 manu
2362 1547 2454 1584 sua
2498 1530 2669 1585 subter
2713 1535 2892 1604 femur,
2915 1535 3109 1605 juravit
3139 1536 3183 1589 ei
3209 1554 3360 1607 super
3389 1540 3540 1595 verba

1947 1622 2063 1688 hor,
2097 1624 2237 1693 quod
2271 1624 2437 1680 tilium
2460 1640 2613 1680 suum
2635 1626 2761 1682 illuc
2782 1642 2888 1683 non
2917 1629 3209 1685 abduceret
3236 1631 3407 1688 Isaae.
3438 1634 3535 1689 Vi-

1945 1712 2069 1766 disti
2099 1713 2369 1782 quomodo
2400 1716 2466 1770 ab
2490 1716 2642 1771 initio
2662 1732 2851 1773 servus
2891 1718 3205 1776 iudicaverit
3228 1738 3381 1779 suam
3411 1740 3540 1797 erga

1946 1801 2223 1858 dominum
2246 1806 2703 1862 benevolentiam?
2732 1807 2866 1864 Vide
2885 1825 3025 1865 nunc
3054 1813 3326 1881 quomodo
3353 1829 3416 1871 ea
3447 1830 3538 1886 pa-

1946 1894 2194 1951 triarcha:
2217 1894 2459 1952 doctrina
2509 1898 2700 1953 melior
2719 1900 2950 1955 evaserit
2971 1942 2985 1966 ,
3017 1910 3073 1956 ct
3101 1902 3337 1959 imitatus
3376 1903 3542 1962 fuerit

1939 1986 2067 2056 justi
2102 1988 2350 2057 pietatem
2399 1999 2561 2061 atque
2604 1991 2937 2062 religionem.
2971 1993 3055 2048 10.
3105 1995 3339 2065 Acceptis
3362 1996 3498 2052 enim
3521 2037 3539 2062 ,

1944 2077 2133 2147 inquit,
2157 2094 2330 2134 servus
2350 2080 2518 2135 decem
2559 2082 2766 2136 camelis
2786 2123 2801 2147 ,
2835 2092 2881 2136 et
2910 2084 2974 2137 de
2997 2084 3228 2140 omnibus
3254 2086 3396 2142 battis
3426 2103 3547 2153 qua

1943 2169 2137 2223 domini
2161 2172 2240 2225 sui
2264 2182 2409 2225 erant
2433 2214 2448 2238 ,
2494 2177 2714 2229 surrexit
2740 2184 2787 2228 et
2828 2175 3183 2245 profectus‘est
3220 2179 3274 2231 in
3302 2178 3542 2251 Mesopo-

1944 2263 2155 2316 tamiam
2177 2264 2229 2318 in
2268 2265 2522 2319 civitatem
2548 2264 2782 2331 Nachor,
2815 2268 2901 2321 11.
2934 2276 2979 2321 et
3006 2271 3297 2325 recumbere
3312 2269 3542 2325 camelos

1943 2356 2061 2426 fecit
2090 2366 2233 2409 extra
2258 2357 2507 2412 civitatem
2520 2360 2677 2429 juxta
2694 2370 2899 2428 puteum
2920 2376 3067 2431 aqua:
3090 2361 3284 2431 vesperi
3297 2404 3312 2428 ,
3334 2362 3540 2431 quando

1943 2447 2267 2517 egrediuntur
2302 2458 2583 2519 aquatum.
2656 2449 2742 2505 12.
2791 2449 2857 2505 Et
2900 2452 3069 2507 dixit:
3132 2452 3348 2508 Domine
3399 2453 3550 2509 Deus

1943 2536 2135 2592 domini
2156 2540 2252 2592 mei
2292 2539 2567 2594 Abraham.
2613 2540 2748 2596 Vide
2795 2544 2935 2597 servi
2980 2544 3325 2612 probitatem.
3380 2544 3540 2602 Orbis

1943 2628 2228 2683 Dominum
2259 2645 2288 2684 a
2332 2630 2634 2700 patriarcha
2682 2632 2922 2687 nominat
2949 2649 2963 2687 :
2995 2633 3213 2689 Domine
3241 2636 3383 2690 enim
3406 2678 3420 2700 ,
3455 2635 3540 2692 itt-

1942 2720 2076 2790 quit,
2109 2720 2244 2774 Deus
2273 2722 2467 2775 domini
2497 2723 2592 2776 mei
2640 2722 2899 2777 Abraham
2923 2764 2938 2789 ,
2979 2723 3069 2795 qui
3113 2733 3257 2779 tanta
3303 2726 3354 2779 in
3388 2726 3539 2782 illum

1944 2814 2198 2869 benelleia
2225 2814 2524 2869 contulisti.
2557 2814 2622 2870 Et
2646 2814 2773 2885 quid
2799 2815 3008 2871 miraris
3036 2816 3079 2871 si
3112 2833 3298 2873 servus
3319 2833 3443 2874 eum
3467 2818 3542 2874 ita

1943 2914 2097 2961 vocat
2121 2905 2287 2961 Deum
2316 2905 2611 2962 Abraham?
2640 2906 2756 2977 Ipse
2781 2908 3019 2964 omnium
3051 2908 3193 2965 Deus
3235 2919 3546 2968 monstrans

1944 2998 2215 3067 quomodo
2251 2998 2521 3068 justorum
2553 2999 2803 3053 virtutem
2852 2999 3029 3069 magni
3082 2998 3277 3069 faciat,
3336 3000 3544 3072 inquit.

1947 3088 2057 3158 Ego
2108 3106 2219 3142 sum
2247 3086 2388 3145 Deus
2414 3089 2672 3144 Abraham
2703 3100 2749 3145 et
2780 3087 2920 3145 Deus
2957 3089 3111 3145 Isaac
3131 3102 3178 3146 et
3215 3092 3353 3148 Deus
3381 3091 3547 3150 Iacob

1948 3178 2141 3249 (Exod.
2190 3180 2243 3233 5.
2296 3178 2378 3248 6).
2429 3179 2495 3234 Et
2525 3179 2656 3233 dicit
2702 3179 2964 3233 :Domine
3010 3180 3153 3235 Deus
3198 3181 3394 3237 domini
3446 3180 3552 3238 mei

1944 3270 2198 3323 Abraham
2223 3311 2237 3335 ,
2282 3286 2520 3339 prospere
2548 3269 2711 3340 dirige
2738 3286 2910 3324 coram
2939 3286 3018 3324 me
3039 3271 3190 3324 hodie
3214 3312 3230 3337 ,
3262 3282 3309 3325 et
3332 3276 3417 3343 [ac
3444 3273 3545 3326 nti-

1944 3359 2272 3414 srricordiam
2287 3374 2403 3413 cum
2428 3358 2633 3413 domino
2660 3374 2771 3413 meo
2794 3357 3053 3413 Abraham
3072 3375 3091 3425 ;
3114 3360 3267 3430 quasi
3291 3358 3498 3415 diceret
3526 3377 3540 3414 :

1948 3450 2049 3505 Fac
2078 3459 2135 3504 ut
2162 3449 2486 3520 impleantur
2515 3465 2577 3505 ea
2607 3465 2727 3520 quas
2756 3449 2845 3504 ille
2866 3450 2997 3517 vult,
3027 3458 3083 3505 et
3101 3450 3398 3507 secundum
3427 3454 3547 3523 ejus

1944 3542 2263 3597 sententiam
2316 3557 2571 3612 prospera
2621 3540 2706 3597 fac
2735 3544 2937 3598 omnia.
2984 3540 3096 3612 Eae
3141 3543 3545 3600 misericordiam

1945 3649 2059 3686 cum
2103 3633 2314 3689 domino
2341 3648 2450 3687 meo
2474 3631 2753 3686 Abraham.
2795 3630 2935 3700 Quid
2955 3641 3039 3688 est
3060 3673 3075 3696 ,
3110 3630 3222 3686 Fac
3249 3633 3545 3688 misericor-

1945 3724 2127 3776 diam?
2154 3722 2272 3776 Voti
2306 3732 2613 3793 compotem
2642 3738 2765 3779 eum
2812 3722 2917 3778 fac.
2951 3723 3154 3779 Deinde
3202 3722 3414 3795 inquit,
3448 3725 3539 3783 i3.

1949 3814 2077 3867 Ecce
2102 3829 2194 3884 ego
2222 3822 2298 3867 sto
2348 3824 2554 3883 propter
2577 3814 2769 3884 fontem
2816 3829 2960 3883 aqua
2983 3854 2998 3880 ,
3026 3814 3150 3882 ﬁlia:
3187 3824 3355 3869 autem
3399 3814 3549 3870 habia

1946 3906 2161 3959 lantiunt
2196 3906 2449 3959 civitatem
2488 3904 2815 3975 egrediuntur
2844 3914 2900 3958 ut
2928 3906 3171 3960 hauriant
3210 3921 3418 3973 aquam.
3450 3906 3539 3962 Νι

1947 3997 2014 4051 Et
2031 3998 2122 4052 erit
2139 3999 2280 4068 virgo
2305 3998 2386 4051 cui
2408 4013 2499 4067 ego
2521 3998 2699 4052 dixero
2722 3995 3211 4067 :Inclinahydriam
3236 4006 3375 4050 luant
3402 3996 3543 4051 utbi-

1945 4088 2080 4156 bam,
2099 4098 2144 4142 et
2170 4087 2352 4141 dixerit
2369 4086 2512 4148 mihi,
2532 4085 2675 4149 Bibe,
2703 4096 2749 4141 et
2768 4087 2990 4143 camelos
3010 4098 3122 4143 tuos
3134 4088 3337 4159 petabo,
3364 4103 3547 4159 usque-

1945 4198 2042 4252 quo
2059 4180 2222 4235 bibere
2235 4196 2407 4233 omnes
2424 4188 2637 4243 cessent;
2657 4178 2802 4233 illam
2814 4181 3117 4251 praeparasti
3135 4196 3293 4250 puero
3318 4189 3409 4233 tuo
3428 4178 3546 4234 Isa-

1945 4289 2038 4330 ac:
2063 4282 2113 4327 et
2137 4273 2189 4326 in
2207 4272 2301 4326 hoc
2326 4288 2647 4343 cognoscam,
2671 4273 2807 4344 quod
2830 4273 3228 4327 misericordiam
3258 4274 3435 4345 feceris
3461 4272 3548 4328 do-

1948 4364 2082 4417 mino
2112 4378 2222 4417 meo
2243 4362 2519 4416 Abraham.
2554 4361 2688 4416 Vide
2716 4362 2856 4417 servi
2879 4361 3235 4431 prudentiam.
3258 4361 3392 4417 Nam
3419 4363 3545 4433 quia

1949 4462 2170 4510 noverat
2204 4451 2519 4522 patriarcha:
2566 4451 3013 4521 hospitalitatem,
3040 4460 3096 4506 ot
3131 4452 3255 4522 quia
3282 4452 3544 4523 virginem

1949 4547 2073 4602 inde
2086 4544 2380 4601 ducendam
2398 4558 2494 4614 par
2507 4552 2623 4600 erat
2642 4542 2829 4598 iisdem
2846 4557 2966 4598 esse
2984 4541 3259 4612 praeditam
3283 4542 3544 4609 moribus,

1949 4638 2143 4709 quibus
2167 4636 2345 4705 justus
2373 4636 2462 4690 ille
2494 4653 2509 4689 :
2544 4634 2744 4688 nullam
2776 4633 2936 4689 aliam
2974 4633 3342 4704 conjecturam
3371 4633 3545 4705 inqui.

1950 4730 2047 4791 rit,
2076 4726 2170 4782 sed
2194 4727 2560 4780 characterem
2589 4724 2859 4795 virginalis
2889 4724 3053 4780 animi
3081 4739 3147 4779 ex
3182 4723 3546 4793 hospitalitate

1949 4820 2202 4889 colligere
2228 4817 2357 4882 vult,
2382 4827 2438 4872 et
2464 4816 2634 4887 inquit
2661 4832 2677 4872 :
2708 4815 2764 4871 Si
2792 4815 3006 4885 quando
3034 4830 3137 4887 ego
3159 4831 3353 4886 aquam
3380 4815 3448 4871 ab
3484 4830 3546 4872 ea

1952 4911 2190 4981 petivcro
2213 4950 2227 4973 ,
2260 4918 2315 4963 et
2367 4908 2586 4963 inclinet
2632 4906 2761 4961 mihi
2812 4904 3055 4976 bydriom
3087 4922 3102 4959 :
3132 4915 3186 4961 ct
3233 4920 3340 4961 non
3370 4906 3545 4961 solum

1952 5000 2109 5055 faciat
2132 4998 2273 5070 quod
2305 4998 2549 5069 petierim
2572 5039 2587 5064 ,
2622 4997 2716 5052 sed
2745 4998 2907 5051 etiam
2938 4995 3233 5052 candorem
3256 5010 3321 5052 ac
3342 4996 3543 5052 libera-

1952 5096 2152 5150 litatem
2182 5096 2374 5150 mentis
2403 5108 2515 5149 sua:
2539 5092 2804 5156 declaret,
2835 5091 3087 5162 dicatque
3116 5109 3130 5146 :
3166 5092 3337 5146 Etiam
3359 5107 3545 5148 came-

1953 5188 2032 5244 los
2064 5197 2184 5243 tuos
2202 5186 2445 5258 aquabo,
2468 5201 2679 5241 morum
2700 5198 2920 5239 suorum
2949 5184 3416 5242 mansuetudinem
3457 5198 3547 5240 sa»

1954 5280 2021 5334 tis
2043 5295 2109 5335 ex
2135 5294 2285 5349 aquae
2312 5277 2594 5349 largitione
2617 5276 2874 5332 ostendit.

2024 5372 2078 5426 4.
2110 5370 2511 5435 Animadverte,
2537 5370 2784 5435 obsecro,
2815 5368 3114 5433 carissime,
3148 5377 3406 5437 quantum
3435 5368 3551 5423 fuc-

1955 5462 2057 5527 rit,
2095 5461 2237 5531 quod
2268 5462 2417 5532 virgo
2448 5471 2628 5517 tenera
2659 5472 2912 5532 aquatum
2954 5461 3192 5532 profecta
3225 5477 3331 5515 non
3373 5461 3548 5515 solum

1953 5552 2200 5609 annuerit
2237 5554 2355 5623 ejus
2416 5552 2692 5622 petitioni,
2742 5561 2797 5608 et
2844 5552 3151 5622 deposuerit
3191 5554 3260 5607 ab
3313 5552 3549 5606 humeris

1957 5646 2291 5717 bydriam,et
2312 5644 2380 5700 ad
2406 5647 2716 5701 societatem
2745 5645 3035 5715 pra-buerit
3056 5645 3254 5715 petenti
3285 5643 3400 5698 viro
3429 5659 3549 5712 pcr-

1954 5738 2139 5807 egrino
2172 5744 2227 5791 et
2255 5751 2474 5807 prorsus
2519 5738 2699 5807 ignoto
2730 5754 2742 5789 :
2778 5745 2938 5805 atque
2979 5751 3084 5790 non
3124 5736 3299 5790 solum
3350 5734 3424 5787 illi
3453 5734 3548 5789 de-

1954 5828 2115 5888 derit.
2144 5827 2237 5883 sed
2263 5838 2317 5884 et
2336 5828 2572 5883 camelos
2602 5841 2795 5883 omnes
2814 5828 3111 5897 aquavcrit,
3140 5837 3194 5881 et
3219 5841 3313 5895 per
3340 5840 3399 5880 ca
3429 5841 3547 5893 qua:

1963 5923 2167 5980 ﬂebant
2214 5924 2592 5981 monstraverit
2633 5921 2827 5979 anima:
2863 5935 2976 5977 sua:
3020 5920 3420 5991 ingenuitatem.
3468 5920 3551 5972 Ast
