4144 6504
606 421 712 479 859

601 537 818 593 nescitis
843 536 981 605 quod
1021 537 1164 591 multi
1193 537 1351 592 etiam
1391 539 1487 592 viri
1516 539 1777 608 denegauit
1809 556 1951 610 stupe
1972 552 2157 611 peten-

605 631 746 684 tibus
775 629 932 684 talia?
954 629 1020 683 Et
1042 629 1166 698 quid
1190 629 1313 685 dico
1339 630 1405 685 de
1429 646 1564 700 aqua
1602 647 1719 700 qua:
1749 633 2051 701 prtebetur?
2083 632 2167 687 ln-

608 722 812 775 tardum
839 735 957 774 cum
985 720 1129 778 ﬁcos
1154 729 1356 786 tenent,
1384 729 1437 776 et
1462 721 1528 775 ab
1556 721 1928 777 accedentibus
1953 734 2168 777 arantur

608 824 661 866 nt
688 813 952 883 paulisper
971 822 1300 881 exspectent,
1328 827 1433 882 quo
1461 814 1636 867 lumen
1663 814 1989 880 accendant,
2021 815 2072 868 id
2093 814 2169 867 fa—

610 916 726 956 rcre
749 909 992 964 renuunt,
1030 901 1236 956 tametsi
1267 902 1396 960 nihil
1426 901 1548 957 inde
1576 901 1842 956 minuatur
1868 902 2001 970 ignis
2028 943 2043 968 ,
2072 903 2170 956 etsi

611 991 871 1047 innumeri
901 991 1005 1053 sint
1021 992 1106 1060 qui
1131 990 1426 1050 accendere
1447 991 1628 1046 velint.
1661 992 1756 1046 llic
1785 1000 1962 1046 autem
1984 1001 2036 1046 et
2060 1006 2174 1044 mu-

613 1081 707 1136 licr
727 1091 780 1137 et
809 1081 1004 1150 puella,
1027 1081 1262 1151 liydriam
1289 1097 1498 1151 quoque
1527 1097 1684 1152 super
1711 1083 1957 1138 humeros
1977 1083 2172 1146 ferens,

613 1185 718 1224 non
743 1170 913 1226 solum
943 1185 1052 1226 non
1077 1171 1333 1240 gravatim
1363 1170 1482 1226 tulit
1522 1170 1659 1239 quod
1687 1171 1752 1225 ab
1779 1186 1838 1226 ea
1870 1179 2174 1240 peteretur:

618 1259 711 1314 sed
750 1269 803 1315 et
835 1260 950 1329 plus
978 1276 1130 1328 qttam
1175 1261 1392 1329 petitum
1420 1270 1527 1314 erat
1574 1261 1834 1315 concessit
1867 1271 1962 1315 :et
1999 1270 2177 1329 potum

617 1349 782 1415 dedit,
817 1359 872 1404 ut
898 1350 1130 1419 petebat,
1162 1359 1320 1418 atque
1347 1365 1409 1402 ex
1440 1349 1612 1416 seipsa
1640 1350 1798 1404 etiam
1828 1351 2062 1404 camelos
2084 1364 2179 1418 po-

620 1450 734 1500 tare
758 1441 987 1502 festinat.
1031 1443 1301 1499 Annuerat
1327 1443 1466 1496 enim
1495 1441 1752 1512 benignus
1780 1443 1919 1498 Deus
1954 1443 2181 1512 patriar-

620 1530 732 1585 clue
761 1530 1022 1599 precibus,
1043 1531 1334 1599 angeloque
1362 1546 1457 1585 suo
1486 1534 1666 1596 misso,
1686 1533 1861 1590 omnia
1892 1534 1976 1587 illa
2004 1533 2184 1602 dispo-

621 1622 725 1677 suit
755 1621 866 1675 ficri
905 1622 1040 1676 sicut
1066 1635 1250 1676 servus
1285 1622 1560 1688 petiverat.
1593 1622 1719 1681 Dein
1752 1632 2031 1692 postquam
2059 1623 2188 1676 vidit

623 1728 680 1766 rc
710 1713 820 1781 ipsa
851 1726 1035 1780 preces
1064 1709 1374 1779 patriarcha:
1394 1709 1662 1775 efficaces,
1691 1721 1745 1766 et
1771 1712 1998 1768 obtinuit
2026 1711 2185 1780 virgi.

631 1817 749 1856 nem
778 1816 931 1870 quam
959 1801 1193 1870 Optabat,
1225 1799 1464 1868 illiusque
1490 1800 1731 1854 eximiam
1755 1800 1884 1854 vidit
1911 1800 2188 1869 hospitali-

627 1900 819 1954 tatem,
869 1889 988 1942 vide
1031 1889 1157 1958 quid
1202 1888 1288 1953 fit;
1320 1889 1445 1942 dicit
1485 1889 1662 1942 enim:
1694 1887 1781 1943 20.
1828 1887 2106 1943 Festinavit
2148 1899 2192 1943 et

627 1987 881 2038 et'acuavit
923 2002 1106 2054 aquam
1145 1986 1195 2037 in
1216 1985 1416 2042 canaies
1437 2025 1453 2049 ,
1483 1995 1528 2038 et
1553 1985 1766 2039 cucurrit
1788 1984 1854 2035 ad
1886 1993 2108 2051 puteum,
2139 1991 2194 2033 ut

622 2077 853 2132 hauriret
892 2086 1177 2144 aquam,et
1203 2076 1400 2145 aquavit
1442 2092 1609 2131 omnes
1648 2075 1862 2129 camelos
1903 2077 2030 2144 ejus.
2062 2072 2195 2127 Vide

625 2167 1103 2236 locupletissimum
1129 2168 1614 2235 promptitudinem.
1631 2167 1732 2222 Per
1755 2166 1858 2221 hoc
1886 2167 2026 2220 enim
2054 2163 2194 2233 quod

633 2258 726 2323 ait,
737 2255 1024 2323 Festinavit,
1034 2266 1078 2311 et
1089 2258 1338 2312 evacuavit
1351 2259 1654 2333 hydriam,et
1665 2258 1878 2314 cucurrit
1890 2256 1956 2310 ad
1973 2265 2194 2327 puteum,

639 2358 958 2404 monstratur
1000 2350 1186 2418 puella:
1225 2364 1433 2403 summa
1474 2349 1718 2406 alacritas
1749 2365 1762 2402 :
1794 2349 1916 2418 quia
1945 2362 2117 2417 neque
2144 2355 2201 2404 ut

639 2441 806 2494 aliena
833 2441 1031 2510 attingit
1049 2481 1066 2508 ,
1108 2457 1276 2510 neque
1302 2449 1558 2508 praetextu
1600 2439 1934 2497 continentim
1960 2436 2202 2508 petitioni

636 2531 853 2587 renuit:
893 2532 986 2586 sed
1035 2546 1154 2586 cum
1199 2532 1361 2585 multa
1409 2529 1814 2585 mansuetudine
1859 2529 2059 2598 inquit,
2111 2526 2197 2581 18.

635 2619 778 2683 Bibe,
808 2619 1024 2675 domine.
1053 2621 1255 2690 Cogita,
1284 2622 1524 2685 obsecro,
1550 2628 1743 2689 quanta
1773 2618 1933 2673 etiam
1961 2633 2022 2673 ea
2050 2625 2204 2672 tetate

638 2710 796 2766 fuerit
820 2710 1156 2764 continentiae
1191 2711 1458 2778 diligentia
1478 2752 1490 2772 ,
1521 2721 1573 2765 et
1603 2709 1875 2764 modestiae
1915 2708 2200 2763 eminentia

643 2800 1118 2870 hospitalitatisquc
1139 2801 1450 2869 frequentia.
1473 2799 1673 2865 Quibus
1697 2799 1855 2868 igitur
1874 2798 2064 2867 opibus
2094 2797 2208 2852 haec

645 2907 747 2954 non
777 2899 899 2945 sunt
924 2892 1230 2964 pretiosiora
1253 2891 1275 2942 ?
1300 2891 1491 2960 quibus
1522 2891 1784 2944 thesauris
1814 2889 1928 2943 litec
1956 2904 2058 2942 non
2085 2890 2210 2942 sunt

645 2980 1002 3050 praeferenda?
1031 2981 1154 3040 "LDC
1195 2996 1397 3034 summa
1423 2981 1520 3035 dos
1544 3021 1558 3044 ,
1584 2981 1696 3034 litec
1733 2979 2010 3034 innumera
2033 2979 2166 3033 bona
2192 3018 2207 3043 ,

645 3070 759 3128 hcce
802 3070 1082 3126 thesaurus
1126 3071 1216 3140 qui
1260 3086 1364 3126 non
1414 3069 1762 3126 consumitur.
1810 3070 2009 3126 Videns
2054 3071 2213 3140 igitur

648 3161 880 3230 prudens
924 3177 1108 3217 servus
1151 3161 1483 3217 manifestam
1525 3163 1615 3217 Dei
1668 3161 2082 3230 providentiam,
2116 3160 2210 3214 2i.

648 3251 882 3308 Discebat
906 3269 1037 3317 eam,
1069 3251 1275 3322 inquit,
1305 3261 1349 3306 et
1377 3253 1572 3318 silebat,
1607 3263 1659 3310 ut
1684 3253 1828 3306 sciret
1857 3267 2216 3321 prosperumne

650 3343 844 3411 fecisset
875 3340 1116 3398 Dominus
1156 3343 1250 3396 iter
1274 3358 1452 3408 suum,
1482 3359 1547 3394 an
1589 3359 1709 3395 non.
1735 3341 1871 3408 Quid
1919 3349 2001 3395 est
2051 3340 2175 3395 illud
2196 3381 2211 3406 ,

648 3431 879 3490 Discebat
907 3447 1015 3485 eam
1035 3432 1060 3484 .9
1083 3431 1252 3488 Verba
1280 3432 1389 3500 ipsa
1425 3432 1616 3501 puellce
1665 3425 1946 3498 diligenter
1970 3429 2214 3486 conside-

650 3522 831 3588 rabat,
862 3529 1130 3590 aSpectum
1151 3561 1167 3586 ,
1217 3521 1478 3575 incessum
1504 3560 1519 3584 ,
1551 3519 1814 3583 habitum,
1843 3520 2050 3589 aliaque
2100 3533 2217 3572 om-

653 3611 738 3666 nia
771 3628 783 3663 :
816 3619 868 3665 et
893 3610 1259 3679 exspectabat,
1295 3607 1362 3664 Ut
1392 3609 1540 3662 sciret
1580 3624 1646 3660 an
1685 3624 1981 3677 prosperum
2027 3608 2220 3675 fecisset

658 3703 898 3758 Dominus
924 3702 1016 3754 iter
1034 3717 1282 3767 suum,an
1309 3717 1429 3754 non.
1459 3700 1589 3754 Nam
1611 3698 1850 3769 quatiam
1878 3698 2014 3752 facta
2045 3706 2217 3762 erant,

653 3793 912 3862 insignem
943 3801 996 3846 et
1035 3788 1318 3859 plurimam
1351 3790 1567 3859 virginis
1607 3789 1912 3844 indicabant
1950 3787 2218 3847 virtutem.

654 3883 721 3937 Et
743 3883 860 3936 ideo
886 3896 1231 3939 remunerans
1255 3880 1369 3948 eius
1390 3878 1744 3933 obedientiam
1765 3886 1819 3932 et
1843 3893 1996 3947 aqua:
2021 3876 2222 3930 submi-

657 3973 1042 4035 nistrationem,
1077 3971 1425 4039 circumponit
1452 3971 1500 4024 ei
1521 4012 1534 4035 ,
1567 3969 1754 4038 inquit,
1782 3969 1870 4021 22.
1896 3968 2110 4024 lnaures
2131 3985 2224 4020 au-

657 4083 767 4120 reos
787 4074 830 4119 et
860 4065 990 4118 duas
1010 4063 1254 4127 armillas,
1283 4071 1336 4116 et
1359 4062 1638 4130 diligenter
1658 4060 1986 4123 addiseebat,
2011 4075 2128 4128 qua:
2155 4058 2223 4114 ad

657 4161 822 4226 ipsam
854 4157 1213 4226 pertinerent,
1236 4164 1288 4208 ct
1317 4154 1571 4223 rogabat,
1602 4152 1690 4205 25.
1716 4152 1872 4220 Cujus
1899 4167 1949 4203 es
1981 4152 2123 4217 ﬁlia?
2147 4159 2221 4215 et,

662 4248 800 4304 Num
821 4257 890 4300 est
914 4246 1050 4314 apud
1079 4255 1271 4312 patrem
1295 4253 1432 4296 luunt
1457 4242 1593 4296 locus
1613 4241 1913 4294 diversorii?
1937 4240 2221 4298 Considera

660 4349 714 4394 ct
749 4339 833 4392 hic
871 4337 1059 4407 puellas
1085 4349 1417 4403 responsum.
1445 4332 1575 4386 Nam
1605 4337 1740 4386 sicut
1766 4346 1885 4384 cum
1916 4345 2104 4399 aquam
2137 4346 2226 4400 pe-

663 4439 814 4494 teret,
838 4445 942 4484 non
970 4429 1137 4483 solum
1161 4442 1276 4482 eam
1301 4425 1476 4491 dedit,
1507 4423 1600 4479 sed
1621 4434 1673 4479 et
1697 4423 1931 4477 camelos
1961 4423 2100 4477 illius
2129 4439 2224 4491 po-

663 4522 788 4575 tavit
820 4535 834 4573 :
865 4521 934 4574 ita
961 4527 1015 4573 et
1040 4518 1125 4572 hic
1144 4558 1158 4578 ,
1190 4525 1410 4586 rogante
1435 4530 1588 4569 servo
1608 4556 1621 4580 ,
1649 4529 1772 4568 num
1797 4521 1939 4567 esset
1965 4514 2112 4566 locus
2131 4553 2146 4579 ,
2176 4520 2230 4568 et

659 4611 811 4680 cujus
841 4619 984 4665 esset
1011 4609 1114 4662 lilia
1141 4649 1156 4672 ,
1185 4607 1353 4676 inquit
1376 4648 1390 4670 ,
1419 4607 1506 4659 24.
1534 4605 1671 4659 Filia
1699 4622 1807 4658 sum
1849 4604 2111 4659 Bathuelis
2135 4604 2230 4671 ﬁlii

665 4701 879 4755 Mclcha:
897 4738 913 4764 ,
941 4715 1084 4768 quem
1110 4699 1297 4767 peperit
1325 4697 1422 4763 ipsi
1453 4694 1680 4748 Nachor.
1713 4695 1847 4748 Dicit
1874 4703 1927 4748 et
1953 4692 2151 4762 patrem
2177 4703 2230 4748 et

662 4805 816 4844 avum
841 4829 855 4855 ,
885 4798 942 4841 ut
985 4787 1088 4842 illis
1115 4787 1339 4856 cognitis
1365 4787 1455 4840 fiat
1499 4785 1742 4840 alacrior.
1776 4784 1904 4838 Vide
1946 4785 2228 4840 candorem

665 4882 872 4949 puellae.
903 4882 976 4934 De
1006 4886 1158 4948 patre
1180 4887 1411 4947 rogatur,
1441 4886 1496 4931 et
1523 4893 1625 4930 non
1653 4877 1825 4931 solum
1854 4875 1992 4929 hunc
2013 4876 2227 4936 indicat.

663 4971 756 5026 sed
801 4979 855 5025 ct
887 4981 1086 5039 patrem
1115 4971 1296 5039 patris.
1329 4968 1536 5024 Etcum
1567 4975 1807 5038 rogasset
1833 4980 2019 5022 servus
2060 4967 2230 5020 solum

664 5081 731 5116 an
773 5072 914 5118 esset
957 5063 1105 5117 locus
1151 5061 1448 5117 divertendi
1478 5103 1490 5122 ,
1522 5061 1607 5115 illa
1644 5059 1846 5114 addidit
1870 5075 1884 5112 :
1908 5059 2022 5114 Non
2061 5059 2230 5113 solum

667 5156 834 5219 locus,
860 5154 952 5208 sed
973 5153 1061 5209 25.
1088 5152 1154 5206 Et
1175 5157 1362 5224 [mnum
1383 5165 1427 5206 et
1456 5151 1690 5220 pabulum
1717 5151 1931 5204 multum
1958 5151 2094 5218 apud
2125 5165 2236 5204 nos.

669 5246 792 5299 llxec
833 5254 891 5298 ut
919 5245 1118 5299 audivit
1142 5259 1357 5311 servus,
1383 5243 1671 5297 admiratus
1711 5253 1794 5299 est
1835 5244 2022 5296 miram
2052 5249 2100 5296 et
2136 5240 2242 5292 lar—

669 5349 788 5403 gam
829 5336 1016 5402 puellae
1061 5333 1502 5404 hospitalitatem.
1553 5335 1615 5388 Et
1638 5342 1696 5387 ut
1734 5333 1916 5387 didicit
1944 5348 2003 5387 se
2034 5345 2138 5384 non
2167 5330 2233 5384 ad

671 5428 879 5493 ignotos
909 5425 1166 5494 quosdam
1189 5426 1431 5490 venisse,
1461 5425 1553 5478 sed
1588 5423 1640 5477 in
1667 5422 1881 5478 domum
1915 5421 2126 5477 Nachor
2148 5420 2235 5489 qui

673 5518 836 5571 lrater
854 5526 969 5571 erat
989 5518 1316 5586 patriarchae,
1347 5517 1436 5573 26.
1472 5515 1583 5569 Hoc
1605 5532 1720 5569 cum
1744 5515 2009 5585 probaret,
2034 5513 2232 5584 inquit,

675 5611 818 5664 homo
847 5609 1074 5664 adoravit
1103 5608 1396 5664 Dominum.
1438 5608 1774 5662 Exhilaratus
1800 5607 1865 5660 iis
1892 5621 2006 5674 qua:
2035 5618 2236 5672 cogno-

674 5711 861 5768 verat,
888 5711 941 5756 et
971 5703 1034 5756 iis
1064 5717 1180 5773 quae
1222 5702 1319 5770 ipsi
1345 5702 1514 5770 puella
1540 5701 1764 5766 dixerat,
1795 5699 2036 5752 Adoravit
2064 5697 2240 5750 Domi-

677 5808 815 5856 uitut,
848 5793 1145 5863 gratiasque
1187 5793 1260 5849 illi
1299 5793 1443 5864 egit,
1472 5807 1537 5849 eo
1565 5791 1704 5862 quod
1730 5792 1781 5847 in
1809 5789 2158 5861 patriarcham
2183 5798 2236 5845 ct

1316 423 1375 478 S.
1403 425 1676 482 JOANNIS
1709 427 2184 484 CllRYSOSTOMl
2212 429 2524 486 ARCHIEP.
2565 431 3094 486 CONSTANTINOP.

3730 427 3834 486 ιιο

2272 545 2326 597 in
2355 559 2413 598 se
2444 553 2640 599 tantam
2680 545 3003 599 declarasset
3028 543 3411 614 providentiam
3431 583 3446 607 ,
3478 553 3530 596 et
3557 543 3694 616 quod
3721 558 3838 598 omo

2273 632 2357 685 nia
2389 634 2537 700 plana
2569 643 2622 689 et
2660 633 2827 689 facilia
2861 635 2931 692 illi
2960 634 3312 689 reddidisset:
3343 644 3394 686 et
3424 633 3555 687 dixit
3582 649 3597 685 ι
3620 635 3706 687 27.
3740 631 3838 686 Be-

2272 723 2495 778 nedictus
2526 723 2766 777 Dominus
2795 723 2929 777 Deus
2966 725 3156 777 domini
3185 725 3280 776 mei
3306 722 3556 777 Abraham
3581 764 3596 788 ,
3627 725 3711 792 qui
3739 739 3839 776 non

2274 811 2476 865 abstulit
2494 814 2748 882 justitiam
2774 831 2918 866 suam
2941 824 2983 868 et
3005 815 3254 867 veritatem
3273 831 3302 868 α
3328 814 3528 866 domino
3550 828 3674 865 meo.
3700 812 3842 867 Post-

2276 917 2432 971 quam
2469 901 2595 956 vidit
2640 902 2826 970 puellaa
2875 903 3331 964 benevolentiam,
3365 914 3417 957 et
3459 904 3525 956 ab
3574 917 3633 956 ea
3667 902 3842 955 omnia

2279 992 2552 1047 manifeste
2581 992 2791 1056 didicit,
2825 1002 2949 1048 tunc
2992 1002 3046 1047 et
3088 994 3199 1062 ipse
3228 995 3414 1062 puellm
3442 993 3704 1062 significat
3729 995 3848 1064 quis

2280 1090 2420 1136 esset
2450 1100 2464 1135 :
2493 1089 2546 1136 et
2576 1097 2668 1152 per
2699 1084 2984 1151 gratiarum
3024 1086 3286 1138 actionem
3323 1083 3374 1137 in
3401 1085 3563 1136 Deum
3594 1084 3766 1152 palam
3798 1083 3846 1138 ei

2284 1170 2404 1225 facit
2431 1187 2488 1226 se
2515 1188 2620 1226 non
2641 1188 2706 1226 ex
2751 1175 2921 1228 aliena
2951 1175 3108 1228 domo
3135 1176 3344 1239 venire,
3373 1175 3466 1228 sed
3502 1173 3720 1229 fratrem
3747 1174 3847 1228 Na-

2283 1260 2459 1314 choris
2479 1275 2597 1316 esse
2625 1277 2744 1315 eum
2775 1263 2863 1332 qui
2893 1263 2994 1317 huc
3021 1279 3077 1316 se
3117 1264 3368 1319 misisset.
3404 1263 3524 1317 llmc
3549 1264 3634 1317 ubi
3670 1263 3852 1318 didicit

2285 1348 2374 1402 28.
2406 1347 2617 1416 Puella,
2650 1366 2767 1406 cmn
2821 1368 3004 1420 magna
3041 1355 3338 1422 voluptate,
3367 1355 3622 1418 cucurrit,
3663 1356 3847 1424 inquit.

2288 1437 2419 1491 Vide
2447 1440 2710 1511 quomodo
2741 1442 2792 1495 in
2822 1443 3041 1512 singulis
3087 1443 3321 1497 declaret
3371 1444 3521 1498 nobis
3576 1443 3851 1511 hospitali-

2291 1530 2410 1583 tatis
2455 1530 2776 1588 alacritatem
2805 1573 2820 1596 ,
2848 1549 3037 1596 cursu,
3071 1534 3276 1596 verbis,
3313 1535 3731 1587 mansuetudine.
3761 1535 3858 1587 Cu-

2291 1619 2445 1670 currit
2471 1619 2609 1672 enim
2632 1662 2646 1686 ,
2675 1621 2863 1689 inquit,
2892 1631 2937 1674 et
2960 1624 3273 1675 annuntiavit
3300 1623 3349 1675 in
3379 1624 3527 1676 domo
3558 1623 3730 1677 matris
3759 1638 3860 1677 sua:

2282 1711 2431 1777 juxta
2451 1710 2596 1763 verba
2621 1711 2744 1764 htec.
2778 1712 2960 1766 Omnia
2980 1729 3092 1782 qua:
3114 1715 3371 1768 audiverat
3402 1730 3430 1768 a
3463 1730 3644 1780 servo,
3673 1731 3862 1785 paren-

2295 1797 2433 1851 tibus
2478 1799 2809 1869 signiﬁcavit.
2850 1802 2939 1856 29.
2984 1802 3048 1856 Et
3083 1806 3335 1868 cucurrit,
3361 1805 3567 1873 inquit,
3601 1803 3774 1858 Labori
3800 1809 3863 1859 ad

2297 1890 2541 1944 hominem
2576 1895 2713 1961 foras
2739 1893 2806 1945 ad
2825 1893 3032 1962 fontem.
3060 1894 3192 1949 Vide
3222 1894 3486 1963 quomodo
3512 1906 3564 1948 et
3595 1894 3680 1948 hic
3707 1908 3864 1948 cursu

2297 1980 2616 2036 desiderium
2645 1999 2799 2036 suum
2828 1993 3086 2038 monstret
3111 1986 3181 2053 (v.
3216 1985 3330 2052 50).
3364 1985 3429 2038 Ει
3455 1995 3505 2038 ιιι
3532 1985 3660 2038 vidit
3694 1985 3866 2038 homi-

2301 2087 2418 2125 nem
2451 2081 2674 2125 stantem
2697 2073 2835 2141 apud
2878 2073 3074 2128 fontem
3097 2090 3214 2128 cum
3238 2076 3453 2130 camelis
3479 2117 3492 2141 ,
3514 2076 3572 2129 5|
3589 2114 3602 2128 .
3625 2074 3765 2126 Diait
3782 2076 3824 2128 ei
3851 2091 3866 2128 :

2310 2159 2452 2226 Veni,
2480 2161 2757 2230 ingredere;
2787 2162 3070 2216 benedictus
3096 2163 3337 2216 Dominus
3358 2179 3481 2216 :cur
3505 2165 3631 2233 [oris
3651 2164 3870 2218 stetisti?

2301 2248 2411 2319 Ego
2434 2251 2657 2320 disposui
2672 2253 2872 2305 domum
2895 2264 2940 2306 et
2962 2254 3124 2306 locum
3144 2254 3364 2306 camelis.
3385 2253 3514 2308 Vide
3527 2263 3579 2306 et
3607 2254 3746 2308 hunc
3777 2255 3873 2309 be-

2303 2343 2631 2397 nedicentem
2656 2343 2820 2399 Deum
2849 2345 2898 2398 in
2931 2345 3163 2400 adventu
3194 2345 3455 2415 peregrini
3478 2385 3491 2408 ,
3530 2354 3582 2399 et
3607 2345 3872 2415 quomodo

2303 2440 2582 2501 antequam
2613 2433 3029 2501 hospitalitatem
3063 2435 3308 2504 impleret
3332 2449 3510 2504 opere,
3547 2435 3726 2488 multis
3755 2449 3872 2488 enm

2306 2521 2546 2576 hortatus
2574 2533 2674 2577 est.
2713 2522 2855 2586 Veni,
2885 2524 3070 2604 inquit,
3102 2524 3363 2594 ingredere
3392 2539 3411 2577 .'
3432 2523 3539 2592 jam
3567 2524 3712 2579 enim
3742 2523 3878 2580 Ρτὼ

2307 2614 2478 2681 paravi
2503 2614 2702 2665 domum
2742 2623 2785 2666 et
2812 2614 2975 2667 locum
2995 2614 3220 2668 camelis.
3252 2614 3451 2670 Deinde
3495 2615 3737 2684 ingresso
3769 2629 3832 2670 eo
3858 2656 3876 2682 ,

2309 2702 2477 2773 inquit
2507 2722 2519 2757 :
2552 2703 2639 2758 52.
2669 2702 2917 2757 Destravit
2961 2705 3176 2759 camelos
3223 2713 3268 2759 et
3316 2705 3450 2760 dedit
3478 2705 3648 2774 paleas
3671 2746 3691 2774 ,
3719 2717 3766 2760 et
3785 2709 3876 2777 [θ’

2309 2809 2445 2858 nunt,
2471 2803 2515 2846 et
2540 2811 2718 2863 aquam
2735 2835 2748 2859 ,
2777 2805 2832 2847 ut
2859 2795 3143 2848 lavarentur
3171 2796 3320 2864 pedes
3345 2797 3472 2864 ejus.

2381 2885 2434 2938 5.
2466 2885 2592 2938 Vide
2613 2886 2879 2955 quomodo
2906 2885 2956 2938 hi
2979 2886 3064 2956 qui
3105 2886 3278 2940 adhuc
3321 2901 3505 2940 errore
3552 2888 3883 2950 tenebantur.

2312 2989 2553 3043 magnam
2577 2975 2948 3043 hospitalitatis
2965 2991 3146 3031 curam
3160 2977 3402 3046 agebant.
3432 2976 3496 3029 Et
3518 2977 3654 3032 dedit
3677 2993 3887 3045 aquam,

2314 3076 2368 3118 ut
2397 3067 2687 3122 lavarentur
2712 3065 2862 3137 pedes
2890 3070 3018 3137 ejus,
3045 3079 3092 3122 et
3119 3069 3268 3136 pedes
3298 3069 3520 3122 virorum
3550 3078 3637 3138 qut
3677 3086 3791 3122 cum
3829 3085 3890 3128 ea

2316 3167 2476 3211 erant.
2505 3159 2592 3211 55.
2625 3158 2690 3212 Et
2712 3161 2948 3228 apposuit
2972 3159 3039 3215 eis
3067 3176 3220 3229 partes
3261 3160 3328 3213 ad
3367 3161 3748 3214 comedendum.
3784 3159 3889 3217 Sed

2321 3249 2405 3303 hic
2447 3250 2680 3314 attende,
2735 3251 2978 3316 obsecro,
3025 3266 3266 3320 magnam
3318 3250 3495 3306 famuli
3537 3251 3889 3319 prudentiam.

2319 3339 2453 3405 Quid
2475 3339 2614 3394 enim
2638 3340 2747 3392 ait?
2769 3339 2889 3393 Non
2910 3340 3187 3406 comedam,
3207 3341 3366 3395 donec
3388 3341 3567 3409 loquar
3586 3342 3741 3397 verba
3759 3356 3888 3399 mea.

2321 3428 2426 3481 Vos
2455 3429 2686 3499 quidem,
2714 3430 2900 3499 inquit,
2928 3430 3159 3488 officium
3181 3439 3420 3486 vestrum
3471 3432 3524 3487 in
3547 3446 3633 3484 me
3686 3431 3895 3500 praesti-

2323 3517 2457 3572 tistis
2487 3536 2501 3570 :
2532 3534 2629 3588 ego
2656 3529 2832 3574 autem
2861 3535 3191 3591 nequaquam
3222 3529 3375 3574 antea
3400 3521 3593 3593 quietis
3618 3535 3754 3577 mea:
3803 3535 3892 3575 ra-

2324 3614 2518 3668 tionem
2541 3615 2766 3678 habebo,
2809 3615 2981 3670 donec
3001 3629 3212 3670 causam
3239 3629 3334 3668 vos
3364 3613 3595 3669 docuero
3618 3655 3634 3677 ,
3679 3622 3898 3682 propter

2323 3721 2478 3774 quam
2502 3707 2552 3759 in
2585 3704 2719 3762 hanc
2740 3707 2876 3760 viam
2904 3707 3003 3761 sim
3026 3707 3239 3773 missus,
3272 3713 3326 3760 et
3354 3721 3520 3776 quare
3539 3720 3569 3758 a
3595 3704 3894 3761 Chananzea

2328 3799 2430 3852 huc
2459 3797 2712 3863 venerim,
2737 3798 3073 3868 etquomodo
3096 3799 3147 3852 in
3175 3798 3390 3851 domum
3411 3807 3640 3852 vestram
3669 3797 3774 3851 huc
3800 3799 3899 3850 duo

2327 3896 2442 3942 ctus
2469 3889 2588 3952 sim,
2620 3903 2682 3942 ac
2710 3903 2829 3942 cum
2874 3887 3048 3942 omnia
3077 3887 3386 3951 didit-eritis,
3416 3895 3541 3941 tunc
3576 3894 3632 3940 et
3657 3901 3752 3939 vos
3803 3901 3893 3942 vo-

2326 3989 2489 4034 stram
2514 3994 2636 4049 crga
2662 3980 2933 4033 dominum
2962 3995 3136 4034 meum
3172 3978 3596 4033 benevolentiam
3626 3977 3901 4033 declarare

2328 4071 2587 4140 poteritis.
2613 4068 3082 4139 Narrationcmqne
3107 4083 3262 4122 orsus
3288 4069 3358 4121 ait
3379 4084 3391 4118 :
3411 4069 3500 4123 54.
3526 4068 3712 4122 Servus
3743 4068 3904 4120 Abra-

2329 4164 2407 4216 hae
2433 4178 2542 4216 sum
2567 4177 2657 4232 ego
2684 4177 2702 4216 :
2731 4162 2817 4215 55.
2849 4161 3096 4213 Dominus
3140 4171 3305 4214 autem
3349 4160 3598 4214 benedixit
3643 4161 3906 4214 dominum

2328 4269 2490 4310 meum
2517 4254 2680 4319 valde,
2714 4262 2760 4306 et
2790 4253 2926 4306 dedit
2945 4254 2989 4305 ei
3015 4254 3029 4283 ι
3065 4268 3176 4306 oves
3221 4263 3268 4305 et
3307 4252 3508 4316 vitulos,
3537 4267 3717 4304 aurum
3745 4261 3789 4306 et
3821 4268 3905 4308 ar-

2329 4358 2548 4419 gentum,
2583 4363 2748 4399 servos
2769 4355 2814 4398 et
2843 4345 3077 4409 ancillas,
3110 4344 3324 4397 camelos
3369 4353 3415 4397 et
3457 4344 3645 4397 asinos.
3704 4344 3792 4398 36.
3843 4343 3909 4399 Et

2331 4440 2518 4508 peperit
2547 4437 2709 4492 Sarra
2729 4452 2854 4489 uxor
2875 4435 3064 4488 domini
3080 4436 3175 4487 ntei
3194 4435 3358 4502 ﬁlium
3377 4450 3532 4486 unum
3549 4433 3751 4486 domino
3774 4450 3905 4496 meo,

2331 4546 2445 4581 cum
2471 4530 2577 4597 ipse
2596 4529 2710 4595 jam
2740 4526 3001 4588 senuisset,
3033 4535 3081 4577 et
3112 4524 3246 4576 dedit
3269 4524 3345 4576 illi
3375 4524 3543 4577 omnia
3588 4539 3909 4590 quartumque

2334 4619 2526 4671 habuit.
2550 4618 2680 4672 Vide
2704 4617 2969 4687 quomodo
2989 4631 3108 4670 cum
3128 4615 3396 4684 diligentia
3424 4615 3597 4668 omnia
3613 4615 3689 4669 eis
3703 4626 3908 4667 narrat.

2335 4709 2481 4763 Illius
2510 4723 2647 4771 sum,
2694 4708 2882 4777 inquit,
2916 4706 3141 4760 Abrabre
3167 4721 3372 4771 servus,
3401 4721 3558 4774 quem
3592 4707 3777 4762 ttostis.
3816 4705 3912 4758 Di-

2334 4803 2465 4855 scite
2498 4801 2674 4869 itaque
2696 4808 2941 4867 quantam
2970 4799 3036 4850 ab
3064 4799 3299 4850 omnium
3329 4796 3551 4849 Domino
3579 4795 3911 4850 benedictio-

2336 4909 2458 4949 nem
2483 4901 2835 4961 consequutus
2858 4891 2947 4952 sit,
2978 4890 3048 4944 ita
3079 4899 3132 4942 ut
3166 4888 3316 4943 valde
3342 4889 3409 4941 sit
3439 4888 3653 4941 ditatus.
3708 4887 3914 4943 Deinde

2336 4967 2531 5040 docens
2559 4985 2856 5039 divitiarum
2909 4981 3134 5049 cepiam,
3191 4979 3396 5048 inquit:
3435 4975 3561 5030 Oves
3603 4987 3650 5029 et
3699 4977 3916 5042 vitulos,

2337 5087 2596 5149 argentum
2617 5085 2664 5130 et
2693 5089 2895 5138 aurum,
2924 5088 3088 5125 servos
3118 5082 3166 5124 et
3191 5069 3427 5133 ancillas,
3445 5067 3663 5122 camelos
3681 5077 3724 5119 et
3740 5067 3916 5124 asinos

2336 5170 2631 5240 acquisivit.
2664 5167 2876 5230 Audite,
2904 5165 3119 5229 divites,
3147 5163 3232 5230 qui
3260 5170 3334 5214 tot
3359 5171 3414 5215 et
3437 5157 3756 5229 totquotidie
3778 5159 3922 5212 emi-

2340 5263 2404 5316 tis
2426 5259 2641 5330 praedia.
2670 5267 2725 5312 et
2757 5256 2940 5311 balnea
2981 5270 3040 5308 ac
3083 5251 3452 5308 deambulacra
3502 5261 3556 5304 et
3609 5248 3925 5318 splendidas

2341 5357 2526 5410 domos
2552 5349 2843 5404 :edificatis.

2409 5443 2611 5498 Divitiae
2632 5457 2731 5494 non
2771 5439 2822 5491 in
2863 5435 3132 5507 super/luis
3159 5433 3524 5503 imprudentiae.
3566 5460 3636 5472 —-
3665 5427 3871 5483 Videtis
3906 5471 3923 5498 ,

2342 5535 2396 5590 in
2423 5533 2614 5604 quibus
2637 5530 2831 5588 divitize
2854 5529 2982 5599 justi
3026 5526 3219 5582 fuerint
3259 5523 3599 5582 constilulte?
3647 5520 3922 5590 Nusquam

2403 5665 2420 5692 ¹
2450 5661 2531 5710 Sic
2555 5661 2702 5708 etiam
2729 5657 2774 5705 in
2800 5657 2948 5705 Savil.
2991 5656 3044 5704 ln
3084 5659 3226 5718 textu
3249 5665 3378 5718 vero
3399 5649 3716 5718 septuaginta
3751 5649 3924 5706 luter-

2342 5729 2534 5785 pretum
2556 5719 2637 5785 hic
2659 5720 2864 5785 effertur
2883 5710 3733 5785 sensus,.A..LBenettiantpomutwn
3754 5724 3925 5767 meum

2342 5774 2498 5844 't'alde,
2523 5789 2566 5834 ct
2590 5779 2830 5833 exaltatus
2851 5786 2920 5829 est
2946 5781 3046 5841 (καὶ
3069 5776 3280 5839 ὑψώθη),
3300 5781 3344 5825 et
3365 5774 3500 5825 dedit
3521 5774 3585 5832 ei,
3612 5779 3711 5825 etc.
