4144 6532
220 509 315 567 ιιι

218 640 367 697 ager;
394 639 658 697 nusquam
678 623 891 689 domus,
912 630 967 679 et
989 634 1379 693 supervacanea
1402 622 1806 692 sumptuositas:

220 718 317 775 sed
338 732 470 775 ores
498 727 553 774 et
574 717 757 783 vituli,
784 716 976 773 cameli
1018 724 1073 771 et
1098 718 1262 772 asina:
1285 755 1305 783 ,
1324 715 1468 770 servi
1506 723 1560 771 et
1581 713 1809 769 ancilla.

222 808 292 864 Et
316 818 374 863 ut
399 808 597 873 discas,
624 820 900 863 servorum
927 805 1211 861 multitudo
1234 804 1377 860 unde
1400 805 1448 859 ei
1488 802 1770 872 contigerit
1795 841 1811 867 ,

222 899 427 954 addidit
454 896 560 952 alio
589 896 749 952 loco:
790 896 1067 952 Vermiculi
1113 911 1298 951 omnes
1346 896 1541 964 erant(
1572 893 1699 949 Gen.
1724 891 1813 947 Π.

223 987 344 1057 23).
376 988 473 1043 Hic
502 986 678 1058 igitur,
710 987 898 1057 inquit,
924 986 1174 1041 dominus
1216 1000 1393 1049 meus,
1425 985 1508 1039 cui
1551 993 1713 1039 tanta:
1735 983 1817 1037 fs-

225 1075 455 1131 cultales
480 1083 623 1139 sunt,
649 1081 705 1130 et
730 1074 821 1144 qui
851 1074 1071 1129 multam
1092 1087 1322 1143 superne
1341 1073 1565 1142 gratiam
1591 1072 1816 1140 invenit,

226 1166 443 1237 quando
466 1164 576 1235 jam
605 1165 782 1221 senuit
809 1205 827 1232 ,
855 1180 924 1220 ex
961 1160 1120 1219 Sarra
1153 1163 1318 1217 filium
1346 1163 1580 1233 suscepit
1602 1203 1618 1227 ,
1647 1164 1819 1218 hunc-

230 1271 338 1327 que
367 1256 570 1312 habens
589 1256 941 1327 unigenitum,
969 1256 1141 1326 ipsum
1166 1253 1417 1309 heredem
1433 1254 1669 1309 omnium
1692 1268 1819 1307 suo-

225 1362 346 1401 rum
377 1346 487 1415 jam
517 1346 790 1402 constituit
813 1362 829 1402 :
854 1346 1051 1416 quippe
1079 1342 1265 1400 Omnia
1294 1344 1432 1397 dedit
1458 1344 1536 1398 illi
1564 1359 1820 1414 quiscum-

226 1452 326 1505 que
346 1437 542 1493 habuit.
572 1435 701 1491 Dein
733 1447 1010 1507 postquam
1032 1436 1266 1490 narravit
1289 1433 1489 1490 domini
1512 1433 1822 1504 gloriam,et

229 1528 399 1583 lsaaci
428 1538 657 1597 partum,
681 1527 809 1583 dicit
849 1528 1065 1598 insuper
1083 1534 1139 1582 et
1166 1525 1416 1581 mandata
1444 1539 1563 1595 qua:
1597 1537 1824 1593 accepe-

227 1627 313 1673 rat
341 1616 410 1671 ab
439 1616 569 1673 hero
595 1633 715 1685 suo,
738 1628 795 1673 ut
820 1618 873 1673 in
898 1616 1135 1673 Charran
1159 1616 1608 1688 proficisceretur.
1634 1616 1725 1671 37.
1755 1613 1824 1668 Et

228 1708 488 1776 adjuraoit
514 1723 611 1773 me,
634 1708 822 1779 inquit,
854 1708 1089 1762 dominus
1107 1710 1268 1772 m'eus,
1293 1706 1462 1760 dicens
1491 1723 1511 1760 :
1535 1704 1656 1759 Non
1682 1704 1825 1758 acci-

230 1798 341 1867 pies
362 1813 570 1851 uxorem
606 1798 716 1867 ﬁlio
738 1814 848 1852 meo
876 1796 1029 1852 Isaac
1054 1798 1116 1851 de
1141 1797 1368 1851 omnibus
1388 1795 1590 1865 ﬁliabus
1620 1794 1826 1849 Chana-

230 1904 461 1943 na'orum
487 1929 501 1953 ,
531 1889 659 1942 inter
697 1905 823 1960 quos
865 1906 956 1958 ego
1010 1889 1222 1942 habito:
1260 1886 1350 1943 '58.
1393 1886 1483 1941 sed
1519 1888 1573 1941 in
1622 1886 1828 1939 domum

233 1981 398 2048 patris
442 1981 536 2033 mei
564 1979 708 2047 vade,
757 1989 805 2033 et
856 1979 925 2032 ad
950 1979 1297 2049 cognationem
1341 1993 1525 2043 meam,
1556 1976 1677 2031 inde
1698 1976 1831 2029 arci-

232 2071 344 2141 pies
365 2086 571 2126 uxorein
598 2070 706 2139 ﬁlio
729 2086 858 2125 meo.
890 2071 955 2125 Et
979 2070 1095 2139 ipse
1123 2068 1336 2140 quidem
1370 2069 1488 2123 hmo
1521 2067 1653 2123 mihi
1681 2081 1834 2121 man-

233 2161 404 2227 davit,
432 2175 533 2230 ego
560 2171 737 2216 autem
758 2161 1119 2217 difficultatem
1150 2161 1345 2231 negotii
1364 2175 1571 2217 mecum
1599 2172 1831 2229 perpen-

236 2251 397 2316 dens,
424 2250 674 2322 rogabam
716 2250 991 2306 dominum
1023 2266 1198 2305 meum
1223 2251 1243 2323 (
1268 2267 1315 2305 v.
1364 2250 1497 2320 59),
1528 2250 1573 2304 si
1601 2264 1705 2303 non
1735 2263 1834 2302 vo-

236 2344 400 2400 luerit
426 2343 617 2398 mulier
644 2343 822 2398 venire
852 2357 1081 2398 mecum.
1140 2342 1232 2396 40.
1263 2340 1333 2395 Et
1365 2342 1493 2395 dixit
1522 2340 1649 2394 mihi
1678 2356 1698 2395 :
1728 2338 1833 2394 Do-

238 2435 410 2487 minus
438 2429 576 2487 Deus
597 2433 678 2486 cui
716 2433 996 2502 complacui
1015 2448 1187 2486 coram
1216 2447 1297 2497 eo,
1339 2432 1445 2501 ipse
1485 2432 1646 2485 mittet
1681 2446 1840 2502 augea-

242 2528 352 2577 lum
381 2539 528 2577 suum
551 2531 714 2576 tecum
734 2564 750 2589 ,
773 2532 820 2575 et
850 2538 1147 2593 prosperum
1169 2521 1319 2591 faciet
1347 2521 1442 2574 iter
1466 2530 1609 2575 tuum
1629 2561 1645 2589 ,
1678 2530 1723 2574 et
1751 2536 1839 2573 ac-

238 2613 399 2684 cipies
428 2628 633 2667 uxorem
664 2613 770 2681 ﬁlio
798 2628 928 2679 meo,
959 2628 1022 2666 ex
1046 2612 1349 2681 cognatione
1378 2627 1509 2675 mea,
1528 2618 1574 2665 et
1603 2626 1665 2664 ex
1688 2609 1838 2664 domo

240 2704 405 2775 patris
436 2702 552 2757 mei.
604 2702 757 2769 Quod
801 2702 846 2755 si
873 2716 979 2756 non
1010 2702 1241 2771 potuerit
1285 2700 1591 2772 persuaderi
1622 2700 1839 2768 mulier,

243 2805 301 2849 ut
324 2803 496 2848 tecum
524 2792 628 2847 huc
643 2791 1093 2863 proﬁciscatur,“
1108 2832 1120 2845 .
1144 2788 1290 2845 Tunc
1306 2792 1545 2845 innocens
1562 2791 1660 2844 eris
1682 2806 1714 2841 a
1741 2805 1844 2842 ma-

244 2884 515 2939 ledictione
542 2899 673 2937 ntea.
698 2882 861 2952 igitur
884 2882 1133 2937 dominus
1158 2881 1371 2951 quidem
1396 2881 1511 2934 haec
1539 2879 1667 2933 mihi
1687 2893 1840 2933 man-

246 2972 425 3037 davit,
464 2982 518 3027 et
546 2971 726 3026 talium
780 2986 992 3040 precum
1019 2972 1210 3024 viatico
1257 2985 1341 3023 me
1392 2970 1706 3023 instructum
1736 2966 1843 3021 huc

248 3063 398 3117 misit
430 3077 446 3116 :
476 3077 574 3131 ego
594 3070 770 3116 autem
801 3060 966 3116 fretus
986 3060 1127 3114 illius
1151 3060 1415 3129 precibus,
1439 3058 1526 3113 ubi
1543 3057 1611 3111 ad
1641 3056 1841 3111 fontem

250 3156 394 3221 rcni,
426 3154 540 3208 hmo
579 3154 739 3209 verba
775 3152 1027 3222 loquutus
1054 3166 1207 3216 sum,
1240 3160 1294 3206 et
1321 3148 1429 3204 dixi
1463 3166 1475 3201 :
1509 3148 1596 3202 Ω.
1626 3145 1845 3200 Domine

253 3243 393 3299 Deus
438 3245 631 3299 domini
681 3243 779 3296 mei
816 3241 1121 3306 Abraham,
1167 3240 1212 3294 si
1274 3249 1328 3292 tu
1378 3252 1674 3309 prosperum
1718 3236 1845 3307 facis

252 3336 347 3389 iter
376 3349 476 3404 quo
502 3349 637 3387 nunc
661 3331 783 3387 abeo
822 3348 843 3386 :
890 3332 982 3386 45.
1014 3329 1149 3384 Ecce
1188 3345 1277 3399 ego
1303 3337 1381 3382 sto
1410 3326 1549 3399 apud
1574 3330 1765 3397 fontem
1789 3341 1847 3378 a-

254 3440 369 3493 qute
392 3441 412 3489 ;
461 3424 583 3492 ﬁliai
624 3433 793 3475 autent
823 3422 1083 3474 hominum
1111 3420 1265 3489 hujus
1292 3418 1506 3471 civitatis
1531 3415 1848 3487 egredientur

255 3514 326 3568 ad
368 3512 702 3567 hauriendam
727 3528 934 3582 aquam.
986 3509 1050 3563 Et
1076 3511 1169 3564 erit
1192 3509 1355 3579 uirgo,
1382 3507 1466 3561 cui
1491 3522 1582 3578 ego
1621 3506 1798 3560 dixero
1828 3520 1849 3559 :

257 3601 477 3675 Porrige
506 3603 629 3656 mihi
654 3618 835 3672 parum
860 3592 1005 3669 aqua:
1030 3616 1093 3654 ea;
1134 3600 1317 3670 hydria
1355 3608 1441 3653 tua
1467 3616 1487 3663 ;
1514 3598 1605 3652 44.
1637 3598 1680 3652 si
1704 3597 1850 3650 dixe-

257 3696 329 3749 rit
348 3694 496 3761 mihi,
532 3692 599 3747 Et
626 3702 679 3746 tu
704 3692 834 3758 bibe,
862 3702 907 3745 et
932 3692 1151 3745 camelos
1181 3699 1291 3743 tuos
1317 3692 1513 3761 aquabo
1554 3705 1575 3743 :
1617 3691 1730 3755 ipsa
1757 3688 1851 3741 erit

256 3802 393 3841 uxor
417 3801 568 3855 quam
594 3784 892 3853 praeparasti
916 3799 1056 3837 servo
1086 3792 1173 3835 tuo
1196 3779 1369 3835 Isaac.
1398 3780 1467 3834 Et
1493 3782 1545 3834 in
1573 3780 1669 3834 hoc
1692 3779 1853 3834 sciam

256 3875 399 3946 quod
426 3876 605 3943 feceris
631 3871 1025 3928 misericordiam
1054 3872 1258 3926 domino
1286 3886 1396 3925 meo
1422 3871 1698 3924 Abraham.
1726 3870 1852 3924 Haec

258 3982 365 4037 ego
387 3967 621 4037 quidem.
652 3966 840 4035 inquit,
866 3964 1006 4033 apud
1049 3964 1420 4032 memetipsum
1454 3963 1619 4017 Deum
1640 3962 1851 4033 rogavi;

260 4058 502 4112 nondum
540 4064 717 4111 autem
769 4056 926 4110 linem
980 4054 1210 4109 feceram
1248 4054 1333 4108 illa
1361 4053 1607 4119 dicendi,
1642 4064 1697 4108 et
1720 4068 1855 4108 con-

264 4148 445 4204 feSIim
495 4147 779 4217 adimpleta
830 4154 973 4199 sunt.
1022 4145 1111 4200 45.
1146 4142 1285 4197 Nam
1332 4144 1626 4215 priusquam
1656 4159 1751 4213 ego
1776 4142 1858 4196 di-

266 4240 414 4294 cendi
443 4240 596 4307 ﬁnent
622 4241 837 4309 facerem
865 4278 881 4303 ,
910 4254 1022 4291 ecce
1070 4237 1294 4293 Rebecca
1338 4237 1456 4290 exiit
1479 4252 1663 4304 aquam
1691 4238 1857 4306 ferens

267 4331 323 4383 in
370 4329 587 4383 humeris
632 4329 757 4382 suis.
798 4328 1035 4381 Dicebam
1088 4337 1254 4380 autent
1284 4327 1329 4379 ei
1355 4342 1374 4380 :
1406 4325 1483 4379 Da
1510 4326 1635 4378 mihi
1662 4334 1854 4393 potum.

269 4418 363 4474 46.
384 4417 444 4471 Et
468 4418 753 4472 accelerans
781 4408 1012 4487 deposuit
1034 4418 1267 4488 hydriam
1292 4433 1456 4481 suam,
1474 4428 1520 4469 et
1546 4416 1673 4469 dixit
1698 4415 1819 4467 mihi
1837 4430 1856 4468 :

270 4508 399 4564 Bibe
422 4521 467 4563 et
492 4519 546 4562 tu
568 4551 583 4575 ,
617 4520 662 4563 et
706 4509 925 4564 camelos
952 4520 1063 4563 tuos
1113 4508 1328 4578 aquabo.
1381 4508 1445 4561 Et
1474 4522 1593 4561 cum
1620 4506 1856 4562 viderem

268 4601 380 4667 jam
409 4598 707 4653 evidentem
748 4599 861 4654 fieri
896 4599 987 4653 Dei
1017 4598 1400 4669 providentiam
1420 4639 1435 4663 ,
1466 4598 1858 4669 interrogabam

272 4688 429 4758 cnjns
455 4699 593 4743 esset
624 4689 749 4743 filia.
779 4689 848 4743 Et
871 4699 928 4743 ut
952 4689 1111 4744 didici
1136 4705 1201 4744 ea
1224 4689 1287 4742 iis
1312 4704 1429 4757 qua:
1456 4687 1611 4754 dixit,
1642 4703 1726 4742 me
1754 4702 1861 4742 non

273 4779 344 4833 ad
378 4778 581 4833 alienos
609 4780 835 4845 venisse,
865 4779 960 4832 sed
992 4780 1042 4832 in
1072 4778 1287 4832 domum
1321 4777 1533 4832 Nachor
1557 4778 1735 4833 fratris
1762 4778 1862 4832 do-

278 4871 409 4924 tnini
441 4872 568 4937 mei,
594 4880 803 4939 sumpta
828 4886 923 4940 spe
947 4870 1106 4936 bona,
1138 4871 1227 4925 47.
1258 4870 1493 4940 Appendi
1521 4871 1566 4923 ei
1594 4872 1795 4924 inaures
1817 4880 1864 4924 et

277 4964 527 5028 armillas,
557 4973 737 5017 etcum
757 4962 852 5016 hoc
881 4962 1119 5031 placeret,
1154 4963 1243 5017 48.
1274 4963 1480 5015 adoravi
1510 4961 1865 5029 Dominum,et

276 5052 512 5108 benedixi
540 5052 702 5106 Deum
729 5056 920 5108 domini
965 5055 1063 5107 mei
1108 5054 1383 5119 Abraham,
1424 5055 1543 5122 quia
1573 5070 1866 5124 prosperum

279 5144 406 5197 mihi
432 5144 523 5196 iter
538 5145 654 5211 fecit
676 5145 716 5211 ‘,
745 5156 799 5196 ut
822 5162 1124 5199 assumerent
1152 5145 1313 5213 ﬁliam
1342 5146 1516 5213 fratris
1533 5146 1725 5198 domini
1748 5147 1864 5200 mei.

288 5236 481 5289 Verum
512 5234 627 5289 btet:
652 5238 721 5289 ita
746 5252 775 5289 a
808 5237 1031 5289 Domino
1070 5237 1345 5290 manifeste
1370 5237 1671 5305 diapensata
1709 5247 1863 5301 sunt;

285 5339 474 5394 preces
512 5326 710 5395 quippe
755 5325 951 5379 domini
994 5328 1096 5380 mei
1152 5337 1277 5381 tunc
1304 5328 1501 5381 exitum
1548 5327 1864 5381 habuerunt.

283 5416 547 5471 Cmterum
571 5434 666 5471 vos
695 5417 743 5471 si
773 5428 1005 5471 vestrum
1033 5418 1267 5473 officium
1300 5420 1548 5487 impletis,
1579 5420 1666 5473 i9.
1693 5418 1871 5472 Facite

285 5507 681 5561 misericordiam
703 5518 749 5561 et
776 5509 1019 5573 iustitiam
1046 5524 1156 5560 cum
1187 5510 1388 5562 domino
1420 5527 1554 5563 meo:
1575 5512 1653 5563 sin
1682 5511 1867 5576 minus,

288 5601 581 5653 unnuntiate
602 5600 748 5653 mihi.
777 5598 890 5653 Jam
915 5600 1064 5663 mihi,
1098 5601 1283 5667 inquit,
1317 5603 1629 5670 significate,
1655 5611 1709 5655 ut
1737 5604 1871 5655 seire

290 5692 481 5759 possim
511 5690 639 5761 quid
668 5701 907 5757 oporteat
939 5707 1021 5743 me
1053 5689 1242 5745 facere.
1276 5690 1423 5758 Quod
1470 5693 1513 5744 si
1554 5692 1729 5745 minus
1757 5694 1871 5754 pla-

286 5793 389 5851 θυι,
416 5793 469 5837 et
495 5782 727 5852 idipwm
749 5781 930 5847 dicite,
965 5794 1019 5835 ut
1044 5783 1150 5836 alio
1177 5783 1275 5836 iter
1304 5784 1512 5850 faciam,
1544 5795 1597 5838 et
1626 5784 1711 5837 Me
1742 5803 1835 5838 con

347 5898 364 5930 ⁸
396 5896 479 5946 llic
499 5894 818 5957 septuaginta
845 5900 991 5957 tuter;
1007 5902 1143 5944 retes
1160 5894 1355 5954 addunt,
1382 5893 1431 5944 in
1453 5894 1527 5945 tia
1550 5894 1778 5946 veritatis.

1186 507 1252 566 1N
1285 509 1436 567 CAP.
1484 505 1673 566 XXIV.
1710 505 1955 566 GENES.
1994 509 2226 570 1103111..
2269 512 2501 572 XLVIII.

3401 511 3504 569 ΝΞ

1916 634 2104 681 vertam
2131 628 2209 683 uel
2244 628 2313 682 ad
2338 628 2590 695 dextram,
2634 626 2712 683 uel
2734 626 2805 680 ad
2842 624 3119 679 sinistrum.
3152 624 3343 679 Postea
3370 640 3507 693 quo-

1917 720 2059 773 niam
2085 721 2224 775 Deus
2261 729 2376 774 erat
2405 720 2495 789 qui
2527 719 2706 774 omnia
2737 726 2954 788 propter
2979 732 3164 788 preces
3181 715 3509 786 patriarcha:

1916 808 2268 875 secundabat,
2298 808 2481 864 dicunt
2514 808 2563 863 ei
2593 817 2743 877 pater
2770 817 2827 863 et
2862 806 3028 862 frater
3048 806 3271 876 virginis
3300 822 3314 857 :
3348 804 3439 860 50.
3467 806 3508 856 Α

1919 901 2139 957 Domino
2181 902 2300 957 exiit
2341 902 2540 956 uerbum
2578 900 2673 955 hoc
2701 914 2723 955 :
2748 916 2850 954 non
2894 899 3170 969 poterimus
3198 896 3287 950 tibi
3312 904 3516 950 contra-

1920 992 2086 1045 dicere
2111 992 2189 1046 sel
2214 992 2403 1045 malum
2444 991 2521 1045 vel
2559 990 2766 1043 bonum.
2794 989 2876 1043 Ex
2918 987 3223 1042 narratione
3270 995 3357 1039 tua
3384 984 3517 1038 satis

1922 1079 2290 1150 intelligimus,
2324 1088 2491 1135 totum
2514 1079 2615 1134 hoc
2640 1078 2816 1133 divina
2845 1076 3245 1147 dispensatione
3272 1074 3407 1129 ﬁeri.
3442 1073 3522 1128 Nc

1923 1173 2083 1243 igitur
2112 1180 2265 1240 putes
2306 1185 2405 1225 nos
2442 1170 2580 1224 velle
2604 1168 2876 1223 adversari
2906 1167 2972 1221 iis
2997 1180 3119 1236 qua)
3149 1166 3260 1219 Deo
3284 1162 3523 1233 probano

1925 1271 2011 1317 tur
2040 1280 2053 1315 :
2079 1261 2207 1317 illud
2232 1262 2374 1316 enim
2402 1260 2701 1316 facerenon
2730 1272 3033 1328 possumus.
3056 1255 3195 1310 Ecce
3223 1253 3387 1308 habes
3413 1254 3525 1307 vir-

1923 1354 2100 1424 ginem
2126 1370 2140 1419 ;
2171 1353 2261 1407 51.
2288 1352 2436 1407 Tolle
2472 1368 2603 1415 eam,
2626 1359 2673 1405 et
2694 1349 3039 1422 proﬁciscere,
3066 1360 3113 1403 et
3135 1348 3229 1402 erit
3257 1363 3389 1402 uxor
3413 1347 3524 1415 ﬁlio

1926 1443 2120 1498 domini
2145 1443 2237 1508 tui,
2265 1443 2395 1498 sicut
2420 1443 2653 1513 loquutus
2672 1449 2746 1496 est
2780 1439 3047 1494 Dominus.
3218 1498 3219 1503 η

1999 1535 2051 1590 6.
2074 1533 2361 1589 Historiam
2377 1532 2616 1587 Rebecca
2641 1548 2800 1602 usque
2826 1530 2895 1584 ad
2915 1531 3074 1602 ipsius
3095 1534 3377 1600 profectum
3406 1541 3527 1595 pro-

1927 1627 2191 1696 sequitur;
2242 1625 2533 1679 narratione
2570 1625 2858 1692 exprimens
2903 1620 3149 1691 quidquid
3206 1621 3309 1675 sioe
3349 1619 3520 1689 aediﬁ-

1929 1716 2105 1770 candis
2144 1717 2247 1769 sive
2275 1714 2564 1769 erudiendis
2586 1713 2903 1767 auditoribus
2926 1712 3166 1767 inseruire
3193 1719 3374 1779 potest.
3415 1707 3524 1763 Sub

1933 1810 2086 1877 ﬁnem
2115 1806 2377 1871 humilior,
2426 1806 2495 1858 ad
2540 1803 2778 1859 Isaacum
2814 1813 2861 1857 et
2910 1801 3187 1857 Rebeccam
3214 1799 3530 1855 catulandos

1933 1902 2163 1955 hortatur
2190 1939 2205 1965 ,
2256 1898 2418 1952 malos
2478 1898 2558 1952 sui
2584 1896 2847 1967 temporis
2909 1894 3206 1966 nuptiarum
3254 1893 3384 1946 ritus
3438 1907 3530 1945 ar-

1932 2008 2110 2064 guens.
2161 2020 2234 2030 —
2285 1989 2504 2045 Vidistis
2572 1987 2843 2058 quomodo
2889 1985 3177 2042 studebant
3233 1984 3359 2038 olim
3411 1983 3534 2036 illits

1936 2083 2049 2138 suis
2078 2095 2272 2137 uxores
2297 2078 2539 2135 ducere?
2572 2076 2843 2149 quomodo
2870 2076 3040 2145 magis
3076 2074 3269 2129 anima:
3309 2087 3535 2144 genero-

1936 2176 2169 2239 sitatem,
2200 2187 2358 2241 quam
2380 2185 2540 2241 opum
2562 2167 2941 2223 abundantiam
2973 2162 3361 2235 inquirebant?
3390 2160 3535 2219 Nus-

1937 2280 2094 2335 quam
2125 2264 2473 2317 instrumenta
2496 2302 2511 2327 ,
2561 2273 2823 2328 nusquam
2864 2264 3015 2326 pacta
3038 2295 3055 2321 ,
3091 2262 3146 2310 et
3183 2254 3286 2309 alia
3313 2251 3535 2308 ridicula

1938 2371 2057 2425 quae
2087 2368 2226 2412 nunc
2252 2351 2392 2421 apud
2423 2365 2521 2405 nos
2547 2348 2701 2414 fiunt,
2733 2356 2789 2404 et
2814 2346 3153 2403 conditiones
3181 2345 3287 2400 illa:
3309 2360 3428 2414 qua:
3457 2352 3539 2397 ta-

1940 2446 2080 2501 bulis
2111 2446 2420 2500 inseruntur
2451 2458 2465 2494 :
2518 2441 2575 2497 Si
2602 2441 2804 2511 absque
2854 2439 3042 2494 liberis
3067 2480 3083 2506 ,
3114 2438 3310 2508 inquit,
3341 2435 3540 2491 moria-

1943 2548 2047 2600 tur,
2076 2535 2123 2591 si
2154 2535 2254 2590 hoc
2280 2544 2335 2589 et
2382 2533 2483 2587 hoc
2506 2532 2781 2601 contingat
2811 2546 2826 2585 :
2863 2544 3048 2584 verum
3087 2526 3227 2598 apud
3258 2526 3377 2581 illos
3406 2524 3539 2581 nihil

1943 2628 2067 2692 tale,
2119 2626 2213 2681 sed
2244 2624 2488 2679 maxima:
2508 2632 2561 2676 et
2597 2621 2950 2677 securissimte
2979 2618 3171 2673 tabula:
3200 2626 3352 2672 erant
3381 2615 3540 2685 virgi-

1944 2719 2027 2772 nis
2071 2729 2295 2771 mores:
2338 2728 2599 2781 nusquam
2646 2705 2891 2781 cymbala
2932 2718 2987 2763 et
3034 2708 3270 2762 chorete.
3324 2705 3392 2759 Et
3438 2704 3541 2760 hoc

1944 2809 2102 2870 scies,
2118 2804 2331 2876 quando
2360 2804 2426 2858 ad
2455 2816 2709 2872 sponsum
2735 2800 2995 2870 virginem
3024 2798 3223 2854 videris
3249 2795 3540 2851 introduci.

1946 2898 2035 2954 52.
2071 2895 2137 2951 Ut
2167 2897 2299 2949 enim
2326 2894 2519 2948 audit-it
2540 2908 2733 2959 servus,
2765 2892 2956 2961 inquit,
2990 2890 3100 2944 hac
3127 2906 3160 2944 α
3193 2898 3339 2958 patre
3366 2896 3413 2942 et
3429 2890 3543 2959 [ra-

1948 2998 2039 3056 tre,
2068 2988 2297 3043 adoravit
2330 2986 2490 3041 Deum
2516 3000 2668 3054 super
2685 2982 3035 3038 terram.\’ide
3058 2980 3328 3053 quomodo
3352 2977 3404 3035 in
3436 2981 3544 3035 sin-

1945 3079 2085 3150 gulis
2108 3094 2229 3147 qum
2254 3077 2471 3142 fiebant,
2500 3076 2870 3130 universorum
2894 3074 3125 3127 Domino
3146 3073 3342 3142 gratias
3366 3070 3544 3125 olfert.

1949 3171 2068 3237 lpse
2092 3169 2235 3223 enim
2265 3175 2382 3222 erat
2407 3166 2499 3235 qni
2547 3173 2705 3219 antea
2752 3162 3088 3234 prxparabat
3117 3161 3295 3216 omnia
3328 3202 3343 3226 ,
3375 3170 3430 3217 et
3455 3175 3546 3217 sc-

1950 3259 2181 3315 cundum
2200 3254 2518 3327 patriarcha:
2538 3254 2761 3308 verbum
2791 3252 3146 3321 prmtnittebat
3161 3250 3407 3320 angelum
3422 3258 3546 3306 ante

1952 3352 2099 3407 illum
2128 3390 2144 3415 ,
2183 3349 2276 3420 qui
2321 3347 2500 3403 omnia
2543 3345 2769 3401 feliciter
2810 3344 3111 3399 ordinabat.
3154 3344 3395 3414 Denique
3425 3342 3547 3415 quia

1954 3440 2152 3497 certior
2177 3439 2346 3493 factus
2374 3437 2441 3492 de
2467 3437 2683 3507 negotio
2708 3434 2934 3490 feliciter
2953 3434 3214 3506 perfecto,
3237 3435 3327 3489 53.
3368 3432 3548 3488 Prolo

1952 3541 2025 3599 ta,
2055 3530 2245 3600 inquit,
2273 3544 2395 3584 uasa
2430 3544 2606 3594 aurea,
2637 3537 2683 3581 et
2709 3536 2967 3597 argentea,
2994 3536 3041 3579 et
3066 3534 3248 3580 uestem
3278 3524 3417 3578 dedit
3449 3524 3550 3579 Re-

1954 3624 2132 3677 beccte.
2164 3621 2317 3677 Nunc
2355 3636 2476 3676 cum
2529 3618 2723 3674 flducia
2770 3634 2889 3675 eam
2934 3618 3034 3673 sibi
3058 3617 3310 3671 conciliat
3337 3615 3550 3682 officiis,

1955 3713 2108 3783 quasi
2138 3712 2248 3781 jam
2280 3711 2457 3766 verbis
2481 3711 2859 3780 desponsatam
2906 3708 3069 3764 Isaac.
3103 3707 3341 3763 Honorat
3368 3716 3551 3762 autem

1957 3802 2115 3859 donis
2144 3811 2198 3859 et
2228 3802 2445 3858 fratrem
2470 3841 2487 3866 ,
2514 3810 2571 3855 et
2614 3811 2863 3866 matrem,
2891 3810 2946 3854 ct
2974 3816 3095 3855 cum
3122 3797 3254 3852 vidit
3278 3797 3551 3868 negotium

1959 3906 2013 3950 et
2043 3894 2351 3948 mandatum
2375 3893 2676 3962 impletum,
2710 3900 2836 3947 tunc
2856 3890 3069 3945 tandem
3097 3888 3241 3945 refici
3277 3903 3337 3944 se
3365 3901 3554 3958 passus

1959 3998 2063 4043 est.
2090 3987 2178 4041 δι.
2210 3984 2549 4040 Comederunt
2572 3983 2712 4038 enim
2742 4024 2756 4048 ,
2795 3982 3004 4051 inquit,
3036 3992 3082 4035 et
3109 3981 3334 4034 biberunt
3374 3980 3481 4050 ipse
3505 3987 3556 4035 el

1960 4078 2053 4132 uiri
2080 4078 2306 4147 quicum
2345 4091 2403 4129 eo
2448 4082 2625 4138 erant,
2674 4083 2721 4127 et
2767 4073 3127 4126 dormirerunt.
3161 4070 3383 4139 Cumque
3410 4082 3558 4123 matis

1961 4165 2414 4231 surrexisset,dixit
2444 4181 2460 4217 :
2484 4163 2736 4217 Dimittite
2764 4178 2865 4225 me,
2892 4172 2947 4215 ut
2970 4160 3153 4221 vadunt
3183 4159 3251 4213 ad
3294 4158 3557 4212 dominunt

1963 4274 2151 4312 meum.
2179 4255 2442 4322 Quoniam
2473 4253 2653 4308 omnia
2703 4252 2833 4306 mihi
2881 4261 2986 4304 tam
3030 4249 3255 4304 feliciter
3281 4262 3559 4303 successe-

1962 4357 2108 4414 runt,
2141 4346 2330 4416 inquit,
2353 4353 2407 4399 et
2434 4343 2565 4398 nihil
2591 4354 2674 4398 est
2705 4341 2849 4413 quod
2870 4349 3054 4404 restet,
3085 4339 3181 4395 sed
3205 4339 3270 4394 ad
3306 4338 3558 4409 placitum

1962 4446 2197 4492 vestrum
2221 4450 2310 4490 res
2338 4432 2786 4504 agitur,Dimittite
2810 4449 2908 4497 me,
2930 4442 2985 4485 ut
3011 4431 3187 4486 abeam
3210 4431 3279 4483 ad
3301 4430 3556 4483 dominum

1964 4545 2153 4582 meum.
2182 4526 2270 4582 55.
2310 4524 2556 4579 Dixerunt
2582 4534 2771 4590 autem,
2801 4522 3013 4594 inquit,
3046 4526 3230 4593 fratres
3259 4530 3307 4575 et
3356 4530 3519 4575 mater
3549 4537 3566 4575 :

1966 4618 2176 4672 Maneat
2202 4615 2457 4670 nobiscum
2482 4615 2621 4683 virgo
2653 4614 2825 4666 diebus
2845 4615 2991 4683 quasi
3018 4612 3209 4677 decem,
3240 4620 3289 4665 et
3314 4619 3428 4680 post
3453 4610 3571 4664 hac

1966 4711 2186 4765 ebibitis.
2213 4708 2304 4764 56.
2326 4706 2429 4762 Ille
2448 4717 2614 4761 autem
2636 4707 2762 4760 dixit
2788 4707 2855 4758 ad
2877 4721 2960 4759 eos
2988 4720 3007 4758 :
3040 4703 3122 4760 Ne
3148 4721 3227 4758 me
3255 4701 3520 4757 detineatis
3546 4720 3562 4768 ;

1967 4804 2151 4857 etenim
2202 4800 2449 4854 Dominus
2478 4813 2778 4868 prosperum
2807 4796 2924 4865 fecit
2971 4796 3066 4849 iter
3094 4810 3261 4848 meum
3286 4810 3305 4848 :
3331 4793 3564 4848 dimittit?

1969 4908 2047 4945 me
2063 4900 2117 4944 ut
2138 4890 2314 4943 abeam
2343 4888 2412 4941 ad
2437 4887 2700 4941 dominum
2725 4902 2912 4940 meum.
2940 4884 3137 4952 Quare,
3166 4884 3357 4954 inquit,
3384 4882 3568 4939 differ-

1972 4984 2039 5038 tis
2057 4992 2109 5038 et
2136 4980 2558 5052 procrastinatis,
2582 4993 2703 5032 cum
2726 4977 2866 5032 Deus
2883 4986 3081 5031 tantam
3102 4974 3407 5031 facilitatem
3434 4970 3566 5029 mihi

1970 5076 2024 5129 in
2055 5073 2302 5128 omnibus
2324 5070 2567 5125 dederit?
2598 5067 2850 5121 Dimittite
2868 5084 2951 5121 me
2974 5109 2988 5132 ,
3018 5076 3070 5118 ut
3100 5069 3275 5121 abeam
3304 5067 3373 5119 ad
3396 5065 3553 5121 domi.

1972 5183 2094 5219 num
2128 5180 2316 5217 meum.
2344 5163 2434 5217 57.
2480 5160 2571 5215 Illi
2611 5169 2779 5213 autem
2821 5158 3102 5212 dixerunt:
3146 5156 3392 5211 Vocemus
3422 5156 3561 5227 puel-

1974 5258 2099 5319 lam,
2129 5266 2175 5309 et
2201 5258 2568 5324 interrogemus
2593 5253 2748 5306 eam‘.
2782 5251 2875 5307 58.
2908 5248 2977 5303 Et
2999 5259 3297 5303 vocaverunt
3323 5266 3455 5314 eam,
3484 5249 3566 5301 di-

1973 5359 2256 5412 xeruntque
2284 5348 2327 5401 ei
2352 5364 2370 5400 :
2401 5344 2506 5398 Ibis
2535 5362 2649 5397 cum
2676 5344 2921 5397 homine?
2948 5342 3053 5395 Illa
3079 5352 3247 5395 autem
3276 5344 3424 5407 dixit,
3450 5340 3563 5396 Ibo.

1978 5442 2065 5496 59.
2094 5440 2157 5495 Et
2189 5441 2487 5493 dimiserunt
2510 5439 2786 5491 Rebeccam
2823 5452 3046 5490 sororem
3070 5451 3235 5499 suam,
3266 5444 3311 5487 et
3334 5436 3565 5487 substan-

1980 5534 2076 5585 tias
2105 5534 2232 5598 cjns,
2255 5541 2299 5582 et
2329 5546 2523 5582 servum
2552 5528 2837 5589 Abraham,
2864 5537 2911 5580 et
2941 5542 3043 5589 eos,
3072 5527 3155 5593 qui
3178 5540 3293 5576 cum
3322 5542 3378 5576 eo
3400 5534 3563 5577 erant.

1979 5622 2067 5675 6i).
2092 5620 2157 5673 Et
2187 5620 2543 5672 benedixerunt
2587 5616 2861 5669 Rebeccam
2887 5657 2901 5680 ,
2930 5626 2974 5669 et
3004 5616 3242 5667 dixerunt
3281 5614 3323 5665 ei
3360 5628 3379 5665 :
3402 5614 3568 5665 Soror

1983 5727 2155 5765 nostra
2203 5729 2276 5775 es,
2310 5712 2403 5778 ﬁas
2446 5712 2497 5761 in
2536 5707 2699 5759 millia
2742 5708 2909 5760 decem
2946 5706 3183 5764 millium,
3217 5714 3263 5755 et
3282 5703 3569 5755 lterchtate

1984 5802 2234 5871 possideat
2275 5818 2439 5855 semen
2472 5812 2611 5853 tuum
2636 5800 2859 5851 civitates
2888 5797 3227 5848 inimicorum.
3272 5791 3405 5844 Vide
3436 5801 3574 5857 quo-

2055 5894 2069 5924 ¹
2106 5892 2423 5956 Septuaginta
2444 5893 2511 5940 sic
2533 5889 2732 5946 habent,
2758 5886 3101 5948 interrogemus
3125 5894 3176 5931 os
3207 5882 3336 5937 ejus.
