4144 6472
1320 427 1373 482 S.
1415 416 1686 478 JOAN'NIS
1719 402 2181 470 CiliiYSOSTOMi
2227 396 2531 455 AiiCiilEP.
2573 399 3096 457 CONSTANTINOP.
3808 408 3904 465 ιη

2326 516 2484 585 igitur
2504 518 2630 587 quid
2653 530 2705 574 et
2732 519 2888 576 hodie
2917 535 3013 575 nos
3033 518 3224 577 docere
3251 523 3396 578 velit.
3420 521 3598 595 Neque
3617 526 3758 580 cnim
3788 545 3912 582 sine

2322 620 2501 675 causa,
2534 624 2703 680 neque
2747 611 2796 664 in
2825 626 3016 666 vanum
3049 612 3180 667 vitas
3219 623 3522 668 sanctorum
3558 617 3709 670 nobis
3739 634 3912 686 expo-

650 440 753 499 ιιδ

660 557 818 612 modo
847 564 899 608 et
930 551 1001 607 illi
1026 551 1328 619 ignorantes
1356 536 1542 609 virgini
1567 549 1684 605 qua:
1723 532 2045 619 futurarsunt
2079 537 2216 592 pra:-

655 650 972 719 signiﬁeant,
1004 617 1112 695 Deo
1155 642 1383 690 mentem
1427 643 1612 684 eorum
1645 622 1712 679 ad
1754 622 1854 677 hoc
1881 617 2138 686 dirigente
2166 619 2218 719 et

657 701 923 792 incitante.
956 701 1189 798 Utraque
1220 723 1359 779 enim
1389 720 1436 776 ei
1473 717 1724 788 prtedicta
1750 718 1906 775 sunt,
1939 717 2046 761 tum
2077 701 2216 798 quod

653 834 703 885 in
727 827 884 883 millia
902 795 1194 894 myriadum
1225 818 1396 870 futura
1417 820 1577 874 esset,
1600 817 1706 862 tum
1728 802 1867 894 quod
1895 812 2076 894 semen
2104 795 2218 864 ejus

651 889 1346 982 hereditale'possessurum
1389 910 1530 959 esset
1565 899 1804 954 civitates
1855 889 2212 982 inimicorum.

655 1007 838 1062 Vidisti
874 1021 966 1074 per
993 1002 1167 1057 omnia
1199 998 1496 1052 evidentem
1527 991 1616 1046 Dei
1655 985 2036 1059 providentiam
2080 981 2222 1034 reluo

650 1116 799 1165 cere,
827 1095 1093 1168 quomodo
1126 1109 1218 1162 per
1263 1088 1501 1144 inﬁdeles
1533 1086 1702 1138 futura
1741 1087 1805 1134 ut
1842 1075 2213 1148 prtedicantnr,

648 1191 919 1256 dispensat
944 1185 1178 1239 omnium
1209 1176 1495 1233 Dominus?
1521 1175 1605 1229 6i.
1626 1171 1750 1226 Cum
1774 1167 2096 1222 surrexissent
2118 1179 2216 1216 au-

650 1255 749 1334 tem
780 1278 1001 1333 Rebecca
1013 1283 1056 1328 et
1077 1273 1280 1327 ancilla
1304 1271 1431 1339 ejus,
1456 1266 1784 1320 ascenderunt
1805 1276 1955 1329 super
1980 1255 2211 1311 camelos.

651 1376 840 1430 Vidisti
883 1373 1090 1444 qualem
1128 1383 1372 1438 sponsam
1411 1365 1571 1418 ducat
1615 1355 1958 1429 patriarcha?
2004 1355 2217 1420 Aquan-

650 1477 778 1531 tem,
811 1474 866 1520 et
894 1462 1134 1536 hydriam
1175 1473 1334 1529 super
1379 1456 1628 1509 humeros
1657 1452 1916 1504 ferentem
1943 1485 1956 1509 ,
1988 1451 2041 1497 et
2082 1454 2220 1536 nunc

651 1561 841 1613 iterum
869 1532 1242 1610 ascendentem
1278 1564 1438 1618 super
1469 1543 1722 1599 camelos.
1764 1541 2032 1607 Nusquam
2066 1532 2220 1587 mulzc

649 1657 868 1720 argento
890 1644 1206 1716 fulgentibus
1230 1638 1544 1700 cervicibus,
1574 1647 1742 1702 neque
1769 1629 2079 1720 famulorum
2104 1635 2220 1720 tur-

648 1715 737 1802 ba,
760 1751 929 1805 neque
956 1715 1140 1802 magna
1172 1730 1439 1791 mollities,
1469 1740 1584 1794 qua:
1607 1736 1747 1775 nunc
1775 1716 2015 1772 adhiberi
2042 1715 2175 1768 sol.:t
2202 1728 2216 1764 :

649 1829 740 1883 sed
761 1835 960 1882 tantum
990 1833 1107 1879 erat
1142 1823 1431 1892 priscarum
1474 1817 1754 1870 mulierum
1780 1811 1968 1872 robur,
2005 1816 2062 1859 nt
2087 1817 2136 1860 et
2169 1807 2218 1857 in

650 1917 882 1973 camelos
911 1915 1038 1984 ipsae
1088 1911 1459 1973 ascenderent,
1508 1914 1560 1960 et
1587 1905 1663 1959 sic
1706 1905 1804 1957 iter
1853 1901 2107 1954 lacerent.
2157 1895 2221 1947 Et

653 2011 892 2080 profecta
917 2016 1065 2072 sunt,
1095 2004 1292 2073 inquit,
1323 2018 1436 2055 cum
1487 1999 1703 2052 homine.
1735 1995 1824 2050 63.
1857 1993 2005 2046 Isaac
2051 2001 2216 2043 autem

649 2113 877 2169 egressus
905 2106 1016 2151 erat
1037 2137 1052 2160 ,
1084 2104 1138 2147 ut
1163 2110 1215 2146 se
1234 2099 1479 2145 exerceret
1498 2090 1549 2141 in
1580 2105 1704 2157 agro
1732 2086 1798 2138 ad
1826 2081 2170 2154 crepusculum
2200 2094 2218 2130 :

651 2201 699 2244 et
723 2192 788 2243 ibi
817 2187 1016 2242 elevatis
1043 2185 1197 2238 oculis
1228 2225 1241 2248 ,
1277 2183 1398 2235 vidit
1443 2178 1658 2233 camelos
1704 2178 1969 2230 venientes.
2011 2172 2138 2225 Dum
2167 2171 2216 2223 in

650 2293 842 2348 campo
860 2285 1199 2340 versaretur,
1238 2274 1434 2342 inquit,
1467 2273 1639 2335 lsaac,
1683 2269 1812 2321 vidit
1852 2265 2102 2320 camelos.
2129 2263 2217 2316 δι.

652 2368 875 2423 Rebecca
903 2377 1070 2421 autem
1103 2407 1118 2432 ,
1160 2375 1212 2419 ut
1241 2366 1363 2418 vidit
1387 2363 1534 2417 Isaac
1556 2404 1570 2427 ,
1615 2362 1798 2414 desiliit
1827 2376 1857 2411 a
1887 2358 2096 2420 camelo,
2130 2356 2217 2409 (55.

649 2473 693 2515 et
719 2461 846 2514 dixit
888 2477 1030 2514 servo
1081 2475 1101 2512 :
1149 2459 1272 2524 Quis
1300 2467 1372 2510 est
1401 2457 1548 2510 homo
1573 2453 1660 2506 ille
1683 2454 1772 2521 qui
1799 2451 1934 2505 vadit
1965 2451 2015 2502 in
2042 2465 2218 2517 campo

651 2552 790 2605 nobis
821 2549 1051 2605 obviam?
1079 2548 1210 2603 Vide
1235 2546 1425 2616 puellae
1450 2545 1857 2615 generositatem
1884 2559 1898 2606 ;
1943 2553 2218 2608 postquam

651 2641 780 2696 vidit
813 2641 979 2703 lsaac,
1011 2638 1280 2707 quaarebat
1319 2637 1435 2704 quis
1479 2643 1639 2689 esset.
1670 2635 1734 2686 Et
1764 2633 1846 2686 ubi
1877 2631 2057 2684 didicit
2082 2628 2220 2698 quod

652 2734 764 2802 ipse
791 2742 934 2787 esset
984 2745 1232 2799 sponsus,
1264 2728 1454 2782 velavit
1483 2741 1541 2779 se
1576 2725 1821 2778 theristro
1850 2739 1864 2785 ;
1907 2731 1960 2774 et
2006 2723 2222 2773 veniens

652 2837 836 2876 servus
864 2820 1038 2875 omnia
1063 2820 1205 2873 clare
1233 2817 1493 2870 nuntiavit
1525 2813 1668 2868 Isaac
1699 2812 1718 2883 (
1748 2829 1794 2865 v.
1826 2811 1938 2874 66).
1969 2811 2065 2862 llic
2091 2823 2219 2860 con-

651 2914 847 2980 sidera,
877 2927 990 2973 oro,
1020 2909 1283 2978 quomodo
1311 2923 1564 2975 llUS]ll.‘lm
1591 2905 1854 2973 superﬂua
1883 2903 1967 2956 illa
1992 2912 2043 2956 et
2065 2900 2222 2955 inuti-

653 3006 742 3069 lia,
786 3018 1045 3071 nusquam
1075 2994 1327 3056 diahitlica
1361 3014 1570 3068 pompa,
1604 3009 1858 3064 nusquam
1887 2992 2146 3064 cymbala,
2168 2999 2222 3045 et

654 3095 814 3158 tiliize,
843 3103 895 3148 et
921 3092 1151 3155 choreae,
1173 3101 1224 3145 et
1272 3089 1501 3144 satanica
1548 3089 1631 3142 illa
1658 3085 1922 3147 convivia,
1954 3095 2008 3138 et
2048 3098 2222 3136 scom-

657 3193 797 3239 mata
826 3184 968 3238 onmi
1002 3180 1559 3260 obscmnitate'plcna;
1594 3178 1685 3232 sed
1728 3177 1900 3231 omnis
1929 3175 2179 3228 honestas
2204 3213 2221 3238 ,

655 3276 829 3330 munis
858 3275 1136 3343 Sapientia,
1163 3257 1334 3334 omiis
1350 3257 1635 3330 inodcstia.
1666 3270 1752 3322 67.
1802 3267 2017 3320 Intravit
2061 3274 2223 3317 autem

656 3366 826 3429 lsaac,
857 3366 1040 3434 inquit,
1068 3365 1119 3416 in
1150 3364 1353 3422 domum
1395 3361 1566 3414 matris
1592 3375 1723 3422 sum,
1753 3369 1799 3412 et
1823 3358 2009 3424 accepit
2039 3355 2224 3409 Rebec-

654 3473 765 3510 cam
792 3497 809 3522 ,
860 3464 906 3509 et
955 3454 1051 3525 fuit
1081 3454 1127 3507 ei
1161 3469 1288 3507 uxor
1309 3493 1323 3516 ,
1354 3461 1402 3505 et
1442 3451 1615 3504 dilexit
1660 3466 1768 3502 eam
1793 3491 1807 3513 ,
1839 3458 1885 3502 et
1923 3445 2225 3500 consolatio-

662 3562 774 3599 nem
824 3546 1013 3613 accepit
1071 3544 1222 3596 Isaac
1283 3558 1432 3612 super
1480 3541 1640 3596 Sarra
1699 3548 1854 3592 matre
1902 3554 2016 3591 sua.
2078 3528 2224 3589 linito

658 3634 928 3695 imitentur
995 3632 1284 3698 mulieres,
1349 3629 1490 3685 hunc
1551 3629 1865 3682 aemulentur
1930 3627 2026 3680 viri
2076 3641 2090 3678 :
2146 3625 2223 3678 sic

657 3738 880 3793 sponsas
913 3722 1104 3776 ducere
1132 3725 1335 3777 curent.
1367 3720 1540 3788 Quare
1569 3721 1731 3782 enim,
1765 3718 2006 3782 dic,oro,
2046 3715 2222 3769 statim

657 3812 724 3866 ab
751 3813 900 3866 initio
929 3811 1172 3865 sordibus
1201 3809 1406 3878 iutpieri
1433 3809 1560 3862 sinis
1589 3809 1774 3877 pueilzt‘.
1803 3821 1955 3860 aures
1977 3814 2080 3858 tam
2115 3813 2225 3856 lur-

659 3902 815 3972 pibus
844 3902 1144 3965 cantilenis,
1177 3910 1281 3955 tam
1333 3898 1716 3964 imtempcstiva
1748 3897 1830 3950 illa
1863 3894 2086 3964 pompa?
2126 3891 2224 3946 Nec

658 3995 766 4047 seis
789 3992 1054 4063 quomodo
1082 3991 1431 4045 adolescentia
1459 4005 1551 4056 per
1581 4003 1637 4042 se
1674 3988 1741 4041 sit
1777 3987 1828 4040 in
1874 3985 2066 4039 malum
2096 3997 2224 4053 pro-

660 4084 866 4154 pensa?
891 4098 986 4138 cur
1013 4082 1233 4136 honesta
1263 4083 1562 4151 nuptiarum
1609 4079 1856 4150 mysteria
1885 4077 2092 4145 publice
2130 4073 2226 4128 de-

662 4175 956 4229 honestas?
984 4188 1104 4228 cum
1133 4183 1402 4241 oporteret
1451 4173 1567 4227 hzec
1608 4171 1786 4224 omnia
1836 4168 2105 4238 depellere
2127 4207 2142 4230 ,
2174 4176 2230 4221 et

662 4263 1032 4319 verecundiam
1061 4263 1320 4332 principio
1347 4263 1540 4319 docere
1569 4261 1816 4330 puellam,
1846 4269 1899 4314 et
1921 4258 2230 4315 sacerdotes

663 4368 871 4422 vocare,
915 4364 970 4409 et
1013 4354 1257 4422 precibus
1297 4365 1352 4408 et
1395 4351 1848 4408 benedictionibus
1890 4348 2228 4406 concordiam

661 4443 889 4513 cunjugii
917 4443 1282 4512 constringere
1316 4459 1328 4494 :
1361 4449 1420 4495 ut
1463 4455 1612 4495 amor
1646 4440 1826 4510 sponsi
1852 4448 2106 4509 augeatur
2130 4477 2144 4502 ,
2177 4445 2230 4491 et

666 4536 854 4606 puellae
899 4535 1221 4590 continentia
1255 4542 1478 4598 crescat,
1525 4541 1577 4587 et
1602 4532 1776 4587 omnia
1823 4547 1941 4601 quae
1984 4529 2116 4584 ﬁunt
2165 4542 2230 4582 co

663 4634 905 4694 spectent
926 4633 982 4679 ut
1007 4626 1214 4678 virtutis
1241 4637 1402 4692 opera
1428 4623 1786 4691 ingrediantur
1822 4621 1874 4674 in
1919 4620 2136 4675 domum
2165 4619 2230 4673 il-

666 4715 799 4782 lam,
826 4715 1176 4783 tollanturqne
1203 4728 1234 4768 e
1262 4712 1439 4767 medio
1463 4727 1648 4767 omnes
1674 4711 1867 4766 diaboli
1903 4710 2106 4765 insidiae
2130 4750 2143 4772 ,
2179 4717 2233 4763 et

666 4806 766 4877 ipsi
797 4805 889 4860 Dei
916 4805 1110 4859 auxilio
1141 4805 1270 4858 uniti
1307 4803 1540 4872 jucunde
1578 4805 1739 4857 vitam
1785 4802 2060 4872 perﬁciant
2089 4821 2102 4855 :
2128 4818 2232 4871 quo

669 4895 822 4952 nobis
851 4896 1096 4952 omnibus
1124 4895 1222 4949 l’rui
1254 4894 1406 4949 detur
1426 4936 1441 4961 ,
1472 4895 1637 4963 gratia
1665 4902 1720 4949 et
1767 4893 2086 4963 benignitate
2125 4893 2231 4947 Do-

668 4988 796 5043 mini
837 4988 1004 5041 nostri
1034 4987 1161 5042 Jesu
1204 4985 1431 5052 Christi,
1460 4986 1542 5040 cui
1569 5001 1689 5040 cum
1721 4984 1875 5038 Patre
1939 4993 1992 5038 et
2035 4983 2232 5052 Spiritu

667 5085 850 5131 sancto
878 5077 946 5131 sit
985 5075 1169 5145 gloria,
1202 5084 1432 5144 potestas
1458 5084 1511 5129 et
1545 5075 1733 5140 honor,
1760 5089 1902 5128 nunc
1920 5082 1973 5128 et
1999 5089 2229 5143 semper,

669 5177 722 5222 et
750 5170 801 5223 in
823 5168 1018 5223 saecula
1042 5168 1378 5221 saeculorum.
1414 5168 1601 5220 Amen.

1193 5255 1468 5311 llOMlLlA
1522 5255 1708 5310 XLIX.

778 5349 874 5404 Ila:
897 5358 1060 5403 autent
1087 5357 1202 5403 sunt
1227 5349 1583 5418 generationes,
1608 5346 1797 5418 inquit,
1825 5345 1976 5398 Isaac
1998 5345 2093 5413 ﬁlii

1111 5415 1364 5472 Abraham
1390 5415 1538 5486 (Gen.
1561 5417 1652 5470 25.
1682 5417 1788 5486 19).

745 5513 797 5565 1.
836 5510 1027 5565 Iterum
1054 5525 1148 5562 vos
1176 5508 1238 5562 ad
1270 5517 1576 5563 consuetam
1606 5522 1839 5561 mensam
1862 5508 2054 5561 ducere
2091 5505 2231 5570 volo,

675 5614 729 5656 et
758 5619 820 5656 ex
843 5603 1014 5655 verbis
1044 5601 1202 5654 Musis
1228 5599 1522 5653 convivium
1553 5614 1869 5670 pr0ponere,
1900 5600 2004 5653 imo
2028 5615 2092 5653 cx
2119 5615 2236 5653 vcr-

675 5695 752 5747 bis
777 5694 944 5745 salicti
968 5693 1209 5760 Spiritus.
1243 5691 1419 5760 Neque
1466 5693 1606 5747 enim
1648 5707 1676 5745 a
1703 5692 1876 5758 scipso
1920 5691 2091 5745 Moses
2122 5690 2234 5744 lucc

675 5786 832 5842 nobis
847 5784 1104 5855 exposuit,
1131 5782 1221 5840 sed
1252 5783 1450 5853 Spiritu
1478 5794 1657 5840 sancto
1694 5784 1916 5839 aillatus.
1951 5783 2232 5838 Videamus

2322 697 2435 751 nit:
2469 699 2561 753 sed
2605 710 2661 754 ut
2689 701 2954 756 imitemur
2982 717 3166 757 eorum
3207 705 3485 774 virtutem,
3519 711 3904 765 etimitatores

2321 791 2486 845 simus
2509 792 2765 848 bonorum
2797 809 3014 862 operum
3046 812 3162 865 qua:
3195 797 3266 850 illi
3308 796 3565 853 fecerunt.
3593 799 3721 854 Nam
3753 816 3898 868 post-

2317 889 2477 950 ‘quam
2507 884 2660 938 nobis
2685 885 2962 954 diligenter
2984 888 3215 941 narravit
3235 905 3296 942 ea
3325 905 3442 953 quas
3462 891 3526 944 ad
3545 892 3902 959 patriarcham

2321 973 2591 1029 Abraham
2625 977 2879 1041 attinent,
2907 985 2960 1029 et
2987 976 3164 1030 docuit
3204 988 3525 1046 postremum
3555 981 3692 1035 illius
3721 993 3904 1035 certa-

2322 1077 2442 1116 men
2483 1065 2532 1116 in
2561 1063 2920 1118 immolatione
2965 1064 3077 1129 lilii,
3112 1067 3446 1137 narravitque
3479 1069 3578 1122 hoc
3621 1071 3899 1137 pulchrum

2321 1151 2636 1206 sacriﬁcium
2660 1155 2757 1208 etsi
2786 1171 2889 1208 non
2911 1169 3096 1223 opere,
3122 1157 3390 1211 voluntate
3410 1167 3582 1211 tamen
3607 1159 3900 1227 perlectum

2321 1258 2461 1308 esse,
2493 1242 2752 1312 ﬁnemque
2778 1245 3027 1315 imposuit
3047 1247 3440 1302 narrationibus
3469 1248 3571 1302 illis
3602 1267 3613 1302 :
3647 1263 3785 1302 nunc
3805 1265 3904 1303 ex-

2324 1333 2468 1400 ponit
2497 1334 2646 1386 nobis
2667 1349 2782 1403 quas
2809 1335 2873 1388 ad
2897 1334 3040 1390 Isaac
3061 1338 3290 1391 occisum
3313 1347 3366 1392 et
3391 1354 3495 1392 non
3524 1340 3753 1392 occisum
3778 1355 3900 1408 pcr-

2326 1424 2526 1488 tincnt;
2559 1425 2754 1480 factum
2777 1428 2916 1480 enim
2963 1429 3228 1497 :enigmati
3255 1430 3427 1484 simile
3457 1441 3556 1485 cst.
3588 1432 3719 1485 Audi
3756 1435 3897 1485 enim

2326 1513 2545 1568 Paulum
2574 1517 2834 1571 dicentem
2871 1534 2884 1570 :
2922 1517 3050 1572 Fide
3079 1520 3252 1572 obtulit
3285 1520 3435 1574 Isaac
3463 1522 3738 1587 Abraham,
3785 1541 3898 1576 cum

2323 1614 2594 1657 tentaretur
2613 1623 2632 1658 :
2653 1617 2701 1658 et
2724 1608 3033 1677 unigenitum
3054 1609 3252 1675 obtulit,
3273 1611 3357 1677 qui
3383 1612 3732 1679 prontissiones
3759 1630 3902 1666 acce-

2325 1695 2677 1766 perat(Hebr.
2713 1698 2941 1768 “.17).
2992 1700 3188 1755 Deinde
3240 1711 3295 1754 ut
3341 1703 3612 1758 discamus
3631 1706 3912 1773 quomodo-

2326 1788 2428 1841 ﬁde
2457 1788 2569 1843 hanc
2597 1790 2770 1843 omnia
2815 1789 3012 1846 faceret
3038 1835 3051 1856 ,
3082 1803 3135 1846 et
3163 1795 3425 1846 contraria
3459 1795 3643 1848 videns
3670 1797 3903 1864 promis-

2323 1879 2457 1931 sioni
2486 1893 2543 1932 ea
2572 1895 2689 1948 qua:
2726 1880 3010 1948 jubebatur
3038 1881 3209 1935 facere
3231 1924 3247 1946 ,
3275 1898 3377 1936 non
3410 1893 3583 1938 tamen
3614 1886 3900 1954 perturba-

2323 1979 2491 2032 t'ctur,
2519 1969 2727 2038 subjicit
2757 1986 2770 2021 :
2805 1970 2950 2026 Unde
2993 1972 3136 2024 illum
3189 1983 3235 2026 et
3278 1974 3330 2024 in
3373 1974 3664 2042 parabolatu
3711 1978 3902 2045 accepit

2323 2059 2482 2128 (Ibid.
2513 2077 2558 2113 υ.
2599 2063 2707 2130 19).
2736 2061 2870 2128 Quid
2900 2071 2999 2127 est,
3026 2060 3091 2115 Et
3116 2063 3167 2116 in
3190 2065 3483 2132 parabolam
3508 2066 3740 2133 accepit?
3767 2065 3900 2118 Nam

2322 2162 2596 2221 postquam
2619 2170 2737 2207 cum
2771 2154 2822 2207 in
2853 2155 3164 2209 sacriﬁcium
3202 2155 3410 2219 obtulit,
3441 2165 3494 2210 et
3524 2167 3751 2211 mentem
3779 2172 3903 2227 per-

2323 2243 2508 2297 fectam
2537 2245 2839 2310 declaravit,
2871 2245 2983 2314 ipse
3011 2260 3204 2299 corona
3239 2247 3513 2300 redimitus
3534 2255 3636 2310 cst,
3667 2257 3721 2300 et
3747 2261 3901 2302 acce—
3981 2251 3984 2253 Α

2323 2344 2414 2402 pto
2449 2349 2612 2402 puero
2642 2335 2813 2398 rediit,
2844 2351 2908 2389 ac
2945 2335 3259 2389 sacriﬁcium
3289 2351 3384 2404 per
3425 2351 3578 2391 ovem
3625 2337 3910 2404 impletum

2322 2434 2401 2478 est
2426 2443 2439 2478 :
2470 2425 2803 2494 ostenditque
2825 2441 2919 2494 per
2940 2427 3112 2480 omnia
3141 2428 3369 2481 universi
3393 2426 3645 2481 Conditor
3669 2443 3779 2481 sua:
3802 2429 3899 2482 be-

2323 2517 2589 2584 nignitatis
2615 2517 2984 2571 excellentiam
3013 2527 3104 2571 ret
3127 2534 3184 2572 se
3212 2518 3313 2573 hoc
3335 2519 3645 2587 imperando
3672 2535 3776 2573 non
3805 2535 3900 2574 oc-

2322 2606 2422 2658 cidi
2459 2605 2635 2672 lsaac,
2665 2606 2758 2660 sed
2793 2607 2919 2675 justi
2957 2622 3206 2661 exercere
3237 2607 3590 2661 obedientiam
3639 2605 3907 2663 voluisse.

2325 2697 2584 2751 Caeterum
2611 2698 2746 2751 sicut
2774 2697 2997 2752 vidimus
3028 2698 3342 2766 patriarcha:
3371 2700 3616 2753 virtutem
3652 2699 3704 2752 in
3726 2699 3907 2753 omni-

2325 2784 2418 2839 bus
2444 2787 2764 2840 relucentem
2795 2802 2943 2856 :agc,
2973 2797 3026 2840 et
3052 2803 3169 2856 qua:
3199 2787 3266 2842 de
3306 2787 3452 2842 isaac
3476 2788 3612 2841 dicta
3639 2797 3763 2842 sunt
3795 2788 3904 2842 ho-

2323 2876 2406 2930 die
2437 2877 2485 2928 in
2510 2876 2738 2930 medium
2767 2875 3046 2930 aﬂ'erentcs
3065 2917 3083 2940 ,
3110 2877 3382 2930 videamus
3414 2876 3756 2946 quomodoet
3786 2878 3906 2944 ipso

2323 2967 2463 3034 piam
2496 2976 2547 3018 et
2593 2966 2890 3034 religiosam
2923 2975 3152 3019 mentem
3198 2967 3248 3018 in
3295 2967 3540 3020 omnibus
3588 2967 3900 3036 prmtulcrit.

2322 3053 2507 3122 Operae
2531 3061 2702 3107 autem
2725 3055 2944 3121 pretium
2967 3064 3066 3118 est,
3092 3065 3148 3108 ut
3171 3057 3280 3125 ipsa
3305 3056 3592 3125 Scriptura:
3621 3057 3774 3110 verba
3797 3072 3902 3110 an-

2324 3147 2549 3201 diamus.
2576 3147 2665 3200 19.
2691 3146 2788 3199 Ha?
2814 3159 2976 3200 autent
3002 3158 3135 3209 sunt,
3169 3148 3354 3217 inquit,
3377 3150 3718 3218 generationes
3746 3148 3918 3202 lsaac-

2324 3237 2419 3304 lilii
2441 3237 2668 3290 Abraha'.
2699 3239 2948 3290 Abraham
2971 3239 3137 3305 genuit
3161 3237 3307 3290 Isaac
3326 3239 3476 3306 (Cap.
3498 3239 3614 3308 23).
3636 3238 3724 3292 ‘20.
3747 3237 3903 3293 Isaac

2321 3337 2486 3379 autent
2508 3339 2612 3379 erat
2633 3344 2878 3380 annorum
2902 3328 3251 3398 quadraginta,
3275 3329 3472 3396 quando
3492 3330 3680 3398 accepit
3705 3329 3903 3382 Rebec-

2320 3431 2432 3468 cam
2451 3417 2609 3483 ﬁliam
2629 3415 2886 3471 Batltuelis
2912 3418 3031 3487 Syri
3059 3435 3119 3471 ea;
3143 3417 3524 3486 Mesopotamia,
3554 3435 3770 3472 sororem
3791 3418 3904 3472 La‘

2325 3507 2418 3559 ban
2443 3504 2565 3575 Syri
2583 3548 2597 3572 ,
2629 3507 2722 3560 sibi
2751 3509 2801 3559 in
2824 3523 3048 3560 uxorem.

2396 3595 2640 3663 Exemplo
2669 3595 2836 3650 Isaaci
2862 3607 2994 3667 patet
3038 3613 3145 3652 esse
3192 3598 3499 3667 precandum
3523 3615 3635 3651 cum
3666 3615 3906 3667 pet-seces

2323 3688 2509 3741 rantia.
2541 3685 2658 3740 Non
2687 3699 2802 3740 sunt
2827 3689 3018 3742 curiose
3045 3689 3340 3757 inquirenda
3367 3688 3458 3742 Dei
3481 3707 3650 3759 opera.
3671 3690 3901 3744 —Con-

2325 3777 2517 3840 sidera,
2540 3778 2780 3842 obsecro,
2799 3769 3007 3843 dilecte,
3031 3778 3220 3831 divinae
3242 3777 3526 3846 Scriptura:
3548 3779 3896 3848 diligentiam,

2326 3865 2590 3935 quomodo
2632 3866 2760 3921 nihil
2807 3881 3132 3934 supervacue
3178 3874 3360 3935 poaat.
3405 3865 3513 3921 Cur
3553 3867 3692 3920 enim
3745 3867 3901 3921 nobis

2327 3965 2534 4010 :ntatem
2567 3955 2712 4010 Isaac
2753 3956 3044 4025 signiﬁcat,
3091 3965 3145 4010 et
3172 3956 3334 4020 dicit,
3385 3956 3510 4009 Erat
3544 3969 3708 4010 autem
3752 3956 3902 4011 Isaac

2327 4044 2661 4115 quadraginta
2685 4061 2932 4098 annorum
2970 4048 3169 4113 quando
3208 4049 3395 4114 accepit
3436 4046 3745 4100 Rebeccam.’
3785 4047 3901 4100 Non

2328 4141 2525 4209 absque
2553 4154 2710 4194 causa
2732 4179 2746 4204 ,
2777 4155 2947 4208 neque
2978 4149 3172 4194 temere
3207 4158 3219 4193 :
3251 4139 3342 4193 sed
3378 4139 3496 4208 quia
3540 4138 3690 4193 nobis
3716 4148 3907 4208 postea

2329 4232 2583 4287 Rebeccae
2612 4231 2941 4286 sterilitatem
2974 4242 3279 4284 narraturus
3305 4239 3439 4292 erat,
3467 4239 3519 4284 et
3544 4245 3608 4285 ex
3639 4231 3905 4300 precatio-

2329 4338 2397 4378 ne
2435 4323 2560 4390 justl
2602 4322 3020 4390 procreationem
3053 4322 3214 4388 prolis
3245 4322 3323 4375 illi
3351 4335 3657 4376 concessam
3697 4320 3859 4377 fuisse
3883 4362 3900 4388 ,

2331 4412 2523 4467 docere
2553 4425 2650 4464 nos
2691 4411 2833 4479 cupit
2882 4411 3295 4479 magnitudinem
3339 4409 3604 4478 patientize
3633 4409 3780 4464 isaac
3800 4450 3817 4475 ,
3849 4421 3905 4467 et

2331 4503 2474 4556 clare
2500 4501 2731 4555 indicare
2754 4509 2948 4568 quanto
2977 4510 3213 4567 tempore
3251 4500 3436 4553 liberis
3463 4502 3690 4554 caruerit
3719 4517 3733 4552 :
3767 4510 3824 4554 ttt
3850 4510 3906 4556 et

2334 4608 2431 4648 nos
2456 4593 2762 4647 :emulantes
2783 4592 3002 4659 justum,
3027 4590 3220 4644 assidui
3249 4591 3413 4644 simus
3441 4591 3491 4643 in
3513 4590 3703 4644 divinis
3729 4591 3906 4659 preci-

2333 4685 2451 4748 bus,
2481 4682 2524 4735 si
2553 4680 2762 4751 quando
2783 4679 2976 4748 aliquid
3004 4695 3031 4733 a
3060 4681 3166 4733 Deo
3191 4682 3525 4749 petierimus.
3548 4682 3603 4736 Si
3648 4683 3789 4736 enim
3810 4682 3906 4751 ju-

2333 4785 2443 4830 stus
2471 4774 2574 4837 ille,
2608 4774 2675 4826 ita
2704 4773 2892 4826 virtute
2919 4772 3188 4840 prmditus,
3214 4783 3267 4826 et
3290 4783 3430 4826 tanta
3459 4773 3553 4827 Dei
3581 4773 3907 4828 benevolen-

2334 4868 2403 4921 tia
2430 4864 2630 4930 fruens,
2660 4874 2856 4919 tantam
2879 4879 2986 4932 prze
3010 4879 3068 4918 se
3095 4863 3210 4918 tulit
3236 4865 3588 4919 constantiam
3615 4875 3669 4919 et
3699 4874 3905 4921 tantum

2333 4956 2584 5021 studium,
2630 4954 2880 5010 continuo
2915 4955 3078 5018 Deum
3118 4954 3355 5021 orando,
3399 4956 3466 5009 ita
3509 4963 3569 5009 ut
3609 4957 3912 5019 solveretur

2335 5047 2590 5101 Rebecca:
2613 5045 2866 5101 sterilitas
2898 5061 2911 5096 :
2935 5044 3060 5112 quid
3086 5043 3320 5098 dicemus
3338 5059 3456 5109 nos,
3480 5045 3573 5113 qui
3598 5043 3753 5100 tantis
3778 5058 3910 5113 pec-

2334 5147 2568 5193 catorum
2599 5137 2847 5194 oneribus
2876 5135 3184 5206 premimur,
3211 5143 3266 5190 et
3294 5150 3462 5205 neque
3492 5134 3760 5188 minimam
3792 5135 3912 5188 vir-

2334 5229 2458 5283 tutis
2493 5228 2620 5297 justi
2659 5236 2860 5295 partem
2891 5226 3216 5291 ostendimus
3250 5244 3262 5279 :
3293 5225 3385 5278 sed
3423 5233 3475 5278 ct
3501 5227 3542 5278 si
3572 5240 3732 5292 parvo
3764 5234 3909 5278 teni-

2336 5337 2462 5392 porc
2492 5320 2724 5376 studium
2768 5317 2977 5388 aliquod
3016 5327 3068 5380 et
3111 5317 3433 5386 diligentiam
3473 5316 3911 5379 exhibuerimus.

2337 5411 2684 5480 torpescimus
2726 5416 2781 5470 et
2827 5409 3118 5472 resilimus,
3161 5407 3262 5468 nisi
3304 5406 3480 5462 statim
3523 5405 3914 5461 exaudiamur‘l

2337 5505 2622 5573 Propterea
2648 5515 2762 5565 oro,
2795 5509 2852 5557 ut
2879 5516 2947 5554 ex
2976 5501 3038 5554 iis
3066 5513 3182 5568 quae
3207 5498 3350 5567 justo
3371 5496 3443 5552 illi
3465 5505 3765 5551 evenerunt
3788 5511 3911 5551 cru-

2336 5595 2451 5659 diti,
2476 5608 2759 5663 numquam
2790 5605 3057 5644 cessemus
3083 5604 3237 5650 orare
3267 5590 3452 5650 Dcunt,
3473 5595 3528 5640 ut
3555 5587 3908 5654 ignoscatur)-

2340 5689 2421 5743 bis
2447 5696 2683 5756 peccata,
2707 5684 2797 5738 sed
2827 5682 3032 5736 fervens
3049 5690 3105 5736 et
3131 5691 3362 5734 a‘stuans
3389 5677 3708 5733 desiderium
3725 5687 3914 5731 omen-

2339 5779 2525 5835 datnus
2549 5795 2561 5830 :
2587 5786 2634 5831 et
2667 5791 2770 5830 non
2791 5789 2929 5844 trgre
2960 5772 3210 5839 feramus,
3239 5786 3406 5840 neque
3426 5768 3696 5841 segniores
3713 5767 3914 5828 simus.
