4124 6516
216 452 319 511 με

215 583 305 631 τες
335 564 655 637 σημαίνουσι
675 565 741 634 τῇ
771 562 906 631 κόρῃ
944 556 1014 611 τά
1048 556 1306 628 μέλλοντα
1336 552 1555 608 ἔσεσθαι
1579 594 1593 618 ,
1627 550 1721 603 τοῦ
1745 548 1879 637 Θεοῦ

216 653 316 725 τὴν
344 636 584 707 διάνοιαν
613 650 789 705 αὐτῶν
818 649 952 717 πρὸς
995 646 1154 699 τοῦτο
1183 641 1668 703 κατευοδώσαντος.
1688 636 1886 712 Ἀμφό-

217 756 355 811 τερα
386 740 495 809 γὰρ
523 740 660 808 αὐτῇ
697 733 1122 807 προμηνύουσιν,
1144 732 1225 784 ὅτι
1270 730 1363 783 καὶ
1398 730 1477 791 είς
1500 726 1740 798 χιλιάδας
1788 740 1887 811 μυ-

223 810 421 897 ριάδων
447 824 631 888 ἔσται,
664 824 756 875 καὶ
789 824 871 875 ὅτι
924 819 1316 889 κληρονομήσει
1359 815 1419 868 16
1466 813 1687 885 σπέρμα
1720 810 1889 881 αὐτῆς

219 912 322 976 τάς
356 912 535 975 πόλεις
566 910 674 963 τῶν
704 908 1056 961 ὑπεναντίων.
1107 901 1259 966 Εἶδες
1294 902 1381 956 διὰ
1430 901 1645 954 πάντων
1678 899 1887 953 δεικνυ-

226 998 394 1069 μένην
433 994 637 1067 ἐναργῆ
672 994 763 1046 τοῦ
793 992 928 1045 Θεοῦ
960 991 1059 1063 τὴν
1088 990 1361 1061 πρόνοιαν,
1405 986 1525 1049 πῶς
1549 985 1643 1038 καὶ
1673 983 1762 1037 διὰ
1782 982 1889 1035 τῶν

218 1084 468 1137 ἀπίστων
500 1080 913 1153 προμηνύεσθαι
948 1079 1017 1131 τὰ
1076 1078 1337 1148 μέλλοντα
1390 1074 1663 1143 οἰκονομεῖ
1708 1072 1737 1124 6
1780 1070 1889 1123 τῶν

220 1168 478 1223 ἁπάντων
525 1167 835 1237 Δεσπότης;
876 1165 983 1222 Καὶ
1033 1163 1372 1224 ἀναστᾶσα,
1419 1162 1574 1233 φησὶ,
1611 1157 1891 1212 Ῥεϐέκκα

223 1257 324 1312 καί
356 1259 414 1310 αι
460 1256 630 1323 ἅϐραι
677 1252 898 1321 αὐτῆς,
947 1251 1252 1319 ἐπέϐησαν
1276 1248 1375 1303 ἐπί
1404 1247 1512 1313 τὰς
1558 1245 1886 1315 καμήλους.

222 1340 377 1407 Εἶδες
406 1344 526 1396 οἷαν
546 1342 735 1410 ἄγεται
761 1340 979 1410 νύμφην
1006 1341 1034 1391 ὁ
1058 1337 1436 1410 πατριάρχης;
1473 1334 1888 1405 Ὑδρευομένην,

221 1431 319 1484 καὶ
343 1429 441 1501 τὴν
471 1429 658 1499 ὑδρίαν
689 1428 781 1480 ἰπὶ
806 1426 914 1479 τῶν
945 1423 1109 1496 ὤμων
1144 1425 1430 1495 φέρουσαν,
1463 1423 1557 1477 καὶ
1603 1420 1698 1473 νῦν
1731 1417 1890 1471 πάλιν

220 1517 493 1571 ὶπιϐἄσαν
524 1516 615 1569 ἐπὶ
645 1514 742 1577 τὰς
785 1512 1076 1583 καμήλους.
1130 1509 1381 1581 Οὐδαμοῦ
1423 1510 1633 1579 ήμίονοι
1666 1508 1893 1578 ἀργύρῳ

226 1602 700 1674 περιλαμπόμεναι
733 1600 858 1663 τοὺς
889 1598 1217 1669 τραχήλους,
1250 1598 1370 1650 οὐδὲ
1419 1596 1646 1648 οίκετῶν
1703 1594 1889 1664 ἐσμὸς,

219 1689 403 1759 οὐδὲὴ
440 1688 607 1758 πολλὴ
629 1687 852 1757 βλακεία
877 1688 909 1755 ή
940 1684 1034 1736 νῦν
1066 1684 1352 1755 γινομένη·
1386 1682 1523 1736 ἀλλὰ
1562 1681 1795 1751 τοσαύτη
1825 1677 1893 1751 ἦν

222 1776 333 1828 τῶν
360 1775 605 1828 παλαιῶν
628 1774 901 1843 γυναικῶν
928 1774 960 1842 ἡ
993 1772 1230 1843 ἀνδρεία,
1254 1772 1329 1833 ῶς
1356 1772 1449 1823 καὶ
1468 1770 1561 1823 ἐπὶ
1589 1770 1685 1833 τὰς
1714 1770 1894 1839 καμή-

223 1863 351 1927 λους
377 1864 546 1926 αὐτάς
575 1863 893 1923 ἐπιϐαίνειν,
932 1862 1024 1914 καὶ
1062 1860 1235 1923 οὕτως
1268 1860 1589 1931 ὁδοιπορεῖν.
1628 1858 1735 1911 Καί
1765 1858 1894 1911 ἑπο·

219 1950 544 2019 ρεύθησαν,
577 1949 729 2019 φησὶ,
784 1946 934 2017 μετὰ
980 1947 1085 2000 τοῦ
1120 1945 1453 2013 ἀνθρώπου.
1492 1944 1552 1996 '0
1580 1943 1647 1996 δὲ
1691 1945 1895 1998 Ἰσαὰκ

221 2037 388 2104 ἐξῄει
421 2032 837 2103 ἀδολεσχῆσαι
887 2035 974 2099 είς
1023 2033 1088 2087 τὸ
1120 2032 1330 2086 πεδίον
1378 2031 1442 2085 τὸ
1475 2031 1627 2099 πρὸς
1666 2030 1892 2097 δείλης,

223 2121 327 2176 καί
371 2117 717 2187 ἀναϐλέψας
758 2118 879 2184 τοῖς
930 2118 1258 2187 ὀφθαλμοῖς
1281 2116 1403 2171 εἶδε
1450 2118 1557 2181 τὰς
1587 2118 1895 2186 καμήλους

223 2207 573 2277 ἀρχομένας.
625 2206 718 2268 Είς
741 2273 744 2276 ,
770 2205 832 2257 τὸ
868 2204 1069 2266 πεδίον,
1102 2205 1287 2275 φησὶν,
1315 2206 1343 2257 6
1393 2204 1577 2257 Ἰσαὰκ
1606 2202 1897 2275 διατρίϐων

228 2294 488 2347 ἐθεάσατο
546 2291 644 2354 τὰς
692 2291 987 2361 καμήλους.
1014 2290 1082 2345 Ἡ
1129 2290 1197 2343 δὲ
1240 2288 1513 2344 Ῥεϐέκκα
1544 2290 1756 2345 ἰδοῦσα
1794 2290 1900 2344 τὸν

226 2379 466 2442 Ἰσαὰκ,
491 2377 913 2445 κατεπήδησεν
932 2376 1051 2431 ἀπὸ
1081 2374 1188 2445 τῆς
1214 2378 1510 2447 καμήλου,
1542 2378 1640 2431 καὶ
1664 2374 1793 2431 εἷπε
1819 2377 1899 2443 τῷ

226 2465 423 2519 παιδί·
466 2467 559 2529 Τίς
589 2465 759 2517 ἐστιν
791 2468 823 2518 ό
848 2462 1154 2532 ἅνθρωπος
1180 2464 1409 2530 ἐκεῖνος
1436 2467 1468 2517 ό
1500 2466 1900 2534 πορευόμενος

224 2553 297 2607 έν
331 2553 407 2617 τῷ
435 2552 617 2616 πεδίῳ
641 2554 727 2616 εις
754 2549 1132 2617 συνάντησιν
1164 2548 1330 2618 ἡμῶν
1347 2563 1405 2615 ll;
1434 2552 1581 2622 Ἦρα
1607 2552 1705 2622 τῆς
1733 2552 1899 2623 κόρης

226 2641 327 2711 τὴν
347 2639 643 2707 εὐγένειαν·
665 2636 850 2707 ἐπειδὴ
879 2632 985 2689 εἶδε
1013 2637 1101 2689 τὸν
1117 2637 1323 2700 Ἰσαὰκ,
1340 2638 1665 2693 ἐπυνθάνετο
1685 2640 1769 2702 τίς
1790 2641 1894 2710 εἴη.

225 2722 341 2776 Καὶ
374 2719 617 2791 μαθοῦσα
649 2720 730 2773 ὅτι
755 2720 914 2782 αὐτός
964 2720 1110 2771 ἐστιν
1152 2720 1181 2771 6
1214 2720 1419 2789 μέλλων
1454 2722 1621 2791 αὐτὴν
1646 2721 1896 2789 ἄγεσθαι,

227 2807 632 2880 περιεϐάλλετο,
665 2806 821 2875 φησί,
853 2804 912 2858 τὸ
946 2805 1247 2877 θέριστρον,
1284 2806 1378 2860 καί⁸
1406 2808 1842 2878 παραγενόμενος
1872 2808 1900 2859 ό

227 2898 362 2959 παῖς
381 2896 678 2966 διηγήσατο
718 2894 894 2947 πάντα
923 2894 1060 2963 μετά
1091 2894 1378 2963 ἀκριϐείας
1423 2894 1501 2965 τῷ
1540 2894 1743 2949 Ἰσαάκ.
1795 2896 1903 2949 Ἐν-

226 2982 405 3036 ταῦθα
428 2981 618 3034 σκόπει
671 2997 786 3051 μοι,
837 2979 1109 3049 ἀγαπητὲ,
1140 2980 1256 3043 πῶς
1289 2979 1522 3050 οὐδαμοῦ
1555 2980 1621 3032 τε
1675 2980 1901 3050 περιττά

228 3068 404 3124 ταῦτα
429 3068 523 3120 καί
545 3068 799 3138 ἀνόνητα,
830 3065 1065 3136 οὐδαμοῦ
1095 3067 1287 3136 πομπὴ
1332 3067 1632 3138 διαϐολικὴ,
1668 3067 1901 3137 οὐδαμοῦ

229 3156 488 3226 κύμϐαλα
514 3156 606 3208 καὶ
636 3155 795 3208 αὐλοὶ
820 3156 914 3208 καί⁵
942 3158 1172 3225 χορεῖαι,
1201 3154 1293 3207 καὶ
1318 3154 1385 3207 τά
1430 3156 1689 3209 σατανικά
1724 3157 1905 3210 ἐκεῖνα

230 3242 531 3314 συμπόσια,
571 3242 664 3295 καὶ
690 3243 748 3293 αί
780 3241 1038 3313 λοιδορίαι
1088 3242 1143 3293 αἱ
1190 3240 1371 3311 πάσης
1402 3242 1788 3312 ἀσχημοσύνης
1814 3242 1906 3310 γέ-

230 3347 453 3402 μουσαι,
481 3328 615 3383 ἀλλά
642 3330 791 3381 πᾶσα
824 3328 1109 3398 σεμνότης,
1156 3332 1307 3380 πᾶσα
1344 3329 1523 3397 σοφία,
1552 3331 1701 3381 πᾶσα
1730 3330 1903 3381 ἐπιεί-

230 3435 377 3474 κεια.
404 3414 665 3484 Είσῆλθε
712 3414 799 3477 δὲ,
842 3412 1027 3483 φησὶν,
1071 3414 1277 3468 Ἰσαὰκ
1327 3417 1415 3479 είς
1442 3414 1549 3467 τὸν
1581 3411 1748 3468 οἷκον
1793 3415 1905 3483 τῆς

228 3503 455 3576 μητρὸς
477 3500 683 3567 αὐτοῦ,
712 3500 807 3554 καί
831 3500 1009 3554 ἔλαϐε
1035 3501 1151 3569 τὴν
1191 3500 1520 3566 Ῥεϐέκκαν,
1548 3502 1643 3556 καὶ
1668 3502 1905 3571 ἐγένετο

228 3588 394 3655 αὐτῷ
432 3576 607 3659 γυνὴ,
648 3587 745 3642 καὶ
792 3586 1109 3657 ἠγάπησεν
1158 3588 1372 3657 αὐτὴν,
1430 3591 1527 3643 καί
1557 3590 1907 3658 παρεκλήθη

244 3674 455 3734 Ἰσαὰκ
489 3674 622 3744 ,περὶ
652 3674 885 3743 Σάρρας
913 3673 1021 3744 τῆς
1060 3675 1287 3744 μητρὸς
1328 3675 1535 3732 αὐτοῦ.
1576 3675 1792 3747 Ταύτην
1828 3692 1909 3747 μι-

230 3763 549 3835 μείσθωσαν
580 3762 636 3815 αί
664 3763 952 3829 γυναῖκες·
989 3760 1177 3815 τοῦτον
1207 3761 1552 3832 ζηλούτωσαν
1585 3763 1636 3816 οί
1682 3764 1871 3835 ἄνδρες
1890 3777 1906 3794 ·

230 3849 380 3904 οὕτω
412 3850 513 3913 τὰς
540 3849 758 3921 νύμφας
779 3849 1080 3918 ἀγαγέσθαι
1115 3848 1583 3914 σπουδαζέτωσαν.
1610 3851 1767 3914 Τίνος
1800 3850 1907 3922 γὰρ

230 3937 445 4001 ἕνεκεν,
480 3936 600 3989 είπέ
632 3953 741 4006 μοι,
773 3934 832 4000 ἐξ
861 3936 1033 4007 ἀρχῆς
1065 3937 1156 3989 καὶ
1197 3938 1262 3989 ὲκ
1321 3937 1621 4008 προοιμίων
1675 3938 1909 4007 κηλίδων

236 4023 525 4096 πληρῶσαι
583 4024 885 4093 συγχωρεῖς
930 4021 1030 4093 τῆς
1076 4021 1245 4093 κόρης
1283 4021 1383 4087 τὰς
1429 4022 1598 4087 ἀκοὰς
1650 4021 1739 4076 διά
1803 4021 1908 4075 τῶν

232 4109 481 4182 αἰσχρῶν
533 4110 793 4180 ᾀσμάτων
821 4148 836 4173 ,
866 4108 954 4162 διὰ
998 4108 1097 4178 τῆς
1128 4108 1355 4180 ἀκαίρου
1390 4109 1617 4180 πομπῆς
1660 4108 1908 4179 ὲκείνης;

236 4196 354 4251 οὐκ
378 4189 534 4248 οἶσθα
566 4193 713 4257 ὅπως
751 4193 785 4263 ή
816 4190 1004 4262 νεότης
1031 4190 1252 4255 εὐκολος
1300 4192 1436 4263 πρὸς
1478 4191 1722 4259 δλισθον;
1760 4192 1813 4246 τί
1842 4192 1909 4245 τά

240 4277 419 4349 σεμνά
444 4275 537 4329 τοῦ
566 4276 743 4346 γάμου
794 4274 1164 4345 ἐκπομπεύεις
1202 4276 1479 4347 μυστήρια
1502 4292 1519 4341 ;
1544 4274 1661 4328 δέον
1695 4276 1910 4329 ἅπαντα

238 4362 413 4418 ταῦτα
440 4357 785 4424 ἀπελαύνειν,
835 4362 929 4411 καὶ
958 4357 1056 4429 τὴν
1088 4358 1220 4412 αἰδῶ
1251 4358 1317 4411 ὲκ
1372 4359 1671 4430 προοιμίων
1717 4360 1913 4413 ἐκπαι-

236 4446 416 4502 δεύειν
451 4445 550 4516 τὴν
574 4444 763 4515 κόρην,
789 4443 882 4505 καὶ
916 4444 1099 4514 ἱερέας
1130 4443 1281 4517 [491]
1306 4444 1491 4498 καλεῖν
1528 4446 1621 4499 καὶ
1644 4444 1711 4498 δι’
1738 4444 1912 4515 εὐχῶν

241 4531 335 4585 καὶ
359 4526 624 4596 εὐλογιῶν
654 4526 755 4598 τὴν
779 4526 1032 4596 ὁμόνοιαν
1072 4527 1168 4581 τοῦ
1201 4527 1540 4582 συνοικεσίου
1569 4527 1911 4598 συσφίγγειν,

241 4614 329 4669 ἵνα
357 4613 453 4667 καὶ
480 4614 509 4666 6
530 4610 692 4675 πόθος
726 4610 821 4664 τοῦ
849 4611 1081 4681 νυμφίου
1120 4609 1367 4681 αὔξηται,
1407 4611 1503 4664 καὶ⁸
1539 4611 1638 4681 τῆς
1680 4610 1850 4682 κόρης
1879 4612 1914 4680 ἡ

242 4694 567 4768 σωφροσύνη
597 4693 931 4764 ιπιτείνηται
949 4709 965 4726 ·
1001 4692 1092 4747 καὶ
1116 4693 1204 4747 διὰ
1235 4694 1453 4747 πάντων
1490 4692 1559 4747 τὰ
1584 4693 1681 4763 τῆς
1713 4692 1915 4764 ἀρετῆς

242 4779 383 4851 ἔργα
412 4776 778 4831 εἰσελεύσεται
807 4778 885 4839 είς
909 4776 1006 4848 τὴν
1033 4775 1209 4831 οίκίαν
1238 4776 1470 4847 ἐκείνην,
1499 4775 1594 4830 καὶ
1627 4777 1797 4831 πᾶσαι
1821 4777 1915 4830 τοῦ

240 4861 490 4917 διαϐόλου
518 4863 576 4916 αί
607 4860 844 4931 μηχαναὶ
882 4858 1126 4913 ἐκποδὼν
1167 4859 1379 4914 ἔσονται
1408 4902 1423 4927 ,
1467 4860 1561 4915 καὶ
1592 4859 1744 4914 αὐτοὶ
1795 4859 1915 4930 μεθ’

240 4942 439 5014 ἡδονῆς
478 4941 570 4995 τὸν
602 4941 715 5012 βίον
738 4939 1007 5006 διάξουσιν
1036 4941 1065 4981 ι)
1088 4982 1104 5009 ,
1162 4941 1269 4995 ὐπὸ
1298 4943 1397 5012 τῆς
1440 4942 1535 4995 τοῦ
1568 4942 1704 4997 Θεοῦ
1742 4943 1916 5013 ῥοπῆς

244 5022 704 5095 συγκροτούμενοι
721 5039 734 5053 ·
761 5018 829 5095 ἧς
852 5022 1058 5091 γένοιτο
1081 5021 1290 5086 πάντας
1312 5024 1459 5093 ἡμᾶς
1482 5024 1779 5094 ἐπιτυχεῖν,
1816 5025 1917 5095 χά-

245 5122 354 5174 ριτι
382 5103 479 5159 καὶ
502 5104 879 5176 φιλανθρωπίᾳ
905 5103 1000 5158 τοῦ
1024 5102 1230 5177 Κυρίου
1255 5103 1413 5175 ήμῶν
1452 5106 1626 5177 Ἰησοῦ
1656 5106 1915 5177 Χριστοῦ,

245 5186 363 5255 μεθ’
390 5179 453 5240 οὐ
479 5185 559 5257 τῷ
585 5184 758 5258 Πατρὶ
790 5184 907 5255 ἃμα
925 5184 1005 5256 τῷ
1033 5185 1173 5257 ἁγίῳ
1202 5186 1479 5257 Πνεύματι
1505 5186 1633 5253 δόξα
1650 5229 1665 5253 ,
1695 5189 1915 5259 κράτος,

241 5267 398 5340 τιμή,
425 5266 521 5338 νῦν
544 5268 760 5335 καὶάεὶ,
787 5268 882 5322 καὶ
900 5267 981 5332 είς
994 5269 1121 5333 τοὺς
1140 5266 1343 5334 αίῶνας
1358 5269 1467 5323 τῶν
1478 5268 1774 5326 αίὼνων.’Δ
1784 5273 1913 5343 μήν.

860 5388 1107 5444 οΜιΛιΑ
1151 5388 1281 5445 ΜΘ.

306 5488 495 5551 Αὗται
530 5493 600 5548 δὲ
638 5499 699 5550 αι
749 5494 1048 5620 γενέσεέιὲ
1089 5495 1286 5579 φησίν,
1330 5496 1528 5551 Ἰσαὰκ
1568 5495 1674 5550 τοῦ
1714 5495 1847 5550 υἱοῦ

1040 5582 1219 5620 οααιι.

1036 5582 1219 5633 Wﬁ-

948 5583 1040 5620 'A0
1205 5606 1219 5619 .

315 5673 387 5721 α’.
428 5667 597 5722 Πάλιν
626 5669 769 5739 ὑμᾶς
794 5670 888 5723 ἐπὶ
918 5670 1017 5739 τὴν
1036 5583 1253 5740 ξεῖῗῖοη
1286 5668 1567 5741 τράπεζαν
1623 5671 1919 5739 ἀναγαγεῖν

248 5748 509 5821 βούλομαι
533 5791 548 5815 ,
595 5752 691 5805 καὶ
737 5755 804 5806 εκ
849 5750 957 5811 τῶν
1000 5753 1155 5823 παρά
1189 5751 1283 5805 τοῦ
1330 5751 1609 5815 Μωῦσέως
1661 5754 1921 5822 ῥημάτων

246 5830 345 5901 τὴν
379 5830 621 5885 ἑστίασιν
646 5832 774 5902 ύμῖν
803 5831 1147 5902 παραθεῖναι,
1178 5832 1377 5904 μᾶλλον
1404 5832 1463 5886 δὲ
1495 5832 1602 5886 τῶν
1626 5834 1717 5887 τοῦ
1752 5834 1919 5888 Πνεύ-

311 5915 480 5984 ηιξ
500 5917 635 5981 ἡμῖν,
660 5918 853 5984 εᾴινιῐιίτα
873 5920 1194 5984 περιεϐάλετοἷ

304 5982 338 6025 ιι
364 5979 630 6049 Διάξσυσιν.
673 5979 757 6049 Sig
798 5979 1151 6049 reclelSavil.‘
1172 5982 1318 6035 Cois].
1362 5982 1602 6038 διάεωσιν.
1641 5980 1813 6033 Μαι-ει.
1865 5988 1918 6033 οι

250 6044 419 6098 Ιοιιυ.
450 6043 691 6105 διάγωσιν.
715 6041 849 6093 Enn.

1318 440 1381 496 IN
1416 437 1570 496 CAP.
1615 434 1756 491 XXV
1820 429 2062 487 CENES.
2103 427 2336 486 HOMIL.
2378 426 2564 483 XLIX.

3472 424 3580 483 4M

1992 561 2178 615 ματος.
2233 544 2369 597 Οὐδὲ
2396 544 2505 613 γὰρ
2536 543 2629 611 ἀφ’
2684 540 2879 597 ἑαυτοῦ
2932 542 3172 613 Μωῦσῆς
3228 540 3401 596 ταῦτα
3447 541 3595 611 ημῖν·

1988 626 2218 690 ἐξέθετο,
2252 627 2366 679 ἀλλ’
2397 627 2501 680 ὐπὸ
2531 626 2625 680 τοῦ
2660 627 2816 695 ἁγίου
2845 627 3167 697 Πνεύματος
3192 624 3575 697 ὲνηχούμενος.

1992 712 2219 781 Ἰδωμεν
2243 707 2337 765 οὖν
2372 711 2423 763 τί
2457 711 2552 764 καὶ
2592 711 2831 779 σήμερον
2867 712 3014 780 ἡμᾶς
3042 708 3253 773 διδάξαι
3306 708 3575 777 βούλεται.

1989 795 2123 848 Οὐδὲ
2148 794 2256 864 γὰρ
2287 793 2475 857 ἁπλῶς
2512 793 2632 846 οὐδὲ
2688 794 2811 863 είκῆ
2836 794 2963 855 τοὺς
3015 792 3163 862 βίους
3215 793 3345 862 ἡμῖν
3368 790 3477 843 τῶν
3501 789 3579 843 δι-

1992 878 2159 931 καίων
2187 878 2477 941 ἐκτίθεται,
2503 877 2722 930 ἀλλ’ἵνα
2748 875 3082 946 ζηλώσωμεν
3103 873 3309 927 τούτων
3334 873 3433 943 τὴν
3449 875 3577 944 ἀρε-

1989 964 2109 1036 τὴν,
2138 966 2231 1019 καὶ
2264 966 2501 1036 μιμηταί⁵
2554 964 2842 1035 γενώμεθα
2874 965 2983 1017 τῶν
3031 962 3257 1025 ἐκείνοις
3282 962 3578 1031 κατωρθω-

1996 1050 2190 1120 μένων.
2228 1050 2445 1121 Ἐπειδὴ
2495 1051 2604 1120 γάρ
2635 1052 2765 1121 ἡμῖν
2818 1049 2885 1103 τά
2918 1050 3059 1103 κατά
3106 1050 3195 1103 τὸν
3234 1049 3583 1118 πατριάρχην

1992 1135 2237 1207 ἀκριϐῶς
2296 1137 2718 1208 διηγησάμενος,
2780 1137 2998 1191 καὶτὸν
3057 1136 3369 1188 τελευταῖον
3414 1134 3583 1188 αὐτοῦ

1995 1214 2155 1273 ἆθλον
2184 1219 2275 1271 τὸν
2311 1220 2403 1272 ἐπὶ
2449 1222 2515 1289 τῇ
2564 1219 2658 1271 τοῦ
2709 1216 3037 1289 μονογενοῦς
3090 1220 3312 1288 σφαγῇ,
3363 1216 3584 1283 διδάξας

1992 1303 2144 1370 ἡμᾶς
2208 1301 2324 1364 πῶς
2368 1300 2433 1354 ἂν
2461 1301 2540 1370 τῷ
2573 1301 2692 1371 Θεῷ
2720 1302 2880 1354 αὐτὸν
2912 1301 3277 1371 καλλιέρημα,
3315 1302 3361 1353 εί
3386 1300 3481 1354 καὶ
3508 1300 3585 1371 μὴ

1994 1383 2141 1453 αὐτῷ
2175 1383 2339 1453 ἔργῳ,
2371 1384 2506 1437 ἀλλά
2537 1387 2604 1454 τῇ
2639 1384 2920 1455 προθυμίᾳ
2954 1384 3268 1455 είργάσατο,
3304 1382 3460 1445 τέλος
3487 1384 3587 1435 ἑπ-

1995 1464 2189 1536 έθηκεν
2219 1465 2448 1529 ἐκείνοις
2478 1467 2593 1527 τοῖς
2614 1465 2937 1537 διηγήμασι·
2962 1465 3055 1517 νῦν
3072 1468 3205 1535 ἡμῖν
3228 1465 3499 1517 ἐκτίθεται
3517 1464 3587 1516 τὰ

1995 1547 2135 1601 κατὰ
2156 1547 2246 1600 τὸν
2289 1547 2472 1600 Ἰσαὰκ
2509 1547 2599 1599 τὸν
2632 1548 2907 1616 σφαγέντα
2941 1549 3035 1601 καὶ
3066 1550 3139 1618 μή
3171 1548 3466 1615 σφαγέντα·
3498 1547 3587 1599 al-

1994 1629 2219 1698 νίγματι
2254 1630 2361 1700 γὰρ
2394 1629 2537 1683 ἔοικε
2578 1630 2637 1683 16
2673 1631 2916 1697 γεγονός.
2947 1631 3213 1683 ’Ἄκουσον
3238 1630 3346 1700 γὰρ
3372 1629 3587 1691 Παύλου

1994 1710 2259 1779 λέγοντος·
2278 1713 2483 1765 Πίστει
2508 1712 2929 1780 προσενήνοχε
2959 1713 3065 1765 τὸν
3100 1712 3297 1765 Ἰσαὰκ
3332 1711 3590 1782 Ἀϐραὰμ
3668 1740 3675 1746 -

1996 1793 2429 1861 πειραζόμενος·
2464 1794 2561 1846 καὶ
2589 1794 2693 1847 τὸν
2703 1793 3004 1863 μονογενῆ
3037 1793 3412 1861 προσέφερεν
3432 1796 3463 1847 ό
3480 1792 3589 1861 τὰς

1995 1876 2354 1945 ἐπαγγελίας
2385 1875 2847 1944 ἀναδεξάμενος.
2871 1866 3005 1929 Εἶτα
3028 1875 3115 1927 ἵνα
3147 1873 3408 1946 μάθωμεν
3430 1876 3623 1947 ἀκριοι

1997 1959 2125 2023 ϐὡς,
2154 1960 2271 2021 πῶς
2303 1959 2483 2011 πίστει
2518 1960 2691 2011 ταῦτα
2714 1958 2891 2010 πάντα
2912 1958 3287 2026 διεπράττετο,
3312 1958 3404 2011 καὶ
3434 1960 3591 2011 ἐναν-

1998 2042 2167 2112 τίατῇ
2201 2041 2491 2109 ὑποσχέσει
2518 2039 2659 2111 ὁρῶν
2677 2042 2745 2093 τά
2777 2038 2869 2093 ὐπ’
2899 2039 3061 2092 αὐτοῦ
3088 2039 3337 2107 γίνεσθαι
3370 2038 3592 2093 κελευό-

2000 2141 2157 2194 μενα,
2192 2125 2291 2176 οὐκ
2324 2123 2667 2194 ἐταράττετο,
2703 2122 2886 2193 φησίν·
2926 2124 3104 2176 Ὅθεν
3136 2121 3327 2177 αὑτὸν
3367 2122 3466 2176 καί
3520 2122 3593 2177 ἐν

1998 2206 2309 2274 παραϐολῇ
2332 2206 2674 2274 ἐκομίσατο.
2702 2207 2765 2258 Τί
2794 2208 2962 2267 ἐστιν,
3007 2207 3107 2258 Ἐν
3127 2204 3445 2274 παραϐολῇ
3458 2206 3593 2259 ἐκο-

1994 2290 2489 2360 μίσατο;Ἑπειδὴ
2521 2291 2629 2361 γὰρ
2663 2290 2823 2343 αὐτὸν
2845 2291 2923 2352 είς
2957 2288 3147 2341 θυσίαν
3174 2289 3466 2358 ἀνήνεγκε,
3496 2289 3592 2342 καὶ

2000 2372 2415 2442 ἀπηρτισμένην
2443 2374 2543 2442 τὴν
2584 2372 2811 2442 γνώμην
2846 2371 3180 2433 ἐπεδείξατο,
3224 2369 3385 2433 αὐτός
3407 2385 3471 2439 γε
3496 2370 3593 2424 τὸν

2002 2455 2262 2522 στέφανον
2312 2455 2629 2524 ἀνεδήσατο,
2674 2455 2767 2507 κα“ι
2791 2453 2883 2506 16v
2918 2453 3081 2507 παῖδα
3124 2450 3304 2505 λαϐὼν
3335 2451 3588 2524 ἐπανῄει,

2002 2539 2096 2590 καὶ
2126 2539 2159 2607 ἠ
2186 2538 2347 2589 θυσία
2382 2536 2469 2589 διὰ
2489 2536 2763 2607 προϐάτου
2795 2536 3120 2606 ἐπληροῦτο,
3151 2534 3241 2589 καὶ
3266 2534 3479 2589 ἐδείκνυ
3502 2534 3594 2591 διὰ

2004 2620 2219 2673 πάντων
2252 2619 2280 2671 6
2312 2619 2419 2671 τῶν
2453 2619 2588 2671 ὅλων
2616 2618 2748 2681 Θεὸς
2778 2618 2879 2687 τῆς
2938 2618 3143 2681 οἰκείας
3178 2616 3593 2688 φιλανθρωπίας

2002 2702 2099 2773 τὴν
2125 2701 2449 2773 ὑπερϐολὴν,
2478 2702 2569 2754 καὶ
2596 2701 2677 2753 ὅτι
2727 2700 2786 2753 οὐ
2821 2701 3094 2771 σφαγῆναι
3120 2700 3211 2753 τὸν
3254 2699 3439 2753 Ἰσαὰκ
3468 2699 3594 2770 βου-

2002 2786 2228 2855 λόμενος
2265 2784 2423 2837 τοῦτο
2451 2785 2764 2851 ἐπέταττεν,
2783 2784 2918 2838 ἀλλά
2940 2785 3032 2839 106
3059 2784 3270 2838 δικαίου
3299 2782 3595 2855 γυμνάζων

2002 2869 2100 2940 τὴν
2137 2869 2404 2939 ὑπακοήν.
2477 2869 2616 2921 Ἀλλ’
2650 2868 2839 2939 ὥσπερ
2873 2869 3085 2938 εἴδομεν
3120 2868 3213 2922 τοῦ
3250 2866 3594 2939 πατριάρχου

2004 2954 2099 3023 τὴν
2125 2954 2327 3025 ἀρετὴν
2352 2952 2441 3006 διὰ
2469 2952 2687 3004 πάντων
2716 2952 3061 3020 λάμπουσαν,
3082 2951 3215 3023 φέρε
3244 2949 3427 3005 καὶτὰ
3451 2950 3598 3006 κατά

2004 3034 2093 3087 τὸν
2108 3035 2292 3087 Ίσαάκ
2311 3034 2551 3105 σήμερον
2581 3035 2661 3096 είς
2693 3034 2857 3104 μέσον
2889 3033 3203 3103 προθέντες,
3229 3033 3429 3104 ἴδωμεν
3446 3033 3597 3098 ὅπως

2005 3117 2099 3169 καὶ
2127 3116 2289 3177 αὐτὸς
2314 3114 2373 3167 16
2390 3116 2636 3183 φιλόθεον
2661 3114 2824 3169 αὐτοῦ
2867 3118 2967 3187 τῆς
2993 3115 3219 3186 γνώμης
3253 3115 3345 3167 διά
3376 3116 3597 3169 πάντων

2006 3198 2391 3253 ἐπιδείκνυται.
2430 3197 2612 3262 ’Ἄξιον
2632 3199 2689 3250 δὲ
2720 3200 2813 3251 καὶ
2842 3199 3019 3251 αὐτῶν
3043 3198 3351 3252 ἐπακοῦσαι
3379 3197 3597 3269 τῶνςῆς

2006 3282 2229 3353 Γραφῆς
2243 3284 2521 3353 ῥημάτων.
2538 3276 2723 3338 Αὗται
2735 3281 2802 3335 δὲ
2818 3284 2877 3335 al
2887 3281 3175 3351 γενέσεις,
3189 3281 3373 3352 φησὶν,
3392 3281 3599 3335 Ἰσαὰκ

2008 3366 2114 3419 τοῦ
2146 3364 2279 3418 υίοῦ
2322 3363 2597 3433 Ἀϐραάμ.
2618 3366 2861 3433 Ἀϐραὰμ
2888 3365 3188 3433 ἐγέννησε
3217 3362 3323 3417 τὸν
3375 3362 3595 3417 Ἰσαάκ.

2007 3443 2119 3501 Ἦν
2139 3445 2207 3499 δὲ
2248 3448 2452 3501 Ἰσαὰκ
2473 3446 2622 3500 ἐτῶν
2645 3446 3112 3514 τεσσαράκοντα,
3129 3445 3229 3500 ὅτε
3250 3448 3430 3500 ἔλαϐε
3461 3446 3592 3500 Ῥε-

2009 3528 2232 3583 ϐέκκαν
2263 3529 2555 3598 θυγατέρα
2599 3528 2879 3595 Βαθουὴλ
2905 3527 3010 3581 τοῦ
3034 3529 3232 3595 Σύρου
3258 3529 3326 3581 ἐκ
3354 3528 3463 3597 τῆς
3484 3532 3601 3583 M8-

2007 3613 2401 3682 σοποταμίας,
2422 3612 2573 3684 [492]
2620 3613 2899 3683 ἀδελφὴν
2924 3612 2992 3664 δὲ
3014 3611 3218 3666 Λάϐαν
3242 3612 3349 3666 τοῦ
3377 3614 3597 3682 Σύρου,

2008 3697 2198 3763 ἐαυτῷ
2224 3700 2309 3763 είς
2338 3696 2612 3767 γυναῖκα.

2072 3780 2280 3833 Σκόπει
2336 3796 2450 3850 μοι,
2504 3780 2791 3849 ἀγαπητὴ
2848 3779 2948 3849 τῆς
3008 3777 3157 3842 θείας
3216 3778 3439 3849 Γραφῆς
3497 3778 3603 3849 τὴν

2010 3863 2337 3936 ἀκρίϐειαν,
2400 3863 2548 3925 ὅπως
2601 3862 2754 3916 οὐδὲν
2826 3864 3121 3935 παρέργως
3175 3863 3376 3933 τίθησι.
3440 3862 3602 3925 Τίνος

2011 3946 2119 4017 γὰρ
2176 3944 2362 3998 Ξνεκεν
2420 3947 2551 4016 ήμῐν
2611 3945 2701 3997 τὸν
2752 3944 2943 4016 χρόνον
3004 3945 3099 3999 106
3161 3947 3350 3999 Ἰσαὰκ
3408 3946 3601 4015 ἐπιση-

2015 4030 2287 4101 μαίνεται,
2311 4028 2403 4082 καί
2437 4023 2737 4099 φησιν,Ἦν
2772 4028 2840 4083 δὲ
2872 4029 3069 4083 Ἰσαὰκ
3106 4026 3257 4082 ἐτῶν
3302 4027 3601 4097 τεσσαρά-

2012 4128 2215 4175 κοντα,
2243 4111 2341 4165 ὅτε
2367 4112 2544 4166 ἔλαϐε
2564 4109 2677 4179 τὴν
2716 4110 3075 4176 Ῥεϐέκκαν;
3112 4111 3223 4180 Οὐχ
3254 4109 3459 4175 ἁπλῶς,
3477 4110 3600 4163 οὐδὲ

2012 4195 2157 4266 είκῆ-
2191 4194 2307 4249 ἀλλ’
2339 4194 2526 4265 ἐπειδὴ
2577 4194 2759 4264 μέλλει
2793 4196 2932 4265 μετά
2956 4195 3131 4248 ταῦτα
3160 4194 3260 4264 τῆς
3303 4194 3601 4258 Ῥεϐέκκας
3640 4232 3643 4233 ν

2012 4282 2144 4351 ἡμῖν
2164 4278 2470 4349 διηγεῖσθαι
2502 4279 2600 4350 τὴν
2640 4278 2946 4350 στείρωσιν,
2988 4279 3083 4331 καὶ
3128 4279 3211 4332 ὃτι
3234 4277 3295 4343 ὲξ
3315 4278 3479 4349 εὐχῆς
3504 4277 3601 4332 τοῦ

2013 4361 2223 4416 δικαίου
2251 4360 2319 4415 τά
2345 4361 2444 4431 τῆς
2477 4361 2817 4425 παιδοποιίας
2842 4362 2977 4433 αὐτῇ
3003 4362 3216 4429 γέγονε,
3248 4361 3495 4431 βούλεται
3522 4360 3603 4415 δι·-

2014 4441 2171 4508 δάξαι
2192 4445 2338 4515 ήμᾶς
2370 4444 2429 4496 16
2465 4443 2695 4513 μέγεθος
2719 4444 2820 4515 τῆς
2842 4445 3119 4515 ὑπομονῆς
3141 4443 3235 4497 106
3270 4444 3475 4510 Ἰσαὰκ,
3507 4444 3604 4498 καὶ

2018 4528 2255 4599 σημᾶναι
2285 4527 2375 4580 τὸν
2404 4528 2596 4597 χρόνον
2642 4527 2906 4598 ἀκριϐῶς,
2937 4528 3060 4581 ὅσον
3090 4528 3149 4580 ὲν
3182 4527 3413 4600 ἀπαιδία
3445 4528 3606 4596 γέγο-

2017 4626 2124 4664 νεν·
2146 4610 2231 4663 ἵνα
2258 4608 2352 4662 καὶ
2378 4610 2535 4679 ἡμεῖς
2569 4608 2856 4679 ζηλοῦντες
2886 4610 2979 4664 16v
3001 4609 3229 4675 δίκαιον,
3256 4611 3401 4665 οὐτω
3430 4628 3607 4683 προσ-

2016 4692 2322 4765 εδρεύωμεν
2367 4694 2485 4754 ταῖς
2520 4692 2656 4760 πρὸς
2684 4692 2774 4745 τὸν
2804 4692 2935 4746 Θεὸν
2962 4692 3214 4757 ίκεσίαις,
3249 4692 3470 4748 ἐπειδὰν
3516 4694 3605 4747 αί·

2016 4774 2199 4845 τῶμέν
2227 4790 2279 4826 τι
2310 4776 2439 4845 παρ’
2468 4772 2655 4826 αὐτοῦ.
2686 4775 2747 4827 Εἰ
2781 4775 2891 4847 γὰρ
2930 4776 2959 4828 6
2995 4776 3204 4839 δίκαιος
3232 4771 3388 4840 οὗτος
3414 4776 3607 4848 ὲνάρερ

2016 4874 2107 4922 τος
2135 4856 2244 4920 ῶν,
2273 4858 2370 4909 καὶ
2419 4856 2688 4927 τοσαύτης
2722 4858 2934 4922 εὐνοίας
2984 4858 3279 4912 ἀπολαύων
3324 4859 3475 4932 παρά
3506 4859 3607 4914 τοῦ

2017 4941 2175 5007 Θεοῦ,
2203 4938 2472 5012 τοσαύτην
2496 4941 2839 4996 ἐπεδείκνυτο
2854 4942 3089 5015 σπουδὴν
3110 4943 3205 4996 καὶ
3226 4943 3489 5008 εὐτονίαν,
3509 4942 3604 5000 τὸν

2018 5023 2149 5077 Θεὸν
2172 5022 2435 5096 διηνεκῶς
2464 5024 2815 5095 παρακαλῶν,
2842 5024 2982 5078 ὥστε
3002 5024 3159 5077 λῦσαι
3182 5024 3280 5096 τῆς
3308 5024 3603 5089 Ῥεϐέκκας

2019 5105 2118 5179 τὴν
2144 5106 2449 5177 στείρωσιν,
2489 5106 2543 5159 τί
2579 5104 2646 5161 ἀν
2678 5106 2929 5178 εἴποιμεν
2968 5108 3196 5179 ήμεῖςοί
3215 5106 3451 5161 τοσαῦτα
3472 5125 3610 5181 φορ-

2018 5191 2110 5245 τία
2158 5190 2572 5262 ἁμαρτημάτων
2603 5190 2818 5263 ἔχοντες
2858 5190 3200 5262 ἐπικείμενα,
3235 5190 3330 5245 καὶ
3378 5192 3514 5262 μηδὲ
3546 5190 3608 5247 τδ

2021 5273 2313 5327 πολλοστὸν
2343 5272 2438 5326 τοῦ
2466 5272 2676 5327 δικαίου
2706 5273 2899 5327 τούτου
2933 5274 3099 5346 μέρος
3148 5274 3607 5345 ἐπιδεικνύμενοι,

2019 5356 2155 5410 ἀλλά
2174 5356 2275 5410 κᾶν
2302 5355 2437 5427 πρὸς
2450 5353 2629 5425 ὀλίγον
2650 5355 2886 5429 σπουδήν
2906 5374 3027 5410 τινα
3048 5354 3462 5427 επιδειεὼμεθα,
3478 5374 3611 5430 ναρ-

2020 5437 2226 5501 κῶντες
2252 5438 2346 5493 καὶ
2371 5438 2777 5508 ἀποπηδῶντες,
2807 5441 2856 5493 εί
2886 5440 2961 5512 μὴ
2988 5439 3181 5493 θᾶττον
3206 5439 3609 5512 είσακουσθείη-

2024 5537 2151 5592 μεν;
2172 5519 2271 5574 Διά
2307 5519 2488 5584 τοῦτο,
2521 5521 2825 5594 παρακαλῶ
2841 5564 2857 5588 ,
2882 5524 2947 5578 εκ
2983 5524 3090 5578 τῶν
3114 5522 3195 5594 τῷ
3220 5522 3411 5592 δικαίῳ
3433 5524 3610 5595 τούτῳ

2024 5602 2349 5675 συμϐάντων
2391 5604 2810 5677 παιδευόμενοι,
2849 5606 3121 5677 μηδέποτε
3160 5604 3464 5675 παυώμεθα
3514 5605 3611 5661 τδν

2022 5685 2154 5739 Θεὸν
2182 5686 2625 5758 παρακαλοῦντες
2651 5687 2794 5759 ὑπὲρ
2819 5689 2917 5759 τῆς
2954 5689 3351 5759 συγχωρήσεως
3392 5687 3503 5744 τῶν
3532 5691 3609 5741 οἰ-

2023 5767 2185 5822 κείων
2209 5767 2715 5841 πλημμελημάτων,
2737 5770 2873 5826 ἀλλά
2894 5770 3101 5845 θερμὴν
3122 5772 3218 5825 καὶ
3240 5770 3466 5835 ζέουσαν
3484 5788 3613 5843 προ-

2030 5851 2230 5922 θυμίαν
2279 5851 2761 5927 ὲπιδεικνυώμεθα,
2800 5855 2890 5909 καὶ
2936 5856 3010 5926 μὴ
3040 5854 3419 5925 ἀσχάλλωμεν,
3474 5854 3612 5926 μηδὲ

2026 5934 2371 6007 ὀκνηρότερυι
2400 5934 2763 6007 γινώμεθα,εί
2784 5937 2857 6008 μὴ
2879 5937 3071 5990 θᾶττον
3100 5934 3607 6007 είσαχουσθείημεν.

2030 6018 2190 6082 Ἴσως
2207 6020 2334 6092 γὰρ,
2364 6018 2493 6085 ἴσως
2522 6018 2874 6095 σοφιζόμενος
2892 6019 3049 6092 ήμῶν
3065 6021 3163 6093 τὴν
3184 6020 3406 6093 διηνεκῆ
3434 6036 3602 6093 προσ·
