4144 6474
297 2313 358 2328 ..ν’

667 357 778 415 με
1375 349 1433 404 8.
1471 348 1760 405 JOANNIS
1796 335 2287 416 CHRYSOSTOII
2319 333 2642 394 ARCIIIEP.
2673 329 3224 392 CONSTANTINOI’.
3788 325 3902 384 ι-ιε

662 469 846 543 εδρίαν
902 467 932 520 6
977 463 1267 535 Δεσπότης,
1301 461 1730 528 διαναϐάλλεται,
1788 458 2104 543 βουλόμενος
2131 454 2227 543 καὶ

659 536 759 622 τῆς
779 548 1052 618 ὑπομονῆς
1077 546 1222 615 ὴμᾶς
1269 543 1590 614 κομίσασθαι
1617 547 1710 598 τὸν
1765 539 2103 622 μισθὸνηκαὶ
2137 536 2228 588 τὸν

661 621 852 702 καιρὸν
885 628 1056 691 είδὼς,
1083 626 1198 679 καθ’
1212 624 1270 678 6v
1292 624 1562 689 λυσιτελές
1592 627 1738 678 ἐστιν
1773 625 1904 693 ἡμῖν
1935 621 2042 702 τῶν
2066 634 2230 702 amur

661 697 965 782 δαζομένων
985 709 1276 776 ἐπιτυχεῖν.
1309 707 1441 760 Οὐδέ
1462 707 1570 777 γάρ
1599 705 1771 769 οὕτως
1796 705 1956 774 ἡμεῖς
1987 701 2143 771 ῐσμιν
2168 697 2229 782 :6

663 779 935 862 συμφέρον
968 791 1195 851 ἑαυτοῖς,
1227 789 1302 850 ῶς
1324 787 1484 850 αὐτὸς
1506 787 1746 858 ἀκριϐῶς
1770 786 2071 845 ἐπίσταται,
2104 783 2132 833 ὁ
2159 779 2230 862 τά

663 859 944 944 ἀπόρρητα
977 869 1074 937 τῆς
1126 867 1361 931 διανοίας
1409 869 1637 922 ἐκάστου
1689 866 2070 934 ἐπιστάμενος.
2094 860 2172 912 Δι’
2201 859 2228 911 6

663 959 925 1028 προσήκει
952 954 1115 1026 μηδὲν
1153 955 1604 1028 περιεργάζεσθαι
1634 953 1728 1008 καὶ
1757 946 2229 1020 πολυπραγμονεῖν

663 1041 769 1093 τῶν
796 1038 947 1111 παρὰ
970 1037 1061 1090 τοῦ
1089 1037 1223 1090 Θεοῦ
1255 1037 1574 1106 γινομένων,
1621 1034 1757 1088 άλλά
1786 1032 1983 1103 πολλὴν
2012 1031 2110 1101 τὴν
2140 1029 2232 1082 εὐ-

660 1119 1014 1190 γνωμοσύνην
1043 1117 1467 1179 ἐπιδείκνυσθαι,
1526 1118 1621 1170 καὶ
1674 1115 1972 1186 θαυμάζειν
2017 1111 2125 1164 τῶν
2151 1111 2231 1164 δι-

664 1203 834 1255 καίων
857 1203 953 1263 τὰς
972 1200 1191 1268 ἀρετάς.
1253 1199 1464 1267 Ἐπειδὴ
1514 1197 1620 1268 γὰρ
1677 1192 1828 1250 εἶπεν
1874 1197 2004 1265 ἡμῖν
2037 1196 2070 1262 ἡ
2113 1191 2231 1245 θεία

665 1285 704 1336 Γ
704 1283 871 1354 ραφὴ,
902 1284 1041 1335 ὅσων
1063 1281 1198 1335 ἐτῶν
1223 1277 1291 1351 ἦν
1325 1281 1527 1343 Ἰσαάκ,
1563 1278 1825 1346 λέγεικαὶ
1855 1275 1982 1346 περὶ
2013 1272 2231 1354 Ῥεϐέκέ-

665 1353 765 1428 κας
786 1365 884 1434 τῆς
909 1363 1161 1432 γυναικὸς
1190 1361 1353 1414 αὐτοῦ
1381 1401 1394 1421 ,
1424 1362 1504 1414 ὃτι
1539 1362 1724 1429 στεῖρα
1753 1355 1843 1426 ἦν.
1870 1356 1978 1411 Θέα
2006 1370 2093 1424 μοι
2137 1353 2228 1406 τοῦ

662 1447 870 1500 δικαίου
914 1447 973 1498 τὺ
1022 1444 1285 1512 φιλόθεον.
1324 1443 1539 1512 Ἐπειδὴ
1589 1442 1696 1511 γάρ
1735 1436 1839 1493 εἶδε
1891 1437 2231 1509 χωλεύουσαν

663 1528 760 1598 τὴν
783 1528 961 1595 φύσιν,
1007 1526 1098 1579 ἐπὶ
1135 1525 1224 1580 τὸν
1280 1525 1377 1594 τῆς
1415 1523 1624 1592 φύσεως
1654 1520 1978 1593 δημιουργὸν
2011 1518 2229 1588 έδραμε,

664 1612 760 1662 καὶ
793 1610 861 1662 τά
883 1609 1052 1679 δεσμά
1083 1608 1181 1677 τῆς
1211 1608 1423 1676 φύσεως
1448 1605 1535 1658 διὰ
1567 1605 1665 1672 τῆς
1691 1604 1853 1674 εὐχης
1897 1601 2040 1654 λύειν
2074 1600 2228 1668 ὴπεί·

665 1708 809 1758 γετο.
851 1690 1071 1744 Ἐδέετο
1095 1690 1224 1757 γὰρ,
1281 1687 1471 1755 φησὶν,
1512 1686 1714 1739 Ἰσαὰκ
1753 1684 1884 1751 περί
1929 1681 2233 1745 Ῥεϐέκκας

665 1772 774 1838 τῆς
805 1771 1083 1840 γυναικὸς
1103 1769 1287 1822 αὐτοῦ
1312 1769 1400 1821 ὅτι
1420 1767 1623 1835 στεῇοα
1649 1762 1745 1835 ἦν.
1783 1766 1880 1819 Ἐν
1909 1763 2063 1817 τοῦτο
2095 1761 2235 1834 πρῶ-

665 1870 755 1905 τον
782 1853 930 1916 ἄξιον
963 1851 1211 1922 ζητῆσαι,
1229 1850 1372 1912 τίνος
1395 1849 1728 1918 ἐνεκεν,βίου
1763 1843 1896 1900 οὖσα
1917 1844 2232 1915 θαυμαστοῦ

666 1934 761 1986 καὶ
797 1931 953 2003 αὐτὴ,
988 1933 1080 1986 καὶ
1102 1934 1130 1984 6
1151 1922 1292 2001 ’ἀνὴρ
1314 1931 1500 2000 αὐτῆς,
1534 1931 1627 1982 καὶ
1653 1927 1853 1998 πολλῆς
1884 1928 1980 1998 τῆς
2025 1943 2235 1996 σωφρο-

669 2017 833 2085 σύνης
860 2015 1154 2085 ἀμφότεροι
1183 2013 1624 2082 ἐπιμελούμενοι,
1657 2005 1926 2080 στεῖραῆν
1950 2026 1966 2075 ;
1995 2008 2235 2077 Οὐκέχοο

670 2115 769 2168 μεν
793 2096 1141 2149 ἐπιλαθέσθαι
1167 2094 1345 2147 αὐτῶν
1372 2095 1470 2163 τῆς
1503 2093 1668 2160 ζωῆς,
1701 2093 1793 2145 καὶ
1818 2093 2010 2154 είπεῖν,
2028 2089 2234 2142 ὅτιτῶν

667 2177 945 2248 ἁμαρτιῶν
965 2173 1032 2247 ἦν
1064 2175 1220 2246 ἔργον
1253 2176 1285 2244 ἡ
1320 2175 1601 2243 στείρωσις
1633 2187 1680 2227 ο.
1707 2174 1816 2226 Καὶ
1853 2174 1937 2225 ἵνα
1972 2170 2148 2242 μάθῃς
2173 2170 2234 2222 τὸ

665 2260 990 2329 θαυμαστὸν,
1017 2258 1099 2310 δτι
1130 2258 1229 2309 οὐκ
1254 2256 1388 2326 αὐτὴ
1413 2256 1569 2325 μόνον
1601 2259 1784 2325 στεῖρα
1812 2251 1901 2325 ἦν,
1935 2252 2069 2306 ἀλλὰ
2088 2253 2180 2305 καί⁵
2200 2252 2233 2320 ὴ

671 2343 856 2410 μήτηρ
887 2339 980 2392 τοῦ
1007 2339 1213 2391 δικαίου
1247 2339 1280 2407 ὴ
1307 2338 1510 2408 Σάρῤαο
1540 2338 1632 2389 καὶ
1658 2337 1754 2405 οὐχ
1790 2339 1821 2406 ἡ
1858 2336 2041 2405 μήτηρ
2067 2333 2124 2386 δέ
2148 2333 2236 2386 αὐ-

667 2422 760 2477 τοῦ
787 2422 964 2491 μόνον,
1006 2419 1137 2474 ἀλλὰ
1170 2422 1262 2475 καὶ
1293 2423 1326 2488 ἠ
1364 2420 1569 2489 νύμφη,
1599 2419 1690 2472 τοῦ
1740 2417 1986 2488 Ἰακὼϐή
2016 2415 2170 2487 γυνὴ,
2199 2418 2232 2486 ή

677 2504 878 2575 Ῥαχὴλ
900 2503 1058 2572 λέγω.
1110 2503 1174 2556 Τί
1211 2503 1456 2574 βούλεται
1480 2502 1587 2554 τῶν
1616 2500 1840 2572 στειρῶν
1871 2499 2075 2552 τούτων
2101 2500 2128 2552 6
2149 2516 2232 2567 χο·

669 2591 793 2660 ρός;
819 2587 1023 2648 Πάντες
1054 2585 1247 2638 δίκαιοι
1269 2624 1282 2648 ,
1337 2584 1536 2645 πάντες
1591 2583 1850 2654 ἐνάρετοι.
1909 2583 2106 2644 πάντες
2136 2581 2238 2633 ὐπὸ

667 2669 802 2721 Θεοῦ
832 2667 1280 2738 μαρτυρούμενοι.
1326 2668 1462 2737 Περὶ
1492 2666 1800 2736 γὰραύτῶν
1848 2664 2233 2738 [493]·ἕλεγεν·

681 2750 820 2820 Ἐγώ
845 2752 958 2817 ειμι
982 2752 1013 2802 ὀ
1042 2749 1184 2813 Θεὸς
1224 2750 1487 2815 Ἀϐραὰμ,
1522 2749 1615 2801 καὶ
1649 2751 1680 2801 ό
1712 2748 1852 2812 Θεές
1885 2746 2109 2809 Ἰσαὰκ,
2139 2746 2237 2799 καί

669 2834 704 2884 ὁ
728 2830 871 2896 Θεὸς
898 2829 1108 2883 Ἰακώϐ.
1139 2830 1246 2882 Καὶ
1277 2831 1304 2882 6
1329 2831 1588 2899 μακάριος
1611 2829 1665 2880 δὲ
1691 2828 1898 2890 Παῦλὸς
1918 2845 2069 2898 φησι·
2097 2830 2176 2881 Δι’
2204 2827 2236 2881 ὃ

669 2917 778 2966 οὐκ
799 2914 1223 2980 ἐπαισχύνεται
1255 2915 1286 2964 ό
1317 2911 1480 2976 Θεὸς,
1517 2909 1660 2976 Θεὸς
1695 2911 2104 2965 ἐπικαλεῖσθαι
2134 2913 2238 2965 αὑ-

668 2996 804 3048 τῶν.
860 2994 1033 3048 Πολλά
1068 2993 1243 3048 αὐτῶν
1263 2994 1330 3047 τά
1361 2992 1610 3062 ἐγκώμια
1643 2995 1699 3045 ἐν
1733 2997 1798 3064 τῇ
1826 2996 2021 3064 Καινῇ,
2057 2993 2238 3046 πολλοὶ

670 3080 718 3130 οί
763 3077 970 3130 ἐπαινοι
995 3077 1052 3128 ἐν
1100 3077 1166 3143 τῇ
1212 3075 1439 3144 Παλαιᾷ.
1479 3076 1817 3144 Πανταχόθεν
1865 3075 2107 3147 λαμπροὶ
2145 3075 2239 3128 καὶ⁸

670 3159 946 3228 ἐπίσημοι,
967 3157 1060 3209 καὶ
1093 3157 1292 3218 πάντες
1328 3156 1542 3228 στείρας
1567 3157 1722 3225 ἔσχον
1745 3161 2030 3224 γυναῖκας,
2065 3157 2158 3210 καὶ
2182 3157 2239 3210 ὲν

670 3241 897 3310 ἀπαιδίᾳ
921 3235 1060 3310 ἦσαν
1093 3238 1251 3308 μέχρι
1279 3238 1472 3291 πολλοῦ
1496 3238 1586 3291 τοῦ
1618 3240 1829 3311 χρόνον.

742 3341 806 3411 β’.
845 3339 1010 3395 Ὀταν
1028 3335 1117 3391 οὖν
1137 3340 1250 3409 ῐδῃς
1279 3338 1444 3408 ἄνδρα
1461 3341 1553 3393 κα)⁵
1572 3344 1801 3408 γυναῖκα
1831 3343 1888 3393 ἐν
1911 3342 2076 3411 ἀρετῇ
2100 3339 2236 3404 ζῶν-

669 3442 788 3489 τας,
810 3422 903 3476 καὶ
933 3424 989 3474 ἐν
1017 3421 1241 3492 ἀπαιδίᾳ
1268 3423 1651 3490 τυγχάνονταςο
1683 3424 1808 3476 ὅταν
1829 3423 1942 3494 ῐδῃς
1971 3421 2237 3485 θεοσεϐεῖς

671 3507 828 3568 ὄντας
852 3546 866 3569 ,
903 3505 994 3556 καὶ
1050 3503 1327 3566 εὐλαϐείας
1361 3505 1814 3574 ἐπιμελομένους,
1865 3505 2127 3567 ἄπαιδας,
2164 3504 2238 3575 μὴ

671 3584 900 3655 νομίσῃς
929 3581 1207 3653 ἁμαρτιῶν
1240 3579 1377 3634 εἶναι
1425 3581 1579 3652 ἔργα.
1627 3583 1813 3634 Πολλοῖ⁵
1845 3582 1953 3652 γάρ
1984 3582 2075 3634 τοῦ
2103 3582 2236 3635 Θεοῦ

672 3667 770 3735 τῆς
798 3665 1104 3734 οἰκονομίας
1123 3665 1170 3717 οἱ
1187 3664 1328 3731 λόγοι
1358 3663 1451 3714 καὶ
1482 3665 1610 3734 ἡμῖν
1640 3665 1955 3734 ἀπόρρητοι,
1990 3665 2083 3717 καὶ
2100 3664 2237 3735 ὑπὲρ

672 3747 888 3799 πάντων
916 3746 1250 3815 εὐχαριστεῖν
1276 3744 1373 3811 δεῖ,
1408 3746 1503 3797 καὶ
1535 3745 1726 3814 μόνους
1761 3745 1999 3808 ἐκείνους
2023 3745 2238 3798 ταλανίο

674 3828 786 3891 ζειν
807 3829 1002 3888 τούςέν
1023 3826 1188 3895 κακία
1218 3825 1444 3889 ζῶντας,
1480 3828 1540 3878 οὐ
1578 3828 1702 3888 τοὺς
1738 3826 1920 3878 παιδία
1951 3826 2023 3897 μὴ
2050 3843 2240 3897 κεκτη-

677 3911 886 3981 μένους.
937 3908 1113 3961 Πολλά
1154 3907 1262 3978 γάρ
1297 3908 1552 3971 πολλάκις
1581 3912 1641 3962 6:
1663 3908 1795 3971 Θεὸς
1857 3910 2237 3979 συμφερόντως

673 3994 962 4060 οἰκονομεῖ,
992 3991 1150 4060 ἡμεῖς
1179 3990 1235 4044 δέ
1262 3991 1359 4060 τὴν
1390 3989 1565 4043 αἰτίαν
1591 3989 1697 4043 τῶν
1730 3991 2108 4060 γεγενημένων
2140 3992 2238 4044 οὐκ

677 4074 850 4143 τσμεν.
882 4071 981 4124 Διά
1005 4069 1164 4124 τοῦτο
1202 4071 1474 4140 πανταχοῦ
1509 4072 1802 4142 θαυμάζειν
1830 4071 1995 4124 αὐτοῦ
2024 4072 2121 4142 τὴν
2149 4089 2237 4125 σο-

677 4155 802 4223 φίαν
833 4153 957 4222 χρὴ,
991 4152 1085 4204 καὶ
1114 4152 1354 4217 δοξάζειν
1386 4153 1548 4205 αὐτοῦ
1571 4155 1672 4224 τὴν
1705 4154 2113 4224 φιλανθρωπίαν
2140 4155 2238 4226 τὴν

675 4238 896 4304 ἄφατον.
936 4234 1093 4286 Ἀλλά
1110 4234 1281 4288 ταῦτα
1307 4235 1405 4304 μὲν
1439 4235 1573 4305 πρὸς
1590 4236 1854 4303 ὠφέλειαν
1875 4238 2008 4305 ,ἡμῖν
2028 4237 2235 4307 εἴρηται

674 4319 771 4388 τὴν
809 4317 1097 4388 ὑμετέραν,
1129 4317 1270 4370 ὥστε
1305 4319 1500 4389 πολλὴν
1533 4320 1633 4389 τὴν
1659 4315 2071 4390 εὐγνώμοσύνην
2120 4321 2237 4371 ἐπι-

674 4399 1000 4465 δείκνυσθαι,
1034 4400 1127 4452 καὶ
1152 4400 1227 4471 μὴ
1251 4399 1709 4471 περιεργάζεσθαι
1747 4400 1840 4453 τοῦ
1871 4401 2004 4454 Θεοῦ
2033 4403 2131 4464 τὰς
2159 4405 2236 4456 οίο

676 4483 948 4551 κονομίας·
988 4482 1067 4534 δεῖ
1107 4482 1163 4535 δέ
1211 4484 1304 4536 καὶ
1345 4482 1442 4547 τὴν
1485 4483 1661 4535 αίτίαν
1691 4486 1882 4546 εἰπεῖν,
1910 4484 1976 4537 δι’
2006 4487 2071 4556 ἢν
2097 4480 2236 4556 ἦσαν

677 4567 878 4617 ἐκεῖναι
914 4567 1120 4633 στεῖραι
1159 4567 1211 4616 αί
1244 4567 1518 4631 γυναῖκες.
1565 4565 1660 4627 Τίς
1684 4561 1775 4617 οῦν
1799 4568 1943 4618 ἐστιν
1971 4569 2004 4636 ὴ
2047 4569 2234 4634 uitta;

680 4645 819 4707 Ίνα,
847 4646 971 4698 ὅταν
1003 4647 1114 4714 ἴδῃς
1156 4645 1253 4713 τὴν
1303 4647 1570 4715 Παρθένον
1628 4645 1912 4700 τίκτουσαν
1945 4650 2033 4701 τὸν
2061 4653 2236 4705 κοινὸν

678 4726 832 4797 ὴμῶν
864 4726 1156 4795 Δεσπότην,
1192 4725 1266 4796 μὴ
1317 4728 1639 4799 ἀπιστήσῃς.
1688 4728 1961 4796 Γύμνασόν
2014 4748 2105 4783 σου
2153 4735 2238 4787 ἐν-

676 4807 850 4862 ταῦθα
868 4806 966 4878 τὴν
992 4807 1245 4871 διάνοιαν,
1274 4807 1456 4878 φησὶν,
1475 4809 1532 4859 ἐν
1557 4811 1622 4879 τῇ
1652 4811 1834 4879 μήτρᾳ
1855 4809 1961 4862 τῶν
1990 4813 2235 4884 στειρῶν,

679 4890 744 4941 ἵν’
765 4891 891 4943 ὅταν
918 4889 1029 4960 ἴδῃς
1053 4889 1454 4962 πεπηρωμένην
1470 4891 1561 4942 καί⁵
1575 4891 1859 4961 δεδεμένην
1877 4893 2085 4962 μήτραν
2104 4897 2235 4966 πρὸς

680 4971 1012 5023 παιδοποιίαν
1044 4971 1395 5040 ἀνοιγομένην
1418 4973 1481 5024 ἐκ
1507 4972 1604 5041 τῆς
1637 4972 1728 5025 τοῦ
1749 4972 1883 5025 Θεοῦ
1904 4974 2143 5046 χάριτος,
2163 4978 2239 5050 μὴ

680 5051 962 5123 θαυμάσῃς
988 5052 1198 5105 ἀκούων
1217 5053 1298 5105 ὅτι
1319 5053 1582 5123 παρθένος
1603 5053 1776 5110 ἔτεκε.
1805 5059 2020 5114 Μᾶλλον
2039 5059 2097 5113 δὲ
2121 5052 2241 5112 θαύ-

684 5151 851 5204 μασον
895 5137 986 5187 καὶ
1022 5134 1359 5206 ἐκπλάγηθι,
1410 5134 1544 5188 ἀλλὰ
1571 5137 1644 5206 μὴ
1682 5140 1985 5214 ἀπιστήσῃς
2009 5141 2240 5212 τῷθαύ-

684 5233 832 5287 ματι.
858 5219 1026 5271 Ὅταν
1055 5214 1148 5273 οὖν
1179 5217 1310 5291 λέγῃ
1341 5216 1476 5289 πρὸς
1503 5218 1562 5269 σέ
1593 5222 1621 5272 6
1660 5220 1926 5286 Ἰουδαῖος,
1958 5223 2080 5288 Πῶς
2125 5224 2238 5278 ἐτε-

680 5316 775 5352 κεν
790 5302 823 5370 ἡ
847 5301 1137 5372 παρθένοςς
1163 5303 1282 5355 είπέ
1303 5302 1439 5372 πρὸς
1455 5300 1633 5366 αὐτὸν,
1653 5302 1774 5366 Πῶς
1797 5305 1980 5359 ἔτεκεν
2005 5309 2038 5377 ὴ
2056 5310 2239 5378 στεῖρα

681 5392 774 5444 καὶ
801 5397 1164 5462 γεγηρακυῖα;
1216 5393 1319 5456 Δύο
1345 5393 1454 5465 γάρ
1486 5390 1778 5464 κωλύματα
1804 5396 1922 5449 τότε
1969 5393 2059 5469 ἦν,
2092 5399 2152 5452 τό
2176 5416 2236 5453 τε

745 5633 773 5662 ⁸
795 5632 949 5706 8ογὶ1;
985 5641 1037 5683 el
1053 5648 1194 5706 “unys
1212 5638 1674 5706 cmigx._6pgércpo:_
1697 5640 2019 5706 ἐπεμελοῦντο,
2044 5647 2124 5694 καὶ
2149 5649 2237 5698 οὐκ

683 5694 732 5749 ἐν
742 5707 907 5754 ομεν...
929 5694 996 5743 ἐτι
1015 5697 1109 5742 τῶν
1129 5698 1366 5760 ἁμαρτιῶν
1375 5694 1448 5757 ’ἦν’
1462 5694 1607 5764 {mvi-
1633 5694 1822 5764 εἴχεταύ
1833 5719 1907 5760 την
1921 5706 1950 5760 ἡ
1972 5694 2236 5770 στείρωᾶιᾷ

2333 452 2509 524 ἄωρον
2533 454 2629 523 τῆς
2652 452 2883 522 ἡλικίας,
2909 450 3005 503 καὶ
3033 448 3095 501 τδ
3115 447 3384 517 ἄχρηστον
3413 440 3512 512 τῆς
3546 439 3779 510 φύσεωςο
3802 437 3904 494 ἐπὶ

2331 541 2386 594 δὲ
2406 541 2503 610 τῆς
2527 540 2798 610 παρθένου
2827 538 2884 592 ιν
2906 536 3135 605 κώλυμα
3157 531 3245 604 ἦν,
3295 531 3356 584 τὸ
3383 531 3457 603 μὴ
3487 530 3774 599 μετασχεῖν
3809 528 3908 582 αὐ-

2329 630 2428 700 τὴν
2456 630 2654 700 γάμου.
2678 629 3021 700 Προοδοποιεῖ
3033 624 3210 678 τοίνυν
3233 624 3299 692 τῇ
3332 620 3584 694 παρθένῳ
3610 621 3644 688 ὴ
3693 619 3905 687 στεῖρα.

2332 720 2442 774 Καὶ
2469 721 2555 773 ἵνα
2584 720 2760 792 μάθῃς
2785 719 2867 771 ὅτι
2914 716 3004 769 διά
3027 715 3184 768 τοῦτο
3213 714 3421 782 στεῖραι
3464 706 3782 780 προέλαϐον,
3815 705 3907 758 ἵνα

2333 810 2592 880 πιστευθῇ
2619 811 2718 879 τῆς
2742 807 3054 879 παρθένουό
3069 805 3246 867 τόκος,
3269 801 3502 857 ἀκουσον
3543 797 3650 852 ἀπὸ
3670 795 3779 849 τῶν
3807 797 3904 866 ρη-

2337 903 2520 973 μάτων
2540 901 2632 955 τοῦ
2663 899 2896 971 Γαϐριὴλ
2934 897 3045 950 τῶν
3077 896 3210 966 πρὸς
3238 893 3336 963 τὴν
3362 890 3629 963 παρθένον
3673 885 3908 958 εἰρημέ-

2333 1011 2457 1054 νων.
2494 992 2707 1061 Ἐπειδὴ
2736 990 2846 1059 γάρ
2870 983 3002 1059 ἦλθε
3028 986 3121 1038 καὶ
3147 980 3296 1037 είπεν
3320 981 3480 1052 αὐτῇ,
3509 977 3808 1047 Συλλήψη
3833 976 3909 1030 ἐν

2335 1082 2564 1152 γαστρί,
2595 1080 2690 1133 καὶ
2715 1079 2857 1147 τέξῃ
2875 1077 3034 1142 υἱὸν,
3068 1075 3166 1128 καί
3190 1073 3472 1139 καλέσεις
3492 1071 3561 1125 τὸ
3598 1068 3908 1138 ὄνομαώ

2335 1175 2439 1226 τοῦ
2483 1169 2747 1240 Ἰησοῦν,
2779 1167 3079 1236 ἐξεπλάγη
3128 1165 3226 1218 καί
3255 1163 3575 1230 ἐθαύμασε,
3616 1158 3718 1212 καί
3749 1157 3901 1214 εἴπεο

2335 1262 2467 1329 Πῶς
2493 1262 2660 1316 ἔσται
2679 1277 2778 1329 μοι
2800 1260 2996 1322 τοῦτο,
3024 1255 3153 1310 ἐπεὶ
3191 1255 3378 1322 ἄνδρα
3398 1254 3470 1306 οὐ
3497 1249 3802 1321 γινώσκωε
3837 1248 3907 1304 Τί

2336 1350 2426 1407 οὖν
2449 1356 2477 1406 6
2507 1353 2764 1421 ἄγγελοςς
2792 1349 3031 1418 Πνεῦμα
3065 1348 3236 1417 ἅγιον
3260 1345 3646 1400 ἐπελεύσεται
3674 1342 3771 1396 ἐπί
3806 1339 3904 1405 σὲ,

2338 1443 2436 1495 καὶ
2462 1442 2714 1510 δύναμις
2753 1440 3042 1508 Ὑψίστου
3078 1435 3418 1490 ἐπισκιάσει
3454 1448 3573 1488 σοι.
3605 1432 3696 1503 Μὴ
3728 1431 3903 1500 ζήτει,

2339 1533 2490 1602 φησὶ.
2521 1532 2733 1602 φύσεως
2758 1529 3096 1595 ἀκολουθίαν,
3127 1531 3253 1582 ὅταν
3280 1526 3418 1596 ὑπὲρ
3441 1518 3655 1597 φύσινῇ
3685 1521 3753 1575 τά
3769 1519 3906 1589 γινό-

2341 1639 2495 1693 μεναο
2527 1624 2600 1692 μὴ
2625 1620 2952 1692 περιϐλέπου
2979 1619 3171 1688 γάμων
3198 1616 3410 1680 ὠδῖνας,
3441 1615 3570 1668 ὅταν
3595 1611 3794 1684 μείζων
3815 1609 3910 1677 γάο

2342 1732 2441 1786 μου
2464 1714 2563 1780 τῆς
2578 1715 2879 1783 γεννήσεως
2907 1714 2936 1764 6
2961 1705 3229 1783 τρόπος
3256 1708 3364 1762 Καὶ
3383 1705 3508 1772 πῶς
3523 1706 3692 1760 ἔσται
3706 1701 3904 1767 τοῦτο,

2340 1807 2521 1875 φησὶν,
2552 1804 2677 1857 ἐπεὶ
2710 1803 2899 1871 ἄνδρα
2927 1805 2998 1857 οὐ
3032 1799 3299 1871 γινώσκω
3316 1814 3336 1863 ;
3383 1796 3492 1851 Καὶ
3523 1795 3629 1867 μὴν
3649 1793 3737 1848 διά
3750 1792 3908 1846 τοῦτο

2341 1896 2512 1961 ἔσται,
2543 1894 2727 1964 ἐπειδὴ
2756 1892 2922 1963 ἄνδρα
2950 1893 3010 1944 οὐ
3035 1891 3345 1961 γινώσκεις.
3389 1889 3453 1959 Εί
3485 1889 3594 1958 γάρ
3613 1886 3908 1954 ἐγίνωσκες

2341 1985 2525 2056 ἄνδρα,
2557 1986 2655 2038 οὐκ
2685 1984 2750 2037 ἀν
2773 1981 3113 2053 κατηξιώθης
3139 1977 3586 2051 ὐπηρετήσασθαι
3620 1978 3686 2046 τῇ
3727 1974 3905 2027 διακο-

2341 2075 2426 2146 νίᾳ
2445 2075 2636 2147 ταύτῃ.
2668 2075 2829 2128 Ὥστε
2844 2074 2911 2127 δι’
2937 2073 2965 2126 6
2991 2074 3257 2135 ἀπιστεῖς,
3285 2071 3352 2124 δι’
3378 2068 3507 2125 αὐτὸ
3535 2067 3778 2122 πίστευε.
3795 2063 3915 2119 οὐκ

2341 2166 2527 2237 ἐπειδὴ
2558 2167 2726 2220 κακὸν
2781 2167 2808 2218 6
2832 2166 3035 2236 γάμος,
3069 2163 3183 2216 ἀλλ’
3208 2161 3391 2230 ἐπειδὴ
3421 2159 3682 2232 κρείττων
3705 2157 3740 2225 ὴ
3774 2170 3916 2224 παρα

2343 2257 2509 2312 θενία’
2538 2258 2637 2328 τὴν
2665 2259 2720 2310 δέ
2747 2256 2838 2310 τοῦ
2869 2256 3048 2310 κοινοῦ
3078 2255 3293 2309 πάντων
3322 2251 3592 2304 Δεσπὸτου
3618 2245 3769 2320 [696]
3800 2244 3918 2298 εἷσ-

2341 2349 2458 2402 οδον
2517 2349 2844 2418 σεμνοτέραν
2874 2347 3038 2417 ἐχρῆν
3061 2341 3196 2398 εἶναι
3218 2345 3314 2414 τῆς
3335 2341 3623 2413 ἡμετέρας
3661 2334 3916 2408 βασιλικὴ

2341 2440 2448 2510 γὰρ
2469 2435 2537 2510 ἦν
2555 2442 2588 2510 ὴ
2618 2439 2834 2502 εἴσοδος.
2853 2439 2999 2491 Ἔδει
3025 2436 3444 2504 κοινωνεῖνιὴμῖν
3469 2433 3566 2501 τῆς
3585 2429 3915 2500 γεννήσεως,

2343 2529 2438 2581 καὶ
2477 2527 2795 2598 ἐξηλλάχθαι
2849 2529 2946 2594 τῆς
2971 2523 3401 2598 ἡμετέραςλίαὶ
3434 2520 3718 2590 ἀμφότερα
3739 2516 3918 2570 ταῦτα

2343 2619 2551 2686 γέγονε,
2579 2619 2671 2669 καί⁵
2692 2619 2840 2679 ὅπως
2864 2614 3125 2670 ἀκουε.Τδ
3145 2614 3241 2683 μὲν
3271 2610 3378 2665 ἀπὸ
3402 2609 3613 2680 μήτρας
3638 2605 3917 2676 γενέσθαι,

2345 2710 2519 2762 κοινὸν
2551 2709 2686 2779 πρὸς
2711 2709 2879 2777 ἡμᾶς·
2911 2706 2971 2758 τὸ
3000 2705 3056 2758 δὲ
3087 2704 3252 2775 χωρὶς
3280 2703 3472 2772 γάμων
3498 2697 3772 2768 γενέσθαι,
3799 2699 3920 2768 μεῖ⁶

2344 2799 2487 2869 ζονῆ
2523 2796 2642 2851 καθ’
2677 2799 2842 2868 ἡμᾶς.
2878 2797 2985 2850 Καὶ
3011 2795 3071 2848 τὸ
3098 2795 3195 2866 μὲν
3228 2796 3285 2846 ἐν
3307 2792 3503 2862 γαστρὶ
3536 2791 3682 2860 σχεῖν
3711 2804 3791 2850 σε,
3815 2786 3920 2857 τῆς

2345 2891 2558 2960 φύσεως
2587 2891 2684 2958 τῆς
2744 2888 3107 2959 ἀνθρωπείας·
3149 2886 3210 2938 :6
3244 2886 3300 2938 δὲ
3328 2885 3495 2954 χωρὶς
3547 2883 3744 2952 μίξεως
3766 2881 3921 2950 γενέ-

2347 2980 2467 3033 σθαι
2484 2979 2581 3049 τὴν
2611 2977 2825 3046 κύησιν,
2842 2975 3164 3046 σεμνότερον
3186 2974 3282 3044 τῆς
3304 2972 3648 3044 ἀνθρωπίνης
3678 2971 3917 3039 φύσεως⁸

2347 3070 2429 3122 ῖνα
2449 3069 2541 3122 καὶ
2579 3067 2674 3137 τὴν
2694 3067 2965 3137 ὑπεροχὴν
3002 3066 3095 3118 καὶ
3119 3065 3217 3136 τὴν
3244 3063 3528 3118 κοινωνίαν
3569 3063 3668 3132 τὴν
3693 3060 3828 3131 πρὸς
3891 3059 3924 3112 ἐ

2349 3158 2544 3229 μάθῃς.
2570 3158 2677 3210 Καὶ
2708 3158 2897 3209 σκόπει
2923 3157 3020 3226 τὴν
3054 3157 3246 3225 σοφίαν
3294 3154 3402 3207 τῶν
3431 3153 3747 3223 γινομένων.
3777 3147 3921 3203 Οὔτε

2345 3247 2636 3320 ήύπεροχὴ
2664 3247 2760 3318 τὴν
2801 3248 3059 3317 ὁμοίωσιν
3109 3247 3202 3299 καὶ
3226 3245 3540 3312 συγγένειαν
3587 3241 3917 3312 ἐλυμήνατο,

2343 3342 2464 3394 οὐτε
2504 3343 2536 3410 ὴ
2568 3342 2704 3411 πρὸς
2732 3343 2878 3410 ἡμᾶς
2907 3340 3195 3408 συγγένεια
3229 3339 3326 3409 τὴν
3353 3336 3623 3409 ὑπεροχὴν
3645 3333 3918 3406 ὴμαύρω·

2345 3447 2458 3494 σεν,
2486 3430 2598 3483 ἀλλ’
2627 3431 2860 3501 ἑκάτερα
2891 3430 3165 3484 ἐδείκνυτο
3185 3430 3272 3482 δια
3297 3427 3405 3480 τῶν
3433 3426 3792 3498 πραγμάτων·
3820 3424 3922 3477 καὶ

2344 3522 2413 3575 τὰ
2445 3523 2542 3593 μέν
2575 3521 2842 3592 ὁλόκληρα
2872 3519 3015 3590 εἶχεν
3049 3522 3312 3591 ἡμέτερα,
3359 3518 3429 3572 τά
3459 3518 3514 3571 δέ
3543 3515 3920 3587 ἐνηλλαγμένα

2345 3611 2480 3684 πρὸς
2517 3614 2684 3682 ἡμᾶς.
2717 3612 2879 3676 Ἀλλ’,
2909 3614 3044 3682 ὅπερ
3090 3612 3289 3680 ελεγον,
3321 3611 3406 3663 διά
3435 3609 3588 3662 τοῦτο
3623 3610 3676 3660 αί
3706 3609 3921 3677 στεῖραι

2343 3697 2524 3769 αὗται,
2545 3704 2632 3756 ἵνα
2654 3703 2914 3773 πιστευθῇ
2964 3707 3062 3773 τῆς
3088 3701 3361 3774 Παρθένου
3390 3704 3416 3754 6
3446 3700 3619 3764 τόκος,
3655 3700 3739 3752 ῐνα
3773 3698 3917 3770 αῦτη

2342 3793 2724 3866 χειραγωγηθῇ
2753 3794 2890 3864 πρὸς
2921 3793 3020 3863 τὴν
3037 3793 3219 3845 πίστιν
3230 3793 3328 3863 τῆς
3351 3789 3676 3859 ἐπαγγελίας
3706 3789 3801 3841 καὶ
3816 3788 3919 3857 τῆς

2344 3880 2701 3950 ὑποσχέσεως.
2740 3882 3004 3934 ’Ἄκουσον
3032 3881 3140 3951 γάρ
3169 3881 3222 3933 τί
3253 3897 3414 3950 φησιν
3460 3882 3488 3932 6
3510 3877 3738 3946 ἄγγελος
3777 3876 3918 3946 πρὸς

2344 3967 2530 4035 αὐτήν.
2563 3965 2800 4034 Πνεῦμα
2823 3967 2995 4034 ἄτιον
3029 3967 3414 4020 ἐπελεύσεται
3451 3965 3549 4018 ἐπὶ
3578 3964 3672 4027 σὲ,
3693 3963 3791 4018 καί
3813 3961 3918 4016 δύ-

2343 4057 2823 4126 ναμιςὙύιΙστου
2852 4056 3192 4110 ἐπισκιάσει
3220 4072 3337 4110 σοι.
3369 4055 3545 4117 Οὕτω,
3569 4057 3752 4125 φησὶν,
3772 4055 3918 4124 ἐχεις

2341 4145 2538 4208 τεκεῖν,
2567 4145 2660 4195 καὶ
2676 4143 2774 4212 τῆς
2788 4144 2871 4195 ἐνε
2883 4143 3066 4212 ργείας
3089 4142 3181 4195 τοῦ
3201 4141 3339 4196 Πνεῦ
3347 4157 3513 4211 ματος
3527 4142 3588 4194 τὸ
3605 4143 3712 4195 πᾶν
3737 4141 3912 4196 ἔσται.

2341 4231 2432 4303 Μὴ
2463 4231 2639 4284 τοίνυν
2671 4231 2831 4300 βλέπε
2879 4231 3012 4302 πρὸς
3045 4230 3140 4300 τὴν
3166 4231 3286 4301 γῆν·
3326 4231 3432 4283 ἀπὸ
3464 4231 3571 4284 τῶν
3602 4229 3847 4301 οὐρανῶν
3875 4232 3914 4300 ἡ

2342 4323 2586 4392 ἐνέργεια
2603 4321 2836 4392 ἔρχεται.
2881 4319 2984 4373 Τοῦ
3010 4319 3321 4389 Πνεύματός
3349 4319 3464 4393 ἐστι
3501 4319 3660 4389 χάρις
3681 4318 3742 4371 τὸ
3765 4318 3915 4387 γινό-

2347 4427 2521 4482 μενον·
2546 4409 2618 4480 μὴ
2637 4411 2783 4480 ζήτει
2814 4408 3028 4476 φύσεως
3056 4407 3391 4472 ἀκολουθίαν,
3432 4408 3504 4478 μὴ
3527 4406 3668 4460 κατά
3711 4408 3911 4479 νόμους

2343 4501 2436 4554 καὶ
2456 4501 2652 4570 γάμον.
2677 4498 2813 4551 Ἀλλ’
2844 4497 3028 4567 ἐπειδὴ
3049 4497 3269 4567 μείζονα
3291 4497 3463 4551 ταῦτα
3498 4492 3567 4568 ἦν
3601 4499 3814 4570 ἐκείνης
3840 4500 3910 4554 τά

2345 4588 2579 4656 ῥήματα,
2602 4584 2844 4652 βούλεται
2864 4584 2956 4635 καὶ
2974 4584 3162 4655 ἑτέραν
3175 4584 3204 4623 δ
3225 4585 3362 4654 αὐτῇ
3381 4587 3678 4657 παρασχεῖν
3690 4587 3912 4642 ἀπόδει-

2344 4673 2452 4739 ξιν.

2413 4797 2468 4848 γ.
2500 4780 2570 4831 Σὺ
2590 4778 2648 4830 δέ
2679 4795 2768 4847 μοι
2787 4777 2996 4842 σκόπει,
3023 4777 3295 4846 ἀγαπητὴ
3328 4777 3443 4841 πῶς
3470 4781 3503 4848 ἠ
3536 4781 3717 4850 στεῖρα
3743 4781 3917 4854 αὐτὴν

2343 4869 2671 4942 χειραγωγεῖ
2705 4868 2834 4938 πρὸς
2861 4867 2957 4937 τὴν
2983 4868 3162 4921 πίστιν
3204 4867 3297 4920 τοῦ
3329 4869 3508 4923 τόκου.
3546 4870 3762 4943 Ἐπειδὴ
3803 4871 3919 4943 γάρ

2342 4965 2373 5030 ἠ
2407 4960 2647 5030 προτέρα
2667 4959 2932 5022 ἀπόδειξις
2955 4959 3153 5028 μείζων
3175 4954 3242 5028 ἦν
3271 4959 3369 5024 τῆς
3399 4959 3634 5023 διανοίας
3659 4963 3757 5032 τῆς
3769 4980 3916 5035 παρ-

2344 5049 2516 5107 θένου,
2548 5046 2776 5099 άκουσον
2802 5045 2917 5107 πῶς
2933 5046 3026 5098 καὶ
3053 5047 3144 5098 ἐπὶ
3159 5045 3225 5098 τά
3247 5046 3603 5118 ταπεινότερα
3626 5049 3917 5119 κατήγαγε

2342 5134 2626 5200 τὸνλόγον,
2659 5131 2747 5184 διὰ
2777 5132 2883 5185 τῶν
2912 5133 3182 5202 αἰσθητῶν
3199 5133 3372 5205 αὐτὴν
3401 5137 3776 5206 χειραγωγῶν.
3797 5140 3916 5193 Kal

2344 5224 2491 5288 ἰδοὺ,
2524 5223 3026 5292 φησίν,Ἑλισά6ετ
3064 5224 3102 5289 ἡ
3132 5225 3433 5293 συγγενής
3456 5240 3593 5292 σου,
3618 5227 3715 5281 καί
3755 5231 3917 5301 αὑτὴ

2344 5312 2743 5382 συνειληφυῒα
2769 5313 2901 5366 υἱὸν
2926 5313 2997 5366 ἐν
3023 5311 3186 5382 τήρει
3209 5313 3398 5381 αὐτῆς
3415 5329 3430 5346 ⁶
3462 5316 3562 5369 καὶ
3589 5313 3768 5385 οὗτος
3781 5317 3922 5389 μὴν

2343 5406 2528 5474 ἕκτος
2555 5407 2726 5460 ἐστίν
2759 5406 2912 5476 αὐτῇ
2948 5407 3022 5474 τῇ
3053 5408 3395 5478 καλουμένῃ
3427 5410 3653 5482 στείρᾳ.
3681 5413 3782 5468 Διὰ
3810 5415 3920 5488 τὴν

2405 5650 2435 5725 ξ
2461 5651 2714 5725 1193].}:
2759 5653 2922 5703 Μοιιυῖ
2949 5657 3034 5713 τήν
3073 5659 3248 5720 ἑτέραν,
3269 5662 3429 5712 minus
3451 5668 3600 5715 recte.
3626 5664 3921 5722 Οοπαιυι

2349 5725 2379 5763 ε
2403 5714 2602 5763 Savilio.
2631 5714 2758 5763 Εοιτ.
