4144 6534
312 420 415 478 ω»

309 537 355 590 si
382 550 493 589 non
519 532 697 590 statim
718 530 1011 587 audiamur.
1034 524 1297 581 Fortassis
1317 523 1461 579 enim
1486 521 1742 576 Dominus
1767 535 1897 576 con-

308 630 511 679 tinuam
557 634 793 679 nostram
842 618 1180 675 sedulitatem
1230 616 1501 685 sapienter
1529 627 1786 669 exercens
1827 615 1896 664 ita

310 715 688 784 procrastinat,
723 722 780 767 ut
809 708 1112 765 mercedem
1135 719 1347 778 quoque
1374 704 1645 774 patientiae
1672 702 1897 771 recipia—

308 821 427 860 mus
457 824 470 859 :
502 816 556 861 et
586 806 707 875 quia
736 804 848 873 ipse
881 813 1091 869 tempus
1120 801 1220 853 scit
1247 796 1459 866 quando
1480 795 1633 850 nobis
1663 795 1791 850 utile
1819 803 1900 849 est

304 901 520 970 assequi
572 900 710 969 quod
749 898 1056 968 quaerimus.
1096 895 1277 964 Neque
1305 894 1447 948 enim
1478 908 1575 946 nos
1598 893 1670 946 ita
1703 893 1899 946 scimus

304 992 434 1063 quid
475 991 629 1046 nobis
652 990 816 1054 utile,
849 998 906 1043 ut
936 989 1049 1057 ipse
1087 986 1364 1041 evidenter
1410 984 1575 1046 novit,
1608 984 1698 1053 qui
1736 984 1896 1036 etiam

302 1082 618 1138 abscondita
650 1082 842 1135 mentis
870 1089 1066 1134 nostris
1095 1076 1386 1144 cognoscit.
1414 1073 1646 1129 Proinde
1669 1088 1765 1144 par
1792 1082 1896 1139 est,

309 1185 371 1228 ut
400 1174 531 1227 nihil
560 1172 821 1226 curiosius
840 1181 1159 1240 quaeramus,
1188 1180 1360 1235 neque
1379 1175 1679 1219 scrutemur
1698 1179 1759 1218 ea
1781 1178 1900 1231 qua:

303 1280 333 1317 a
367 1264 480 1318 Deo
508 1261 851 1333 providentur
879 1278 893 1313 :
921 1258 1016 1312 sed
1045 1256 1181 1326 grati
1206 1254 1490 1309 admodum
1522 1253 1709 1315 simus,
1738 1261 1793 1306 et
1812 1252 1902 1305 ad-

310 1354 574 1408 miremur
583 1354 847 1422 justorum
864 1349 1107 1404 virtutes.
1133 1346 1264 1401 Nam
1293 1354 1570 1414 postquam
1594 1343 1723 1398 dixit
1744 1341 1900 1397 nobis

301 1444 484 1497 divina
512 1443 816 1511 Scriptura,
844 1450 975 1509 quat
1008 1452 1271 1491 annorum
1301 1434 1462 1489 fuerit
1488 1433 1633 1488 lsaac
1652 1474 1667 1499 ,
1690 1432 1818 1487 dicit
1846 1442 1901 1487 et

304 1534 373 1589 de
402 1535 643 1589 llebecca
673 1546 838 1586 uxore
868 1530 1013 1599 ejus,
1051 1528 1193 1599 quod
1221 1526 1418 1581 sterilis
1446 1534 1579 1580 erat.
1610 1523 1765 1590 Vide,
1799 1524 1899 1578 ob-

305 1638 483 1687 secro,
512 1622 642 1691 justi
683 1620 983 1690 religiosam
1023 1628 1278 1672 mentem.
1309 1614 1569 1681 Quoniam
1600 1614 1741 1668 enim
1769 1614 1900 1667 vidit

305 1721 553 1767 naturam
574 1710 986 1776 claudicantem,
1017 1708 1082 1761 ad
1111 1716 1313 1761 natura:
1338 1705 1682 1760 Conditorem
1710 1704 1899 1759 coniu-

305 1805 403 1873 git,
432 1812 488 1858 et
508 1802 717 1857 vincula
742 1811 948 1856 natura:
979 1799 1221 1868 precibus
1246 1799 1453 1852 solvere
1484 1795 1770 1851 festinavit.
1802 1796 1898 1850 21.

304 1894 623 1962 Deprecatus
649 1893 779 1946 enim
809 1901 901 1956 est,
932 1890 1121 1958 inquit,
1151 1886 1303 1942 Isaac
1323 1904 1474 1955 super
1496 1884 1717 1939 Rebecca
1744 1900 1901 1938 uxore

305 2000 423 2048 sua,
446 1983 563 2051 quia
584 1980 765 2035 sterilis
789 1989 917 2034 erat.
952 1978 1125 2035 Unum
1155 1978 1257 2031 hoc
1284 1977 1334 2029 in
1366 1975 1549 2046 primis
1576 1989 1753 2044 operae
1780 1990 1901 2044 pre-

306 2076 440 2129 tium
474 2086 529 2127 ut
567 2087 900 2144 qumramus,
934 2085 1100 2140 quare
1125 2108 1137 2132 ,
1182 2084 1303 2123 cum
1354 2076 1407 2123 et
1434 2068 1565 2137 ipsa,
1597 2077 1651 2121 et
1676 2067 1758 2120 vir
1785 2066 1900 2133 ejus

308 2165 433 2218 vine
465 2163 918 2223 iucrintcximitc,
964 2170 1017 2215 et
1044 2159 1203 2214 ambo
1251 2159 1592 2213 continentia:
1638 2156 1895 2221 studiosi,

306 2254 510 2309 sterilis
536 2254 632 2307 fuit
652 2255 674 2303 ’ἐ
702 2251 813 2306 Non
847 2264 1129 2317 possumus
1168 2262 1390 2316 carpere
1419 2262 1602 2301 eorum
1636 2248 1817 2310 vitam,
1848 2254 1903 2299 et

303 2343 486 2397 dicere
501 2343 831 2396 sterilitatem
852 2340 993 2393 illam
1016 2347 1353 2407 peccatorum
1380 2351 1537 2390 causa
1559 2336 1899 2389 immissam‘.

310 2431 378 2485 Et
404 2440 459 2483 ut
484 2432 657 2484 discas
684 2445 795 2484 rem
826 2432 1037 2495 miram,
1069 2442 1173 2481 non
1203 2427 1373 2481 solum
1411 2426 1524 2495 ipsa
1553 2425 1751 2480 sterilis
1780 2424 1898 2490 fuit,

304 2521 402 2575 sed
432 2529 483 2573 et
515 2530 683 2573 mater
709 2520 833 2587 justi
858 2518 1017 2572 Sarra
1045 2535 1059 2569 :
1088 2532 1260 2586 neque
1286 2525 1459 2570 mater
1497 2516 1611 2584 ejus
1642 2516 1775 2581 sola,
1802 2515 1899 2569 sed

302 2620 361 2665 et
392 2628 555 2665 nurus
578 2654 591 2676 ,
620 2610 820 2665 Rachel
858 2625 989 2666 uxor
1025 2608 1227 2664 Jacobi.
1261 2607 1395 2674 Quid
1420 2608 1521 2661 sibi
1549 2606 1659 2660 vult
1686 2606 1774 2661 ille
1803 2613 1901 2660 ste-

308 2702 490 2756 rilium
531 2702 765 2755 chorus?
795 2701 993 2756 Omnes
1018 2700 1176 2769 justi,
1208 2714 1396 2753 omnes
1423 2698 1622 2753 virtute
1654 2696 1860 2767 prmditi
1883 2737 1897 2761 ,

305 2808 550 2849 omnesa
594 2795 701 2847 Deo
732 2794 1095 2849 testimonium
1146 2791 1422 2846 habentes.
1478 2790 1609 2845 Nam
1656 2790 1725 2844 de
1773 2789 1903 2858 ipsis

300 2886 555 2942 dicebat:
588 2883 699 2955 Ego
738 2902 848 2939 sum
880 2884 1013 2946 Deus
1040 2884 1296 2936 Abraham
1320 2925 1333 2948 ,
1374 2882 1510 2937 Deus
1554 2884 1728 2948 Isaae,
1764 2880 1902 2935 Deus

307 2976 473 3030 Iacob
519 2975 712 3046 (Exod.
741 2976 795 3030 '5.
838 2974 918 3045 6).
948 2975 1140 3028 Beatus
1180 2984 1357 3028 autem
1389 2972 1584 3027 Paulus
1614 2974 1689 3025 ait
1726 2988 1741 3025 :
1777 2969 1902 3024 Ideo

303 3084 409 3121 non
444 3068 772 3137 confunditur
799 3065 967 3129 Deus,
1008 3073 1060 3117 ut
1090 3076 1289 3116 vocetur
1324 3080 1497 3117 eorum
1538 3061 1677 3115 Deus
1717 3059 1899 3131 (Ilebr.

304 3158 544 3226 “.16).
594 3158 769 3211 Multas
816 3158 1048 3225 ipSorum
1095 3156 1275 3209 laudes
1315 3156 1367 3209 in
1404 3154 1573 3219 Novo,
1619 3153 1801 3207 multae
1848 3153 1901 3205 in

306 3250 513 3304 \‘eteri.
551 3247 792 3317 Undique
834 3248 961 3301 clari
998 3256 1051 3300 et
1091 3246 1334 3311 nobiles,
1367 3254 1419 3299 et
1464 3259 1652 3297 omnes
1692 3243 1903 3297 steriles

305 3340 609 3395 habuerunt
622 3338 1115 3407 uxores,multoque
1131 3346 1370 3404 tempore
1388 3344 1676 3389 caruerunt
1694 3334 1899 3389 liberis.

382 3435 461 3486 2.-
488 3430 705 3501 PrOptcr
740 3447 917 3484 causas
946 3446 1161 3481 arcanas
1189 3429 1547 3498 fecunditatem
1578 3428 1728 3480 etiam
1739 3426 1897 3497 justis

312 3536 462 3596 negat
492 3526 671 3591 Deus;
712 3525 994 3595 fecunditas
1023 3523 1268 3577 sterilium
1309 3530 1508 3590 partum
1548 3520 1757 3590 virginis
1785 3535 1902 3588 pro-

308 3615 743 3682 butt—Quando
771 3616 931 3685 igitur
963 3613 1160 3667 videris
1204 3613 1373 3666 virum
1404 3621 1454 3665 et
1486 3611 1765 3664 mulierem
1793 3610 1902 3662 vir--

311 3706 410 3759 tuti
456 3706 685 3771 deditos,
728 3720 917 3761 carere
966 3706 1135 3774 prole,
1185 3702 1397 3772 quando
1444 3701 1640 3755 videris
1688 3701 1802 3768 pios
1845 3704 1902 3754 "et

306 3796 584 3865 religionis
610 3796 873 3851 SlttdiOSOS
897 3812 1000 3849 non
1031 3795 1225 3849 habere
1251 3795 1463 3856 liberos,
1490 3809 1555 3846 ne
1576 3792 1775 3845 tribuas
1803 3791 1903 3845 huc

310 3887 564 3955 peccatis.
618 3887 792 3941 Multa:
822 3887 964 3941 enim
1011 3886 1205 3939 divinae
1233 3884 1641 3953 dispensationis
1671 3884 1903 3937 rationes

305 3977 463 4031 nobis
504 3987 629 4031 sunt
684 3992 914 4041 arcanm,
970 3986 1024 4030 ct
1076 3991 1172 4045 pro
1219 3975 1465 4028 omnibus
1504 3975 1701 4043 gratias
1744 3988 1903 4043 agere

303 4077 540 4137 oportet,
572 4083 634 4122 ac
660 4069 805 4122 solos
834 4068 951 4121 illos
983 4068 1209 4120 miseros
1236 4066 1433 4127 dicere,
1467 4066 1553 4133 qui
1604 4065 1654 4117 in
1682 4076 1902 4133 peccato

307 4160 511 4223 vivunt,
542 4174 643 4214 non
667 4174 760 4213 eos
804 4159 993 4228 quibus
1020 4158 1109 4211 ﬁlii
1160 4157 1371 4211 desunt.
1420 4155 1625 4223 Quippe
1651 4169 1900 4222 smpcnu-

306 4265 461 4304 mero
489 4250 652 4304 multa
682 4250 821 4304 Deus
851 4250 1050 4302 utiliter
1094 4249 1386 4316 dispensat,
1406 4262 1631 4315 quorum
1661 4260 1757 4300 nos
1778 4260 1904 4299 eau-

304 4354 423 4395 sam
456 4340 743 4395 nescimus.
778 4339 1074 4408 EaprOptcr
1098 4338 1148 4392 in
1178 4338 1421 4391 omnibus
1443 4336 1755 4405 sapientiam
1787 4336 1903 4403 ejus

304 4430 562 4484 admirari
592 4438 822 4499 Oportet,
861 4444 925 4483 ac
968 4429 1267 4499 glorificare
1314 4427 1633 4481 inetl‘abiiein
1686 4427 1901 4482 miscri-

306 4522 571 4576 cordiam.
600 4520 705 4575 Sed
726 4525 840 4575 haec
867 4521 1080 4591 quidem
1108 4520 1173 4573 ad
1197 4520 1472 4573 utilitatem
1502 4528 1732 4572 vestram
1760 4519 1899 4573 dicta

307 4623 456 4675 sunt,
481 4613 603 4667 ideo
630 4623 687 4665 ut
710 4612 995 4665 admodum
1014 4619 1217 4681 gratam
1236 4610 1562 4663 voluntatem
1582 4610 1897 4674 exhibeatis,

309 4717 485 4771 neque
516 4701 583 4755 de
623 4701 1020 4771 dispensatione
1061 4700 1237 4753 divina
1270 4698 1479 4752 curiose
1510 4698 1851 4751 sciscitemini
1885 4716 1898 4749 :

306 4807 525 4847 cursant
578 4802 754 4845 tamen
804 4792 1047 4845 dit-amns
1080 4802 1296 4861 propter
1338 4806 1494 4859 quam
1525 4790 1773 4844 mulieres
1801 4791 1904 4843 illa:

308 4884 524 4937 steriles
571 4883 738 4936 fuere.
782 4883 1035 4951 Quarnam
1086 4883 1245 4952 igitur
1294 4892 1377 4936 est.
1424 4884 1623 4937 causa?
1664 4882 1733 4937 Ut
1784 4897 1902 4937 cum

308 4973 511 5028 videris
556 4974 813 5043 virginem
862 4984 1101 5028 nostrum
1131 4988 1468 5029 communem
1501 4974 1781 5028 Dominum
1815 4991 1906 5043 pa-

309 5067 561 5130 rientem,
605 5082 672 5119 ne
720 5066 793 5120 sis
835 5066 1158 5121 incredulus.
1201 5067 1403 5121 Exerce
1448 5068 1591 5121 enim
1644 5067 1730 5120 hic
1786 5077 1905 5122 tuos

307 5174 521 5223 scmus,
550 5158 737 5227 inquit,
770 5159 821 5211 in
853 5159 1005 5211 vulva
1032 5160 1317 5223 sterilium,
1367 5167 1443 5223 ut,
1491 5174 1611 5213 cum
1644 5158 1900 5213 didiceris

312 5253 526 5319 ligatam
556 5262 608 5307 ot
642 5263 938 5305 emortuam
972 5250 1181 5305 vulvam
1203 5252 1380 5304 divina
1430 5254 1623 5305 virtute
1661 5252 1728 5305 ad
1782 5267 1905 5321 pro-

310 5343 637 5397 creationem
662 5341 878 5410 aperiri,
903 5341 1025 5397 inde
1045 5342 1274 5411 copiosis
1303 5342 1630 5411 argumentis
1648 5343 1901 5412 acceptis,

376 5461 392 5489 ι
429 5456 566 5506 Sat-il.
595 5465 647 5507 et
671 5468 800 5505 unus
824 5456 978 5506 codex
1004 5457 1075 5506 sic
1110 5455 1322 5506 efferunt
1356 5456 1485 5503 hunc
1508 5453 1666 5503 locum
1692 5468 1704 5503 :
1751 5463 1905 5504 Unum

310 5518 480 5569 θυσίη..
507 5531 675 5581 quare,
701 5530 814 5581 eum
830 5526 875 5567 et
894 5518 1000 5581 ipsa
1020 5524 1065 5568 et
1084 5518 1156 5567 vir
1178 5518 1283 5577 ejus
1300 5518 1409 5567 vita:
1432 5518 1611 5581 fuerim
1629 5516 1839 5574 eximite,
1859 5524 1905 5567 et

313 5581 455 5630 ambo
476 5578 781 5630 continentia
801 5578 1081 5638 studiosi,,ct
1106 5594 1215 5628 cum
1236 5592 1329 5628 non
1352 5578 1585 5641 possinuts
1607 5590 1808 5639 carpere
1824 5592 1903 5627 co-

312 5656 421 5692 rum
446 5640 1141 5713 ινέζςᾳηιιιεσροιςηηίρεξςᾳιὶε
1176 5639 1478 5713 sterilitatem
1501 5639 1729 5713 tribuere,
1755 5651 1906 5702 quare

313 5714 465 5756 tamen
488 5703 572 5754 illa
595 5701 746 5763 fuerit
784 5701 963 5752 sterilis
984 5701 1007 5753 ?
1026 5709 1159 5751 Hunc
1182 5715 1302 5751 vero
1325 5702 1499 5760 locum,
1525 5710 1580 5751 ut
1602 5701 1812 5756 videtur,
1841 5714 1902 5748 ex

314 5768 396 5816 hac
429 5766 623 5817 homilia
647 5771 940 5825 excerpam]
964 5764 1283 5815 habes'romo
1319 5770 1389 5825 ut,
1433 5765 1483 5814 in
1505 5763 1695 5815 humilia
1720 5770 1786 5812 De
1811 5777 1904 5811 non

315 5843 361 5879 et
375 5830 593 5895 ulgaadis
615 5826 826 5876 fratrum
851 5827 1075 5889 peccatis.

1346 404 1413 462 IN
1450 403 1605 463 CAP.
1644 400 1813 458 XXV.
1842 399 2090 459 GENES.
2133 398 2361 456 "OM"...
2404 397 2590 455 XLIX.

3488 400 3596 460 4ἇῦ

2011 534 2116 575 non
2183 518 2460 574 admireris
2504 517 2725 574 audiens
2784 518 3043 590 virginem
3094 520 3363 591 peperisse
3412 538 3425 575 :
3485 521 3595 578 imo

2004 612 2270 665 admirare
2291 620 2347 665 et
2383 610 2721 680 obstupesce,
2762 610 2856 666 sed
2882 626 2951 666 ne
2984 611 3059 666 sis
3102 612 3407 667 incredulus
3431 611 3596 667 mira-

2004 704 2146 758 culo.
2177 700 2400 767 Quando
2428 702 2583 770 igitur
2609 702 2704 757 tibi
2733 701 2861 757 dicit
2896 702 3136 769 Iudaeus,
3162 704 3447 770 Quomodo
3502 718 3589 775 ρει

2006 796 2141 863 perit
2188 796 2371 864 virgo?
2422 796 2509 850 die
2557 795 2607 850 ei
2658 813 2671 850 :
2718 796 2999 862 Quomodo
3052 797 3257 865 peperit
3292 796 3491 851 sterilis
3539 806 3597 852 et

2006 886 2223 940 vetula?
2256 888 2367 940 Duo
2390 886 2769 957 impedimenta
2806 896 2929 942 tunc
2961 896 3134 953 erant,
3163 896 3217 942 et
3245 897 3373 942 artas
3405 889 3596 942 intem-

2005 976 2231 1044 pestiva,
2270 985 2324 1030 et
2371 984 2558 1030 natura
2604 976 2831 1031 vitiata:
2865 976 2919 1030 in
2964 976 3166 1044 virgine
3200 985 3377 1032 autem
3430 992 3595 1032 unum

2006 1065 2440 1132 impedimentum
2472 1065 2585 1130 fuit,
2615 1066 2757 1135 quod
2801 1081 2906 1121 non
2934 1076 3078 1122 esset
3104 1068 3369 1137 particeps
3398 1083 3599 1124 concu-

2005 1159 2169 1213 bitus.
2192 1152 2407 1215 ‘Stcrilis
2436 1160 2595 1229 igitur
2620 1160 2731 1229 jam
2774 1160 2911 1215 viam
2964 1169 3117 1229 parat
3165 1162 3375 1231 virgini.
3430 1163 3495 1217 Et
3539 1173 3598 1218 ut

2005 1252 2142 1303 scias
2202 1259 2417 1319 propter
2464 1249 2566 1305 hoc
2607 1252 2820 1306 steriles
2859 1252 3005 1320 prius
3045 1251 3231 1318 fuisse,
3264 1265 3318 1309 ut
3346 1256 3597 1311 credatur

2003 1340 2321 1407 virginitatis
2365 1350 2546 1407 partus
2572 1356 2589 1395 :
2619 1339 2743 1394 audi
2770 1341 2929 1395 verba
2951 1340 3216 1396 Gabrielis
3236 1342 3304 1395 ad
3324 1339 3593 1410 Virginem

2004 1432 2166 1487 dicta.
2209 1432 2493 1501 P03tquam
2545 1432 2686 1492 enim
2744 1433 2889 1487 venit
2937 1442 2991 1487 et
3046 1432 3197 1497 dixit,
3249 1430 3513 1503 Concipies
3545 1434 3601 1487 in

2005 1533 2146 1576 utero
2170 1564 2184 1588 ,
2228 1532 2276 1576 et
2328 1524 2494 1591 paries
2526 1521 2725 1588 ﬁlium,
2757 1532 2803 1576 et
2840 1522 3042 1577 vocabis
3067 1539 3249 1577 nomen
3278 1524 3387 1593 ejus
3413 1521 3598 1577 Iesum

2006 1612 2154 1683 (Luc.
2188 1613 2239 1666 l.
2266 1613 2357 1682 5i)
2392 1631 2404 1665 :
2435 1612 2797 1683 obstupefacta
2826 1622 2978 1667 estet
3007 1612 3285 1677 admirata,
3319 1612 3591 1683 dixitque:

2008 1705 2270 1773 Quomodo
2290 1706 2383 1759 erit
2405 1705 2527 1757 mihi
2548 1703 2684 1758 istud
2700 1746 2713 1768 ,
2746 1705 2865 1773 quia
2886 1706 3052 1758 virum
3081 1721 3179 1758 non
3213 1720 3460 1775 cognosco
3484 1702 3593 1776 (Ib.

2006 1813 2052 1849 υ.
2082 1794 2171 1866 54)
2196 1796 2219 1848 ?
2244 1796 2381 1863 Quid
2417 1796 2575 1866 igitur
2601 1796 2861 1865 angelus?
2887 1795 3112 1865 Spiritus
3137 1807 3341 1848 sanctus
3366 1810 3595 1861 superae-

2005 1886 2105 1939 niet
2126 1902 2277 1956 super
2298 1897 2364 1952 te,
2388 1881 3211 1941 etvirtusAltissimiobumbrabit
3237 1884 3325 1937 tibi
3358 1883 3519 1954 (Ibid.
3547 1899 3597 1937 υ.

2003 1976 2118 2045 55).
2148 1976 2222 2030 Ne
2255 1990 2484 2046 qumras,
2518 1972 2717 2044 inquit,
2754 1984 2958 2029 natura:
2992 1974 3206 2029 modum
3236 1982 3290 2030 et
3319 1973 3560 2028 ordinem
3580 2013 3595 2040 ,

2004 2066 2217 2135 quando
2264 2080 2426 2134 super
2471 2079 2713 2120 naturam
2758 2075 2881 2119 sunt
2921 2080 3040 2133 qua:
3072 2065 3241 2129 ﬁunt;
3274 2080 3343 2119 ne
3386 2074 3598 2134 spectes

2004 2156 2230 2226 conjugii
2244 2156 2473 2219 dolores,
2490 2155 2700 2226 quando
2717 2155 2886 2224 major
2898 2171 3054 2224 quam
3068 2156 3119 2209 in
3136 2154 3330 2224 nuptiis
3345 2155 3598 2209 natalium

2005 2249 2195 2303 modus
2224 2250 2343 2303 erit.
2370 2248 2433 2302 Et
2455 2248 2705 2317 quomodo
2736 2248 2821 2317 [iet
2847 2248 3001 2313 istud,
3036 2248 3223 2318 inquit,
3254 2248 3494 2317 quoniam
3522 2247 3599 2299 ui-

2004 2354 2119 2390 rum
2148 2352 2247 2391 non
2281 2354 2525 2408 cegnosco
2546 2338 2572 2390 .9
2594 2337 2732 2393 Sane
2766 2346 2982 2406 propter
3028 2337 3131 2393 hoc
3159 2337 3259 2391 erit
3279 2378 3293 2401 ,
3345 2337 3598 2407 quoniam

2007 2430 2176 2481 virum
2207 2444 2310 2481 non
2334 2429 2630 2497 cognoscis.
2661 2426 2793 2481 Nam
2821 2427 2867 2481 si
2895 2441 3248 2497 cognosceres
3275 2428 3467 2491 virum,
3490 2442 3599 2482 non

2007 2520 2197 2574 fuisses
2224 2519 2400 2573 habita
2442 2519 2598 2587 digna
2638 2529 2695 2573 ut
2734 2518 2857 2573 huic
2882 2518 3180 2573 ministerio
3206 2519 3457 2573 scrvires.
3490 2517 3599 2572 ita-

2006 2626 2109 2679 que
2132 2626 2192 2664 ea
2222 2610 2290 2665 de
2317 2626 2497 2677 causa,
2528 2625 2629 2680 qua
2657 2610 2889 2677 dubitas,
2915 2625 2976 2664 ea
3000 2610 3110 2679 ipsa
3136 2609 3205 2664 de
3230 2624 3389 2664 causa
3414 2608 3601 2668 crede.

2005 2701 2121 2755 Non
2148 2701 2268 2770 quia
2296 2701 2493 2755 malum
2528 2701 2760 2771 nuptiae,
2788 2702 2882 2756 sed
2913 2701 3035 2771 quia
3064 2700 3256 2756 melior
3290 2700 3599 2770 virginitas;

2007 2791 2146 2847 hunc
2165 2802 2342 2847 autem
2373 2792 2668 2861 ingressum
2697 2792 2865 2846 nostri
2889 2790 3126 2846 omnium
3156 2792 3370 2848 Domini
3391 2791 3603 2860 dignio-

2009 2872 2119 2939 rem
2151 2900 2269 2939 esse
2312 2894 2539 2954 oportet,
2572 2900 2729 2954 quam
2772 2897 3013 2939 nostrum
3043 2902 3057 2937 :
3093 2884 3287 2954 Regius
3315 2884 3458 2939 enim
3505 2884 3603 2939 fuit

2010 2976 2275 3030 introitus.
2306 2975 2595 3047 Oportebat
2637 2983 2692 3029 et
2728 2990 3068 3029 communem
3108 2990 3228 3029 cum
3266 2983 3451 3029 nostro
3488 2973 3604 3043 ejus

2007 3083 2127 3121 esse
2157 3078 2333 3120 ortum
2355 3106 2370 3132 ,
2400 3076 2453 3120 et
2496 3066 2763 3120 diversum
2791 3082 2821 3119 a
2851 3078 3056 3129 nostro,
3089 3077 3144 3120 et
3171 3075 3454 3135 utrumque
3479 3080 3604 3121 eve-

2007 3161 2101 3212 nit.
2137 3159 2203 3212 Et
2251 3159 2518 3226 quomodo
2567 3158 2711 3211 audi.
2756 3156 2889 3210 Nam
2920 3157 2987 3211 de
3018 3168 3169 3211 utero
3209 3158 3458 3227 prodire,
3500 3155 3605 3213 hoc

2006 3262 2289 3306 Commune
2332 3251 2605 3305 uobiscum
2636 3258 2754 3305 est:
2784 3249 2986 3319 absque
3016 3250 3235 3313 nuptiali
3264 3259 3442 3303 autem
3472 3263 3606 3305 con-

2006 3357 2190 3411 gressu
2216 3343 2381 3407 nasci,
2407 3357 2565 3411 supra
2594 3351 2828 3395 nostram
2855 3351 2939 3395 est
2962 3343 3243 3411 originem.
3269 3342 3489 3397 Uterum
3512 3355 3605 3412 ge-

2008 3442 2153 3489 stare
2184 3444 2254 3498 te,
2289 3434 2338 3488 id
2371 3443 2574 3487 natura:
2598 3444 2680 3487 est
2702 3434 2981 3499 humanm;
3022 3434 3138 3489 sine
3164 3449 3455 3504 congressu
3488 3442 3607 3489 utc-

2007 3543 2124 3581 rum
2153 3537 2383 3597 gestare,
2408 3526 2458 3580 id
2490 3535 2674 3580 natura
2704 3525 2930 3579 humana
2958 3526 3235 3581 sublimius
3265 3543 3278 3578 :
3310 3533 3439 3580 utet
3466 3541 3608 3595 pra:-

2008 3618 2257 3673 stantiam
2278 3626 2333 3672 et
2348 3616 2777 3670 communionem
2801 3630 2959 3685 quam
2990 3624 3161 3669 tecum
3186 3615 3347 3670 habet
3373 3615 3602 3671 ediscas.

2007 3708 2299 3763 Considera
2330 3716 2509 3761 autem
2539 3716 2734 3775 quanta
2765 3707 3024 3776 sapientia
3050 3706 3163 3760 haec
3194 3707 3329 3759 facta
3358 3706 3484 3771 sint,
3518 3721 3606 3762 ne-

2008 3815 2110 3869 que
2140 3799 2426 3853 eminentia
2452 3797 2621 3853 obfuit
2647 3796 2980 3852 similitudini
3018 3806 3072 3851 et
3094 3796 3335 3850 afiinirati
3359 3797 3475 3868 ejus
3503 3812 3607 3850 no-

2010 3892 2235 3955 biscum,
2260 3906 2433 3960 neque
2465 3899 2643 3943 nostra
2673 3889 2902 3944 afﬁnitas
2932 3898 2987 3943 et
3026 3888 3319 3944 similitudo
3358 3890 3475 3960 ejus
3503 3889 3604 3943 ob-

2008 3985 2235 4038 scuravit
2260 3983 2629 4037 excellentiam
2655 3998 2669 4046 ;
2699 3982 2791 4036 sed
2822 3980 3075 4051 operibus
3104 3989 3389 4050 utrumque
3418 3990 3601 4036 osten-

2008 4092 2124 4131 sum
2156 4085 2238 4130 est
2262 4092 2273 4128 :
2308 4076 2518 4145 aliaque
2549 4074 2784 4143 perfecte
2810 4074 2965 4128 nobis
2985 4074 3176 4127 similia
3211 4073 3417 4139 habuit,
3444 4074 3547 4128 alia
3575 4090 3604 4127 a

2009 4160 2163 4213 nobis
2203 4159 2433 4213 diversa.
2472 4158 2698 4223 Verum,
2738 4165 2793 4210 ut
2820 4156 2966 4220 dixi,
3012 4165 3228 4226 propter
3271 4157 3373 4212 hoe
3396 4157 3608 4212 steriles

2010 4249 2221 4303 fuerunt
2251 4250 2385 4313 istae,
2412 4258 2466 4301 ut
2494 4247 2806 4303 crederetur
2832 4247 3150 4316 virginitatis
3178 4257 3381 4316 partus,
3408 4257 3464 4301 ut
3492 4247 3605 4317 ipsa

2010 4343 2351 4397 induceretur
2380 4342 2443 4394 ad
2489 4341 2645 4394 tidem
2692 4340 3083 4409 promissionis.
3118 4340 3254 4393 Audi
3305 4340 3445 4394 enim
3477 4340 3604 4409 quid

2010 4436 2137 4490 dicit
2165 4436 2384 4505 angelus
2416 4433 2509 4488 Dei
2552 4450 2564 4485 :
2602 4433 2827 4502 Spiritus
2864 4444 3068 4486 sanctus
3092 4433 3251 4484 veniet
3280 4449 3429 4499 super
3459 4441 3522 4495 te,
3558 4440 3607 4484 et

2008 4528 2165 4581 virtus
2192 4528 2439 4581 Altissimi
2475 4525 2786 4579 obumbrabit
2811 4524 2899 4577 tibi
2920 4526 2940 4593 (
2962 4523 3215 4592 Ibidem).
3247 4522 3334 4576 Sic
3356 4564 3369 4585 ,
3402 4520 3605 4591 inquit,

2010 4622 2208 4689 poteris
2229 4633 2433 4686 parere.
2459 4617 2649 4671 Totum
2672 4617 2980 4684 operatione
3004 4615 3232 4684 Spiritus
3254 4614 3378 4669 erit.
3402 4613 3479 4669 Ne
3508 4613 3608 4683 igi-

2011 4723 2096 4765 tur
2122 4718 2332 4779 spectes
2358 4711 2408 4763 in
2442 4719 2661 4773 terram,
2690 4723 2720 4762 c
2745 4709 2897 4762 uelis
2921 4708 3161 4777 Operatio
3188 4708 3349 4761 venit.
3378 4706 3611 4777 Spiritus

2008 4804 2192 4874 gratia:
2235 4810 2319 4856 est
2365 4799 2507 4871 quod
2553 4800 2638 4862 fit,
2671 4813 2739 4853 ne
2768 4812 2977 4868 quaeras
3004 4807 3207 4852 natura:
3253 4797 3467 4851 modum
3492 4836 3508 4861 ,
3546 4813 3613 4851 ue

2010 4896 2302 4951 secundum
2328 4895 2630 4964 nuptiarum
2654 4892 2800 4960 leges
2819 4892 3104 4961 intelligas.
3132 4891 3327 4945 Verum
3354 4890 3607 4961 quoniam

2012 4988 2213 5055 majora
2242 4996 2365 5041 sunt
2404 4986 2564 5041 verba
2597 4984 2731 5051 lucc,
2756 5000 2915 5054 quam
2947 4996 3003 5037 ut
3031 4984 3119 5037 illa
3149 4992 3383 5053 caperet,
3415 4982 3526 5037 vult
3553 4992 3606 5038 et

2010 5080 2167 5135 aliam
2198 5080 2244 5134 ei
2271 5080 2508 5148 praebere
2532 5075 3065 5131 demonstrationem.

2082 5172 2133 5226 5.
2176 5170 2257 5225 Tu
2289 5178 2504 5235 autem,
2553 5167 2780 5234 dilecte,
2829 5166 3047 5221 attende
3097 5166 3364 5235 quomodo
3409 5163 3609 5219 sterilis

2013 5264 2166 5317 istam
2192 5262 2509 5315 manuducut
2540 5259 2604 5313 ad
2635 5258 2794 5313 fidem
2825 5265 3028 5327 partus.
3058 5256 3320 5324 Quoniam
3351 5257 3497 5325 prior
3516 5255 3609 5311 de-

2014 5353 2329 5405 monstratio
2368 5350 2535 5419 major
2561 5356 2676 5402 erat
2700 5347 3020 5417 cogitatione
3050 5347 3290 5414 virginis,
3319 5347 3439 5400 audi
3471 5360 3604 5414 quo-

2015 5442 2173 5497 modo
2197 5450 2249 5495 et
2272 5440 2609 5504 humiliorem
2637 5452 2941 5493 sermonem
2968 5434 3179 5501 atl‘erat,
3214 5451 3310 5505 per
3337 5435 3606 5490 sensibilia

2013 5534 2183 5603 ipsam
2206 5532 2593 5586 manuducens.
2622 5527 2691 5582 Et
2718 5545 2847 5593 ecce,
2878 5528 3068 5596 inquit,
3100 5524 3366 5581 Etisabetlt
3391 5535 3606 5595 cegmita

2013 5636 2099 5679 tua
2126 5634 2171 5678 et
2193 5624 2303 5695 ipsa
2324 5623 2546 5691 concepit
2566 5622 2732 5690 ﬁlium
2754 5622 2807 5674 in
2831 5628 3079 5673 senectute
3102 5634 3197 5671 sua
3227 5633 3247 5671 .·
3282 5627 3327 5670 ct
3352 5617 3433 5669 lu'e
3458 5631 3603 5667 men-

2012 5720 2080 5771 sis
2101 5727 2272 5771 sertas
2301 5726 2374 5769 est
2400 5716 2445 5768 ei
2464 5730 2576 5783 qua:
2598 5720 2805 5767 vocatur
2829 5709 3013 5765 sterilis
3040 5707 3189 5777 (Luc.
3219 5710 3268 5764 ί.
3298 5708 3411 5775 εδ),
3444 5704 3602 5759 Vides

2018 5822 2072 5866 ut
2096 5810 2293 5866 sterilis
2323 5817 2540 5879 propter
2570 5806 2825 5878 virginem
2870 5804 2923 5860 in
2964 5800 3198 5859 medium
3237 5802 3305 5856 sit
3331 5794 3600 5849 adducta"
