4144 6476
576 385 678 447 st?

572 496 818 567 Alioquin
852 493 1000 564 cuius
1038 489 1117 548 rel
1142 487 1312 561 gratia
1341 485 1610 541 retulisset
1647 489 1854 550 partum
1884 483 2143 546 cognatm,

573 587 728 656 cujus
748 587 876 650 item
901 581 1064 652 gratia
1091 576 1334 645 dixisset,
1367 575 1494 641 Qua:
1511 582 1715 628 uocatur
1738 568 1960 624 sterilis?
1988 567 2150 621 Plane

571 691 668 746 per
695 675 870 732 ontoia
892 661 1188 728 deducebat
1211 684 1329 725 eam
1359 666 1425 722 ad
1449 663 1772 721 credendum
1803 657 2147 714 annuntiatio-

574 767 662 819 ni:
688 773 968 834 propterea
993 771 1046 816 et
1069 773 1276 830 tempus
1301 755 1453 823 dixit,
1481 764 1534 810 et
1555 764 1754 823 natura:
1778 750 2106 805 sterilitatem
2130 761 2142 796 :

574 862 852 922 propterea
901 862 951 907 et
983 861 1192 920 tempus
1221 849 1424 904 distulit
1451 843 1834 913 conceptionis.
1865 839 1978 895 Non
2006 839 2147 893 enim

572 944 750 998 statim
777 957 806 994 a
836 943 1096 1012 principio
1133 942 1180 996 ei
1220 940 1584 994 annuntiatum
1605 943 1688 989 est
1708 974 1721 997 ,
1753 931 1846 988 sed
1878 930 2149 1001 prtctcrito

575 1044 811 1102 tempore
831 1035 1096 1098 semestri,
1128 1041 1185 1086 ut
1215 1029 1350 1086 uteri
1379 1027 1585 1082 sarcina
1622 1024 2022 1092 conceptionem
2052 1020 2147 1073 do-

571 1133 735 1180 ceret.
758 1125 820 1178 Et
837 1124 957 1178 vide
981 1131 1178 1194 quanta
1195 1117 1404 1184 Gabriel
1423 1119 1584 1172 utitur
1602 1115 1836 1169 solertia.
1865 1112 1977 1166 Non
2008 1111 2148 1164 enim

575 1218 625 1271 in
646 1202 953 1272 memoriam
971 1215 1019 1270 ci
1047 1211 1251 1268 reducit
1274 1211 1354 1267 vel
1373 1209 1609 1273 Sarram,
1632 1205 1712 1261 vel
1733 1205 2042 1268 Rebeccam,
2071 1203 2149 1255 vel

577 1304 882 1359 ltacbelcm.
909 1290 1085 1368 Quare
1115 1312 1169 1356 et
1193 1315 1353 1370 quam
1381 1297 1450 1352 ob
1467 1311 1681 1351 causam
1705 1297 1727 1347 7
1749 1294 1877 1348 Nam
1908 1293 1987 1346 hac
2013 1307 2147 1360 quo-

572 1409 677 1464 que
707 1398 918 1448 fuerunt
932 1392 1166 1456 steriles,
1189 1400 1240 1445 et
1259 1390 1470 1453 vetulre,
1494 1396 1546 1442 et
1571 1400 1816 1456 magnum
1841 1382 2150 1437 miraculum

575 1485 628 1539 in
656 1485 757 1538 illis
785 1484 880 1538 fuit
907 1501 920 1536 :
955 1482 1045 1538 sed
1076 1483 1196 1553 quia
1225 1496 1410 1537 omnes
1445 1480 1528 1534 bac
1555 1479 1890 1533 narrationes
1924 1476 2153 1544 antiquae

576 1584 760 1641 erant,
803 1574 1016 1629 adducit
1059 1589 1173 1628 eam
1205 1573 1270 1627 ad
1313 1571 1362 1624 id
1394 1569 1529 1640 quod
1562 1583 1728 1642 nuper
1752 1566 2068 1636 contigerat,
2101 1571 2158 1616 ut

577 1675 809 1720 mentem
837 1663 1038 1734 ejusad
1067 1662 1390 1731 credendum
1417 1668 1749 1729 provocaret.

658 1757 845 1827 Viginti
873 1755 1016 1809 annis
1043 1762 1323 1823 perseverat
1362 1769 1512 1814 orans
1543 1750 1713 1803 Isaac.
1742 1777 1814 1789 --—
1833 1746 1935 1803 Sed
1968 1761 2155 1800 neces-

577 1848 776 1902 sarium
804 1856 885 1901 est
916 1854 971 1898 nt
1001 1845 1065 1898 ad
1097 1845 1392 1899 institutum
1422 1855 1725 1896 sermonem
1757 1837 2037 1894 redeamus
2061 1878 2074 1896 ,
2108 1847 2160 1889 ct

579 1937 939 2007 signiﬁcemus
976 1936 1102 2004 iusti
1154 1937 1442 1997 virtutem,
1496 1940 1551 1986 et
1595 1929 1864 1998 quomodo
1914 1928 2160 1996 pretibus

581 2029 915 2082 sterilitatem
945 2025 1200 2080 Rebeccae
1228 2024 1480 2088 solverit,
1514 2033 1567 2077 et
1596 2020 1800 2075 vincula
1843 2029 2040 2073 naturae
2071 2033 2161 2070 su-

579 2118 860 2186 peraverit.
888 2117 980 2170 2|.
1013 2115 1388 2185 Deprecabatur
1412 2123 1598 2173 autem,
1629 2113 1788 2174 dicit,
1820 2126 1915 2179 pro
1944 2109 2161 2162 Rebecca

578 2224 731 2261 uxore
757 2224 868 2271 sua,
891 2207 1124 2274 quoniam
1148 2206 1328 2259 sterilis
1355 2214 1490 2266 erat,
1514 2212 1562 2256 et
1589 2202 1841 2256 exaudivit
1868 2216 1978 2255 eum
2001 2195 2158 2250 Dens.

579 2297 692 2353 Non
720 2300 838 2366 quia
863 2313 984 2351 mox
1015 2298 1085 2350 ita
1112 2295 1353 2351 subditur
1373 2305 1425 2348 et
1454 2295 1705 2363 scriptum
1733 2300 1837 2358 est,
1869 2299 2020 2359 putes
2039 2304 2162 2344 eum

579 2405 609 2442 e
640 2388 858 2458 vestigio
896 2396 949 2442 et
980 2387 1220 2456 protinus
1254 2391 1591 2452 asscquutum
1627 2396 1747 2437 esse
1781 2381 1919 2450 quod
1949 2380 2165 2449 optabat

580 2488 633 2531 et
660 2478 947 2548 quzcrcbat.
991 2475 1118 2530 Nam
1153 2475 1328 2546 viginti
1361 2474 1514 2531 annis
1547 2471 1902 2539 perseveravit
1930 2485 2088 2523 orans
2113 2477 2167 2523 et

579 2567 873 2635 deprecans
899 2569 1081 2628 Deum,
1105 2574 1154 2620 et
1183 2574 1305 2619 tunc
1332 2563 1540 2620 tandem
1567 2570 1882 2630 assequutus
1912 2571 1992 2614 est
2023 2559 2162 2630 quod

582 2658 932 2712 desiderabat.
964 2657 1028 2711 Et
1065 2655 1204 2711 unde
1229 2656 1457 2710 sciemus
1484 2652 1619 2705 hoc?
1650 2652 1705 2706 Si
1741 2651 2016 2719 diligenter
2045 2665 2164 2719 per-

583 2763 857 2804 curramus
881 2732 1089 2817 qnm’iu
1126 2745 1302 2800 divina
1342 2745 1611 2814 Scriptura
1655 2742 2014 2796 continentur.
2046 2740 2162 2795 Non

584 2840 728 2893 enim
751 2849 958 2907 tempus
985 2836 1139 2892 nobis
1167 2835 1532 2890 absconditum
1558 2842 1657 2898 est,
1687 2833 1778 2886 sed
1803 2831 2032 2901 signavit
2052 2831 2168 2901 qni-

584 2929 743 2990 dem,
793 2929 1014 2982 latenter
1066 2937 1277 2990 tamen,
1328 2926 1396 2979 ita
1451 2933 1507 2978 ut
1560 2933 1809 2992 provocet
1846 2920 2168 2976 desiderium

585 3027 862 3084 nostrum,
909 3027 962 3073 et
989 3018 1053 3071 ad
1098 3017 1309 3086 dignam
1345 3014 1739 3084 inquisitionem
1789 3013 1990 3066 incitet.
2039 3012 2170 3065 Nam

585 3111 722 3164 sicut
761 3110 939 3164 docuit
978 3124 1075 3167 nos
1118 3123 1376 3162 annorum
1421 3120 1700 3160 numerum
1739 3118 1898 3172 quem
1939 3100 2122 3155 habuit
2152 3103 2168 3132 ‘

587 3197 798 3267 quando
831 3200 1124 3254 Rebeccam
1151 3199 1319 3263 duxit,
1352 3198 1420 3251 ita
1449 3208 1500 3251 et
1526 3197 1624 3250 boc
1647 3195 1800 3248 nobis
1832 3195 2003 3264 palam
2029 3193 2170 3248 fecit.

592 3292 717 3345 Erat
741 3293 900 3356 enim,
929 3292 1118 3361 inquit,
1142 3291 1291 3344 Isaac
1317 3306 1564 3343 annorum
1592 3288 1946 3358 quadraginta,
1971 3288 2174 3357 quando

588 3387 780 3452 accepit
806 3383 1077 3436 Rebeccam
1099 3382 1259 3450 ﬁliam
1286 3379 1552 3433 Bal/melis
1584 3377 1723 3448 Syri.
1785 3377 2017 3432 Didicisti
2048 3377 2172 3433 dili-

588 3484 775 3544 genter
818 3484 1043 3543 tempus.
1077 3471 1275 3527 Deinde
1316 3479 1593 3540 postquam
1637 3469 1810 3522 dixit:
1861 3465 2175 3536 Deprecatus

591 3575 659 3619 est
692 3564 840 3617 Isaac
873 3581 961 3629 pro
987 3579 1142 3617 uxore
1168 3580 1281 3626 sua,
1313 3563 1430 3632 quia
1458 3561 1640 3614 sterilis
1671 3569 1796 3625 erat,
1826 3568 1882 3612 ut
1908 3561 2173 3614 discamus

592 3671 847 3711 annorum
897 3670 1196 3720 numerum,
1244 3653 1528 3722 assignavit
1568 3652 1721 3706 nobis
1751 3659 1879 3720 quot
1915 3666 2176 3705 annorum

593 3743 748 3798 fuerit
780 3745 922 3798 Isaac
949 3744 1160 3814 quando
1187 3745 1293 3797 nati
1335 3751 1458 3797 sunt
1494 3742 1541 3796 ei
1576 3741 1665 3795 lilii
1698 3741 1767 3795 de
1795 3740 2053 3795 Rebecca.
2082 3740 2171 3794 26.

597 3833 723 3888 Erat
753 3836 886 3888 enim
915 3834 1065 3887 Isaac
1089 3875 1102 3897 ,
1137 3834 1325 3902 inquit,
1358 3848 1606 3886 armorum
1649 3831 1909 3902 sexpginta
1929 3873 1944 3895 ,
1974 3831 2176 3900 quando

597 3927 784 3997 peperit
817 3925 1056 3979 Rebecca.
1101 3925 1155 3980 Si
1196 3926 1355 3994 igitur
1385 3923 1728 3994 quadraginta
1762 3938 2022 3975 annorum
2061 3935 2177 3976 erat

596 4015 806 4086 quando
835 4016 976 4070 illam
1005 4015 1189 4080 duxit,
1223 4015 1491 4084 sexaginta
1523 4023 1702 4066 autem
1729 4013 1940 4080 quando
1972 4013 2178 4081 peperit

598 4123 745 4170 uxor,
777 4105 1111 4160 manifestum
1141 4115 1222 4158 est
1251 4121 1372 4159 eum
1408 4104 1562 4158 annis
1590 4103 1774 4172 viginti
1806 4117 2177 4173 perseverasse

600 4206 838 4249 orantem
872 4196 1057 4258 Deum,
1086 4203 1139 4248 et
1168 4202 1376 4247 uterum
1409 4193 1660 4247 Rebeccae
1691 4193 1927 4246 inutilem
1954 4206 2180 4260 genera.

602 4287 762 4350 tioni,
814 4283 1059 4340 idoneum
1106 4284 1295 4337 fecisse
1339 4281 1438 4354 (a).
1489 4281 1705 4337 Vidistis
1748 4281 2008 4335 orationis
2050 4281 2174 4346 vim,

601 4374 864 4447 quomodo
912 4383 968 4429 et
1011 4385 1249 4429 naturam
1295 4374 1463 4443 ipsam
1507 4372 1755 4441 superet?
1803 4372 1953 4426 llunc
1995 4387 2180 4428 omnes

605 4467 900 4529 imitemur,
932 4476 987 4520 et
1013 4467 1083 4519 ita
1108 4465 1160 4519 in
1186 4463 1428 4534 precibus
1457 4463 1624 4518 simus
1653 4461 1871 4527 assidui,
1897 4463 2183 4532 animoque

605 4559 763 4616 sobrii
791 4569 840 4613 et
868 4558 1095 4612 humiles
1119 4576 1133 4612 :
1166 4556 1545 4625 sudiamusque
1569 4555 1787 4608 Paulum
1808 4553 2180 4608 admonentem

609 4664 661 4709 et
699 4653 1002 4707 dicentem:
1052 4649 1293 4703 Levantes
1333 4659 1532 4702 sanctas
1577 4664 1753 4699 manus
1790 4646 1973 4716 absque
2015 4648 2092 4700 ira
2140 4657 2186 4700 et

592 4740 1040 4813 disceptationibus
1059 4739 1134 4812 (l.
1162 4739 1293 4794 Tim.
1314 4738 1430 4811 2.8)
1453 4758 1464 4791 :
1493 4748 1547 4793 et
1571 4738 1875 4793 Studeamus
1895 4753 2104 4809 semper
2126 4740 2190 4793 lf-

607 4835 777 4889 berari
820 4849 851 4888 a
901 4833 1314 4903 perturbatione,
1357 4839 1415 4885 ut
1456 4845 1610 4886 mens
1653 4830 1720 4883 sit
1762 4829 2141 4904 in_tranquillo
2167 4875 2183 4898 ,

606 4925 832 4979 maxime
857 4932 1034 4978 autem
1064 4936 1275 4992 precum
1305 4932 1573 4991 tempore,
1607 4919 1822 4989 quando
1843 4921 2006 4974 multa
2037 4923 2187 4976 nobis

605 5027 740 5084 opus
765 5023 847 5068 est
886 5029 917 5066 a
958 5007 1068 5066 Deo
1093 5010 1434 5080 benignitate.
1468 5009 1598 5063 Nam
1631 5010 1674 5063 si
1716 5023 1816 5064 nos
1849 5010 2042 5065 viderit
2071 5027 2190 5080 pre-

605 5104 714 5159 cari
739 5103 1029 5161 secundum
1050 5102 1194 5172 leges
1219 5103 1286 5157 ab
1307 5117 1366 5157 se
1394 5103 1610 5171 positas,
1636 5102 1816 5157 statim
1844 5099 1997 5157 nobis
2021 5102 2189 5156 dono-

607 5212 727 5252 rum
765 5211 985 5252 snorum
1029 5193 1326 5264 largitatem
1372 5193 1657 5249 liberaliter
1706 5193 1996 5250 concedet:
2047 5194 2189 5264 quod

609 5287 762 5339 nobis
802 5285 1014 5354 assequi
1068 5284 1243 5354 liceat,
1289 5283 1456 5353 gratia
1505 5292 1561 5338 et
1601 5283 1924 5353 benignitate
1979 5284 2188 5338 Domini

612 5375 776 5430 nostri
801 5374 930 5430 Jesu
951 5373 1180 5440 Christi,
1207 5389 1326 5429 cum
1352 5387 1458 5444 quo
1488 5374 1625 5429 Patri
1655 5374 1723 5429 sit
1745 5374 1912 5443 gloria
1929 5416 1942 5439 ,
1979 5373 2148 5429 bonor
2173 5416 2187 5441 ,

614 5464 894 5534 imperium
917 5505 933 5530 ,
960 5466 1115 5520 simul
1142 5474 1195 5521 et
1223 5474 1408 5519 sancto
1435 5464 1672 5536 Spiritui,
1703 5481 1841 5520 nunc
1866 5473 1921 5522 et
1939 5480 2188 5540 semper,

616 5566 670 5611 et
694 5555 745 5610 in
775 5555 967 5610 sarcula
995 5554 1330 5612 seculorum.
1361 5557 1550 5611 Amen.

683 5671 701 5730 ε
733 5669 872 5720 Celsi.
896 5669 1094 5728 onitttu,
1114 5681 1254 5730 σιαιι
1276 5669 1457 5718 habuit.

683 5729 760 5788 (α)
793 5729 1344 5798 I_tuc_desintt“lt>cusille
1363 5730 1571 5798 bincrut
1593 5739 1803 5798 rutatur,
1826 5747 1850 5782 a
1871 5735 2200 5798 Chrysostomo

616 5795 880 5853 escerptus
899 5791 947 5840 in
968 5791 1166 5842 ttomilia
1189 5797 1254 5842 De
1280 5805 1374 5841 non
1398 5791 1681 5854 evulgatidis
1703 5793 1900 5845 fratrum
1925 5791 2149 5862 [teneam

1342 375 1399 434 S.
1440 369 1714 432 JOANNlS
1746 357 2218 423 CllRYSOSTOIl
2259 357 2575 416 ARCHIEP.
2615 359 3156 419 CONSTANTINOP.

3738 356 3848 416 με

2864 472 3138 529 ιιοΜιωΑ
3180 471 3240 528 1,.

2251 604 2489 674 Concepit
2537 617 2705 662 autem
2760 602 3018 675 Rebecca,
3076 615 3125 661 et
3175 605 3496 662 εοιιαάεοωιι
3547 603 3747 679 parvuli
3786 605 3845 660 in

2715 698 2806 751 itte
2843 694 2998 768 (Gen.
3025 695 3117 754 εδ.
3144 693 3233 752 st.
3263 695 3378 767 ss).

2328 835 2376 888 1.
2411 833 2580 888 Vultis
2605 833 2766 887 etiam
2790 832 2947 886 hodie
2971 847 3302 901 apponamus
3327 831 3532 886 caritati
3564 840 3755 886 vestra
3783 845 3846 886 ea

2252 939 2371 992 qum
2397 924 2451 977 iu
2476 923 2705 978 lectione
2727 922 2975 977 hesterna
3006 922 3191 976 relicta
3220 923 3382 975 sunt?
3410 921 3490 976 Ad
3514 921 3672 975 linem
3700 922 3845 975 enim

2255 1015 2547 1083 perducere
2578 1023 2745 1070 totum
2761 1023 3128 1085 argumentum
3155 1014 3522 1083 nequivimus;
3545 1013 3638 1068 sed
3665 1023 3849 1069 osten-

2254 1106 2428 1159 dimus
2468 1121 2564 1175 per
2600 1105 2842 1159 assiduas
2882 1120 3064 1173 preces
3110 1105 3256 1158 lsaac
3304 1104 3540 1175 potuisse
3586 1103 3848 1159 Rebmce

2254 1196 2460 1249 vulvam
2490 1197 2718 1250 ﬁliorum
2746 1196 3075 1266 generationi
3115 1195 3343 1249 reddere
3373 1194 3615 1250 idoneam
3645 1235 3662 1262 ,
3691 1203 3849 1249 natu-

2254 1302 2474 1356 ramque
2513 1285 2685 1356 ipsam
2714 1286 2957 1342 inutilem
2997 1285 3190 1340 factam
3211 1324 3226 1350 ,
3257 1294 3323 1345 ut
3345 1285 3416 1339 ita
3442 1285 3616 1340 dicam
3637 1324 3658 1351 ,
3687 1300 3846 1355 repa-

2257 1394 2375 1432 rare
2403 1396 2414 1431 :
2445 1379 2558 1433 bace
2583 1378 2759 1433 omnia
2789 1378 2903 1432 heri
2929 1377 3060 1432 satis
3088 1391 3184 1431 vos
3211 1376 3514 1442 docuimus,
3537 1384 3848 1430 monstran-

2261 1481 2338 1524 tes
2378 1485 2639 1525 annorum
2688 1485 3004 1534 numerum,
3036 1469 3264 1539 quibus,
3298 1479 3356 1522 ut
3397 1467 3500 1522 hoc
3543 1469 3853 1537 impetraret

2259 1561 2445 1616 beatus
2475 1562 2584 1626 ille,
2613 1575 2774 1616 orans
2801 1569 2857 1615 et
2881 1562 3176 1630 deprecans
3206 1560 3501 1629 permansit
3529 1577 3544 1614 :
3568 1570 3624 1615 et
3646 1561 3700 1614 in
3728 1573 3848 1615 ser-

2261 1666 2474 1704 monem
2499 1651 2567 1705 de
2589 1650 2857 1705 sterilibus
2877 1651 3100 1721 egressi,
3123 1650 3264 1704 dicta
3285 1650 3435 1703 vobis
3450 1665 3609 1704 causa
3634 1660 3852 1720 propter

2259 1756 2416 1811 quam
2440 1741 2708 1810 justorum
2737 1741 2948 1794 illorum
2977 1755 3173 1796 uxores
3202 1741 3414 1795 steriles
3443 1741 3624 1806 fuere,
3648 1753 3854 1794 sermo-

2262 1846 2384 1885 nem
2407 1833 2626 1885 missum
2656 1831 2897 1886 iecimus.
2930 1831 3117 1901 Operae
3163 1832 3388 1901 pretium
3438 1839 3618 1885 autem
3645 1839 3727 1884 est
3756 1845 3854 1884 nos

2264 1922 2419 1977 hodie
2456 1923 2663 1978 discere
2692 1923 2949 1978 Rebeccae
2994 1923 3296 1993 religiosam
3340 1933 3595 1985 mentem,
3646 1933 3704 1975 ut
3747 1936 3853 1974 non

2263 2014 2438 2067 solum
2465 2013 2618 2068 nobis
2637 2028 2668 2066 a
2690 2014 2885 2067 virtute
2908 2013 3038 2082 justi
3063 2015 3270 2068 lucrum
3296 2011 3535 2075 accedat,
3567 2009 3662 2065 sed
3692 2011 3855 2064 etiam

2263 2117 2326 2158 ex
2357 2103 2576 2158 historia
2599 2119 2718 2173 qua:
2744 2103 3042 2159 Rebeccam
3069 2102 3285 2173 respicit
3309 2143 3325 2170 ,
3353 2101 3419 2156 ad
3463 2101 3859 2156 :emulationcnt

2266 2209 2554 2263 provocare
2594 2194 2859 2264 possimus
2885 2192 3178 2247 auditores.
3215 2192 3503 2261 Postquam
3530 2191 3671 2246 enim
3717 2191 3861 2244 Deus

2266 2285 2534 2340 exaudivit
2571 2287 2869 2340 orationem
2909 2285 3075 2355 justi,
3102 2284 3192 2339 2|.
3222 2283 3289 2337 Et
3325 2293 3526 2337 uterum
3572 2284 3722 2353 gessit
3753 2280 3858 2336 Re-

2267 2367 2433 2442 ὕδωρ,
2461 2376 2550 2429 22.
2593 2376 2947 2441 colludebant,
3003 2375 3206 2446 inquit,
3241 2375 3382 2442 pueri
3422 2376 3474 2427 in
3519 2389 3614 2439 ea,
3663 2383 3714 2428 et
3747 2387 3864 2428 ma-

2267 2483 2372 2537 gno
2417 2482 2535 2522 eam
2566 2467 2752 2523 dolore
2795 2468 3116 2522 afﬁciebant.
3165 2465 3304 2519 Dixit
3345 2465 3515 2533 enim,
3543 2465 3747 2535 inquit,
3797 2465 3861 2518 Si

2267 2561 2341 2612 sic
2386 2559 2510 2612 mihi
2554 2559 2783 2628 futurum
2832 2559 2937 2624 sit,
2990 2575 3078 2612 cur
3125 2558 3248 2610 mihi
3293 2558 3436 2610 hoc?
3478 2556 3660 2626 Neque
3710 2558 3861 2610 enim

2273 2663 2407 2703 unus
2470 2659 2586 2704 erat
2641 2650 2975 2715 nasciturus,
3037 2648 3132 2703 sed
3181 2648 3316 2703 duos
3372 2648 3534 2702 simul
3589 2648 3642 2701 in
3708 2656 3864 2701 utero

2271 2756 2466 2811 pueros
2505 2741 2765 2810 gestabat,
2811 2749 2866 2795 et
2905 2755 2973 2794 ex
3015 2739 3255 2808 anguStia
3296 2739 3519 2792 multum
3564 2738 3861 2791 cruciatum

2271 2834 2554 2888 sentiebat.
2580 2833 2684 2888 Sed
2729 2833 2817 2888 hic
2855 2832 2994 2898 vide,
3043 2833 3287 2896 obsecro,
3333 2831 3573 2885 mulieris
3612 2831 3866 2899 pietatem

2271 2933 2326 2978 et
2352 2925 2685 2994 religionem.
2716 2923 2831 2978 Non
2860 2923 3004 2978 enim
3033 2923 3172 2977 sicut
3212 2921 3462 2975 mulieres
3510 2921 3714 2983 multm,
3740 2936 3866 2990 quas

2274 3015 2600 3083 negligenter
2640 3015 2838 3075 vivunt,
2891 3012 3049 3066 hodie
3099 3012 3273 3067 facere
3319 3022 3750 3075 consueverunt,
3794 3012 3866 3066 ad

2276 3106 2562 3159 humanum
2591 3105 2825 3174 confugit
2862 3102 3189 3168 subsidium,
3222 3117 3327 3157 non
3368 3102 3436 3156 ad
3473 3117 3568 3157 eos
3605 3103 3693 3172 qui
3741 3102 3867 3156 talia

2275 3200 2384 3252 suis
2425 3198 2766 3267 conjecturis,
2801 3213 3013 3268 sumque
3040 3196 3259 3251 rationis
3285 3197 3750 3251 observationibus
3773 3196 3866 3264 ju-

2275 3288 2452 3342 dicare
2496 3290 2677 3342 volunt
2701 3305 2715 3353 ;
2746 3302 2917 3358 neque
2943 3303 3000 3341 se
3029 3286 3274 3356 exposuit
3308 3285 3609 3355 deceptioni
3634 3286 3868 3354 circula-

2277 3391 2470 3444 torem,
2499 3391 2553 3436 et
2578 3396 2761 3435 eorum
2791 3380 2876 3448 qui
2905 3379 3158 3449 pollicere
3185 3379 3384 3433 audent
3408 3395 3525 3449 qua:
3559 3363 3719 3448 supra
3763 3378 3868 3433 bu-

2275 3486 2486 3526 manam
2514 3479 2637 3524 sunt
2678 3479 2921 3524 naturam
2956 3486 2968 3522 :
2991 3469 3083 3523 sed
3111 3468 3263 3533 Abiit,
3292 3469 3480 3539 inquit,
3506 3478 3559 3521 ut
3586 3469 3871 3522 consuleret

2275 3561 2569 3618 Dominum.
2601 3563 2733 3616 Vide
2757 3563 2994 3616 mulieris
3033 3562 3397 3632 sagacitatem.
3430 3562 3691 3630 Quoniam
3737 3561 3870 3615 vidit

2277 3670 2398 3712 eum
2436 3657 2524 3724 qui
2562 3657 2768 3710 vulvam
2809 3655 2924 3725 ejus
2965 3664 3246 3719 reserarat,
3290 3664 3345 3709 et
3392 3656 3482 3726 qui
3528 3655 3869 3710 infecundum

2279 3758 2519 3802 ventrem
2551 3758 2768 3817 repente
2793 3748 2862 3801 ita
2889 3746 3168 3801 fecundum
3199 3745 3467 3812 eﬂecerat,
3505 3755 3711 3800 naturce
3745 3761 3868 3801 esse

2282 3839 2585 3902 Dominum,
2617 3841 2865 3908 quoniam
2896 3837 3025 3891 vidit
3047 3838 3180 3891 uteri
3211 3838 3475 3892 sarcinam
3503 3852 3690 3907 magna
3722 3852 3869 3907 qua:-

2278 3931 2400 3984 dam
2431 3931 2758 4000 promittere,
2782 3929 2934 3995 Abiit,
2955 3931 3142 4000 inquit,
3173 3939 3227 3983 ut
3257 3931 3540 3983 consuleret
3572 3929 3867 3984 Dontinstm.

2280 4021 2417 4087 Quid
2443 4029 2544 4086 est,
2574 4021 2704 4074 Abiit
2731 4030 2785 4073 ut
2831 4021 3109 4074 consuleret
3135 4021 3454 4077 Dominum?
3508 4023 3752 4080 Cucurrit
3804 4027 3872 4082 ad

2284 4128 2462 4168 veram
2490 4115 2788 4180 scientiam,
2821 4124 2874 4169 et
2903 4112 3171 4169 festinavit
3196 4116 3260 4169 ad
3290 4116 3623 4171 sacerdotem
3657 4118 3867 4175 Deiuii-

2285 4205 2531 4271 nistrum,
2571 4220 2666 4273 per
2684 4219 2848 4274 quem
2881 4205 3106 4260 latenter
3133 4205 3211 4260 rei
3235 4206 3510 4261 scientiam
3538 4207 3750 4264 discere
3771 4224 3872 4264 cu-

2286 4294 2463 4363 piebat
2488 4296 2503 4324 ¹
2536 4313 2548 4348 :
2577 4303 2632 4349 et
2656 4310 2912 4350 enarrans
2930 4296 3106 4350 osnnia
3127 4311 3248 4365 quae
3278 4297 3378 4351 sibi
3405 4300 3760 4368 contigerant,
3786 4300 3871 4354 di-

2283 4387 2412 4441 dicit
2435 4387 2714 4457 diligenter
2741 4389 2940 4450 omnia,
2959 4386 3303 4443 misericorde
3326 4389 3434 4443 Deo
3463 4405 3557 4458 per
3580 4393 3876 4448 sacerdotis

2287 4479 2520 4548 linguam
2569 4479 2849 4547 detegente
2885 4477 2934 4531 ei
2975 4479 3151 4531 omnia
3195 4479 3508 4544 manifeste,
3552 4491 3607 4536 et
3645 4483 3876 4537 alacrio-

2287 4586 2399 4625 rem
2429 4585 2545 4625 eam
2574 4571 2845 4625 reddente.
2865 4570 2927 4624 Et
2954 4579 3010 4624 ut
3035 4571 3174 4626 scias
3195 4580 3388 4642 quanta
3417 4580 3541 4627 tunc
3562 4582 3878 4631 eratsacer-

2289 4662 2469 4717 (lotum
2495 4657 2746 4732 dignitas,
2775 4678 3033 4734 nusquam
3064 4664 3194 4717 dicit
3219 4664 3547 4719 sacerdotem
3576 4666 3623 4720 ei
3653 4681 3882 4736 respon-

2291 4756 2451 4818 disse,
2467 4755 2560 4810 sed
2579 4765 2854 4825 postquam
2884 4756 3037 4821 dixit,
3054 4755 3186 4809 Abiit
3204 4764 3258 4808 stt
3274 4757 3557 4809 consuleret
3574 4756 3878 4826 Dominum,

2291 4847 2546 4916 subjecit,
2577 4847 2666 4902 23.
2691 4847 2757 4899 Et
2779 4847 2906 4900 dixit
2938 4844 3189 4900 Dominus
3201 4847 3473 4916 ei,nempe
3503 4863 3598 4917 per
3626 4849 3884 4905 sacerdo-

2292 4948 2419 5005 tem,
2437 4938 2577 4991 Dttas
2588 4948 2756 5009 gentes
2767 4939 2819 4992 in
2835 4949 2977 4991 utero
2993 4950 3077 4991 tuo
3092 4939 3333 4990 contines.
3357 4938 3563 4994 Etenim
3578 4949 3632 4994 et
3644 4940 3748 4994 alio
3763 4940 3886 4998 loco

2291 5032 2537 5102 angelum
2560 5041 2711 5085 vocat
2730 5029 3058 5086 sacerdotem
3080 5031 3255 5084 divina
3269 5030 3560 5100 Scriptura,
3594 5033 3889 5090 ostendens

2296 5126 2442 5179 illum
2461 5139 2522 5179 ea
2541 5125 2706 5194 loqui,
2738 5139 2855 5193 quae
2883 5125 3100 5193 inspirat
3120 5139 3181 5177 ac
3196 5125 3432 5194 suggerit
3448 5124 3675 5194 Spiritus
3689 5128 3886 5196 gratia.

2300 5217 2438 5270 Dixit
2467 5217 2626 5286 igitur
2656 5216 2908 5269 Dominus
2933 5216 2982 5270 ei
3011 5230 3108 5284 per
3135 5214 3506 5269 sacerdotem:
3543 5215 3674 5270 Due
3715 5229 3890 5287 gentes

2296 5307 2348 5360 in
2375 5316 2515 5362 utero
2539 5315 2624 5359 tuo
2647 5315 2785 5373 sunt,
2814 5316 2860 5360 et
2883 5306 2985 5359 duo
3002 5304 3180 5376 populi
3204 5306 3257 5358 in
3273 5315 3440 5359 ventre
3463 5314 3549 5360 tuo
3568 5307 3890 5376 dividentur,

2297 5409 2344 5452 et
2370 5399 2586 5468 populus
2612 5399 2798 5468 papqu
2830 5397 3117 5468 praestabit,
3171 5407 3217 5451 et
3244 5399 3408 5470 major
3452 5401 3631 5454 serviet
3678 5401 3891 5457 minori.

2301 5489 2434 5546 Vide
2459 5490 2764 5544 vaticinium
2804 5488 2946 5560 quod
2991 5486 3275 5543 mnifesto
3325 5489 3566 5558 praedicit
3609 5491 3660 5546 ei
3709 5491 3894 5554 omnis

2368 5675 2382 5701 ¹
2420 5670 2558 5736 coisl.
2580 5678 2637 5736 et
2662 5675 2906 5736 nitet-pres
2930 5666 3158 5736 vulgatus
3177 5667 3223 5736 in
3250 5665 3462 5716 alitione
3489 5666 3670 5736 ator-eiii
3697 5682 3710 5717 :
3741 5670 3893 5736 stre.

2305 5733 2493 5799 stinat'it
2523 5734 2587 5782 ad
2606 5730 2903 5799 sacerdotem
2929 5729 3018 5780 Dei
3039 5729 3328 5788 ministrum,
3352 5740 3439 5791 per
3457 5741 3600 5792 quem
3639 5730 3895 5786 (amula:

2309 5796 2552 5847 scientiam
2575 5794 2752 5839 t'olt'hal
2785 5793 2989 5843 discere.
