4144 6572
269 569 369 626 διεδ

265 684 459 737 futura.
492 678 755 734 Salientes
775 674 915 732 enim
947 671 1096 744 pueri
1121 673 1171 725 in
1200 680 1371 733 utero,
1400 678 1455 723 et
1485 665 1849 735 incompositis

263 772 505 845 gestibus
531 785 591 825 se
617 776 911 831 moventes,
932 764 1041 835 jam
1059 765 1235 817 omnia
1257 760 1454 830 liquido
1471 757 1846 828 prtedieehant:

256 874 318 920 et
348 877 491 917 nunc
515 860 707 916 didicit
730 858 917 911 mulier
940 870 1042 908 non
1069 870 1128 909 se
1149 854 1283 908 duos
1334 852 1505 907 solum
1564 849 1847 918 parituram

264 966 481 1025 pueros,
503 951 594 1006 sed
616 958 669 1004 et
689 950 806 1002 illos
831 948 1069 1017 ingentes
1110 942 1474 1013 propagandos
1506 939 1641 1025 fore,
1672 946 1726 993 ct
1755 938 1851 987 ini-

264 1059 452 1098 norem
497 1039 684 1109 majori
709 1037 1100 1092 dominaturum
1142 1049 1282 1089 esse.
1324 1033 1387 1085 Et
1414 1018 1623 1099 quando
1668 1035 1847 1096 postea

264 1134 706 1208 appropinquavit
750 1143 959 1202 tempus
1003 1128 1260 1199 pariendi,
1314 1126 1404 1181 25.
1452 1124 1608 1185 Exiit,
1653 1118 1844 1189 inquit,

263 1230 460 1295 primus
503 1230 677 1295 rufus,
706 1224 849 1295 quasi
894 1223 1061 1293 pellis,
1082 1220 1308 1291 hispidus
1336 1233 1356 1274 :
1384 1228 1431 1271 et
1456 1216 1645 1270 vocavit
1668 1230 1847 1267 nomen

262 1319 396 1387 ejus,
420 1317 577 1371 Esai.
599 1316 667 1371 Et
684 1324 854 1387 postea
870 1315 989 1369 exiit
1013 1317 1170 1386 frater
1184 1313 1313 1381 ejus,
1334 1320 1380 1365 ct
1401 1325 1579 1363 manus
1593 1308 1701 1378 ejus
1720 1321 1851 1358 com-

254 1408 529 1479 prehendit
568 1408 855 1460 calcaneum
892 1404 1052 1470 Esait,
1081 1415 1126 1457 et
1154 1403 1343 1457 vocavit
1383 1416 1562 1455 nomen
1602 1398 1732 1467 ejus,
1753 1394 1849 1448 Ja-

255 1502 384 1555 cob‘
422 1515 441 1553 :
467 1501 616 1570 quasi
643 1500 749 1567 jam
775 1498 910 1553 etab
927 1498 1074 1551 initio
1098 1503 1359 1551 monstret
1384 1494 1524 1547 Deus
1564 1492 1843 1554 minorem,

261 1592 559 1646 secundum
590 1590 641 1644 id
672 1588 811 1659 quod
850 1588 1048 1643 dictum
1094 1595 1196 1651 est,
1226 1583 1412 1653 majori
1455 1596 1577 1637 esse
1606 1579 1848 1655 domina-

262 1690 463 1733 turum.
496 1680 631 1734 Dicit
667 1680 829 1746 enim,
861 1677 1075 1732 tenebat
1113 1690 1270 1729 manu
1307 1674 1613 1728 calcaucum
1657 1669 1797 1722 Esau
1829 1683 1847 1720 :

264 1772 317 1826 id
345 1772 487 1843 quod
531 1783 646 1827 erat
682 1772 891 1842 signum
921 1767 1222 1839 superantis
1249 1772 1369 1821 eu’m
1418 1766 1505 1835 qui
1530 1763 1685 1817 tortis
1727 1774 1848 1815 esse

264 1862 562 1917 videbatur.
608 1863 671 1916 Et
718 1859 997 1915 considam
1037 1858 1271 1913 divinam
1322 1855 1668 1924 Scripturam,
1715 1864 1848 1921 quo-

264 1955 425 2009 modo
452 1963 668 2023 propter
692 1967 753 2006 ea
776 1965 895 2021 qua
938 1960 1119 2020 postea
1161 1948 1334 2003 futura
1376 1953 1548 2009 erant,
1572 1944 1681 2013 jam
1712 1956 1848 2011 prm-

262 2046 413 2111 dicit,
442 2054 496 2098 et
523 2043 591 2097 ab
615 2043 767 2097 initio
795 2047 1053 2097 monstrat
1079 2038 1231 2093 nobis
1260 2038 1532 2104 utriusque
1558 2032 1792 2088 studium
1828 2048 1841 2084 :

262 2135 479 2206 etquod
517 2135 605 2189 ille
629 2133 841 2205 quidem
868 2130 1133 2186 venationi
1164 2127 1391 2190 deditus,
1419 2126 1503 2180 hic
1525 2139 1653 2179 vero
1684 2124 1845 2177 rusti-

263 2241 363 2284 cus
401 2235 544 2282 esset
587 2226 764 2289 homo,
812 2222 1058 2292 simplex,
1090 2220 1305 2274 domum
1352 2216 1674 2271 inhabitans.
1718 2213 1849 2269 Pro-

268 2327 448 2387 pterea
480 2316 717 2370 Rebecca
754 2313 1004 2384 diligebat
1044 2310 1228 2371 Jacob.
1262 2309 1405 2363 Isaac
1440 2316 1613 2361 autem
1659 2306 1797 2360 Esau
1831 2321 1845 2357 :

262 2407 357 2462 28.
392 2408 642 2473 Quoniam
681 2406 877 2459 uenatio
905 2404 1034 2473 ejus,
1073 2401 1261 2471 inquit,
1289 2400 1429 2453 cibus
1457 2408 1562 2453 erat
1588 2398 1683 2451 illi.
1713 2394 1848 2450 Vide

264 2500 534 2571 quomodo
574 2511 766 2567 pueros
803 2497 1145 2566 distinguant.
1180 2493 1248 2549 Et
1273 2502 1443 2548 mater
1479 2491 1691 2562 quidem
1721 2504 1848 2561 erga

264 2590 435 2648 Jacob
473 2591 728 2660 majorem
776 2587 1078 2645 declarabat
1118 2585 1561 2649 benevolentiam,
1600 2598 1665 2638 eo
1705 2581 1849 2652 quod

260 2683 561 2753 simplicem
585 2681 801 2736 videbat
824 2690 877 2736 et
902 2678 1047 2735 domi
1092 2685 1392 2733 versantem
1427 2694 1439 2729 :
1474 2685 1624 2745 pater
1670 2684 1846 2730 autem

254 2772 519 2844 diligebat
559 2772 718 2836 Esau,
760 2780 870 2826 tum
913 2770 1051 2841 quod
1094 2768 1475 2839 primogenitus
1512 2773 1693 2830 esset,
1737 2768 1848 2819 mm

266 2863 409 2936 quod
440 2864 722 2919 venatione
762 2861 875 2931 ejus
899 2866 1221 2915 vesceretur.
1251 2857 1377 2913 Rrec
1400 2856 1611 2929 quidem
1652 2857 1727 2913 illi
1772 2858 1851 2913 fa-

265 2958 482 3014 ciebant
508 2955 799 3011 naturalem
821 2953 1153 3009 dilectionem
1180 2960 1498 3023 sequentes;
1546 2952 1848 3007 vaticinium

266 3056 447 3103 autem
478 3045 726 3116 paulatim
764 3044 1099 3114 implebatnr,
1136 3040 1261 3097 illud
1292 3043 1512 3106 scilicet,
1547 3041 1720 3112 Major
1738 3058 1849 3096 ser-

268 3140 369 3194 viet
401 3139 601 3192 minori.
642 3135 775 3191 Vide
808 3135 949 3189 enim
996 3134 1192 3188 statim.
1217 3131 1306 3187 29.
1338 3131 1503 3197 Coxit,
1551 3130 1850 3202 iuquitJao

265 3233 361 3287 τοῦ
396 3232 667 3305 coctionem
700 3244 720 3284 :
744 3229 873 3283 venit
916 3235 1081 3280 autem
1111 3224 1250 3279 Esasi
1286 3240 1555 3295 exeampo
1592 3224 1847 3292 deﬁciens.

267 3323 360 3380 '50.
393 3320 460 3375 Et
483 3320 611 3375 dixit
630 3318 771 3373 Esai't
796 3318 865 3371 ad
894 3315 1060 3371 Iacob
1084 3330 1105 3371 :
1139 3312 1247 3369 Fac
1272 3330 1350 3367 me
1376 3324 1578 3386 gustare
1602 3312 1852 3368 deedulio

268 3418 366 3469 hoc
408 3418 544 3485 rufo,
588 3413 709 3483 quia
750 3410 951 3479 deﬁcio.
997 3407 1274 3477 Propterea
1308 3414 1537 3459 uocatum
1574 3413 1644 3459 est
1672 3420 1854 3458 nomen

267 3510 402 3579 ejus,
432 3504 653 3561 Edom’.
679 3502 769 3557 3i.
799 3499 868 3553 Et
902 3500 1029 3554 dixit
1063 3496 1225 3551 Iacob
1254 3512 1272 3550 :
1299 3496 1383 3551 Da
1410 3496 1534 3549 mihi
1576 3494 1726 3549 ltodie
1751 3495 1855 3566 pri-

270 3598 523 3669 mogenita
549 3604 655 3649 tua.
680 3593 773 3648 Ille
791 3600 967 3646 autem
996 3588 1126 3643 dixit
1150 3604 1165 3641 :
1193 3586 1329 3653 Quid
1358 3586 1487 3639 mihi
1526 3586 1671 3639 hisce
1699 3600 1851 3655 opus,

271 3705 393 3746 cum
415 3702 560 3743 mors
569 3687 679 3757 jam
701 3700 788 3752 me~
806 3682 1036 3748 invadat,
1055 3679 1155 3736 nisi
1174 3693 1429 3749 accepero
1448 3677 1622 3733 cibum
1648 3678 1717 3747 (υ.
1737 3678 1856 3745 52)?

274 3782 423 3836 Alius
444 3788 621 3834 autem
645 3778 1005 3847 juramentum
1027 3770 1289 3842 exigebat,
1316 3776 1375 3823 ut
1400 3768 1606 3824 stabilis
1629 3769 1676 3823 ei
1704 3767 1859 3824 ﬁeret

262 3874 366 3929 illa
394 3871 690 3928 concessio.
714 3868 807 3924 33.
833 3864 904 3920 Et
920 3864 1134 3935 jurauit,
1168 3861 1357 3932 inquit,
1388 3858 1545 3913 Esaa't.

343 3964 401 4017 2.
433 3962 575 4017 Eme
609 3971 752 4014 nunc
784 3957 872 4013 hic
900 3957 1139 4012 inversus
1162 3961 1245 4007 cst
1277 3951 1429 4017 Ordo,
1457 3959 1512 4005 et
1536 3949 1858 4021 primogeni-

276 4068 412 4113 turtn
437 4053 668 4124 dignitas
695 4050 904 4106 transiit
924 4033 1001 4103 ἰὰ
1025 4061 1146 4102 eum
1174 4045 1265 4115 qui
1300 4043 1496 4098 virtute
1522 4042 1682 4096 animi
1723 4056 1860 4112 pra:-

272 4148 531 4220 fulgcbat.
558 4142 628 4199 Et
656 4141 899 4207 uendidit,
942 4139 1136 4209 inquit,
1167 4135 1309 4191 Esas‘t
1352 4133 1687 4206 primogenita
1714 4147 1732 4185 :
1759 4132 1862 4186 hoc

264 4248 394 4307 est,
439 4235 677 4294 vendidit
694 4232 797 4289 cibi
838 4230 1006 4303 gratia
1033 4228 1343 4299 dignitatem
1371 4242 1402 4279 a
1429 4232 1615 4279 natura
1642 4222 1741 4278 tibi
1766 4221 1861 4277 da-

274 4341 390 4386 tam
422 4347 436 4383 :
464 4327 585 4384 ideo
606 4334 663 4382 et
689 4323 921 4380 subdidit
941 4362 959 4387 ,
990 4320 1082 4377 54.
1112 4316 1179 4377 Et
1216 4315 1533 4389 parvipemiit
1566 4312 1707 4368 Esaia
1748 4312 1860 4384 pri—

270 4420 568 4494 mogenita;
609 4415 762 4489 quasi
798 4414 1000 4474 diceret
1030 4428 1046 4467 :
1074 4410 1315 4480 Ingratus
1352 4415 1467 4462 erat
1506 4420 1571 4461 ac
1612 4404 1861 4474 indignus

271 4528 368 4578 ea,
394 4525 555 4583 quam
583 4507 686 4564 sibi
725 4514 912 4560 natura
955 4500 1199 4565 dederat,
1223 4497 1500 4569 dignitate.
1526 4495 1641 4550 Hoc
1682 4503 1860 4549 autem

276 4612 453 4661 totum
478 4609 579 4663 est,
612 4607 672 4653 ut
691 4595 832 4651 illius
872 4592 1331 4648 demonstraretur
1359 4587 1595 4658 ingratus
1624 4585 1858 4651 animus,

271 4704 340 4752 et
365 4693 459 4749 Dei
482 4690 753 4746 oraculum
792 4684 1191 4754 adimpleretur.

358 4782 573 4839 Horatia
598 4778 845 4851 epilogus.
874 4773 950 4828 De
989 4777 1276 4841 contemptu
1318 4768 1623 4821 diuitiarum.
1648 4795 1719 4805 —
1738 4764 1863 4819 Hart:

275 4872 562 4931 audientes
603 4869 869 4923 discamus
907 4876 1197 4932 numquam
1245 4858 1514 4929 negligere
1540 4855 1677 4910 dona
1701 4870 1730 4908 a
1755 4855 1863 4910 Deo

279 4965 442 5022 nobis
465 4961 608 5025 data,
638 4970 811 5027 neque
831 4962 1047 5026 propter
1086 4964 1244 5021 parva
1269 4958 1324 5003 et
1343 4947 1466 5001 vilia
1512 4960 1700 5017 magna
1746 4960 1865 5014 per-

280 5059 436 5114 dere.
454 5055 626 5120 Quare
649 5050 815 5115 enim,
838 5047 924 5102 dic
943 5044 1092 5109 mihi,
1111 5046 1383 5113 preposito
1404 5054 1568 5110 regno
1587 5039 1859 5104 caelorum,

280 5148 549 5217 bonisque
574 5144 679 5198 illis
708 5139 1081 5203 iuell’abilibus,
1101 5138 1170 5191 ita
1201 5135 1252 5190 in
1280 5134 1583 5190 divitiarum
1601 5130 1863 5201 cupidita-

281 5255 401 5300 tem
426 5236 735 5300 insanimus,
766 5240 824 5288 et
850 5239 1242 5295 momentanea,
1265 5241 1384 5297 qua:
1404 5240 1546 5294 sirpe
1567 5239 1672 5278 non
1699 5237 1864 5292 usque

277 5332 354 5389 ad
372 5342 643 5399 vesperam
665 5327 994 5395 permanent,
1019 5319 1286 5390 perpetuis
1305 5332 1619 5393 semperque
1644 5316 1863 5369 duratu-

279 5426 365 5481 ris
409 5415 779 5493 praeferimus?
802 5415 870 5471 Et
894 5411 1022 5485 quid
1061 5412 1163 5467 hac
1207 5410 1437 5465 amentia
1471 5408 1705 5463 deterius
1742 5421 1863 5462 esse

345 5538 365 5570 ι
393 5535 534 5595 Haec,
579 5540 625 5586 et
665 5529 856 5585 uocauit
892 5543 1062 5595 men
1101 5529 1209 5595 ejus
1247 5524 1557 5595 Ja_cob_(xat
1580 5525 1789 5595 ἐκᾴςλεσξ
1813 5524 1871 5573 τὸ

274 5584 438 5659 δυομα
678 5595 923 5659 vagas),
972 5584 1155 5641 destitit
1196 5584 1531 5659 insinuat
1571 5584 1871 5659 quibusdam

278 5648 661 5720 manuscriptis;
681 5660 733 5707 in
749 5648 1089 5708 (eiulantem
1115 5652 1452 5714 reperiuntur.
1476 5648 1551 5697 0b
1571 5648 1697 5697 hanc
1715 5649 1872 5708 ipsam

278 5734 485 5772 causam
520 5720 667 5780 modo
700 5714 1048 5780 supplevimus
1086 5714 1176 5763 has
1209 5724 1386 5780 voces,
1418 5715 1463 5761 et
1486 5709 1671 5759 vocam't
1701 5721 1875 5759 nomen

279 5795 392 5876 ηιξ,
403 5782 543 5903 iis:
552 5775 1419 5903 ἐξσᾶῗὲθεθὲἓὲῗὲἓτῗιῗξάεέᾳ-ημ
1442 5831 1490 5879 in
1521 5826 1654 5903 .C-oisl
1665 5864 1677 5875 .
1701 5824 1875 5903 et

285 5870 375 5958 vii:
403 5870 533 5956 iiii?
548 5870 1429 5959 ἕέἒὶῗέἰῖίῦιῖξἀ’ἴῖυἱὲλῗὶιῖὑίἶ
1444 5870 1677 5950 ’Ὲκίὁῖιῖἱέξ
1706 5870 1878 5946 Mt},

285 5968 421 6034 quod
444 5966 696 6033 expressit
716 5965 982 6026 interpres.

1315 556 1379 612 ΙΝ
1418 554 1571 610 CAP.
1613 549 1777 607 XXV.
1820 547 2062 607 GENES.
2108 546 2336 603 iiOMIL.
2379 547 2441 601 L.

3440 552 3543 605 ιεο

1958 660 2155 730 possit?
2204 659 2414 730 quando
2454 668 2508 714 et
2556 659 2657 714 illis
2710 660 2977 731 privamur
3003 660 3070 716 ob
3097 661 3320 717 nimium
3352 665 3402 717 in
3430 663 3543 720 lucc

1956 767 2216 813 amorem.
2245 761 2297 807 et
2325 767 2610 821 numquam
2662 752 2742 806 his
2768 752 2869 807 frui
2912 769 3041 824 pure
3080 771 3383 823 possumus.
3415 760 3544 825 Qum

1957 843 2118 907 cnim,
2148 856 2347 910 quasso,
2376 844 2571 896 utilitas
2615 859 2923 913 magnarum
2968 844 3310 902 facultatum?
3336 851 3417 903 An
3445 866 3542 905 nc-

1956 932 2102 985 scitis
2129 935 2487 987 accessioncm
2531 936 2811 988 multarum
2848 938 3190 1004 pecuniarum
3220 940 3350 994 nihil
3398 943 3541 997 aliud

1957 1020 2109 1076 nobis
2152 1020 2362 1086 all'erre,
2393 1040 2548 1092 quam
2590 1040 2834 1079 curarum
2855 1026 3203 1095 incrementa,
3234 1034 3542 1102 occupatio-

1957 1130 2051 1168 nes
2081 1115 2292 1182 mentis,
2316 1126 2371 1171 et
2399 1118 2640 1187 vigilias?
2669 1118 2782 1173 Non
2827 1119 3014 1174 videtis
3047 1121 3143 1176 hos
3182 1124 3418 1178 omnium
3448 1142 3544 1194 pu-

1958 1205 2239 1272 tissimum,
2296 1218 2351 1260 ut
2396 1211 2463 1260 ita
2504 1208 2697 1276 dicam,
2742 1225 2928 1265 servos
2969 1228 3108 1279 esse,
3153 1215 3344 1283 quibus
3391 1218 3541 1286 plura

1955 1293 2225 1381 affluunt,
2262 1306 2317 1351 et
2360 1298 2596 1367 quotidie
2652 1301 2865 1354 umbras
2924 1302 3065 1370 ipsas
3121 1304 3361 1359 timent?
3414 1306 3544 1362 Inde

1954 1386 2097 1440 enim
2133 1399 2422 1443 nascuntur
2460 1389 2664 1444 insidiae
2685 1432 2699 1457 ,
2726 1391 3036 1460 invidentia,
3068 1396 3247 1450 odium
3277 1413 3458 1467 grave,
3488 1410 3544 1454 et

1955 1476 2231 1533 innumera
2272 1480 2372 1534 alia
2420 1482 2577 1535 mala.
2615 1483 2677 1536 Et
2705 1498 2847 1551 smpe
2894 1486 3044 1541 vides
3090 1504 3211 1542 eum
3252 1490 3340 1559 qui
3378 1490 3541 1547 habet

1955 1566 2139 1621 decem
2176 1569 2335 1623 millia
2383 1572 2719 1647 talenta‘auri
2764 1578 3055 1641 recondita,
3085 1579 3299 1635 beatum
3346 1598 3543 1639 vocare

1954 1673 2075 1711 eum
2121 1660 2209 1729 qui
2252 1661 2306 1714 in
2348 1663 2557 1717 officina
2601 1675 2869 1734 operatur,
2906 1681 2956 1722 et
2983 1684 3048 1723 ex
3076 1670 3255 1727 labore
3284 1686 3542 1729 manuum

1950 1749 2133 1805 cibum
2182 1762 2350 1821 parat.
2398 1756 2578 1820 Qualis
2624 1758 2783 1826 igitur
2832 1760 3095 1831 voluptas,
3135 1774 3227 1819 aut
3268 1767 3426 1837 quale
3458 1768 3540 1823 lu-

1953 1854 2124 1908 crum,
2141 1845 2351 1914 quando
2375 1860 2546 1916 neque
2574 1851 2653 1903 his
2677 1852 2985 1918 fruimur,et
3013 1867 3229 1926 propter
3252 1860 3387 1915 hanc
3410 1877 3541 1917 cou-

1951 1937 2334 2003 cupiscentiam
2361 1938 2520 1991 etiam
2548 1941 2837 2009 majoribus
2865 1946 3165 2013 privamur?
3190 1951 3324 2015 Quid
3362 1962 3542 2007 autem

1952 2024 2072 2079 dico
2096 2028 2405 2096 majoribus,
2430 2032 2642 2100 quando
2668 2049 2787 2087 cum
2812 2036 2964 2091 malis
2986 2054 3053 2107 qu
3072 2055 3101 2091 c
3123 2040 3206 2094 hic
3228 2058 3324 2096 nos
3344 2056 3538 2114 appre-

1952 2116 2208 2185 ltcndunt,
2239 2130 2293 2176 et
2313 2138 2342 2174 :t
2370 2122 2524 2176 bonis
2572 2142 2689 2194 quae
2739 2128 2808 2182 ibi
2852 2139 2977 2183 sunt
3020 2119 3333 2202 excidimus,
3377 2145 3431 2191 et
3472 2139 3538 2192 ad

1952 2207 2247 2278 gehennam
2270 2212 2438 2280 ipsam
2458 2215 2747 2272 mittimur?
2772 2219 2833 2273 Et
2867 2223 3098 2277 nondum
3122 2225 3240 2279 dico
3264 2228 3538 2287 innumera

1954 2311 2168 2370 peccata
2194 2318 2311 2373 qua:
2342 2304 2467 2360 hinc
2495 2309 2832 2379 colliguntur,
2864 2313 3037 2380 dolos,
3056 2317 3367 2385 calumnias,
3392 2322 3537 2390 rapi-

1955 2407 2051 2445 nas
2078 2404 2129 2447 et
2161 2394 2391 2451 fraudes.
2443 2397 2635 2453 Verum
2676 2402 2881 2457 etiamsi
2910 2406 3029 2473 quis
3055 2408 3121 2459 ab
3147 2410 3393 2465 omnibus
3432 2412 3538 2465 illis

1956 2481 2110 2550 liber,
2165 2483 2233 2538 id.
2261 2486 2402 2555 quod
2446 2502 2703 2558 perquam
2743 2490 2958 2547 difficile
3001 2505 3053 2547 et
3099 2511 3308 2561 rarum,
3347 2500 3537 2570 opibus

1953 2574 2206 2644 abundet,
2237 2585 2290 2631 et
2322 2579 2432 2647 ipse
2478 2580 2626 2635 solus
2653 2582 2731 2635 eis
2761 2592 2959 2650 utatur,
2993 2595 3045 2639 ct
3071 2600 3162 2641 eas
3188 2604 3311 2642 cum
3347 2590 3415 2644 iis
3446 2592 3535 2661 qui

1953 2682 2086 2736 opus
2131 2668 2328 2723 habent
2371 2684 2477 2724 non
2522 2671 2665 2741 large
2692 2677 3079 2741 communicet,
3112 2693 3233 2733 eum
3276 2681 3539 2751 gehennae

1955 2757 2092 2830 ignis
2118 2761 2365 2834 excipiet.
2394 2761 2543 2833 Quod
2570 2780 2669 2822 nos
2693 2766 2975 2825 manifeste
3013 2768 3169 2825 ducet
3207 2772 3458 2842 parabola
3482 2774 3537 2831 in

1953 2858 2244 2931 Evangelia
2288 2861 2476 2929 POSiia,
2522 2878 2645 2916 eum
2688 2866 2870 2919 statuit
2894 2866 3026 2920 alios
3051 2867 3328 2937 adextris,
3356 2871 3537 2926 alios:

1953 2954 2183 3009 sinistris
2215 2971 2228 3007 :
2265 2955 2471 3024 illisque
2492 2955 2628 3011 dixit
2654 2967 3010 3027 praeparatum
3038 2974 3158 3015 esse
3188 2974 3411 3031 regnum
3434 2978 3542 3018 ca:-

1954 3043 2128 3099 lornm
2154 3044 2222 3100 ob
2246 3061 2427 3101 curam
2468 3048 2649 3117 egenis
2681 3049 2972 3117 impensam
3001 3067 3012 3102 :
3056 3047 3235 3105 Venite'
3266 3053 3431 3119 enim,
3455 3053 3540 3108 itt-

1956 3135 2086 3204 quit,
2116 3135 2360 3189 benedicti
2383 3135 2555 3190 Patris
2580 3138 2696 3204 mei,
2723 3140 2773 3191 in
2804 3138 3129 3194 hereditatem
3168 3144 3379 3213 accipite
3406 3159 3543 3215 prc-

1957 3236 2189 3294 paratum
2202 3227 2343 3281 vobis
2368 3244 2575 3298 regnum
2593 3228 2655 3280 ab
2678 3229 2869 3300 origine
2888 3232 3061 3284 mundi
3088 3231 3294 3303 (Matth.
3314 3233 3405 3289 25.
3424 3236 3539 3304 54).

1956 3315 2063 3371 Cur
2081 3326 2134 3372 et
2171 3334 2273 3389 qua
2311 3319 2379 3375 dc
2422 3320 2620 3374 causa?
2659 3316 2860 3373 Esurivi
2896 3322 3048 3388 enim,
3084 3335 3132 3377 et
3172 3325 3379 3380 dedistis
3418 3328 3542 3381 mihi

1957 3412 2217 3465 comedere
2260 3410 2418 3481 (Ibid.
2458 3428 2505 3464 υ.
2555 3412 2667 3482 35).
2703 3411 2797 3466 His
2839 3427 2966 3467 vero
3013 3414 3185 3483 ignem
3234 3425 3540 3473 internum:

1959 3501 2086 3555 dicit
2103 3501 2247 3554 enim
2272 3521 2283 3555 :
2310 3499 2599 3554 Disceditea
2612 3517 2709 3565 me.
2726 3501 3011 3570 maledicti,
3024 3505 3079 3557 in
3096 3503 3265 3575 ignem
3274 3515 3539 3574 aeternum,

1959 3594 2043 3661 qui
2067 3602 2383 3662 praeparatus
2408 3600 2480 3645 est
2509 3591 2709 3645 diabolo
2740 3601 2784 3643 et
2810 3594 3003 3661 angelis
3029 3598 3141 3661 ejus
3163 3595 3321 3665 (Ibid.
3350 3612 3397 3649 υ.
3424 3599 3542 3668 Η).

1960 3682 2206 3754 Magnum
2234 3685 2381 3738 verbi
2426 3683 2635 3753 pondus
2661 3702 2673 3736 :
2703 3686 2940 3739 omnium
2985 3686 3238 3742 Dominus
3266 3698 3319 3744 et
3345 3691 3544 3745 Condi-

1962 3783 2044 3829 tor
2063 3774 2217 3829 dicit'
2244 3792 2257 3827 :
2281 3773 2501 3839 Esurivi,
2522 3783 2565 3827 et
2600 3790 2701 3828 non
2716 3776 2921 3828 dedistis
2947 3777 3070 3828 mihi
3099 3779 3355 3833 comedere
3379 3781 3542 3853 (Ibid.

1962 3881 2010 3920 υ.
2054 3864 2168 3935 42).
2214 3865 2378 3936 Cujus
2418 3866 2652 3921 animam
2699 3881 2803 3919 non
2850 3868 3138 3922 movebunt
3182 3868 3296 3924 haec
3340 3876 3499 3929 verba
3525 3919 3539 3943 ,

1962 3960 2168 4014 etiamsi
2198 3958 2401 4027 lapidea
2430 3957 2532 4011 sit?
2556 3957 2806 4012 Dominus
2849 3967 2970 4013 tuus
3008 3960 3253 4016 esuriens
3290 3961 3545 4019 obambu-

1958 4050 2056 4116 lat,
2083 4058 2138 4103 et
2164 4059 2291 4103 lues
2313 4049 2364 4102 in
2394 4048 2638 4104 deliciis:
2666 4064 2839 4119 neque
2867 4050 2969 4104 hoc
2989 4053 3182 4117 solum,
3205 4056 3297 4109 sed
3328 4054 3379 4107 in
3407 4054 3546 4111 deli-

1963 4140 2060 4195 ciis
2105 4140 2275 4210 ipsum
2304 4139 2567 4208 despicis;
2599 4141 2807 4194 tametsi
2850 4155 2956 4195 non
2986 4144 3211 4198 multum
3248 4145 3316 4199 sit
3346 4146 3491 4217 quod
3514 4162 3545 4202 a

1965 4242 2016 4287 te
2048 4234 2210 4303 petit;
2244 4246 2435 4301 nempe
2460 4246 2651 4301 panem
2667 4234 2979 4302 solum,qtto
3000 4234 3195 4289 famem
3222 4240 3389 4306 possit
3413 4240 3544 4294 sub-

1965 4325 2163 4380 levare.
2193 4324 2259 4379 Et
2286 4323 2398 4394 ipse
2422 4324 2638 4394 quidem
2665 4324 2858 4394 frigore
2900 4326 3170 4395 rigesceus
3198 4330 3546 4397 obambulat,

1966 4426 2020 4471 tu
2051 4427 2230 4471 autem
2258 4415 2443 4470 sericis
2466 4416 2682 4470 indutus
2708 4430 2775 4471 ne
2800 4419 3021 4486 respicis
3045 4418 3292 4487 quidem,
3348 4422 3547 4479 nullam

1964 4508 2486 4564 commiseratiouem
2514 4517 2626 4578 pra;
2670 4516 2721 4561 te
2759 4507 2885 4573 fers,
2915 4510 3010 4564 sed
3059 4512 3551 4573 immiscricorditer

1968 4602 2224 4670 prgcteris.
2248 4599 2315 4653 Et
2328 4613 2431 4668 qua
2444 4600 2595 4653 venia
2612 4608 2735 4652 sunt
2758 4598 2871 4652 hac
2885 4590 3041 4670 digna
3058 4601 3081 4654 ἳ
3095 4600 3174 4657 Nc
3184 4603 3342 4673 igitur
3356 4606 3426 4659 sit
3447 4605 3551 4664 hoc

1967 4691 2480 4754 studiumnostrum,
2534 4700 2590 4743 ut
2617 4689 2812 4744 multas
2856 4691 3129 4760 quibusvis
3170 4695 3375 4751 artibus
3418 4712 3551 4768 Opes

1966 4786 2339 4854 conquiramus
2370 4800 2383 4835 :
2411 4782 2506 4836 sed
2534 4782 2659 4837 illud
2693 4784 2743 4836 in
2763 4798 2926 4853 scopo
2948 4784 3257 4853 habeamus,
3280 4791 3554 4858 quomodo

1969 4887 2019 4933 ct
2050 4878 2160 4929 hmo
2191 4876 2325 4930 bene
2356 4874 2723 4944 disponamus,
2769 4884 2824 4928 et
2867 4875 3052 4943 egenis
3098 4878 3554 4935 consulamuszct

1968 4982 2037 5025 ne
2062 4969 2130 5021 ab
2155 4968 2257 5024 illis
2282 4966 2591 5023 excidamns
2629 4981 2748 5036 qua:
2791 4980 3005 5034 semper
3047 4979 3296 5036 manent,
3336 4973 3391 5024 ei
3429 4988 3551 5041 qure

1969 5061 2170 5117 nullam
2194 5060 2482 5115 admittunt
2506 5056 2926 5111 vicissitudinem
2941 5072 3003 5111 ac
3018 5059 3386 5115 mutationem.
3407 5064 3555 5130 Quo-

1970 5157 2109 5212 circa
2140 5154 2282 5210 dicm
2301 5152 2490 5208 mortis
2517 5162 2712 5205 nostrae
2743 5151 3004 5206 incertum
3030 5166 3150 5206 esse
3175 5154 3339 5207 voluit
3372 5156 3557 5210 Domi-

1968 5265 2102 5312 nus,
2136 5258 2193 5302 ut
2221 5261 2317 5301 nos
2348 5253 2670 5315 prmpararet
2696 5243 2762 5297 ad
2790 5242 3093 5299 continuam
3127 5246 3472 5303 sobrietatem
3498 5260 3552 5304 et

1968 5338 2313 5411 vigilantiam,
2327 5346 2380 5391 et
2400 5336 2469 5391 ita
2488 5336 2657 5405 magis
2673 5332 2737 5388 ad
2758 5334 2965 5388 virtutis
2985 5334 3218 5390 studium
3238 5350 3338 5390 nos
3359 5352 3549 5406 provo-

1967 5442 2134 5488 caret.
2165 5429 2300 5484 Dicit
2323 5428 2503 5483 enim:
2543 5425 2779 5497 Yigilate,
2810 5426 2929 5495 quia
2967 5427 3167 5480 nescitis
3209 5432 3368 5499 neque
3390 5429 3544 5492 diem,

1969 5536 2126 5591 neque
2148 5520 2325 5573 horam
2342 5516 2552 5589 (Matth.
2567 5515 2658 5572 25.
2682 5515 2790 5586 l5).
2811 5515 2966 5585 Atqui
2990 5530 3087 5569 nos
3103 5516 3259 5583 plane
3275 5517 3545 5572 diversum

1968 5626 2272 5682 operamur,
2298 5620 2353 5664 et
2375 5607 2670 5663 dormimus
2698 5621 2886 5661 somno
2910 5608 3150 5676 graviore
3175 5622 3332 5678 quam
3362 5609 3431 5661 sit
3453 5623 3518 5662 ua
3535 5638 3547 5647 -

1972 5703 2156 5759 turalis
2183 5702 2291 5756 ille.
2318 5698 2452 5755 Nam
2475 5703 2562 5767 qui
2587 5699 2811 5753 naturali
2841 5712 3030 5752 somno
3054 5700 3301 5767 quiescit,
3327 5712 3424 5753 nec
3453 5698 3544 5751 bo-

2034 5920 2052 5951 ¹
2086 5918 2251 5989 Ooisl.,
2273 5915 2481 5967 cautium
2504 5912 2747 5973 Conditor,
2770 5908 2981 5961 onmium
3004 5910 3223 5972 largitor
3246 5905 3388 5963 dicit.
