4124 6472
680 446 775 500 ιῦι

677 575 825 624 unm,
857 573 950 612 nec
982 556 1174 611 malum
1205 563 1451 622 Oper-alar
1481 573 1494 607 :
1536 569 1633 609 nos
1679 564 1852 608 autem
1896 553 2004 608 alio
2050 567 2236 616 ευτἰιηο

677 647 992 708 dormimus,
1024 630 1346 699 dormientes
1375 642 1440 698 ad
1463 644 1692 709 virtutis,
1723 643 2001 712 vigilantes
2026 641 2092 696 ad
2121 656 2203 695 ma
2222 669 2237 680 -

677 740 800 793 litia:
815 753 1002 807 opera.
1029 724 1227 791 strenui
1257 737 1308 790 in
1341 737 1511 798 malis,
1544 731 1754 790 desides
1778 736 1828 789 in
1859 734 2012 789 bonis
2038 751 2052 787 :
2084 732 2239 802 idque

674 830 896 887 facimus
914 830 1158 884 videntes
1181 829 1414 899 quotidie
1441 829 1634 882 mullos
1658 826 1778 880 hinc
1796 825 2006 888 abduci,
2022 837 2238 894 magnas

672 933 848 978 autem
873 922 1092 976 aliorum
1115 936 1232 976 csse
1261 923 1308 974 in
1341 921 1583 990 praesenti
1613 919 1716 971 vita
1741 916 2160 972 vicissitudines:
2182 923 2238 970 et

672 1029 840 1084 neque
853 1023 993 1067 tanta
1009 1028 1184 1067 rerum
1205 1011 1579 1079 inaequabilitas
1591 1009 1654 1061 ad
1674 1008 1877 1062 virtutis
1892 1021 2126 1061 amorem
2140 1019 2236 1060 nos

669 1103 931 1159 adducere
971 1111 1158 1171 potest,
1183 1117 1352 1173 neque
1381 1099 1616 1170 disponit
1646 1106 1703 1152 ut
1724 1097 2076 1166 despiciamus
2101 1111 2236 1164 prae-

669 1195 865 1260 sentia,
879 1203 930 1248 ct
944 1192 1304 1246 desideremus
1340 1189 1531 1253 futura,
1552 1187 1992 1259 pra-feramusqne
2012 1187 2234 1241 somniis

667 1293 721 1337 et
743 1284 938 1336 umhrrc
961 1283 1255 1334 veritatem.
1284 1279 1398 1334 Non
1425 1281 1563 1332 enini
1587 1277 1831 1332 dill'erunt
1859 1277 2136 1346 prtesentia
2164 1275 2232 1329 ab

669 1374 869 1428 umbris
906 1384 958 1427 et
987 1374 1226 1427 somniis.
1274 1371 1498 1426 Proinde
1553 1387 1619 1426 ne
1647 1370 1969 1439 decipiamus
2002 1379 2233 1423 nosmet-

667 1456 1020 1534 ipsos,'neque
1033 1473 1301 1518 sectemur
1320 1463 1560 1516 umbras:
1580 1460 1671 1516 sed
1689 1461 1770 1516 vel
1785 1475 1904 1515 sero
1922 1460 2131 1514 tandem
2148 1473 2232 1512 sa-

669 1557 788 1610 lutis
804 1566 996 1610 nostra?
1017 1570 1195 1610 curam
1217 1555 1524 1616 habeamus,
1542 1564 1592 1607 et
1606 1567 1732 1622 opes
1749 1553 2099 1621 indigentibus
2111 1567 2230 1604 cva.

665 1661 909 1710 cuemus,
956 1656 1011 1700 ut
1051 1661 1148 1717 pro
1197 1645 1302 1699 illis
1343 1645 1871 1698 remunemtionema
1901 1641 2226 1695 misericordi

671 1736 778 1790 Deo
823 1738 1062 1805 accipere
1110 1749 1408 1790 mereamur
1447 1750 1459 1785 :
1501 1747 1602 1802 qua
1646 1732 1795 1786 nobis
1837 1731 2081 1784 omnibus
2126 1729 2226 1784 frui

663 1827 1002 1890 concedatur,
1028 1827 1194 1897 gratia
1237 1834 1293 1881 et
1337 1823 1762 1879 miserationibus
1810 1822 2016 1876 Domini
2061 1821 2226 1876 nostri

660 1916 785 1972 Jesu
813 1915 1023 1980 Christi,
1047 1930 1166 1969 cum
1197 1929 1300 1983 quo
1331 1913 1470 1968 Patri
1494 1923 1548 1968 et
1575 1912 1786 1981 Spiritui
1814 1920 1998 1965 sancto
2027 1911 2094 1965 sit
2121 1910 2228 1980 glo-

663 2007 761 2073 ria,
793 2007 1089 2075 imperium,
1129 2007 1314 2069 honor,
1364 2019 1502 2059 nunc
1538 2014 1588 2058 ct
1615 2018 1845 2074 semper,
1876 2012 1929 2058 et
1959 2003 2008 2056 in
2035 2000 2224 2056 stccula

663 2097 997 2151 sa‘culorum.
1028 2097 1216 2151 Amen.

1235 2223 1510 2282 llOMlLlA
1541 2223 1624 2278 LI.

661 2359 708 2413 Γ
705 2371 819 2414 acta
861 2371 932 2414 est
984 2369 1146 2414 autem
1190 2364 1347 2430 [mnes
1389 2376 1537 2428 super
1585 2369 1786 2419 terram,
1816 2365 1994 2426 pra’ler
2039 2355 2221 2423 fantem

685 2453 920 2518 priorem,
947 2464 1057 2514 qua
1083 2449 1246 2516 fuerat
1271 2457 1490 2516 tempore
1520 2447 1770 2501 Abraham
1802 2445 1949 2518 (Gen.
1979 2445 2070 2500 26.
2108 2445 2183 2516 Ι).

728 2581 773 2632 l.
808 2579 998 2634 lterum
1027 2595 1092 2633 ex
1123 2580 1186 2633 iis
1215 2595 1332 2650 quae
1358 2596 1525 2648 nuper
1553 2579 1779 2634 diximus
1807 2579 2099 2634 doctrinam
2128 2591 2221 2632 vo-

649 2670 732 2724 bis
757 2671 973 2726 afferam
1002 2689 1016 2723 :
1045 2680 1102 2725 ut
1131 2680 1306 2724 autem
1335 2671 1533 2739 liquido
1577 2672 1752 2724 sciatis
1786 2670 1871 2723 ubi
1901 2685 2068 2738 nuper
2096 2683 2213 2722 sero

654 2774 863 2814 nionem
892 2763 1107 2814 missurn
1135 2759 1434 2823 fecerimus,
1453 2769 1506 2814 et
1533 2760 1668 2814 ttnde
1691 2760 1725 2814 h
1751 2759 1848 2814 ‘die
1870 2759 2219 2814 resumendus

649 2851 738 2915 sit,
766 2865 827 2905 ea
857 2867 974 2920 qua:
1001 2865 1156 2920 supra
1195 2850 1334 2904 dicta
1377 2859 1517 2915 sunt,
1547 2859 1738 2904 vestrm
1763 2850 1966 2903 caritati
2017 2850 2067 2904 in
2099 2865 2216 2905 me-

649 2941 870 2994 moriam
901 2938 1100 2995 referre
1138 2955 1314 3010 Opera:
1344 2939 1568 3008 pretium
1609 2939 1785 2994 fuerit.
1816 2939 2048 2994 Tametsi
2074 2941 2213 2995 enim

649 3044 764 3096 vos,
793 3031 913 3100 quia
940 3031 1117 3086 multis
1137 3031 1282 3086 euris
1302 3030 1678 3095 distrahimini,
1701 3047 1884 3086 eorum
1911 3030 2044 3086 forte
2064 3032 2214 3087 obliti

648 3123 799 3184 estis,
831 3121 923 3175 sed
973 3135 1148 3176 meum
1177 3130 1258 3176 est
1285 3129 1341 3175 ut
1368 3123 1420 3174 in
1450 3123 1757 3176 memoriam
1785 3121 1933 3177 vobis
1965 3121 2214 3176 reducam

647 3224 731 3275 ea,
762 3225 867 3279 quo
909 3225 1086 3265 sermo
1113 3209 1268 3265 hodie
1297 3210 1550 3265 dicendus
1577 3211 1906 3267 manifestior
1934 3211 2088 3266 vobis
2123 3213 2213 3268 sit.

647 3300 806 3355 Scitis
835 3300 975 3355 enim
1003 3315 1102 3355 nos
1130 3315 1298 3369 nuper
1329 3301 1579 3356 Rebecca:
1607 3303 1856 3372 pietatem
1883 3312 2211 3368 enarrantes,

649 3389 771 3445 inde
807 3389 873 3444 ad
921 3390 1058 3444 Esaii
1086 3399 1139 3444 et
1179 3389 1343 3445 Jacob
1377 3383 1679 3456 devenisse,
1711 3391 1795 3458 ubi
1827 3402 2092 3446 narratum
2131 3399 2215 3446 est

646 3478 787 3534 Esau
817 3480 1182 3548 primogenita,
1226 3489 1282 3532 ut
1321 3480 1438 3534 cibo
1471 3479 1754 3543 frueretur.
1785 3481 1984 3536 .laeoho
2023 3481 2212 3536 vendi-

645 3569 804 3634 disse,
823 3579 875 3625 et
897 3577 1108 3638 propter
1129 3569 1230 3623 cibi
1258 3568 1592 3637 cupiditatem
1619 3570 1957 3639 semetipsum
1986 3562 2084 3625 sino
2114 3571 2213 3626 ho-

645 3674 774 3714 nore
820 3659 1072 3728 privasse.
1106 3658 1217 3713 Hoc
1260 3669 1436 3713 autem
1477 3674 1580 3714 non
1627 3668 1828 3715 temere
1872 3658 2092 3726 factum,
2119 3661 2213 3716 sed

645 3761 700 3805 nt
741 3751 1014 3822 prepbetia
1058 3751 1437 3820 complentur,
1472 3766 1590 3820 qua:
1627 3750 1755 3806 dicit
1788 3767 1801 3803 :
1829 3752 1989 3805 Jacob
2017 3753 2173 3807 dilexi
2196 3795 2210 3817 ,

647 3841 787 3895 Emit
809 3852 976 3894 autem
1017 3842 1132 3894 odio
1161 3840 1313 3894 habui
1356 3839 1606 3911 (Halach.
1652 3843 1700 3895 l.
1743 3840 1796 3894 2.
1828 3842 1902 3910 3).
1935 3841 2063 3895 Nam
2091 3858 2212 3898 cum

648 3934 787 3988 Deus
815 3932 1107 3986 futurorum
1135 3931 1200 3986 sit
1231 3934 1504 4001 prtescius,
1536 3931 1774 4000 pmdixit
1801 3941 1856 3988 et
1882 3932 2020 3987 illius
2050 3934 2216 3987 virtu-

647 4033 776 4091 tem,
805 4032 858 4078 et
884 4022 1038 4091 hujus
1073 4021 1232 4076 animi
1259 4021 1564 4089 nequitiam.
1608 4025 1859 4087 Quaenam
1888 4032 2064 4077 autem
2091 4030 2215 4077 sunt

646 4114 748 4170 illa:
795 4113 1260 4184 primogenitum?
1300 4113 1480 4182 Igitur,
1529 4115 1649 4182 quia
1695 4123 1820 4169 tunc
1860 4124 2066 4184 tempus
2108 4130 2211 4169 non

651 4203 988 4275 permittebat
1026 4203 1232 4257 caritati
1261 4211 1448 4257 vestra:
1491 4202 1688 4266 dicere,
1716 4219 1855 4258 nunc
1879 4219 2097 4260 necesse
2133 4214 2217 4259 est

650 4303 702 4348 ut
726 4294 962 4348 doceam.
993 4293 1144 4362 Apud
1183 4301 1392 4348 veteres
1417 4307 1654 4348 summus
1685 4292 1854 4348 honor
1877 4304 1989 4348 erat
2017 4295 2217 4364 primo-

647 4385 945 4454 genitum:
978 4384 1098 4440 hinc
1143 4393 1317 4439 autem
1367 4383 1582 4440 honoris
1628 4400 1841 4440 causam
1879 4397 1932 4442 et
1959 4388 2214 4456 originem

652 4481 851 4535 habuit.
882 4479 1010 4535 Cum
1058 4480 1196 4534 Deus
1225 4479 1580 4534 lsraelitarutu
1606 4489 1818 4549 gentem
1863 4481 1930 4535 ab
1965 4481 2217 4552 Egyptio

650 4571 895 4634 liberare,
921 4580 973 4624 et
1017 4571 1304 4624 secundum
1354 4571 1754 4638 promissionem
1787 4572 2103 4638 patriarcha:
2136 4571 2215 4625 fa-

648 4675 788 4717 ctam
812 4677 842 4715 a
868 4661 1142 4732 tyrannide
1169 4660 1456 4715 Pharaonis
1481 4662 1686 4729 eripere
1710 4662 1888 4724 vellet,
1911 4661 2219 4716 obluctante

656 4766 705 4805 et
737 4752 973 4806 detinere
1004 4752 1212 4804 volente
1233 4761 1354 4804 tunc
1379 4749 1630 4821 Egyptio
1664 4768 1674 4800 :
1707 4760 1821 4818 post
1845 4750 2012 4804 varias
2042 4753 2220 4820 plagas

651 4845 810 4896 etiam
888 4841 1024 4896 hanc
1079 4851 1394 4910 postremam
1439 4846 1517 4896 eis
1574 4841 1791 4899 intulit;
1851 4840 1960 4896 fere
2027 4858 2220 4910 cogens

663 4931 928 5002 digyptios
958 4941 1014 4984 ut
1061 4932 1171 4985 suis
1200 4931 1442 4984 manibus
1481 4930 1821 4986 extruderent
1867 4930 2217 4986 lsraélitarum

658 5040 822 5095 genus
868 5022 1058 5084 (Exod.
1104 5022 1210 5090 19.).
1262 5022 1390 5076 Nam
1439 5023 1595 5076 simul
1625 5023 1799 5076 omnia
1849 5022 2218 5093 Egyptiorum

655 5113 998 5184 primogenita
1027 5112 1192 5166 occidi
1219 5110 1374 5179 jussit
1405 5109 1478 5180 (a)
1505 5128 1516 5163 :
1547 5111 1874 5181 vidissesque
1903 5113 1951 5166 in
2002 5113 2220 5182 singulis

713 5332 785 5392 (a)
819 5333 902 5379 Itie
925 5330 1112 5379 videtur
1133 5331 1388 5394 pugnantia
1415 5329 1542 5391 loqui
1579 5329 1949 5394 Chrys-istomus,
1975 5345 2080 5380 cum
2100 5334 2223 5394 juris

655 5391 1041 5456 [.rimOgeniturse
1081 5391 1260 5456 ωιῳὶν,
1288 5391 1333 5439 id
1380 5399 1473 5456 est,
1498 5391 1686 5456 caus_ani
1713 5399 1762 5456 et
1784 5392 2039 5456 originem,
2068 5391 2224 5442 refert

655 5455 710 5501 ad
737 5453 1118 5502 internecionem
1135 5454 1560 5560 primoﬁenitorum
1577 5453 1778 5560 E3011“,
1799 5453 1934 5502 annis
1953 5453 2061 5516 plus
2080 5469 2222 5516 quam

656 5515 886 5560 trecentis
903 5523 1178 5560 nostorlum
1199 5515 1298 5560 Fsai
1339 5521 1389 5560 et
1406 5513 1565 5560 Jacobi
1592 5526 1603 5559 :
1657 5528 1684 5558 ε
1709 5526 1912 5560 auorum
1935 5519 2222 5560 nrimmeai-

656 5515 886 5563 tt-ecentis
903 5523 1006 5577 post
1021 5513 1178 5577 ortum
1199 5513 1314 5562 Fsail
1339 5521 1389 5577 et
1406 5513 1565 5560 Jacobi
1592 5513 1684 5577 :de
1709 5526 1912 5574 quorum
1935 5513 2222 5577 primogeni-

657 5582 760 5622 tura
780 5583 829 5622 et
851 5574 915 5622 de
934 5575 1044 5635 jure
1063 5574 1190 5622 illam
1228 5575 1488 5622 comitante
1513 5575 1712 5633 qurestio
1737 5581 1829 5623 est.
1872 5574 1961 5624 Sed
1988 5574 2114 5624 bene
2141 5580 2223 5624 atl-

661 5637 804 5698 vertit
827 5635 906 5698 ille
931 5643 1098 5698 postea
1125 5636 1299 5698 idrnon
1332 5647 1473 5698 posse
1498 5636 1753 5698 quadrare,
1777 5648 1884 5684 cum
1908 5637 2038 5690 dicit,
2065 5653 2225 5697 qnam-

662 5697 735 5744 vis
756 5695 992 5757 legislatio
1014 5695 1092 5744 illa
1109 5695 1418 5745 Hebrtcovum
1433 5695 1497 5743 de
1524 5697 1852 5756 primogenitis
1865 5695 2104 5757 posterior
2124 5701 2224 5746 fu“-

662 5711 735 5744 vis
757 5711 992 5757 tegtstauo
1014 5711 1092 5744 tua
1110 5711 1418 5745 "cuneorum
1433 5711 1497 5743 ne
1524 5711 1852 5756 prunogennts
1941 5711 2104 5746 'tertor
2124 5711 2224 5746 lu“-

658 5757 833 5828 rit..jtts
855 5765 1012 5806 tamen
1047 5757 1238 5828 aliquod
1261 5760 1650 5828 printogemturte
1685 5764 1823 5828 antea
1854 5711 2019 5807 mete.
2050 5766 2098 5807 Et
2125 5761 2225 5828 hac

658 5817 845 5867 ratione
869 5830 976 5880 qur
1001 5830 1092 5867 non
1117 5817 1351 5880 quadrare
1387 5817 1690 5879 videbantur,
1727 5826 1986 5882 utcumque
2011 5825 2221 5879 corruat.

1424 441 1484 494 S.
1523 436 1797 494 JOANNIS
1833 429 2300 492 CllBYSOSTOMI
2341 433 2651 489 ARCIIIEP.
2695 433 3224 492 CONSTANTINOP.

3816 443 3920 496 $52

2349 550 2593 606 domibus
2619 553 2843 620 ejulatus
2870 563 2924 609 et
2953 555 3250 626 lacrymas;
3280 570 3451 626 neque
3475 557 3553 612 sic
3581 559 3832 628 potabant
3861 563 3923 614 ft-

2346 643 2444 695 niri
2472 642 2702 713 plagam,
2731 643 2820 698 sed
2867 644 3009 698 illinc
3053 647 3209 699 etiam
3258 646 3634 716 exspectabant
3676 659 3731 703 ut
3775 665 3920 704 mors

2342 747 2448 802 qua
2478 743 2714 803 cmpcrat
2756 749 3000 804 pergens,
3046 735 3112 790 ad
3154 751 3340 791 omnes
3389 739 3706 806 perveniret.
3740 739 3921 810 Itaque

2340 827 2461 886 quia
2492 826 2543 879 in
2587 824 2818 897 Egypto
2847 843 2948 882 una
2989 828 3226 882 omnium
3258 830 3722 900 primogenitorum
3772 847 3920 886 mors

2343 918 2458 984 fuit,
2481 915 2729 974 Israelita:
2754 928 2926 974 autem
2948 921 3122 974 divina
3151 920 3269 976 freti
3294 926 3482 992 gratia,
3507 923 3653 979 illaesi
3670 939 3918 993 perman-

2338 1017 2520 1062 serunt
2552 1026 2566 1062 :
2597 1023 2690 1077 per
2720 1009 2819 1064 hoc
2841 1011 3001 1066 etiam
3032 1011 3317 1067 ostendens
3344 1013 3580 1067 omnium
3605 1014 3742 1069 Dens
3760 1029 3912 1069 suam

2338 1093 2460 1166 erga
2493 1097 2612 1152 illos
2657 1098 3105 1162 benevolentiam.
3151 1101 3429 1171 imperavit
3456 1103 3509 1157 in
3557 1113 3826 1172 posterum
3855 1113 3916 1157 ut

2339 1197 2553 1256 propter
2584 1189 3003 1246 interfectionem
3032 1191 3503 1262 primogenitomm
3531 1193 3767 1265 Βανά,
3805 1194 3918 1266 pri-

2337 1279 2587 1350 mageniti
2617 1279 2918 1336 Judazorum
2969 1283 3119 1352 pueri
3163 1283 3262 1339 sibi
3305 1284 3644 1340 olferrentur.
3679 1284 3814 1340 [line
3858 1295 3915 1340 et

2337 1373 2505 1427 tribus
2550 1371 2677 1427 Levi
2711 1373 2761 1426 ia
2810 1372 3164 1428 sacerdotium
3189 1384 3464 1444 segregata
3509 1382 3614 1441 est,
3637 1383 3690 1430 et
3727 1389 3794 1430 ex
3821 1374 3914 1430 illo

2335 1476 2438 1515 non
2468 1461 2637 1516 solum
2662 1463 3009 1534 primogenita
3033 1463 3303 1520 hominum
3325 1465 3499 1520 oblata
3519 1475 3640 1520 sunt
3660 1464 3791 1532 Deo,
3815 1465 3910 1521 sed

2333 1562 2386 1605 et
2429 1553 2728 1616 brutorum,
2771 1563 2824 1606 et
2875 1555 2924 1607 in
2972 1555 3280 1610 universum
3310 1557 3569 1611 muluium.
3601 1557 3664 1610 Et
3711 1570 3911 1624 prece.

2335 1656 2479 1712 ptum
2527 1656 2660 1710 erat,
2695 1661 2791 1714 pro
2840 1647 3143 1702 hominibus
3182 1657 3238 1703 et
3265 1648 3552 1702 immundis
3593 1646 3910 1702 animalibus

2335 1736 2558 1804 pretium
2605 1734 2853 1805 dependi.
2895 1736 3148 1804 Quamvis
3188 1748 3365 1792 autem
3408 1737 3670 1807 legislatio
3698 1735 3812 1791 hac
3839 1737 3910 1791 de

2333 1825 2698 1896 primogenitis
2762 1828 3025 1895 posterior
3078 1827 3237 1881 fuerit
3269 1837 3540 1881 :attamen
3589 1828 3698 1896 jam
3746 1841 3906 1895 supra

2332 1923 2386 1966 et
2429 1914 2556 1968 olim
2600 1913 2916 1968 videbantur
2958 1915 3168 1985 aliquod
3199 1916 3396 1970 habere
3436 1915 3789 1986 privilegium,
3816 1915 3905 1985 qui

2334 2003 2543 2058 vulvam
2589 2005 2773 2058 matris
2823 2005 3050 2073 primum
3097 2004 3494 2073 adaperiebant.
3543 2005 3687 2060 flanc
3748 2005 3907 2075 igitur

2328 2096 2676 2165 dignitatem,
2724 2111 2881 2166 quam
2920 2111 2948 2149 ι
2979 2106 3162 2151 natura
3210 2096 3439 2152 habebat
3482 2097 3637 2158 Esau.
3691 2106 3904 2164 propter

2328 2188 2792 2257 intemperantiam
2840 2202 2990 2242 suam
3029 2189 3300 2242 transtulit
3337 2188 3388 2242 in
3435 2188 3670 2241 fratrem.
3707 2187 3773 2242 Et
3817 2188 3905 2242 ille

2327 2276 2537 2345 quidem
2586 2276 2815 2346 perdidit
2855 2277 2996 2346 quod
3023 2294 3051 2330 a
3082 2287 3268 2331 natura
3313 2277 3576 2331 habebat:
3605 2277 3690 2331 hic
3726 2287 3902 2331 autem

2326 2378 2379 2422 et
2411 2367 2550 2437 quod
2595 2383 2698 2422 non
2728 2367 2957 2423 habebat
2981 2384 3011 2422 a
3040 2379 3247 2431 natura,
3279 2368 3499 2437 accepit.
3544 2367 3610 2422 Et
3641 2368 3761 2437 quia
3791 2368 3905 2422 hac

2326 2469 2479 2514 antea
2510 2459 2727 2514 oraculo
2767 2459 3025 2528 promissa
3075 2467 3245 2524 erant,
3276 2457 3396 2512 ideo
3427 2457 3686 2520 Rebecca,
3717 2457 3900 2526 appel-

2325 2549 2521 2607 latione
2551 2551 2598 2604 ei
2629 2551 2811 2614 indita,
2857 2550 3021 2606 Iacob
3061 2565 3184 2605 eum
3234 2550 3440 2604 vocavit
3471 2549 3646 2618 :quod
3699 2548 3901 2602 scilicet

2325 2642 2807 2712 supplantationem
2859 2641 3194 2710 interpretari
3251 2651 3423 2710 potes,
3479 2641 3614 2694 sicut
3658 2648 3712 2694 et
3758 2639 3899 2693 Esau

2325 2741 2440 2800 post
2467 2733 2628 2800 patris
2655 2731 3052 2786 benedictiones
3095 2730 3296 2800 ejulans
3322 2729 3551 2793 diccbat,
3581 2728 3728 2782 Juste
3755 2744 3899 2781 sora-

2321 2829 2428 2874 tum
2455 2830 2529 2875 est
2566 2837 2747 2874 nomen
2775 2822 2884 2889 ejus
2919 2819 3080 2873 Iacob
3110 2837 3128 2873 :
3153 2820 3492 2890 supplantavit
3521 2820 3652 2872 enim
3685 2835 3763 2871 me
3785 2818 3900 2886 jam

2318 2912 2558 2976 secundo,
2589 2921 2637 2966 et
2682 2913 3013 2983 primogenita
3057 2929 3166 2965 mea
3195 2913 3404 2982 accepit,
3436 2921 3482 2965 et
3524 2928 3656 2964 nunc
3692 2909 3897 2964 benedi-

2319 3003 2530 3056 ctionem
2559 3018 2718 3056 meum
2761 3002 2911 3070 (Cen.
2937 3003 3026 3056 27.
3057 3001 3169 3073 36).

2396 3090 2447 3144 Ν
2451 3093 2674 3146 ominum
2704 3093 3019 3161 prapn'mm
3039 3093 3291 3157 impositio
3309 3121 3398 3144 .-—
3415 3091 3543 3146 Vide
3570 3103 3761 3160 quanta
3783 3100 3898 3145 erat

2319 3184 2616 3252 priscorum
2669 3182 2967 3253 prudentia,
3022 3183 3105 3236 vel
3149 3183 3342 3251 potius,
3373 3193 3566 3252 quanta
3617 3181 3775 3236 fuerit
3804 3180 3895 3236 Dei

2318 3272 2602 3342 sapientia,
2651 3287 2753 3341 qua
2798 3272 3033 3327 elfeoorit
3063 3281 3118 3325 ut
3159 3283 3212 3326 et
3240 3272 3487 3326 mulieres
3518 3272 3652 3326 natis
3683 3272 3893 3325 nomina

2318 3377 2423 3416 non
2449 3370 2650 3416 temere
2678 3376 2774 3416 nec
2801 3359 3018 3416 fortuito
3058 3365 3409 3430 imponerent.
3441 3361 3533 3416 sed
3564 3361 3777 3416 nomina
3801 3362 3893 3416 ἀὴρ

2317 3463 2457 3517 rent,
2485 3467 2604 3521 qua:
2644 3452 2764 3506 [iliis
2791 3462 2970 3507 essent
3015 3454 3309 3507 futurorum
3353 3453 3641 3524 pradictio.
3672 3453 3739 3508 Et
3777 3469 3894 3509 raro

2317 3543 2556 3600 invenies
2580 3542 2771 3598 eodem
2801 3559 2907 3613 quo
2951 3555 3128 3614 patres
3180 3543 3393 3600 nomine
3434 3545 3688 3614 appellari
3720 3545 3855 3600 lilios
3877 3588 3892 3610 ,

2318 3634 2398 3689 vel
2426 3634 2562 3690 forte
2586 3649 2843 3702 nusquam
2880 3653 2892 3688 :
2925 3635 3016 3691 sed
3045 3636 3158 3692 sive
3184 3647 3353 3691 mater
3381 3637 3498 3692 sive
3527 3648 3674 3707 pater
3703 3654 3893 3694 nomen

2319 3727 2429 3781 lilio
2459 3728 2800 3796 impositurus
2825 3738 2962 3791 erat,
2993 3744 3170 3782 rarum
3195 3728 3463 3797 quoddam
3490 3740 3543 3784 et
3568 3746 3761 3786 novum
3790 3734 3890 3786 im-

2318 3819 2567 3884 ponebat,
2601 3828 2656 3872 ut
2703 3834 2798 3886 per
2845 3819 2970 3874 illud
3000 3820 3172 3889 aliqua
3226 3819 3396 3874 futura
3439 3822 3890 3891 prazsiguilicaret.

2321 3907 2392 3960 lta
2419 3917 2471 3961 et
2500 3907 2727 3962 Lamech
2769 3908 2931 3962 tilium
2977 3910 3183 3963 vocavit
3229 3909 3362 3973 Noe.
3407 3910 3634 3964 dicens:
3669 3910 3767 3965 llic
3804 3928 3894 3966 nos

2319 4000 2624 4068 requiescere
2667 4000 2814 4067 Iacict
2847 3999 2997 4068 (Cen.
3027 4001 3077 4056 5.
3107 4000 3223 4068 29).
3259 4001 3331 4055 Ita
3374 4003 3418 4055 si
3445 4003 3648 4072 singula
3679 4006 3892 4060 nomina

2317 4092 2587 4156 scrutcris,
2619 4093 2836 4145 omnino
2869 4093 2920 4146 in
2967 4094 3212 4147 omnibus
3235 4094 3477 4149 invenies
3523 4096 3720 4163 aliquid
3765 4098 3893 4152 insi-

2320 4183 2472 4234 nnari
2507 4199 2519 4234 :
2553 4199 2656 4236 non
2687 4183 2821 4236 sicut
2845 4197 2984 4236 nunc
3009 4181 3226 4248 faciunt,
3258 4185 3346 4253 qui
3375 4195 3573 4240 temere
3600 4196 3652 4240 et
3679 4199 3733 4241 ut
3760 4188 3894 4243 forte

2319 4272 2512 4336 evenit,
2544 4287 2572 4324 a
2591 4272 2906 4340 parentibus
2934 4274 3276 4342 agnominare
3304 4274 3479 4330 solent
3509 4294 3524 4330 ε
3554 4277 3648 4332 sed
3678 4280 3895 4337 omnino

2322 4361 2440 4412 illuc
2469 4361 2795 4430 spectabant,
2823 4372 2881 4416 ut
2906 4372 3211 4432 perpetuam
3240 4366 3548 4420 memoriam
3592 4382 3687 4437 per
3709 4369 3894 4439 appel-

2324 4456 2572 4510 lationem
2593 4455 2734 4509 illam
2755 4454 2875 4510 liliis
2891 4455 3153 4509 iudercnt.
3173 4456 3436 4512 Cmterum
3455 4458 3729 4516 videamus
3761 4477 3897 4518 nunc

2322 4553 2438 4611 post
2469 4544 2893 4612 primogenitum
2915 4546 3376 4614 permutationem,
3391 4547 3515 4618 quid
3535 4549 3724 4604 iterum
3748 4552 3897 4607 nobis

2324 4619 2501 4687 narret
2545 4633 2727 4687 beatus
2757 4633 2928 4690 Iloses
2959 4634 3033 4690 de
3082 4645 3230 4704 patre
3275 4637 3502 4702 illorum,
3534 4649 3589 4694 et
3630 4643 3898 4710 quomodo

2323 4722 2454 4774 sicut
2487 4721 2556 4776 de
2587 4722 2882 4790 patriarcha
2903 4722 3100 4777 dictum
3128 4733 3226 4788 est,
3263 4725 3330 4778 ita
3354 4735 3409 4780 et
3433 4726 3500 4780 de
3524 4725 3624 4782 hoc
3650 4728 3894 4798 legimus,

2323 4829 2440 4865 eum
2476 4813 2611 4867 fame
2640 4815 2917 4884 ingruente
2940 4815 3157 4868 multam
3190 4816 3279 4870 Dei
3308 4831 3486 4872 curam
3513 4819 3765 4884 sensisse,
3789 4830 3896 4876 tam

2325 4914 2537 4972 propter
2567 4905 2812 4957 virtutem
2843 4905 3106 4972 pmpriam
3128 4947 3142 4970 ,
3177 4916 3285 4960 tum
3331 4918 3546 4976 propter
3591 4913 3898 4978 promissio-

2327 5011 2443 5047 nem
2473 4995 2785 5064 patriarclne
2818 4995 3025 5051 factam.
3059 4998 3107 5050 1.
3146 4996 3305 5050 Facta
3345 5011 3418 5053 est
3441 5012 3606 5058 autem
3634 5007 3793 5073 fames
3817 5023 3898 5059 su-

2327 5103 2410 5151 per
2437 5098 2637 5143 terram,
2672 5095 2852 5154 prwter
2880 5086 3062 5153 [alitem
3090 5088 3328 5156 priorem,
3357 5106 3467 5158 qua!
3493 5091 3656 5157 fuerat
3682 5106 3899 5162 tempore

2327 5177 2539 5228 Αὸνηιιω
2568 5175 2717 5242 (Cap.
2745 5176 2854 5246 ‘26).
2884 5175 2952 5232 Ut
2983 5193 3048 5231 ne
3079 5189 3228 5247 putes
3259 5180 3324 5233 de
3365 5181 3448 5235 illa
3495 5182 3632 5238 fante
3671 5199 3792 5238 cum
3824 5186 3900 5238 di-

2327 5282 2460 5330 cere,
2491 5275 2760 5336 propterea
2793 5268 3024 5322 subdidit
3049 5288 3060 5322 :
3081 5268 3275 5324 Pratcr
3303 5275 3482 5341 famem
3510 5291 3622 5344 qua:
3649 5287 3754 5330 erat
3775 5288 3899 5331 test-

2330 5377 2444 5424 porc
2475 5360 2791 5428 patriarcha,
2827 5362 2973 5428 quasi
3017 5361 3245 5425 d’ceret,
3277 5365 3376 5418 alia
3418 5367 3606 5420 similis
3635 5385 3776 5423 nunc
3802 5372 3896 5426 ite-

2331 5466 2440 5502 t‘um
2475 5449 2638 5503 fames
2664 5453 2807 5503 venit
2848 5465 3006 5519 super
3053 5462 3244 5507 terram
3277 5467 3510 5524 tempore
3539 5459 3705 5524 lsaac,
3733 5463 3900 5529 qualis

2330 5552 2442 5593 erat
2488 5551 2727 5608 tempore
2789 5542 2950 5608 patris
3001 5543 3156 5597 illius.
3209 5544 3636 5604 Necessariorum
3686 5556 3900 5622 fumaria

2332 5649 2516 5686 omnes
2547 5634 2596 5685 in
2626 5647 2885 5686 summam
2917 5635 3207 5704 angustiam
3235 5639 3579 5693 concludebat
3609 5661 3620 5694 :
3655 5658 3818 5712 atque
3841 5662 3900 5700 cs

2333 5728 2442 5777 Suis
2471 5725 2696 5794 migrare
2727 5735 2776 5777 et
2805 5725 2867 5778 ad
2900 5725 2984 5778 illa
3021 5728 3130 5780 loca
3165 5731 3389 5784 transire
3417 5736 3655 5801 cogebat.
3687 5737 3771 5790 ubi
3820 5752 3902 5792 re-

2337 5832 2447 5867 rum
2495 5829 2908 5868 necessariarum
2958 5817 3164 5886 cupiam
3214 5821 3528 5875 int'enirt-nt.
3587 5823 3736 5879 [inde
3790 5842 3900 5883 eum

3998 6377 4007 6409 Ι
