4144 6482
302 495 478 562 justus
518 493 609 548 ille
655 492 846 547 famem
880 493 1098 555 videret,
1130 489 1398 560 Profectus
1440 499 1532 556 est,
1584 488 1768 557 inquit,
1820 486 1888 542 ad

306 584 587 637 Αὐξιηείωή
615 583 669 637 in
699 582 908 637 Geram.
940 582 1017 636 Eo
1046 582 1187 636 enim
1215 590 1268 635 et
1297 581 1562 635 Abraham
1594 588 1711 648 post
1759 580 1882 632 red-

306 673 436 725 itum
464 688 618 725 suum
645 687 711 726 ex
750 671 978 740 (Egypto
1022 680 1258 726 venerat.
1287 670 1585 724 Verisimile
1618 679 1792 723 autem
1835 681 1880 722 Cl

312 764 456 818 hunc
487 772 766 833 propterea
798 764 926 817 illuc
953 762 1167 828 abiisse,
1198 762 1340 832 quod
1370 761 1491 816 inde
1518 763 1569 815 in
1596 760 1883 832 Egyptum

304 854 631 909 contendere
662 854 852 917 vellet;
882 862 937 908 et
974 852 1115 923 quod
1145 852 1246 907 hoc
1273 854 1343 906 ita
1370 852 1457 915 sit,
1484 853 1602 906 audi
1648 852 1781 917 Serij
1808 861 1857 902 ἐι

305 958 419 996 ram
451 943 712 997 dicentem
753 944 769 974 ¹
803 962 817 996 :
846 942 900 996 2.
943 942 1087 997 Visus
1112 954 1183 996 est
1211 945 1350 997 enim
1380 943 1444 1007 ei,
1494 944 1680 1011 inquit,
1714 941 1882 1003 Deus,

307 1044 354 1083 et
400 1031 529 1085 dixit
557 1047 575 1083 :
606 1030 687 1085 Ne
713 1032 979 1085 descendas
1005 1033 1056 1084 in
1078 1030 1384 1102 Ai‘gyptum.
1416 1031 1549 1085 Nolo
1580 1041 1647 1094 te,
1681 1030 1880 1095 inquit,

312 1122 524 1190 longam
570 1121 711 1174 illam
754 1124 891 1175 viam
921 1122 1205 1190 proﬁcisci,
1237 1122 1329 1176 sed
1378 1121 1463 1175 hic
1493 1135 1706 1175 tnauere
1743 1120 1880 1174 volo.

218 1196 219 1199 “
306 1208 491 1278 Neque
521 1211 766 1278 permitto
794 1220 844 1263 ut
873 1212 1165 1279 angustiam
1196 1211 1504 1280 expet-iuris,
1534 1211 1623 1264 Sed
1653 1211 1881 1280 promis-

302 1297 508 1352 sionem
534 1300 667 1367 patri
696 1308 795 1353 tuo
812 1300 1004 1353 factam
1028 1300 1279 1369 implebo,
1304 1312 1355 1354 et
1384 1302 1498 1369 qum
1524 1302 1595 1355 illi
1627 1302 1882 1371 promissa

302 1398 451 1451 sunt,
483 1388 534 1440 in
585 1398 636 1442 te
684 1391 928 1444 evenient
960 1409 974 1444 :
1005 1399 1058 1445 et
1105 1401 1159 1445 tu
1208 1393 1608 1461 promtssiones,
1658 1408 1775 1461 quae
1808 1393 1884 1446 illi

302 1476 459 1533 factm
485 1489 626 1541 sunt,
659 1496 715 1535 re
760 1482 871 1549 ipsa
898 1484 1140 1551 accipies.
1191 1483 1274 1536 Ne
1317 1484 1586 1539 descendas
1614 1486 1665 1539 in
1706 1485 1879 1555 [Egy-

300 1579 440 1638 ptant
466 1585 484 1622 :
517 1570 681 1621 habitu
712 1582 871 1624 autem
914 1574 964 1625 in
1013 1586 1145 1627 terra
1196 1592 1357 1644 quam
1398 1577 1485 1629 tibi
1529 1577 1718 1641 dixero,
1751 1578 1801 1631 ’5.
1834 1588 1883 1629 et

300 1660 590 1729 peregrinus
618 1672 717 1714 esto
748 1664 797 1715 in
824 1672 953 1716 terra
975 1666 1089 1718 hac.

373 1750 428 1804 2.
461 1750 658 1806 Deinde
689 1763 744 1805 ut
774 1768 840 1807 ne
872 1763 1017 1822 putet
1043 1754 1238 1822 justus,
1270 1756 1432 1811 Deum
1476 1756 1578 1812 hoc
1622 1756 1894 1835 imperare.

298 1839 449 1909 quasi
481 1848 743 1896 volentem
776 1856 894 1896 eum
924 1844 1076 1898 famis
1103 1847 1396 1914 angustiam
1418 1848 1666 1915 experiri,
1694 1856 1747 1902 et
1777 1864 1881 1902 non

304 1928 616 1997 permittere
646 1930 692 1983 ei
722 1930 998 1995 transitum
1028 1932 1078 1985 in
1108 1932 1414 2003 .Egyptuxn,
1463 1936 1631 2005 inquit
1670 1936 1783 1991 :Ne
1809 1939 1882 1990 sis

303 2017 518 2079 anxius,
556 2024 726 2085 neque
752 2035 931 2075 curam
961 2019 1114 2089 habe,
1145 2023 1237 2077 sed
1270 2025 1352 2078 hic
1378 2040 1537 2079 mane
1570 2044 1581 2077 :
1615 2026 1722 2096 Ego
1751 2028 1881 2080 cnim

296 2119 581 2163 crateram.
633 2110 794 2180 Igitur
841 2127 959 2166 cum
1004 2115 1450 2183 suppl-ditatorem
1481 2117 1738 2171 bonorum
1763 2133 1878 2172 om-

298 2197 694 2269 nium‘babeas.
744 2215 811 2254 ne
859 2204 934 2256 sis
982 2202 1402 2273 sollicitus:ego
1450 2206 1589 2259 enim
1627 2207 1878 2263 Dominus

297 2287 535 2343 omnium
564 2303 657 2342 ero
686 2299 856 2344 tecum
890 2308 903 2345 :
936 2307 1106 2362 neque
1148 2293 1249 2348 hoc
1276 2295 1469 2359 solum,
1501 2298 1591 2351 sed
1636 2296 1702 2349 Et
1734 2297 1878 2352 bene-

298 2380 461 2433 dicam
489 2390 554 2446 te,
582 2381 683 2434 hoc
712 2390 813 2447 est,
845 2383 1133 2451 gloriosum
1164 2394 1213 2440 te
1242 2386 1449 2454 faciam,
1479 2398 1531 2443 et
1556 2390 1882 2446 benedictio-

298 2482 420 2523 nem
465 2484 639 2524 meam
693 2472 957 2539 praebebo.
1008 2474 1143 2539 Quid
1188 2477 1286 2531 hoc
1326 2481 1467 2547 justo
1516 2480 1737 2545 beatius,
1787 2483 1876 2552 qui

298 2558 456 2615 talem
502 2562 908 2631 promissionem
940 2580 970 2617 a
1009 2567 1116 2620 Deo
1152 2570 1353 2638 accepit
1387 2590 1400 2624 :
1438 2572 1537 2625 Ero
1585 2584 1778 2638 tecum,
1830 2584 1876 2629 et

296 2647 581 2703 basilicam
610 2652 697 2705 te?
740 2652 849 2707 lloc
892 2662 941 2708 te
972 2654 1257 2712 declarabit
1284 2662 1533 2717 omnibus
1550 2662 1873 2733 feliciorem,

297 2736 397 2793 hoc
413 2748 468 2794 te
491 2737 794 2796 affluentem
817 2742 975 2799 rebus
990 2747 1232 2803 omnibus
1249 2747 1419 2814 faciet,
1445 2752 1555 2807 haec
1572 2762 1651 2807 est
1666 2769 1874 2809 summa

294 2829 482 2900 gloria,
514 2829 626 2884 haec
673 2840 756 2885 est
785 2848 907 2888 vera
934 2837 1209 2903 securitas,
1243 2838 1343 2893 hoc
1367 2852 1448 2894 est
1473 2844 1680 2898 culmen
1705 2854 1762 2899 et
1781 2859 1874 2900 ca-

295 2930 388 2991 put
416 2921 696 2988 bonorum,
728 2925 848 2992 quia
874 2940 977 2995 ego
1006 2934 1177 2982 tecum
1204 2944 1343 2984 sum.
1394 2932 1457 2985 Et
1484 2934 1769 3000 benedicam
1802 2945 1869 2991 te.

296 3010 577 3077 Quomodo
628 3022 802 3067 autem
832 3025 885 3069 te
928 3015 1281 3073 benedicam?
1311 3021 1425 3076 Tibi
1468 3036 1515 3078 et
1557 3026 1736 3081 semini
1787 3038 1872 3083 tuo

292 3098 419 3153 dabo
452 3111 639 3177 terram
683 3104 831 3159 hanc.
863 3105 942 3161 Tu
986 3110 1179 3165 videris
1208 3112 1258 3165 in
1304 3114 1402 3169 hac
1431 3119 1645 3185 regione
1670 3123 1869 3175 versari

293 3190 442 3258 quasi
475 3190 673 3261 hospes
718 3203 769 3247 et
798 3211 957 3266 vagus
989 3215 1001 3251 :
1038 3199 1174 3254 scias
1202 3210 1375 3256 autem
1404 3206 1540 3274 quod
1585 3207 1676 3261 tibi
1704 3219 1755 3262 et
1781 3224 1865 3264 se-

291 3279 416 3332 mini
445 3289 537 3333 tuo
574 3282 783 3337 dabitur
811 3285 923 3341 hmc
949 3290 1120 3343 omnis
1153 3299 1312 3345 terra.
1362 3294 1427 3347 Et
1454 3306 1509 3348 ut
1538 3297 1674 3352 bene
1700 3303 1869 3355 contio

286 3368 401 3431 das,
433 3369 581 3426 disce
608 3386 695 3427 me
714 3373 1073 3442 juramentum
1100 3379 1245 3446 illud,
1278 3383 1416 3450 quod
1441 3385 1610 3452 juravi
1638 3388 1868 3443 Abrahae

289 3460 421 3529 patri
454 3469 570 3525 tuo,
603 3470 775 3518 tecum
806 3474 1060 3522 statuere.
1106 3469 1235 3525 Vide
1260 3474 1529 3541 quomodo
1556 3491 1858 3534 sermonem

288 3563 443 3603 suum
481 3549 619 3605 Deus
647 3553 835 3609 iterum
855 3564 1169 3628 attemperat
1196 3570 1392 3617 nostra:
1414 3564 1725 3621 infirmitati.
1748 3567 1865 3624 Non

286 3639 418 3695 dixit
443 3641 773 3712 simpliciter,
804 3644 962 3701 Pacta
1009 3664 1125 3719 quae
1154 3650 1253 3707 feci
1300 3668 1420 3709 eum
1452 3664 1597 3724 patre
1625 3666 1734 3723 tuo,
1768 3674 1863 3715 ne-

287 3743 391 3799 que
421 3733 802 3800 promissiones
823 3752 954 3805 quas
983 3742 1198 3809 promisi
1228 3759 1243 3797 :
1270 3743 1372 3799 sed
1390 3745 1560 3816 quid?
1585 3746 1859 3805 Juramcn-

286 3829 388 3873 tam
412 3822 553 3891 quod
585 3824 779 3894 juravi.
807 3825 1157 3899 Jurejurando
1184 3833 1355 3903 ipsum
1385 3836 1693 3894 confirmavi
1713 3840 1864 3910 jura-

284 3921 549 4007 mentum,
577 3925 631 3969 et
662 3923 846 3972 teneor
870 3929 927 3973 ut
950 3934 1112 3989 opere
1139 3924 1406 3992 perﬁciam
1434 3928 1573 3997 quod
1594 3928 1788 3999 juravi.
1846 3980 1871 4007 δ

353 3999 477 4057 Non
503 4014 696 4073 spectat
721 4023 865 4061 suam
902 4010 1195 4081 dignitatem
1225 4012 1382 4081 Deus,
1413 4018 1501 4071 sed
1526 4029 1750 4075 nostram
1780 3999 1861 4077 in;

282 4089 827 4181 ﬁrmitatem—Vides
854 4099 945 4155 Dei
971 4100 1344 4160 clementiam?
1364 4106 1477 4162 Non
1493 4108 1569 4163 .ad
1593 4111 1858 4181 propriam

280 4178 592 4249 dignitatem
620 4187 911 4255 respiciens
945 4190 1195 4261 loquitur,
1240 4196 1334 4251 sed
1363 4198 1429 4252 ad
1477 4178 1710 4256 nostram
1739 4217 1859 4260 sese

279 4279 642 4341 attemperans
684 4275 1067 4338 infirmitatem.
1113 4283 1244 4339 Nam
1288 4288 1411 4356 quia
1460 4288 1703 4348 homines
1747 4292 1859 4350 fere

279 4373 489 4453 semper
517 4361 607 4453 illa
645 4379 807 4434 opere
833 4368 1085 4437 perficere
1108 4374 1341 4443 student,
1372 4392 1477 4433 nou
1507 4395 1625 4449 quae
1650 4382 1855 4453 simpli-

277 4448 409 4505 citer
438 4452 803 4521 promiserunt
849 4457 1029 4523 alicui,
1077 4463 1171 4517 sed
1216 4480 1337 4534 quae
1383 4448 1854 4539 cutnijurame'nto

277 4542 640 4608 promiserunt
670 4561 686 4599 :
715 4545 874 4601 simili
904 4550 1062 4605 modo
1088 4560 1143 4607 et
1186 4552 1325 4608 Deus
1362 4556 1511 4626 justo
1554 4560 1759 4628 plenam
1792 4564 1855 4616 li-

274 4628 394 4687 dem
423 4631 649 4717 faciens,
680 4651 740 4691 ea
784 4653 904 4708 qua:
931 4655 961 4694 a
988 4656 1048 4696 se
1092 4644 1231 4699 dicta
1272 4656 1397 4702 sunt
1432 4652 1649 4706 omnino
1679 4652 1849 4709 futura

274 4735 390 4777 esse
442 4722 618 4778 dicit:
648 4725 796 4781 Scias
839 4743 900 4783 ea
946 4746 1065 4801 qum
1099 4748 1131 4787 a
1170 4750 1256 4789 me
1294 4736 1594 4806 jurameuto
1644 4743 1848 4799 ﬁrmata

274 4821 413 4904 sunt,
443 4829 612 4904 opere
655 4816 917 4886 implenda
965 4837 1104 4878 esse.
1161 4826 1297 4894 Quid
1352 4828 1549 4899 igitur?
1601 4833 1845 4904 inquies:

276 4897 411 4956 Deus
448 4903 694 4971 juravit?
720 4916 773 4961 et
800 4922 892 4976 per
918 4926 1074 4981 quem
1098 4913 1280 4984 jurare
1307 4897 1517 4986 potuit?
1544 4897 1701 4979 Vides
1745 4925 1847 4981 hoc

274 5001 391 5043 sese
420 4989 486 5045 ad
515 5001 750 5047 nostram
780 4997 1135 5058 inﬁrmitatem
1158 5011 1558 5076 attemperatttis
1576 5027 1695 5068 esse
1718 5032 1732 5068 :
1758 5016 1849 5069 lir-

271 5079 556 5136 mationem
587 5086 952 5150 promissionis
992 5096 1200 5148 vocavit
1228 5097 1608 5164 juramcntu‘m.
1639 5101 1839 5159 Et'sta-

270 5176 425 5263 tuam,
464 5171 658 5241 inquit,
688 5176 1032 5245 jurantcntum
1060 5167 1246 5251 naenia,
1284 5188 1419 5257 quod
1444 5190 1632 5260 jurans
1667 5195 1839 5263 ,ἱκταυὲ

271 5258 481 5314 Abralta
522 5264 659 5332 patri
696 5276 797 5321 tuo.
849 5268 1047 5326 Deinde
1073 5272 1231 5329 docet
1273 5292 1394 5333 cum
1424 5258 1541 5350 qua:
1583 5258 1709 5339 sunt
1752 5287 1836 5342 illa

269 5363 383 5446 quin
409 5354 672 5421 promisit,
701 5368 753 5412 et
782 5360 848 5415 de
874 5364 1063 5432 quibus
1087 5366 1137 5421 ei
1161 5367 1355 5437 juravit
1404 5373 1457 5427 4.
1487 5372 1554 5427 Ει
1590 5379 1831 5446 multipli-

266 5442 383 5496 sabo
417 5460 590 5501 semen
634 5459 774 5504 tuum
812 5457 937 5508 sicut
975 5458 1146 5513 stellas
1182 5461 1311 5515 (mli.
1345 5463 1455 5519 Hoc
1496 5468 1635 5521 enim
1664 5482 1715 5524 et
1736 5442 1835 5539 pa-

260 5596 342 5700 ω’
373 5603 468 5648 εει
512 5606 643 5673 κει.
684 5605 815 5678 muti.
844 5609 1130 5684 imitabilem
1173 5616 1263 5667 Dei
1303 5616 1661 5672 humanitatem.
1696 5624 1830 5674 risus

328 5664 453 5700 .elc.
477 5663 617 5700 ﬁnal-
660 5668 775 5700 and.
796 5673 1080 5700 ...οη-..μιμη
1110 5675 1189 5700 n...‘
1222 5678 1520 5700 mirus-“-4:
1544 5698 1550 5700 .
1574 5698 1596 5700 ._
1664 5691 1696 5700 ..
1744 5699 1749 5700 ,
1792 5686 1804 5700 .

262 5663 343 5763 ἃ
360 5664 453 5709 etc.
477 5663 643 5733 SayiL
660 5668 778 5718 audi
795 5663 1081 5740 ὺκλγάωέήι
1099 5663 1189 5729 ι)εὲ
1220 5663 1826 5739 ἱιὶίέὲἦῖὄὲἇὶὶὶιῖίωιιᾶἇῖί

362 5729 558 5763 an“!
579 5736 761 5763 Slﬂnﬂﬁl,

362 5729 763 5787 loquutistunns.
871 5729 899 5740 "
1316 5729 1323 5731 ἡ

1321 374 1387 428 Η
1425 374 1576 429 CAP.
1620 373 1804 432 XXVI.
1845 371 2093 429 GENES.
2132 372 2361 427 limllL.
2405 372 2486 428 LI.

3469 379 3571 432 ξω

1999 487 2243 541 triarchze
2291 487 2343 540 in
2384 487 2643 557 principio
2686 485 2895 540 dicebat
2926 504 2937 539 :
2970 486 3193 540 Tantum
3241 488 3340 541 erit
3395 503 3579 544 semen

1998 586 2165 641 tuum,
2201 585 2255 629 ut
2283 586 2335 630 et
2359 576 2529 630 stellis
2554 587 2605 629 et
2634 591 2809 630 arenae
2839 576 3166 645 adaequetur.
3214 575 3279 629 Et
3319 577 3471 641 dabo,
3502 579 3582 630 in-

1992 666 2125 735 quit,
2155 669 2331 721 semini
2353 680 2434 721 tuo
2462 666 2645 721 terram
2664 668 2834 732 istam,
2868 679 2913 720 et
2943 667 3294 720 benedicentur
3318 668 3370 721 in
3393 668 3579 721 semine

1994 770 2074 811 tuo
2100 774 2271 812 omnes
2300 772 2464 829 gentes
2505 770 2651 813 terra:
2682 759 2833 829 (Gen.
2865 759 2955 813 ‘22.
2986 760 3097 827 i7).
3136 760 3417 829 Pmpterea
3450 777 3576 829 pro-

1995 849 2273 901 missiones
2301 864 2418 916 quae
2464 850 2536 901 illi
2582 852 2733 902 litctze
2778 862 2919 912 sunt,
2955 850 3006 903 in
3037 860 3088 903 te
3134 851 3383 918 implebo.
3414 854 3467 905 5.
3501 851 3580 905 Eo

1992 937 2123 1005 quod
2150 938 2337 989 audivit
2362 937 2616 991 Abraham
2647 949 2789 1015 pater
2810 949 2923 991 tuus
2952 956 3116 992 rorem
3139 956 3319 1004 meam,
3341 951 3390 994 et
3416 953 3573 997 custo-

1990 1029 2112 1080 dit-it
2143 1030 2378 1081 mandata
2411 1047 2519 1082 mea
2550 1030 2648 1102 (τι),
2682 1040 2726 1082 et
2752 1032 3144 1100 justiﬁcationcs
3182 1049 3337 1097 meas,
3366 1044 3411 1085 ct
3457 1035 3580 1104 legi-

1990 1118 2108 1171 tima
2136 1134 2267 1171 mea.
2299 1118 2431 1174 Vide
2466 1120 2556 1174 Dei
2587 1121 2920 1189 sapientiam,
2951 1122 3219 1190 quomodo
3246 1122 3404 1191 erigit
3428 1138 3580 1176 men-

1992 1218 2097 1262 tem
2126 1209 2273 1277 justi,
2305 1218 2360 1263 et
2400 1210 2709 1266 alacriorem
2739 1210 2912 1265 reddit
2944 1229 2957 1265 :
2986 1220 3041 1264 et
3070 1222 3125 1265 ut
3154 1214 3318 1281 patris
3346 1206 3580 1267 imitator

1990 1297 2100 1361 ﬁat,
2134 1296 2316 1351 efficit.
2361 1298 2489 1352 Nam
2534 1300 2579 1352 si
2626 1300 2732 1363 ille,
2767 1301 2954 1370 inquit,
2997 1302 3117 1369 quia
3164 1319 3295 1357 mea:
3345 1304 3579 1359 obedivit

1990 1388 2126 1447 voci,
2163 1397 2304 1441 tanta
2339 1387 2714 1455 pollicitatione
2749 1390 2937 1460 dignus
2971 1392 3178 1445 habitus
3229 1404 3329 1458 est,
3361 1403 3413 1448 et
3459 1408 3575 1448 eam

1990 1488 2207 1546 propter
2234 1478 2373 1532 illius
2404 1480 2649 1534 virtutem
2681 1482 2739 1534 in
2765 1491 2835 1547 te,
2869 1483 2957 1551 qui
2980 1498 3041 1536 ex
3075 1499 3138 1537 eo
3163 1494 3313 1537 natus
3342 1500 3423 1550 es,
3455 1500 3575 1540 Slltll
3649 1550 3658 1561 ,

1992 1569 2305 1636 impleturus
2339 1588 2350 1623 :
2383 1571 2425 1622 si
2456 1580 2509 1624 et
2536 1572 2647 1639 ipse
2671 1572 2813 1626 illius
2835 1574 3068 1627 imitator
3096 1576 3275 1638 lucris,
3308 1585 3360 1627 et
3388 1574 3573 1628 eadem

1988 1674 2088 1726 qua
2120 1659 2207 1711 ille
2239 1659 2321 1711 via
2354 1661 2654 1725 iucesseris,
2684 1662 2852 1730 cogita
2882 1671 3134 1731 quantum
3175 1663 3311 1731 apud
3366 1678 3451 1717 me
3483 1662 3575 1717 be-

1988 1749 2337 1803 nevolentiam
2365 1749 2639 1804 habiturus
2674 1753 2769 1816 sis,
2803 1761 2857 1806 et
2886 1762 3080 1821 quanta
3112 1769 3229 1807 mea
3259 1769 3385 1807 cura
3418 1765 3467 1809 te
3492 1755 3575 1808 di-

1984 1849 2240 1906 gnaturus
2269 1840 2368 1892 sim
2433 1838 2564 1893 Nam
2589 1841 2633 1895 si
2677 1842 2759 1895 cui
2791 1843 2858 1894 ob
2887 1842 3108 1897 alterius
3149 1844 3394 1897 virtutem
3440 1844 3574 1898 bene

1985 1928 2217 1981 futurum
2248 1939 2346 1989 est.
2378 1930 2420 1982 si
2446 1940 2497 1983 et
2529 1932 2639 1996 ipse
2669 1933 2862 1986 virtute
2895 1932 3146 2001 praeditus
3190 1932 3369 1997 fuerit,
3404 1933 3575 1986 multo

1984 2017 2186 2086 majore
2224 2018 2411 2087 dignus
2442 2021 2721 2075 habebitur
2748 2036 2893 2076 curat
2944 2022 3083 2089 Quid
3112 2034 3288 2077 autem
3320 2034 3419 2083 est
3449 2045 3460 2078 :
3495 2024 3574 2078 Eo

1982 2110 2116 2179 quod
2150 2110 2361 2163 obedit'it
2390 2113 2493 2165 voci
2524 2128 2666 2177 mete,
2714 2122 2761 2165 et
2801 2114 3063 2167 custodiuit
3091 2116 3331 2167 mandata
3358 2132 3486 2181 mea,
3527 2126 3574 2168 et

1985 2208 2237 2269 prwcepta
2266 2216 2396 2267 mea,
2444 2210 2490 2256 et
2528 2201 2918 2273 justi/icationes
2956 2203 3138 2257 meas?
3188 2204 3435 2258 Dicebam
3476 2206 3568 2261 ei:

1982 2288 2234 2361 Egredere
2262 2291 2323 2344 de
2366 2302 2500 2345 terra
2542 2304 2627 2344 tua
2672 2302 2715 2344 et
2744 2292 2806 2345 de
2831 2295 3125 2361 cognatione
3166 2303 3272 2357 tua,
3304 2304 3352 2347 et
3378 2296 3491 2347 veni
3518 2296 3571 2349 in

1982 2388 2166 2433 terram
2191 2398 2341 2450 quant
2363 2393 2698 2437 monstravere
2720 2384 2809 2437 tibi
2833 2382 2991 2454 (Ibid.
3020 2385 3104 2439 l2.
3128 2384 3177 2455 l)
3208 2406 3221 2439 :
3251 2385 3572 2456 reliquitque

1980 2469 2068 2524 illa
2090 2487 2208 2540 quae
2232 2473 2284 2526 in
2316 2472 2559 2528 manibus
2583 2484 2753 2539 erant,
2783 2483 2837 2528 et
2864 2474 3062 2529 incerta
3086 2484 3437 2545 persequutus
3466 2485 3569 2530 est.

1980 2561 2047 2616 Et
2074 2578 2177 2616 non
2209 2562 2493 2618 ﬂuetuabat
2524 2580 2694 2635 neque
2738 2564 3087 2620 cunctabatur
3115 2585 3128 2620 :
3155 2564 3247 2619 sed
3277 2581 3398 2619 eum
3424 2565 3571 2620 omni

1979 2653 2257 2709 alacritate
2312 2653 2617 2709 mandatum
2669 2656 2961 2725 implebat,
3013 2665 3067 2711 et
3118 2654 3399 2709 obediebat
3453 2655 3570 2712 voci

1978 2758 2133 2798 mete.
2165 2743 2358 2797 lterum
2387 2760 2505 2814 quae
2550 2759 2711 2815 super
2740 2754 2979 2799 naturam
3010 2754 3135 2799 sunt
3158 2746 3205 2803 ei
3248 2745 3488 2813 promisi,
3515 2753 3570 2801 et

1977 2848 2096 2889 etim
2140 2834 2250 2904 jam
2281 2845 2410 2889 tetas
2454 2849 2575 2889 eum
2606 2851 2633 2887 a
2665 2852 2760 2905 spe
2799 2836 3073 2905 dejiceret,
3122 2840 3186 2890 ac
3236 2851 3408 2906 neque
3453 2836 3569 2906 ipse

1976 2940 2149 2995 neque
2185 2937 2356 2981 mater
2382 2935 2467 2980 tua
2498 2927 2843 2997 procreanda:
2865 2928 2999 2997 proli
3025 2926 3200 2982 idonei
3223 2936 3423 2991 essent,
3444 2942 3567 2983 cum

1974 3017 2227 3073 audireta
2252 3032 2338 3074 me
2359 3033 2539 3074 semen
2562 3019 2678 3089 ejus
2700 3020 2751 3072 in
2775 3028 2975 3073 tantum
3003 3020 3117 3073 fore
3138 3018 3561 3089 propagandum,

1973 3117 2032 3163 ut
2079 3121 2295 3162 omnem
2352 3116 2547 3162 terram
2603 3116 2747 3160 esset
2798 3108 3178 3175 impleturum;
3212 3123 3385 3177 neque
3438 3118 3565 3164 tunc

1970 3198 2150 3253 animo
2180 3198 2420 3253 turbatus
2468 3196 2583 3264 fuit,
2614 3198 2708 3253 sed
2752 3197 2975 3252 credidit
3010 3219 3022 3253 :
3054 3197 3173 3251 ideo
3201 3207 3255 3252 et
3299 3200 3351 3253 in
3392 3198 3559 3269 justi~

1971 3291 2097 3345 tiam
2122 3291 2169 3346 ei
2198 3299 2497 3361 reputatum
2525 3300 2603 3345 est
2636 3288 2795 3361 (Ibid.
2826 3290 2914 3345 15.
2952 3289 3005 3359 6)
3031 3306 3044 3354 ;
3077 3290 3197 3359 quia
3223 3290 3402 3362 virtuti
3425 3304 3561 3346 mea

1970 3382 2257 3449 credendo,
2293 3393 2347 3438 et
2390 3385 2440 3436 in
2470 3382 2911 3453 promissionibus
2941 3382 3075 3437 meis
3100 3395 3252 3446 spem
3279 3380 3559 3450 habendo,

1968 3471 2200 3528 humana
2229 3473 2541 3527 infirmitate
2566 3473 2812 3543 superior
2838 3472 2955 3527 fuit.
2990 3472 3051 3526 Et
3076 3458 3355 3542 postquam
3384 3480 3437 3526 tu
3465 3487 3557 3526 na-

1970 3572 2055 3618 tus
2083 3577 2165 3627 es,
2197 3578 2317 3618 eum
2347 3572 2520 3617 mater
2550 3571 2634 3616 tua
2666 3570 3007 3617 suecenseret
3030 3560 3237 3642 Ismaeli
3262 3576 3330 3617 ex
3357 3561 3555 3641 ancilla,

1968 3663 2115 3720 nato,
2144 3661 2202 3709 et
2244 3653 2401 3708 vellet
2425 3668 2546 3708 eum
2576 3651 2791 3722 abigere
2817 3667 2847 3705 a
2873 3651 3034 3707 domo
3059 3666 3183 3708 cum
3213 3655 3369 3724 Agar,
3403 3642 3558 3733 itaut

1969 3743 2099 3798 nihil
2147 3758 2431 3799 commune
2472 3743 2555 3797 illi
2588 3752 2765 3798 tecum
2809 3751 2971 3809 esset,
3018 3741 3145 3798 licet
3188 3742 3241 3796 in
3279 3742 3431 3798 illum
3460 3759 3557 3813 pa.

1968 3835 2198 3891 triarcha
2242 3844 2462 3906 paterna
2490 3842 2545 3889 et
2567 3834 2795 3905 genuina
2822 3833 3109 3891 dilectione
3150 3834 3287 3891 bene
3312 3834 3557 3893 afficere-

1968 3936 2049 3983 tur
2080 3947 2094 3983 :
2122 3926 2342 3982 audiens
2371 3936 2545 3981 tamen
2575 3942 2604 3979 a
2630 3940 2748 3991 me,
2779 3926 2879 3980 sibi
2924 3923 3222 3981 faciendum
3265 3940 3385 3982 esse
3410 3927 3555 3997 quod

1968 4017 2139 4071 visum
2168 4025 2312 4071 esset
2338 4015 2531 4079 Sarrae,
2556 4015 2752 4071 oblitus
2777 4016 3033 4071 naturalis
3052 4015 3372 4083 dilectionis,
3393 4016 3554 4087 ejecit

1964 4107 2246 4162 lsmaelem
2273 4121 2396 4161 cum
2426 4106 2639 4173 ancilla,
2664 4115 2718 4160 et
2740 4120 2959 4175 semper
2982 4106 3215 4162 obedivit
3241 4106 3359 4163 voci
3392 4121 3550 4173 meae,

1963 4212 2026 4253 ac
2051 4196 2334 4253 ουειοάἰγίι
2359 4207 2622 4268 prwcepta
2663 4212 2807 4251 mea.
2840 4197 3075 4264 Denique
3104 4210 3224 4251 cum
3262 4197 3549 4267 praecepis-

1960 4303 2077 4345 sem
2102 4288 2173 4354 ei,
2221 4296 2279 4342 ut
2305 4287 2435 4342 mihi
2487 4289 2537 4341 in
2569 4288 2891 4342 sacriﬁcium
2930 4285 3147 4342 olTerret
3183 4287 3346 4341 tilium
3377 4286 3430 4342 in
3461 4303 3549 4342 se-

1962 4388 2180 4435 nectute
2206 4378 2307 4434 sibi
2332 4392 2667 4441 concessum,
2693 4387 2747 4431 et
2770 4384 2879 4431 tam
2903 4375 3177 4442 dilectum,
3203 4377 3335 4433 nihil
3360 4392 3550 4433 causa-

1960 4478 2045 4524 tus
2074 4477 2176 4535 est,
2196 4483 2367 4538 neque
2390 4468 2651 4523 curiosius
2674 4466 2741 4522 de
2767 4475 3036 4536 prtecepto
3056 4466 3348 4535 inquisivit,
3373 4480 3546 4537 neque

1958 4560 2200 4617 turbatus
2226 4570 2307 4615 est
2333 4572 2533 4624 mente,
2574 4573 2747 4629 neque
2785 4558 3196 4612 communicavit
3224 4574 3344 4613 cum
3373 4569 3544 4614 matre

1957 4664 2085 4719 tua,
2116 4646 2287 4722 neque
2337 4666 2457 4707 cum
2487 4652 2685 4720 pueris,
2718 4665 2894 4718 neque
2947 4658 3145 4717 tecum,
3195 4650 3321 4721 quid
3371 4649 3542 4707 factu-

1955 4758 2047 4799 rus
2073 4752 2216 4798 esset
2241 4759 2255 4808 ;
2287 4741 2380 4796 sed
2427 4740 2548 4795 torti
2577 4749 2755 4795 mente
2779 4750 2833 4794 et
2860 4739 3058 4809 ingenti
3093 4740 3367 4795 alacritate
3396 4740 3543 4796 festi-

1952 4834 2117 4897 navit,
2147 4843 2205 4887 ut
2232 4831 2540 4886 mandatum
2560 4845 2737 4884 meum
2764 4828 3008 4897 impleret
3042 4849 3056 4886 :
3088 4830 3312 4899 proinde
3345 4830 3534 4886 volun-

1952 4932 2116 4981 tatem
2164 4925 2281 4994 ejus
2309 4922 2579 4986 coronavi,
2612 4934 2747 4990 opus
2774 4930 2948 4975 autem
2978 4930 3035 4975 ut
3066 4922 3408 4991 perficeretur
3432 4939 3537 4979 non

1948 5013 2160 5071 admisi;
2191 5015 2507 5083 EaprOpter,
2526 5012 2647 5082 quia
2673 5011 2725 5064 in
2750 5010 2995 5065 omnibus
3012 5025 3257 5079 magnam
3281 5011 3536 5067 obedien-

1948 5107 2074 5162 tiam
2116 5104 2425 5171 declaravit,
2454 5113 2511 5160 et
2545 5101 2916 5158 mandatorum
2947 5116 3187 5156 meorum
3214 5102 3530 5168 custodiam,

1947 5208 1999 5255 te
2022 5214 2084 5253 ex
2121 5197 2211 5251 illo
2240 5205 2419 5251 natum
2449 5194 2881 5265 promissionum,
2915 5210 3033 5261 qua:
3077 5194 3149 5248 illi
3182 5196 3333 5249 facta:
3379 5204 3522 5263 sunt,

1943 5288 2195 5344 heredem
2217 5286 2371 5341 facio.

2013 5381 2067 5436 3.
2113 5378 2323 5433 Imitare
2352 5378 2521 5447 igitur
2561 5376 2700 5430 illius
2736 5374 3093 5430 obedientiam
3119 5417 3134 5441 ,
3167 5386 3220 5430 et
3259 5377 3321 5429 iis
3346 5389 3469 5452 qum
3494 5391 3527 5433 3

1940 5486 2025 5524 me
2063 5469 2204 5523 dicta
2243 5475 2369 5521 sunt
2407 5466 2599 5531 crede,
2628 5475 2686 5521 ut
2723 5466 2890 5520 multo
2931 5465 3167 5535 pluribus
3197 5451 3527 5521 renmuerari

1935 5564 2127 5629 mgnus
2156 5557 2387 5613 habeare
2408 5597 2423 5622 ,
2455 5565 2508 5612 et
2538 5572 2634 5628 pro
2661 5556 2826 5627 patris
2856 5556 2930 5611 tui
2959 5556 3185 5623 virtute,
3222 5564 3275 5611 et
3307 5570 3406 5624 pro
3435 5565 3523 5612 tua

1994 5679 2067 5740 (tt)
2108 5679 2235 5729 Bibl.
2263 5680 2477 5733 addunt,
2523 5681 2569 5726 et
2610 5679 2857 5740 prtvcepttt
2894 5686 3001 5723 mea
3048 5673 3167 5730 (καὶ
3208 5673 3294 5728 τὰς
3326 5672 3528 5730 ἐντολάς

1932 5736 2023 5807 pou
2041 5736 2079 5804 ),
2104 5744 2234 5804 quod
2271 5743 2395 5790 intra
2426 5740 2647 5802 agnoscit
2669 5740 2720 5788 S.
2746 5736 2864 5797 Chr)
2876 5740 3141 5791 sustotnus.
