4144 6494
578 453 684 511 458

584 565 877 624 obedientia
911 582 923 616 :
954 570 1007 617 et
1047 573 1113 616 ne
1145 555 1432 612 descendas
1468 550 1520 604 in
1561 547 1843 620 Egyptum
1867 587 1883 612 ,
1924 542 2016 599 sed
2055 542 2141 597 hic

587 672 760 712 mane.
789 653 975 710 Vidisti
1003 651 1090 704 Dei
1118 642 1550 707 misericordiam,
1579 635 1844 709 quomodo
1873 649 1966 705 per
1995 648 2140 687 men-

586 750 779 801 tionem
817 742 1024 796 virtutis
1067 736 1230 808 patris
1274 733 1428 801 hujus
1471 716 1701 785 mentem
1740 722 2049 782 roboravit?
2085 722 2138 775 6.

591 834 840 891 Habitavit
862 841 1027 885 autem
1051 828 1198 883 Isaac
1218 829 1270 880 in
1299 824 1516 880 Geraris.
1538 821 1670 876 Vide
1693 815 1954 890 quomodo
1979 813 2140 866 ferme

588 928 638 982 in
679 926 861 981 eadem
899 922 1123 993 pericula
1165 917 1345 974 incidit
1370 916 1491 979 ille,
1522 914 1573 968 in
1603 927 1718 980 quas
1745 918 1798 963 et
1833 916 1977 976 pater
2005 903 2138 971 ejus.

586 1018 714 1072 Nam
743 1030 863 1071 cum
888 1012 1208 1067 domicilium
1233 1007 1450 1061 haberet
1479 1003 1528 1056 in
1557 999 1768 1056 Geraris
1787 1038 1803 1062 ,
1836 997 1884 1048 7.
1919 994 2142 1063 Rogave-

586 1112 704 1160 runt
722 1145 737 1170 ,
769 1101 936 1171 inquit
959 1141 970 1164 ,
997 1100 1092 1153 uiri
1117 1097 1213 1150 loci
1239 1093 1376 1148 illius
1407 1091 1468 1144 de
1495 1089 1715 1143 Rebecca
1743 1099 1896 1138 uxore
1925 1081 2032 1171 ejus
2055 1120 2069 1144 ,
2098 1087 2144 1132 et

587 1168 734 1260 dixit,
766 1168 924 1247 Soror
949 1203 1056 1241 mea
1082 1194 1191 1245 est;
1220 1181 1390 1236 timuit
1415 1179 1554 1234 enim
1588 1191 1652 1230 ne
1681 1173 1817 1228 forte
1842 1168 2143 1225 occiderent

588 1259 747 1347 cum,
790 1279 909 1334 victi
953 1272 1340 1347 pulchritudine
1380 1268 1558 1324 uxoris
1591 1283 1605 1320 :
1645 1263 1724 1317 Ne
1761 1263 1887 1332 forte
1920 1259 2146 1346 occidant

587 1383 701 1427 eunt
721 1343 744 1437 ,⁷
765 1343 971 1438 inquit,
998 1366 1091 1420 uiri
1116 1363 1210 1417 loci
1237 1369 1438 1432 propter
1467 1356 1732 1411 Hebeccam
1753 1394 1767 1419 ,
1795 1353 1911 1423 quia
1937 1343 2146 1420 pulchra

587 1464 716 1533 facie
743 1468 864 1514 erat.
887 1459 939 1513 8.
967 1456 1088 1510 Fuit
1115 1463 1278 1507 autem
1305 1452 1408 1505 illic
1436 1451 1584 1519 longo
1608 1457 1840 1515 tempore.
1869 1439 2145 1533 dbitttelecli

587 1529 752 1606 autem
773 1564 886 1603 cum
923 1546 1222 1618 prospiceret
1255 1557 1344 1613 per
1382 1542 1643 1611 fenestram
1665 1576 1680 1600 ,
1708 1533 1830 1586 uidit
1870 1529 2018 1584 Isaac
2060 1529 2143 1582 lu-

589 1640 783 1693 dentem
821 1652 934 1689 cum
975 1633 1194 1689 Rebecca
1228 1646 1382 1684 mre
1411 1643 1536 1689 sua,
1565 1625 1618 1681 9.
1646 1632 1692 1677 et
1718 1622 1904 1676 vocavit
1934 1636 2074 1686 eum,
2105 1628 2148 1672 et

589 1729 715 1783 dixit
740 1728 786 1781 ei
814 1741 834 1780 .'
860 1725 1092 1795 Profecto
1125 1737 1250 1776 uxor
1280 1728 1363 1772 tua
1388 1726 1475 1772 est.
1503 1713 1603 1770 Cur
1623 1713 1792 1767 dixisti
1812 1753 1826 1776 ,
1857 1711 2015 1766 Soror
2042 1725 2152 1762 mea

589 1821 702 1874 est?
725 1819 1005 1886 Postquam
1033 1829 1096 1868 ex
1126 1812 1441 1880 conjecturis
1465 1805 1825 1876 deprehensus
1849 1813 1932 1858 est
1952 1802 2148 1871 justus,

591 1926 696 1966 non
735 1908 866 1964 ultra
905 1914 1060 1973 negat
1091 1921 1106 1956 :
1138 1902 1230 1958 sed
1271 1902 1491 1964 fatetur,
1525 1905 1580 1953 et
1619 1910 1831 1951 causam
1877 1891 2152 1947 manifeste

590 2001 759 2065 affert,
781 2012 943 2070 quare
964 2010 1198 2052 sororem
1219 1992 1506 2048 vocandam
1529 1988 1811 2044 censuerit.
1842 1985 1979 2038 Dixit
2001 1985 2150 2046 enim,

592 2093 788 2163 inquit,
823 2091 904 2145 Ne
939 2093 1065 2161 forte
1099 2088 1286 2140 moriar
1318 2091 1519 2154 propter
1553 2081 1714 2151 ipsam
1740 2094 1759 2132 :
1788 2077 1971 2132 mortis
2000 2074 2155 2128 timor

594 2198 678 2237 me
704 2182 802 2236 hoc
830 2195 986 2251 agere
1013 2176 1202 2246 coegit.
1243 2174 1400 2229 Forte
1433 2180 1606 2225 autem
1640 2167 1855 2222 edoctus
1883 2171 1996 2220 erat
2016 2204 2028 2226 ,
2059 2177 2150 2229 pa-

593 2284 728 2326 trem
765 2249 971 2338 qnoque
1016 2266 1170 2320 talem
1214 2262 1440 2317 fabulam
1489 2263 1842 2313 commentum
1884 2252 1962 2306 sic
1999 2249 2151 2304 saluti

593 2379 703 2420 sua:
726 2360 1084 2423 consuluisse;
1109 2355 1257 2426 cujus
1277 2355 1416 2409 viam
1440 2361 1492 2406 et
1517 2350 1628 2419 ipse
1653 2356 1904 2417 sequutus
1923 2351 2021 2398 est.
2051 2341 2152 2396 Sed

597 2470 688 2510 rex
729 2453 900 2508 adhuc
946 2464 1147 2505 memor
1191 2461 1375 2502 eorum
1419 2459 1533 2513 qua:
1574 2450 1809 2508 tempore
1848 2434 2156 2506 patriarchae

597 2553 742 2614 rapta
784 2543 938 2598 Sarra
980 2554 1166 2610 passus
1203 2538 1405 2602 fuerat,
1447 2534 1622 2588 statim
1660 2533 1729 2586 ob
1761 2528 2156 2598 castigationem

593 2635 716 2690 olim
743 2632 1026 2688 immissam
1056 2646 1111 2685 se
1140 2643 1285 2684 reum
1303 2626 1626 2682 constituens
1646 2621 1739 2694 (a),
1768 2621 1898 2676 dixit
1921 2621 1994 2674 illi
2027 2635 2039 2670 :
2072 2616 2156 2672 10.

594 2726 698 2781 Cur
736 2726 827 2778 hoc
863 2721 1060 2793 fecisti?
1100 2720 1287 2772 Parum
1328 2717 1484 2784 abfuit
1527 2715 1645 2782 quin
1683 2710 1993 2766 concubuerit
2021 2709 2158 2778 quis-

599 2817 733 2886 piam
765 2815 824 2867 de
851 2827 1027 2882 genere
1064 2827 1168 2862 meo
1195 2825 1306 2862 cum
1333 2822 1486 2860 uxore
1509 2813 1612 2870 tua,
1638 2813 1682 2856 et
1709 2801 1987 2855 induxisset
2012 2812 2160 2865 super

600 2921 690 2959 nos
718 2902 1088 2974 ignorantiam?
1113 2899 1256 2953 Hanc
1281 2895 1536 2955 fraudem,
1569 2892 1754 2960 inquit,
1778 2901 1829 2944 et
1853 2889 1976 2943 olim
2004 2887 2158 2940 susti-

599 2994 809 3048 nuimus
835 3007 863 3042 a
896 3000 1041 3060 patre
1071 2999 1189 3050 tuo,
1223 2997 1276 3041 et
1300 3000 1438 3040 nunc
1466 2983 1564 3037 nisi
1595 2983 1648 3036 in
1675 2989 1913 3049 tempore
1941 2990 2158 3048 prospe-

598 3083 887 3146 xissemus,
914 3079 1097 3134 eadem
1141 3077 1290 3130 laturi
1324 3088 1562 3135 eramus,
1599 3071 1661 3124 Et
1699 3064 1977 3123 induxisses
2013 3081 2163 3136 super

600 3190 691 3227 nos
717 3172 1068 3243 ignorantiam.
1097 3167 1300 3221 Etenim
1326 3176 1379 3219 et
1408 3176 1528 3217 tunc
1553 3177 1646 3231 per
1674 3162 2017 3229 ignorantiam
2042 3169 2164 3224 pec-

601 3266 766 3319 caturi
800 3275 1044 3323 eramus,
1078 3267 1132 3312 et
1167 3272 1304 3310 nunc
1330 3268 1537 3324 quoque
1575 3257 1789 3322 propter
1817 3245 2160 3317 ignorantiam

604 3357 766 3410 ferme
798 3355 849 3406 in
876 3365 1032 3405 causa
1071 3349 1292 3412 fuisses,
1319 3359 1374 3400 ut
1403 3346 1454 3399 in
1485 3350 1752 3412 peccatum
1793 3339 2161 3394 incideremus.

608 3440 666 3492 ll
680 3476 692 3490 .
720 3434 964 3502 Pra'cepit
989 3441 1151 3482 autem
1177 3428 1454 3480 .lbimeleclt
1480 3426 1666 3492 populo
1687 3441 1801 3491 suo,
1821 3425 1986 3477 dicens
2000 3438 2019 3476 :
2034 3421 2157 3474 0m-

607 3531 684 3583 nis
710 3527 793 3595 qui
829 3527 1042 3593 tetigerit
1069 3521 1315 3574 hominem
1357 3518 1488 3570 hunc
1514 3527 1558 3569 et
1587 3531 1794 3569 mrem
1825 3516 1956 3583 ejus,
1986 3511 2162 3564 mortis

607 3634 721 3672 reus
747 3613 998 3668 erit.Vide
1022 3611 1111 3664 Dei
1147 3609 1548 3676 providentiam,
1571 3607 1692 3660 vide
1721 3606 2040 3661 ineﬂ'abilem
2069 3618 2162 3658 co-

609 3724 740 3762 ram.
775 3706 899 3758 Nam
924 3705 1007 3772 qui
1038 3703 1242 3756 dixerat
1269 3701 1316 3753 ei
1339 3716 1356 3751 :
1379 3699 1458 3752 Ne
1485 3698 1755 3752 descendas
1780 3693 2158 3764 in’zEgyptum,

607 3808 652 3852 et
683 3799 850 3850 habita
881 3798 932 3848 in
958 3807 1091 3848 terra
1128 3795 1245 3855 ista,
1269 3801 1315 3844 et
1345 3807 1427 3844 ero
1459 3800 1620 3843 tecum
1646 3806 1662 3843 :
1685 3790 1770 3842 ille
1797 3801 1913 3843 erat
1941 3789 2027 3854 qui
2051 3787 2162 3842 hinc

608 3888 782 3942 omnia
827 3885 1188 3952 dispensabat,
1217 3892 1270 3936 et
1296 3882 1491 3948 justum
1536 3881 1587 3932 in
1631 3890 1774 3934 tanta
1813 3877 2163 3933 constituebat

609 3977 780 4034 securi
805 3986 908 4030 ate.
951 3971 1236 4027 Considera
1284 3971 1422 4024 enim
1471 3985 1646 4038 regem
1697 3978 2059 4036 procurantem
2109 3977 2164 4020 ut

609 4069 873 4136 impavide
899 4066 964 4119 ibi
989 4073 1124 4134 agat,
1149 4063 1386 4130 liberque
1414 4061 1482 4113 sit
1502 4060 1568 4114 ab
1588 4059 1731 4112 omni
1753 4075 1896 4111 cura.
1927 4058 2163 4121 Mortem,

610 4161 798 4229 inquit,
832 4158 1199 4210 interminatus
1227 4163 1307 4206 est
1347 4152 1590 4205 omnibus
1633 4150 1949 4218 quicumque
1981 4151 2167 4216 tetige-

610 4257 717 4309 rint
743 4262 832 4306 aut
859 4266 1001 4313 eum,
1041 4259 1132 4302 aut
1159 4262 1378 4302 uxorem
1425 4246 1558 4314 ejus.
1604 4243 1742 4310 Quia
1764 4244 1905 4296 enim
1940 4243 2022 4295 hic
2052 4250 2168 4295 erat

611 4344 789 4404 timor,
821 4342 1006 4393 mortis
1034 4339 1252 4400 scilicet,
1285 4335 1375 4404 qui
1399 4344 1738 4389 concusserat
1765 4333 1878 4399 ejus
1910 4340 2163 4396 mentem,

612 4443 889 4502 propterea
919 4438 971 4483 et
1001 4429 1147 4483 illum
1178 4426 1369 4480 auferri
1398 4423 1602 4478 curavit
1648 4421 1946 4474 misericors
1989 4419 2169 4471 Domi-

611 4531 812 4587 nus,ut
854 4527 1036 4588 postea
1083 4519 1303 4574 omnino
1350 4528 1534 4569 secure
1579 4521 1777 4581 ageret.
1821 4511 1886 4565 Et
1913 4511 2031 4563 vide
2056 4523 2167 4562 rem

612 4611 800 4668 miram
825 4623 878 4665 et
899 4611 1235 4680 stupendum,
1265 4606 1531 4679 quomodo
1558 4603 1728 4659 solers
1759 4617 1878 4657 cum
1907 4603 1976 4655 sit
2003 4610 2056 4655 et
2083 4615 2169 4654 sa-

615 4706 766 4773 piens
791 4742 803 4760 ,
838 4705 1009 4751 omnia
1047 4697 1333 4749 secundum
1364 4707 1511 4744 suam
1538 4690 1854 4741 voluntatem
1882 4697 2084 4748 vertat,
2117 4697 2167 4740 et

615 4793 666 4844 in
709 4789 861 4842 inviis
905 4789 1035 4839 tiam
1078 4784 1344 4847 inveniat,
1376 4796 1471 4851 per
1512 4779 1594 4832 illa
1640 4779 1749 4847 ipsa
1787 4792 1903 4846 quae
1945 4777 2169 4830 maxime

610 4879 830 4934 adversa
860 4876 1125 4940 videntur,
1149 4873 1303 4928 saluti
1331 4885 1601 4925 servorum
1631 4884 1844 4921 suorum
1869 4867 2166 4921 consulens.

611 4970 744 5024 Hinc
795 4969 933 5022 enim
986 4973 1085 5030 est,
1141 4964 1276 5032 quod
1323 4977 1416 5015 rex
1464 4959 1553 5013 ille
1602 4967 1796 5011 tantam
1848 4956 2035 5010 habeat
2081 4972 2168 5010 cu-

613 5078 722 5116 ram
748 5060 893 5128 justi,
921 5059 1064 5126 quasi
1097 5055 1383 5120 praedicans
1406 5067 1524 5106 eum
1553 5049 1793 5103 omnibus
1816 5049 2039 5102 civitatis
2064 5063 2171 5101 sua:

610 5153 824 5215 incolis,
854 5161 905 5203 et
942 5149 1212 5202 declarans
1248 5160 1400 5214 quam
1440 5143 1700 5211 gloriosus
1741 5143 1839 5203 sit,
1873 5150 1925 5194 ct
1967 5156 2171 5193 summo

673 5409 865 5472 (omum
888 5405 1113 5472 videlicet
1135 5411 1329 5472 propter
1347 5409 1527 5472 raptam
1552 5410 1728 5472 Sarram
1753 5410 2022 5472 increpatus
2034 5409 2083 5450 et
2104 5414 2168 5448 ca-

613 5464 817 5532 stigatus
838 5468 1005 5517 fuisset
1028 5464 1326 5532 abimelech,
1363 5464 1709 5532 ubiucomperit
1733 5466 2005 5518 ttebeccam,
2032 5476 2175 5532 quam

613 5522 824 5580 sororem
856 5541 990 5577 suam
1021 5527 1210 5575 dixerat
1254 5533 1396 5580 Isaac,
1436 5522 1563 5571 illius
1604 5535 1713 5570 esse
1751 5536 1967 5579 uxorem,
1995 5522 2176 5571 veritus

615 5605 677 5652 ne
707 5605 734 5639 a
766 5592 986 5652 quopiam
1027 5601 1090 5652 ex
1113 5586 1312 5652 subditis
1345 5597 1402 5632 ea
1420 5586 1608 5646 conjugi
1641 5585 1973 5643 abriperetur,
2010 5592 2057 5631 et
2078 5585 2174 5644 jam

612 5650 724 5699 olim
761 5646 978 5699 imm'issm
1025 5650 1072 5696 in
1115 5646 1253 5695 simili
1311 5658 1422 5694 casu
1479 5658 1632 5706 paenae
1686 5658 1901 5702 memor,
1941 5659 1996 5706 se
2041 5647 2175 5705 quasi

611 5722 750 5818 malum
772 5711 1064 5767 existimans,
1089 5708 1234 5757 verba
1255 5719 1362 5768 qua:
1377 5702 1644 5767 sequuntur
1666 5706 1888 5754 tremoris
1910 5702 2176 5766 plena'pro-

685 5781 734 5818 tt.
982 5784 984 5786 τ

685 5781 734 5821 il.
982 5784 984 5786 '

1405 441 1442 493 S3
1491 435 1760 492 .30.“le
1785 425 2244 498 CiiﬂYSOSTOSll
2273 423 2582 481 ARCIllEP.
2623 414 3144 477 CONSTANTINOP.

3703 399 3807 465 ‘56

2245 539 2443 594 honore
2471 537 2687 606 dignus,
2717 549 2872 604 quem
2900 540 2957 588 et
2992 529 3204 586 maximi
3230 517 3484 582 iaciebat.
3509 523 3599 582 Sic
3620 531 3676 581 et
3699 522 3812 580 Na—

2244 627 2648 685 buchodonosor
2681 633 2955 694 postquam
2997 632 3188 690 pueros
3222 616 3346 672 illos
3378 625 3487 671 tres
3527 617 3580 672 in
3622 613 3805 671 forna-

2243 716 2357 775 cem
2389 718 2637 788 iniecerat
2664 714 2835 786 (Dan.
2864 715 2915 769 ὃ.
2943 709 3069 781 93),
3095 717 3148 764 et
3173 708 3345 777 reipsa
3372 706 3809 775 comprobarent

2244 808 2569 878 captivorum
2609 806 3000 859 adolescentem
3043 801 3289 855 virtutem
3310 839 3325 864 ,
3359 806 3484 853 tunc
3519 795 3809 866 praedicare

2247 915 2340 956 eos
2366 900 2523 969 coepit
2548 939 2563 964 ,
2594 907 2648 952 et
2684 897 2875 966 ubique
2911 896 3085 964 lingua
3122 906 3216 947 sua
3256 890 3374 947 iecit
3403 889 3649 944 illustres.
3681 885 3811 940 ﬂare

2249 990 2388 1043 enim
2427 987 2757 1058 potissimum
2787 999 2971 1054 magna
3001 981 3094 1038 Dei
3122 982 3287 1036 virtus
3313 989 3426 1044 est,
3451 976 3657 1047 quando
3686 975 3812 1031 facit

2249 1089 2306 1133 ut
2345 1094 2439 1147 per
2477 1077 2716 1132 inimicos
2753 1075 3086 1130 celebrentur
3118 1071 3258 1128 servi
3302 1071 3415 1126 Dei.
3456 1070 3522 1124 Et
3557 1068 3648 1139 qui
3686 1081 3810 1121 cum

2249 1168 2424 1223 furore
2449 1166 2662 1222 accendi
2687 1167 2914 1236 jusserat
2947 1164 3211 1219 fornacem
3246 1162 3386 1216 illam
3407 1200 3421 1224 ,
3449 1160 3696 1230 quoniam
3732 1157 3812 1212 vi-

2249 1257 2324 1312 dit
2351 1273 2443 1325 per
2471 1271 2757 1325 supernum
2783 1255 3037 1309 auxilium
3075 1267 3358 1322 puerorum
3398 1251 3642 1306 virtutem
3678 1247 3815 1319 ignis

2249 1349 2508 1401 actionem
2536 1346 2781 1410 vincere,
2813 1353 3028 1412 repente
3059 1348 3284 1396 mutatus
3312 1338 3551 1395 clamavit
3580 1339 3763 1394 dicens
3800 1353 3816 1392 :

2252 1434 2395 1489 Serui
2420 1433 2510 1488 Dei
2540 1433 2738 1488 excelsi.
2771 1432 2920 1496 Vide,
2947 1447 3052 1486 non
3078 1430 3247 1485 solum
3275 1431 3392 1484 illos
3416 1428 3654 1483 excelsos
3677 1440 3815 1497 pra-

2251 1529 2410 1592 dicat,
2435 1513 2528 1603 sgd
2557 1537 2614 1583 et
2639 1526 2914 1581 Dominum
2942 1524 3306 1579 universorum
3335 1539 3349 1574 :
3377 1519 3522 1575 Sertn‘
3542 1519 3702 1584 enim,
3735 1517 3817 1572 in-

2250 1620 2384 1691 quit.
2415 1619 2512 1673 Dei-
2534 1619 2735 1683 excelsi,
2764 1616 3070 1687 egredimini.
3102 1613 3238 1682 Quid
3264 1613 3459 1668 factum
3485 1611 3608 1668 est?
3636 1623 3818 1666 nonne

2253 1721 2309 1765 tu
2336 1725 2428 1766 eos
2459 1717 2724 1764 tormento
2753 1706 3057 1762 tradidisti?
3086 1719 3262 1760 nonne
3293 1712 3346 1758 tu
3386 1703 3439 1758 in
3474 1711 3675 1757 tantum
3706 1700 3818 1755 fur-

2254 1799 2436 1854 uacem
2458 1797 2674 1854 accendi
2702 1796 2994 1867 praecepisti
3016 1795 3040 1849 τ
3065 1794 3325 1859 Profecto,
3350 1793 3538 1862 inquit,
3565 1791 3657 1848 sed
3680 1806 3819 1845 nunc

2253 1892 2414 1946 video
2434 1906 2520 1946 res
2549 1876 2884 1945 admirabiles
2907 1897 2961 1944 et
2987 1901 3168 1942 novas.
3200 1886 3530 1940 Elementum
3551 1885 3691 1938 enim
3718 1881 3820 1936 hoc

2255 1999 2364 2038 suae
2406 1983 2724 2052 operationis
2767 1981 3014 2044 oblitum,
3057 1979 3204 2049 quasi
3246 1976 3468 2032 vinculis
3504 1974 3818 2046 quibusdam

2257 2076 2493 2145 ligatum,
2525 2083 2718 2128 tantam
2753 2072 2991 2127 exhibuit
3017 2068 3389 2132 obedientiam,
3417 2074 3478 2121 ut
3502 2077 3669 2136 neque
3693 2077 3823 2119 con-

2257 2165 2479 2234 lingeret
2521 2165 2726 2218 illorum
2766 2161 3002 2231 capillos.
3042 2159 3194 2216 Unde
3233 2157 3412 2212 videre
3453 2169 3728 2226 possumus
3756 2153 3822 2234 id

2259 2253 2448 2308 factum
2477 2269 2634 2324 supra
2666 2229 2944 2307 humanam
2978 2258 3214 2304 naturam
3242 2262 3360 2303 esse
3378 2289 3394 2313 ,
3421 2255 3474 2302 et
3503 2229 3822 2300 ineﬂ'abilem

2258 2344 2538 2415 quamdam
2580 2358 2643 2397 ac
2679 2343 2906 2396 divinam
2947 2342 3052 2394 vim
3095 2339 3207 2393 haec
3244 2337 3490 2404 operari,
3521 2345 3824 2404 tantamque

2261 2449 2541 2504 puerorum
2581 2432 2778 2486 habere
2819 2429 3224 2501 providentiam.
3255 2427 3440 2482 Vidisti
3478 2425 3571 2480 Dei
3611 2424 3822 2479 miseri-

2259 2525 2490 2580 cordiam
2521 2565 2536 2592 ,
2585 2522 2850 2593 quomodo
2902 2536 3183 2589 numquam
3229 2519 3599 2588 derelinquens
3642 2531 3826 2571 servos

2261 2632 2421 2682 suos,
2465 2615 2718 2684 permittit
2760 2615 2812 2668 in
2854 2612 3119 2668 fornacem
3167 2611 3345 2680 injici;
3383 2611 3476 2666 sed
3513 2624 3606 2665 cos
3643 2610 3829 2665 volens

2260 2706 2510 2760 clariores
2537 2704 2729 2767 facere,
2760 2713 2812 2758 et
2841 2717 2989 2757 suam
3015 2701 3262 2756 virtutem
3287 2700 3668 2762 demonstrare,
3702 2699 3828 2752 baro

2262 2799 2372 2854 bari
2398 2798 2639 2852 demulsit
2665 2795 2895 2850 animmn
2917 2803 2971 2848 et
2992 2801 3190 2847 tantam
3216 2791 3546 2847 tolerantiam
3565 2789 3830 2845 ostendit?

2263 2887 2442 2956 Neque
2471 2886 2613 2940 enim
2639 2895 2744 2940 tam
2776 2883 3083 2938 admirabile
3112 2893 3224 2936 erat
3248 2922 3262 2946 ,
3289 2882 3332 2935 si
3362 2896 3391 2935 a
3421 2881 3677 2952 principio
3703 2894 3831 2950 pro-

2263 2979 2516 3033 hibuisset
2543 2991 2634 3031 eos
2673 2976 2726 3029 in
2759 2975 3022 3028 caminum
3067 2973 3207 3041 injici
3242 2991 3255 3026 :
3287 2971 3438 3027 sicuti
3485 2986 3621 3025 nunc
3663 2969 3829 3025 admi-

2262 3069 2478 3124 rabilius
2506 3077 2559 3122 et
2584 3068 2752 3121 rarius
2779 3065 2971 3119 factum
2995 3073 3073 3120 est
3099 3105 3111 3127 .
3139 3078 3262 3118 cum
3297 3065 3345 3116 in
3375 3063 3547 3118 medio
3573 3061 3708 3133 ignis
3733 3076 3830 3115 cx-

2263 3162 2510 3216 sistentes
2532 3201 2548 3224 ,
2585 3159 2714 3212 nihil
2761 3159 2976 3212 insuave
3011 3155 3116 3226 pati
3157 3155 3430 3224 permittit.
3463 3153 3592 3208 Nam
3621 3152 3833 3223 quando

2264 3252 2395 3314 vult,
2423 3251 2580 3304 etiam
2605 3263 2699 3304 eos
2723 3248 2808 3317 qui
2839 3246 2890 3301 in
2924 3247 3109 3301 mediis
3139 3253 3260 3300 sunt
3287 3244 3532 3314 periculis
3557 3254 3606 3298 et
3637 3244 3834 3315 ρωυὶε,

2267 3341 2586 3410 potentiores
2625 3339 2745 3392 facit
2772 3355 2786 3393 :
2816 3346 2870 3391 et
2901 3352 2992 3392 eos
3030 3336 3116 3405 qui
3160 3335 3424 3404 patiuntur
3444 3377 3459 3400 ,
3489 3333 3554 3388 iis
3587 3334 3676 3402 qui
3708 3333 3835 3393 illo:

2265 3428 2500 3498 ainigunt
2521 3429 2820 3497 superiores
2844 3427 3034 3481 reddit.
3069 3425 3178 3479 Hoc
3202 3433 3255 3479 et
3281 3425 3332 3478 in
3358 3424 3612 3493 apostolis
3637 3423 3833 3478 factum

2267 3533 2365 3576 est.
2393 3522 2520 3575 Nam
2544 3524 2629 3590 qui
2657 3536 2748 3575 eos
2779 3522 3034 3590 urgebant
3059 3529 3113 3574 et
3138 3518 3468 3572 adducebant
3495 3518 3546 3571 in
3578 3518 3830 3581 medium.

2268 3624 2321 3667 et
2348 3613 2493 3678 quasi
2531 3613 2774 3666 dentibus
2813 3611 3066 3665 adversus
3112 3623 3204 3663 eos
3244 3607 3570 3671 fremebant,
3605 3607 3743 3661 inter
3776 3621 3835 3662 se

2267 3703 2550 3758 dicebant:
2585 3703 2718 3768 Quid
2756 3702 2994 3768 faciemus
3038 3701 3154 3753 viris
3193 3699 3300 3752 istis
3335 3698 3354 3768 (
3374 3699 3484 3752 Act.
3525 3697 3574 3752 4.
3611 3695 3752 3768 16)ἳ
3782 3697 3832 3752 in

2269 3794 2508 3848 manibus
2535 3793 2649 3847 illos
2674 3792 2956 3857 habebant,
2985 3799 3038 3845 et
3060 3790 3371 3844 dubitabant
3397 3804 3596 3857 secum,
3625 3787 3747 3858 quid
3770 3788 3834 3843 de

2268 3886 2345 3938 eis
2370 3883 2620 3939 facerent.
2649 3883 2836 3946 Tanta,
2865 3892 3073 3950 tamque
3099 3880 3268 3935 valida
3292 3896 3374 3935 res
3395 3890 3476 3934 est
3497 3880 3678 3945 virtus,
3704 3889 3832 3934 tam-

2269 3991 2369 4045 que
2400 3975 2670 4030 imbecillis
2698 3976 2894 4028 malitia
2915 4016 2928 4039 ,
2961 3983 3017 4027 ut
3045 3973 3131 4026 illa
3162 3971 3372 4041 quidem
3394 4013 3408 4037 ,
3436 3971 3559 4025 licet
3587 3972 3832 4040 patiatur,

2270 4065 2461 4129 vincat,
2491 4067 2600 4119 haec
2630 4081 2756 4120 vero
2781 4075 2833 4119 et
2858 4065 2901 4118 si
2928 4065 3050 4132 quid
3081 4073 3221 4132 agat,
3249 4062 3378 4116 nihil
3407 4061 3548 4116 aliud
3575 4061 3834 4132 proﬁciat,

2271 4171 2427 4225 quam
2453 4155 2589 4222 quod
2616 4170 2761 4208 suam
2794 4155 2976 4223 prodat
3003 4154 3378 4208 infirmitatem.

2343 4246 2553 4299 Moralis
2586 4247 2883 4300 exhortatio.
2905 4276 2980 4286 λ--
3010 4246 3064 4299 Id
3093 4245 3339 4310 scientes,
3369 4243 3567 4309 dilecti,
3597 4259 3842 4314 magnam

2273 4338 2474 4391 virtutis
2516 4338 2798 4392 habeamus
2840 4339 3130 4403 rationem,
3171 4345 3224 4392 et
3262 4337 3384 4390 vitia
3434 4336 3736 4404 fugiamus:
3769 4337 3838 4390 ita

2272 4429 2410 4480 enim
2453 4437 2506 4481 et
2546 4443 2824 4496 supernam
2866 4430 3085 4497 gratiam
3130 4428 3281 4482 nobis
3320 4425 3755 4489 Conciliabimus,
3787 4434 3840 4479 et

2275 4518 2441 4572 futura
2471 4535 2851 4588 consequemur
2884 4520 3018 4573 bona
3048 4536 3061 4574 :
3090 4535 3206 4588 qua:
3248 4519 3398 4572 nobis
3437 4517 3684 4571 omnibus
3712 4531 3842 4572 eve-

2275 4612 2435 4675 niant,
2459 4613 2624 4679 gratia
2651 4622 2703 4664 et
2730 4610 3084 4665 misericordia
3120 4610 3324 4663 Domini
3354 4611 3517 4664 nostri
3543 4608 3668 4664 Jesu
3686 4607 3842 4664 Chri-

2275 4700 2360 4762 sti,
2393 4701 2475 4754 cui
2515 4701 2601 4764 sit,
2629 4715 2745 4753 cum
2793 4702 2945 4754 Patre
2973 4709 3024 4753 et
3059 4701 3257 4769 Spiritu
3288 4709 3492 4763 sancto,
3523 4699 3708 4768 gloria,
3742 4697 3843 4753 im-

2273 4791 2496 4860 perium,
2526 4790 2709 4855 bonor,
2737 4805 2874 4844 nunc
2901 4800 2952 4845 et
2979 4806 3206 4860 semper,
3236 4801 3289 4844 et
3318 4791 3369 4844 in
3399 4791 3592 4845 saecula
3621 4789 3844 4846 saculo—

2275 4897 2409 4935 rnm.
2439 4883 2625 4936 Amen.

2843 5013 3115 5067 HOMILIA
3155 5014 3260 5068 ιιι.

2279 5172 2550 5227 Seminavit
2579 5179 2740 5222 autent
2769 5169 2914 5222 Isaac
2940 5173 2990 5222 in
3023 5179 3152 5222 terra
3177 5169 3287 5233 illa,
3307 5177 3357 5223 et
3379 5167 3567 5222 invenit
3591 5169 3845 5236 centupls-

2474 5279 2593 5315 cans
2619 5262 2856 5313 hordeum
2885 5261 2936 5312 in
2959 5277 3091 5313 anno
3121 5260 3209 5312 illo
3236 5258 3386 5328 (Cen.
3409 5258 3499 5313 26.
3529 5260 3641 5328 12).

2349 5395 2396 5447 1.
2427 5393 2693 5462 Reliquias
2714 5391 2827 5444 heri
2851 5391 3109 5444 dictorum
3141 5404 3314 5458 opera:
3337 5389 3560 5457 pretium
3583 5397 3665 5444 est
3685 5389 3846 5446 hodie

2279 5486 2498 5539 reddere
2535 5495 2725 5538 vestrm
2763 5483 3003 5546 caritati,
3048 5493 3098 5534 ct
3146 5482 3363 5548 repetita
3405 5480 3667 5534 sermonis
3705 5481 3848 5536 serie

2280 5577 2463 5627 iterum
2498 5573 2676 5626 videre
2705 5581 2950 5639 quantam
2977 5572 3150 5638 justus
3177 5568 3321 5622 Isaac
3349 5583 3630 5636 supernam
3668 5570 3847 5637 provi-

2279 5664 2508 5718 dentiam
2540 5663 2608 5715 sit
2638 5668 2972 5726 assequutus.
3009 5659 3138 5711 Nam
3167 5659 3254 5725 qui
3292 5658 3341 5709 ei
3383 5655 3725 5724 prohibuerat
3751 5654 3851 5711 de-

2286 5769 2529 5809 scensum
2551 5755 2600 5808 in
2626 5750 2921 5822 Egyptum,
2945 5761 2997 5805 et
3020 5751 3221 5804 dixerat
3249 5766 3260 5801 :
3295 5747 3478 5801 Habita
3499 5749 3549 5802 in
3570 5755 3700 5802 terra
3729 5746 3846 5816 hac,
