4124 6486
290 356 392 414 457

1323 365 1385 422 ll‘
1425 365 1574 426 CAP.
1612 366 1799 426 XXVI.
1841 369 2086 434 GENES.
2126 378 2359 441 HOMlL.
2400 384 2513 443 ιιι.

284 482 334 525 et
361 488 446 525 ero
476 481 635 527 tecum
666 489 686 527 :
716 474 802 529 ille
830 476 882 529 in
909 474 1154 530 omnibus
1187 485 1293 533 tam
1321 481 1523 535 clarum
1552 496 1673 537 eum
1706 482 1831 539 fecit
1855 525 1867 541 .

283 571 342 617 ut
359 577 465 617 non
489 564 656 618 nmlto
682 575 800 635 post
823 567 1070 621 invidiam
1097 581 1333 626 moveret
1359 573 1495 641 regis
1520 572 1865 632 Gerarorum.

281 651 532 708 Videntes
551 655 694 708 enim
713 656 827 724 ejus
853 656 1201 712 substantiam
1230 661 1469 729 quotidie
1494 665 1694 732 augeri,
1721 678 1864 721 metu

274 742 452 797 affecti
482 755 602 799 sunt
624 747 764 814 quod
786 747 854 800 ibi
884 762 1063 801 secum
1097 749 1377 817 habitaret,
1402 762 1455 805 et
1486 756 1866 824 transmigrare

1968 675 2142 781 conati
2170 688 2313 731 sunt.
2350 681 2433 743 li,
2465 682 2724 741 Az'mulali
2744 701 2858 744 sunt
2884 696 3017 749 enim
3044 675 3172 761 eum,
3200 701 3389 773 inquit,

1965 763 2155 818 listiim.
2190 768 2386 826 Deinde
2414 788 2711 835 monstrare
2748 784 2933 841 volens
2959 789 3232 861 Scriptura
3265 763 3441 856 divina
3460 843 3474 867 ,
3504 763 3561 859 in

274 832 399 887 inde
425 844 735 905 coegerunt.
772 837 991 907 Dignum
1021 850 1196 894 autem
1222 852 1324 906 est,
1356 850 1412 895 ut
1438 843 1547 911 ipsa
1574 843 1863 931 Scriptura:
1964 866 2069 920 quo
2090 860 2484 919 a'mulalluncm
2504 866 2864 939 declararunt,
2891 832 3560 950 511ὺάίάῖιιζΐδῗὲἐϊῖέηϊὶ

278 926 433 950 ..Α-Ι»...
484 926 753 950 ...ηιξ-.-.ηη-
824 938 873 950 ..Α
918 943 1011 950 ..Δ-
1047 930 1208 950 -_-_.'_
1250 931 1360 950 -31..
1404 947 1487 950 -__,,
1558 933 1595 950 η
1637 935 1647 944 θ
1693 935 1702 950 ι

278 926 437 979 verba
482 926 788 988 audiamus,
824 938 879 981 ιιι
918 943 1013 997 per
1040 930 1217 983 omnia
1249 931 1519 985 videamus
1554 933 1649 987 Dei
1691 926 1859 989 bene-
1963 954 2175 1012 puteos,
2203 966 2326 1018 quos

269 1012 576 1077 volentiam,
605 1030 760 1083 quam
796 1032 917 1087 erga
952 1018 1174 1073 famulos
1202 1034 1328 1074 suos
1356 1019 1608 1075 declarat.
1642 1022 1727 1076 1%.
1759 1023 1857 1076 Se-

266 1107 475 1158 minam’t
510 1118 712 1175 autem,
746 1109 947 1178 inquit,
984 1109 1133 1163 Isaac
1169 1112 1222 1164 in
1262 1123 1397 1165 terra
1433 1114 1553 1179 illa,
1586 1124 1631 1166 et
1668 1116 1855 1171 invenit

264 1197 610 1264 centuplicatis
639 1197 881 1252 hordeum
903 1200 953 1252 in
979 1216 1113 1253 anno
1134 1201 1242 1254 ilio.
1273 1201 1399 1257 Vide
1430 1204 1579 1270 mihi,
1606 1206 1849 1271 obsecro,

266 1286 359 1341 Dei
388 1288 730 1361 sapientiam,
763 1298 821 1343 ut
850 1290 1092 1344 ostendat
1118 1290 1262 1360 justo
1287 1304 1346 1347 se
1378 1302 1580 1349 natura:
1611 1296 1851 1350 condito-

264 1394 378 1434 rem
410 1394 549 1442 esse,
581 1391 633 1435 et
660 1382 711 1434 in
744 1383 902 1437 rebus
932 1382 1241 1438 difﬁcilibus
1268 1383 1440 1438 facilia
1466 1387 1641 1440 omnia
1675 1385 1851 1443 facere

259 1483 417 1539 posse
450 1487 463 1524 :
494 1485 557 1524 ac
593 1472 682 1540 qui
724 1472 791 1525 ab
831 1473 981 1526 initio
1014 1483 1213 1528 terram
1243 1488 1343 1529 suo
1381 1475 1628 1531 mandato
1664 1476 1850 1532 fecerit

256 1561 505 1616 idoneam
524 1562 589 1617 ad
616 1562 964 1632 proferendos
988 1564 1211 1629 fructus,
1237 1565 1375 1621 idem
1403 1581 1545 1621 nunc
1568 1566 1766 1623 efliciat
1792 1580 1847 1622 ut

256 1646 584 1723 multiplices
614 1653 799 1708 reddat
839 1670 936 1725 pro
973 1656 1101 1709 satis
1133 1657 1430 1726 manipulos
1460 1673 1476 1711 :
1505 1658 1664 1713 simul
1697 1660 1844 1714 illum

253 1743 309 1797 in
340 1751 483 1797 tanta
514 1746 783 1800 alliuentia
817 1747 1148 1801 constituens
1171 1789 1185 1812 ,
1224 1758 1283 1801 ut
1321 1748 1517 1803 nullius
1562 1750 1795 1821 indigeat
1826 1769 1839 1805 :

250 1844 411 1903 atque
440 1835 572 1890 alios
600 1851 694 1904 per
721 1851 882 1906 opera
913 1838 1144 1905 docens,
1177 1849 1372 1909 quanta
1406 1856 1635 1912 superna
1672 1846 1842 1913 gratia

248 1928 421 1996 justus
448 1928 671 1982 fruatur.
704 1928 1058 2001 Omnipotens
1082 1932 1227 1987 enim
1254 1942 1308 1987 et
1334 1934 1546 2003 sapiens
1582 1935 1721 1990 Deus
1748 1952 1841 2004 per

248 2034 338 2075 res
361 2019 577 2075 easdem
614 2020 918 2091 frequenter
954 2021 1216 2078 benefacit
1252 2024 1401 2090 suis;
1425 2032 1478 2079 et
1503 2034 1654 2079 curat
1678 2027 1839 2081 etiam

251 2118 308 2163 nt
350 2110 384 2163 ii
428 2125 638 2180 quoque
679 2114 768 2182 qui
812 2113 986 2167 adhuc
1024 2113 1076 2166 in
1118 2128 1303 2168 errore
1342 2126 1652 2181 versantur,
1684 2132 1837 2171 suam

246 2202 499 2257 virtutem
540 2214 594 2258 et
637 2204 929 2274 potentiam
964 2205 1261 2259 addiscant.
1306 2206 1418 2261 Hoc
1464 2218 1650 2277 postea
1690 2218 1744 2263 et
1781 2209 1837 2264 in

246 2292 482 2365 Egypto
522 2293 643 2348 fecit
674 2311 687 2349 :
720 2294 824 2350 illis
850 2295 991 2350 enim
1024 2310 1210 2366 pinnas
1240 2296 1536 2367 irrogabat,
1564 2297 1835 2354 Israelitas

247 2401 375 2443 vero
418 2386 616 2441 illaesos
660 2387 1033 2443 conservabat.
1081 2386 1367 2442 Discebant
1406 2388 1549 2443 enim
1594 2404 1699 2444 non
1740 2404 1829 2443 so-

245 2475 353 2533 lum
399 2493 495 2548 per
535 2478 951 2548 indignationem
992 2477 1126 2542 Dei,
1157 2494 1257 2549 qua
1298 2479 1395 2549 ipsi
1442 2479 1831 2549 puniebantur,

244 2567 484 2623 omnium
508 2567 724 2639 Opilicis
749 2569 1002 2624 virtutem
1022 2609 1037 2636 ,
1074 2569 1167 2624 sed
1196 2569 1355 2625 etiam
1384 2584 1480 2640 per
1512 2570 1832 2625 sollicitudi-

244 2673 364 2715 nem
399 2674 559 2730 quam
600 2660 654 2714 in
692 2659 812 2716 illos
837 2660 1139 2716 exhibebat.
1172 2660 1239 2715 Et
1264 2662 1461 2717 iterum
1486 2676 1590 2718 non
1617 2677 1683 2721 ex
1718 2663 1832 2718 sola

243 2752 568 2823 providentia
598 2762 652 2807 et
688 2752 1077 2818 sollicitudine,
1109 2768 1266 2825 quam
1292 2753 1719 2823 experiebantur,
1751 2756 1834 2811 di-

240 2844 463 2900 scebant
504 2844 773 2916 ingentem
810 2844 905 2900 Dei
931 2845 1224 2901 bonitatem
1252 2828 1275 2901 :f
1299 2845 1396 2900 sed
1425 2846 1584 2901 etiam
1614 2860 1711 2916 per
1738 2861 1833 2902 eos

241 2934 432 3005 quibus
467 2934 704 3006 quotidie
744 2934 993 2991 videbant
1016 2943 1097 2990 tot
1127 2935 1307 3006 plagas
1331 2936 1575 3007 irrogari.
1607 2937 1709 2992 Per
1733 2953 1830 2992 ea-

240 3026 361 3082 dem
383 3027 529 3081 enim
557 3040 718 3095 opera
744 3036 797 3081 et
823 3026 956 3091 suis,
982 3033 1037 3081 et
1069 3025 1391 3082 adversariis
1420 3026 1687 3082 indicabat
1715 3042 1827 3083 sum

239 3119 488 3189 potentia:
535 3116 975 3187 magnitudinem.
1024 3115 1160 3172 Nam
1202 3117 1467 3198 elementa
1513 3118 1628 3187 ipsa
1671 3134 1826 3174 suum

238 3208 590 3263 ministerium
638 3218 693 3264 et
736 3208 1055 3279 obsequium
1096 3209 1371 3264 conservis
1419 3209 1823 3275 demonstrant,

238 3296 446 3368 quando
473 3298 733 3354 benevole
773 3298 1029 3353 Dominus
1052 3312 1175 3369 erga
1205 3297 1323 3352 illos
1350 3297 1600 3353 afﬁcitur.
1630 3300 1700 3354 Et
1726 3301 1827 3356 hoc

238 3388 415 3460 utique
454 3388 645 3445 viderit
684 3388 804 3460 quis
846 3388 972 3445 huic
1010 3388 1159 3459 justo
1204 3389 1535 3460 contingere.
1586 3390 1642 3445 ιιι
1680 3391 1824 3447 enim

234 3480 380 3552 quod
412 3481 612 3553 alioqui
656 3490 842 3538 natura
884 3490 1042 3538 terra:
1077 3496 1185 3537 non
1222 3480 1439 3551 habuit,
1472 3481 1575 3537 hoc
1606 3492 1829 3553 propter

237 3573 543 3629 mattdatum
570 3575 936 3631 universorum
966 3574 1061 3631 Dei
1090 3588 1231 3629 nunc
1261 3570 1465 3645 profert
1488 3582 1633 3630 tanta
1660 3575 1822 3632 uber-

235 3672 369 3732 tate,
407 3674 467 3719 ut
505 3674 725 3736 repente
764 3664 918 3720 valde
955 3664 1147 3734 opibus
1187 3663 1464 3720 abundans
1498 3663 1720 3722 eﬂ‘ectus
1752 3667 1825 3722 sit

234 3751 396 3809 base.
422 3752 687 3810 Benedia'it
714 3755 877 3822 arim,
904 3754 1106 3826 inquit,
1136 3772 1247 3810 eum
1274 3754 1448 3824 Dm,
1481 3756 1568 3812 l3.
1598 3766 1646 3813 et
1672 3757 1821 3813 ml-

233 3854 363 3900 tatus
384 3856 458 3903 est
483 3847 655 3915 homo,
675 3860 722 3905 et
747 3849 1025 3919 procedens
1048 3850 1214 3920 major
1231 3848 1401 3918 ﬁebat,
1426 3850 1585 3907 donec
1606 3868 1820 3925 magnus

232 3939 394 4007 [eam
429 3949 504 3995 est
536 3939 704 3996 ualde.
734 3939 866 3996 Nam
890 3941 1014 4013 quia
1042 3950 1169 3998 tunc
1195 3941 1518 3998 abundantia
1551 3943 1817 4015 justorum

230 4040 343 4086 erat
369 4031 422 4086 in
454 4030 728 4090 fertilitate
756 4041 947 4100 terrm,
974 4044 1029 4090 et
1055 4035 1107 4090 in
1137 4034 1478 4092 multitudine
1514 4050 1767 4108 pecorum
1799 4054 1819 4094 :

230 4132 505 4195 propterea
544 4124 672 4180 dicit
690 4165 706 4189 .
741 4124 1012 4181 Benedisit
1029 4142 1145 4181 eum
1177 4125 1316 4183 Deus
1338 4169 1355 4195 ,
1382 4137 1430 4183 et
1461 4128 1716 4185 excitam
1742 4139 1819 4187 est

232 4215 379 4272 homo
396 4258 414 4285 ,
440 4216 494 4273 id
518 4226 604 4273 est
621 4259 639 4285 ,
666 4217 954 4274 abundavit
980 4234 1001 4273 :
1023 4225 1078 4273 et
1104 4233 1208 4274 non
1236 4219 1551 4290 simpliciter
1579 4219 1816 4277 abundat.

228 4307 334 4376 vit,
364 4306 460 4365 sed
490 4316 544 4364 et
574 4305 779 4381 lfajor,
809 4308 1020 4381 inquit,
1046 4310 1195 4380 ﬁebat
1222 4311 1379 4366 donec
1401 4326 1618 4384 magnus
1647 4311 1815 4381 [actus

227 4410 297 4454 ut
321 4400 485 4456 valde.
517 4390 809 4457 Considera
838 4402 980 4458 enim
1008 4410 1265 4472 quantum
1304 4403 1414 4471 sit,
1451 4417 1550 4474 pro
1586 4403 1655 4460 iis
1692 4419 1813 4476 qua:

227 4491 517 4548 seminabat
541 4493 848 4565 centuplum
877 4494 1140 4563 accipere.
1171 4493 1324 4562 Quod
1360 4494 1408 4551 si
1442 4490 1544 4551 hoc
1570 4495 1661 4552 tibi
1692 4511 1809 4554 ma-

225 4599 382 4658 gnum
410 4589 643 4657 videtur,
663 4588 939 4644 considera
968 4578 1282 4643 iminensam
1312 4588 1405 4644 Dei
1429 4587 1771 4646 clementiam
1790 4630 1808 4659 ,

227 4691 380 4749 quam
403 4692 659 4752 processu
682 4680 940 4751 temporis
967 4675 1090 4751 erga
1118 4694 1216 4735 nos
1230 4677 1546 4749 declaravit.
1569 4679 1641 4736 Iis
1664 4681 1811 4738 enim

224 4770 309 4841 qui
336 4782 456 4842 post
477 4773 594 4845 ejus
617 4771 907 4828 adventum
930 4772 1181 4828 virtutem
1206 4781 1481 4841 exercent,
1502 4788 1607 4830 non
1634 4774 1809 4830 solum

225 4861 527 4934 centuplum
566 4862 653 4919 hic
693 4862 987 4931 promittit,
1015 4863 1110 4920 sed
1139 4872 1192 4918 et
1222 4864 1389 4919 vitam
1425 4875 1684 4920 aeternam
1706 4906 1720 4929 ,
1752 4874 1809 4921 et

227 4951 367 5023 regni
385 4952 643 5010 «olorum
668 4953 1077 5025 possessionem.
1101 4951 1293 5010 Vidisti
1314 4953 1687 5012 liberalitatem
1708 4955 1810 5011 Do-

225 5044 384 5101 mini?
418 5046 600 5102 vidisti
628 5044 1401 5119 beneﬁcentize'augmentum?
1427 5047 1609 5105 vidisti
1638 5065 1806 5119 quan-

228 5141 334 5192 tum
359 5122 513 5195 nobis
547 5138 769 5209 largitus
793 5147 877 5194 est
904 5138 1158 5209 unigeniti
1198 5138 1323 5195 Filii
1364 5139 1456 5195 Dei
1497 5140 1805 5197 adventus?

225 5229 482 5298 quomodo
506 5230 831 5287 ineffabilem
856 5245 1037 5287 rerum
1062 5234 1531 5288 commutationem
1555 5243 1805 5304 operatus

226 5318 342 5374 est?
378 5319 501 5377 ﬁxe
542 5320 703 5392 igitur
739 5321 1103 5393 unusquisque
1135 5323 1273 5393 apud
1304 5337 1363 5379 se
1386 5324 1723 5397 expendens,
1750 5336 1803 5382 et

226 5410 400 5469 videns
423 5414 777 5471 differentiam
802 5414 944 5470 inter
963 5429 1026 5471 ea
1049 5429 1166 5485 quae
1191 5414 1295 5471 illis
1317 5426 1440 5472 ante
1462 5418 1645 5489 gratim
1672 5427 1799 5473 tem-

228 5514 321 5571 pus
359 5507 597 5575 promitti
631 5505 906 5574 solebant,
935 5515 990 5563 et
1031 5521 1093 5561 ea
1130 5521 1251 5577 qua:
1287 5522 1428 5563 nunc
1461 5515 1582 5578 post
1618 5508 1801 5581 gratiae

229 5603 443 5667 tempus,
470 5598 730 5671 glorilicet
751 5597 914 5654 etiam
940 5598 993 5653 in
1028 5596 1129 5654 hoc
1158 5598 1472 5655 immensam
1498 5599 1613 5672 ejus
1638 5601 1801 5659 mise-

227 5686 531 5757 ricordiam,
563 5698 618 5746 et
654 5704 723 5746 nc
752 5699 1049 5761 temporum
1087 5690 1367 5746 mutationi
1396 5700 1565 5747 totum
1598 5691 1801 5748 adscri-

230 5777 328 5833 bat.
356 5780 417 5837 At
446 5796 540 5853 par
565 5789 645 5839 cst
670 5789 729 5838 ut
757 5779 823 5836 ad
864 5779 1059 5838 seriem
1099 5781 1363 5839 scrmonis
1400 5782 1714 5851 redeamus,
1743 5791 1796 5839 ut

2353 953 2633 1020 effoderunt
2659 964 2788 1015 servi
2816 976 3038 1037 tempore
3058 975 3216 1041 patris
3244 994 3388 1047 ejus,
3416 981 3559 1036 obitu

1959 1048 2218 1099 raverunt,
2253 1055 2297 1092 et
2328 1044 2659 1113 impleverunt
2688 1062 2843 1107 terra.

2030 1123 2231 1181 Invidia
2278 1131 2645 1193 Germ-enarunt
2674 1156 2883 1211 quanta.
2913 1180 2971 1189 —
3002 1151 3292 1212 Considera
3341 1174 3538 1230 quanta

1957 1214 2171 1273 illorum
2198 1221 2489 1301 incolarum
2518 1231 2753 1297 malitia,
2781 1218 2872 1305 qui
2921 1249 2976 1294 et
3016 1256 3182 1313 aquas
3222 1214 3373 1317 justi;
3413 1254 3549 1309 invi-

1955 1305 2119 1406 dent:
2155 1326 2325 1380 neque
2356 1332 2448 1370 rex
2473 1358 2487 1383 ,
2515 1321 2603 1387 qui
2645 1323 2695 1375 in
2727 1334 2867 1379 tanta
2919 1305 3179 1397 potestate
3222 1305 3337 1394 erat
3364 1383 3377 1406 ,

1954 1396 2093 1453 diam
2136 1402 2451 1462 ‘continere
2491 1415 2695 1479 potuit;
2730 1417 2825 1471 sed
2872 1419 3000 1475 dicit
3033 1444 3044 1475 :
3084 1427 3170 1479 16.
3200 1429 3297 1482 Abi
3333 1396 3545 1502 anubis,

1951 1494 2071 1557 quia
2102 1498 2352 1560 potentior
2377 1502 2517 1554 nobis
2538 1507 2702 1574 [actus
2728 1525 2777 1561 rs
2805 1512 2966 1565 valde.
3008 1514 3196 1586 Magna
3220 1494 3547 1580 malevolcu;

1958 1582 2049 1635 tia.
2079 1584 2239 1653 Cujus
2268 1591 2434 1657 gratia
2463 1594 2629 1665 abigis
2648 1596 2849 1666 justum
2878 1603 2901 1654 ?
2933 1621 3056 1659 num
3087 1582 3260 1679 aliqua
3290 1614 3338 1667 in
3368 1631 3424 1670 re
3454 1618 3547 1672 tibi

1950 1673 2167 1728 nocuit?
2209 1694 2333 1731 num
2361 1680 2604 1748 injuriam
2629 1687 2849 1743 intulit?
2880 1691 2983 1747 Sed
3021 1696 3086 1749 ita
3125 1673 3193 1754 se
3217 1702 3375 1757 habet
3409 1707 3543 1761 invi-

1946 1764 2065 1831 dia;
2094 1767 2224 1822 nihil
2248 1787 2368 1825 cum
2397 1776 2605 1832 ratione
2635 1793 2906 1850 operatur.
2934 1786 3062 1842 Cum
3090 1793 3231 1847 enim
3272 1801 3543 1866 oportuis-

1944 1866 2026 1909 set
2045 1872 2189 1927 cum,
2218 1877 2373 1929 quem
2399 1866 2611 1923 videbat
2642 1882 2782 1927 tanta
2815 1880 3052 1935 omnium
3086 1884 3178 1939 Dei
3209 1885 3562 1946 benevolem.

1944 1946 2016 2001 tia
2058 1948 2347 2020 fruentem,
2376 1960 2544 2027 magis
2578 1960 2759 2018 fovere
2798 1978 2853 2019 et
2877 1970 3089 2037 colere,
3124 1986 3180 2030 ut
3230 1977 3435 2037 honore
3487 1984 3543 2045 in

1943 2037 2090 2127 illum
2119 2042 2313 2100 collato
2333 2085 2349 2110 ,
2377 2048 2536 2102 etiam
2565 2051 2678 2121 ipse
2700 2054 2936 2113 divinum
2963 2061 3061 2117 sibi
3089 2063 3328 2122 favorem
3357 2037 3541 2127 conci:

1943 2126 2096 2183 liaret
2128 2148 2141 2183 :
2168 2131 2258 2188 ille
2301 2150 2407 2189 non
2438 2138 2614 2194 solum
2647 2142 2750 2197 hoc
2789 2160 2894 2199 non
2944 2148 3107 2218 facit,
3136 2155 3229 2209 sed
3273 2160 3541 2229 expellere

1943 2226 2110 2277 teutat
2139 2236 2201 2277 ac
2227 2222 2355 2279 dicit
2386 2245 2397 2278 :
2424 2227 2513 2283 l6.
2546 2230 2642 2284 Abi
2683 2250 2714 2285 α
2744 2236 2907 2303 nobis,
2935 2240 3054 2307 quia
3100 2247 3259 2299 multo
3288 2222 3540 2317 potentior

1938 2312 2113 2380 factus
2129 2329 2200 2378 es,
2232 2330 2383 2384 quam
2406 2333 2497 2372 nos
2519 2336 2711 2376 sumus.
2743 2322 2820 2379 ita
2847 2342 3006 2397 agere
3044 2333 3181 2388 solet
3207 2312 3535 2406 invidentia;

1941 2413 2049 2455 non
2085 2411 2263 2471 potest
2299 2405 2530 2487 benigne
2582 2412 2763 2469 videre
2804 2416 3027 2473 aliorum
3057 2420 3408 2497 felicitatem,

1938 2490 2246 2582 felicitatem
2273 2499 2497 2565 proximi
2527 2516 2678 2557 suam
2712 2516 2859 2573 putat
2886 2508 3273 2582 infelicitatem,
3302 2528 3356 2573 et

1937 2581 2040 2679 scit
2069 2581 2222 2639 bouis
2248 2588 2478 2655 proximi
2502 2608 2516 2643 :
2547 2590 2598 2645 id
2620 2594 2763 2663 quod
2792 2606 2841 2649 et
2873 2598 2960 2653 hic
2983 2601 3195 2657 accidit.
3230 2581 3341 2662 Rex
3364 2610 3530 2679 enim,

1935 2671 2037 2727 sub
2055 2674 2207 2744 cujus
2236 2685 2498 2746 potestate
2526 2690 2630 2737 tota
2654 2686 2841 2741 civitas
2869 2699 3004 2757 erat,
3035 2703 3087 2746 et
3114 2693 3317 2752 habens
3345 2671 3533 2758 omnes

1934 2763 2036 2818 sub
2059 2764 2225 2820 manu
2247 2782 2363 2834 sua,
2397 2774 2699 2842 peregrino,
2734 2793 2889 2847 vago,
2920 2780 3024 2837 huc
3052 2794 3106 2839 et
3135 2785 3262 2843 illuc
3284 2792 3532 2862 migranti

1932 2854 2063 2911 dicit
2090 2858 2226 2953 :Afi
2246 2878 2278 2912 a
2302 2862 2445 2918 nobis
2468 2904 2483 2927 ,
2501 2867 2630 2936 “quia
2672 2875 2924 2938 potentior
2948 2876 3116 2946 [actus
3147 2896 3221 2946 es,
3247 2854 3399 2953 quam
3438 2900 3533 2941 nos

1932 2961 2123 3042 sanius.
2155 2946 2220 3002 Et
2263 2967 2385 3006 vere
2412 2957 2681 3022 potentior
2701 2969 2813 3014 erat
2834 3004 2849 3027 ,
2887 2978 3178 3035 supernum
3220 2946 3528 3042 presidium

1934 3035 2138 3135 habens
2184 3039 2236 3094 in
2285 3040 2555 3121 omnibus,
2583 3046 2916 3122 dexteraque
2965 3057 3056 3111 Dei
3101 3035 3356 3117 munitus.
3410 3066 3530 3135 Quo

1930 3323 2035 3364 non
2062 3310 2247 3368 docuit
2291 3323 2342 3370 te
2381 3331 2562 3373 rerum
2592 3323 2920 3390 experientia
2943 3367 2957 3389 ,
2988 3326 3081 3383 Dei
3132 3345 3348 3387 manum
3380 3349 3521 3402 esse,

1926 3412 2047 3492 qua:
2070 3400 2335 3458 illustrem
2364 3404 2487 3461 facit
2515 3416 2569 3463 et
2597 3423 2879 3467 conservat
2897 3414 3107 3485 justum
3124 3419 3148 3474 ?
3164 3419 3342 3489 Quare
3364 3400 3521 3492 igitur

1924 3486 2443 3583 abigendojustum,
2475 3512 2601 3569 erga
2648 3499 2931 3559 Dominum
2978 3507 3099 3577 ejus
3154 3486 3207 3567 te
3249 3486 3519 3583 ingratum

1928 3577 2211 3638 declaras?
2232 3592 2288 3639 et
2310 3600 2485 3657 neque
2509 3603 2699 3661 magna
2721 3593 2822 3647 viri
2851 3600 3209 3656 mansuetudo
3236 3577 3379 3658 tuam
3416 3607 3519 3661 do-

1922 3685 2074 3728 mare
2100 3674 2275 3744 potuit
2314 3675 2592 3748 invidiam,
2622 3682 2717 3738 sed
2748 3684 2920 3741 victus
2954 3702 2987 3744 a
3027 3692 3237 3758 morbo,
3265 3694 3516 3753 invidiam

1922 3778 2087 3857 opere
2106 3767 2366 3838 comples,
2394 3778 2451 3825 et
2474 3770 2667 3828 iterum
2695 3776 2926 3846 migrare
2968 3795 3090 3836 cum
3120 3784 3299 3854 cogis,
3327 3788 3417 3857 qui
3459 3787 3513 3843 iu

1921 3856 2071 3912 nullo
2092 3865 2143 3914 te
2169 3857 2341 3914 laesit?
2368 3859 2558 3938 Nescis
2572 3865 2715 3933 quod
2748 3867 2873 3924 licet
2900 3869 2953 3925 in
2986 3868 3309 3941 ipsissimam
3332 3856 3519 3934 solitu-

1919 3945 2102 4003 dinem
2130 3963 2254 4004 eum
2292 3949 2511 4022 fugaris,
2540 3953 2705 4012 habet
2732 3966 2910 4016 tamen
2954 3962 3023 4016 ita
3051 3964 3307 4023 solertem
3338 3969 3517 4026 Domi-

1920 4054 2068 4107 num,
2091 4050 2150 4094 ut
2166 4055 2228 4096 se
2247 4040 2329 4097 vel
2351 4042 2458 4099 illic
2478 4056 2778 4103 versantem
2797 4051 2964 4106 multo
2984 4054 3263 4111 clariorem
3286 4057 3517 4118 reddere

1918 4131 2087 4201 possit
2100 4131 2125 4186 i
2136 4130 2279 4189 Nihil
2295 4136 2438 4191 enim
2455 4138 2724 4197 robustius
2740 4156 2805 4197 eo
2820 4145 2907 4213 qui
2926 4144 3117 4219 fruitur
3134 4162 3369 4219 superno
3381 4168 3512 4223 pran-

1916 4223 2053 4281 sidio
2075 4240 2090 4279 :
2113 4225 2253 4282 sicut
2266 4226 2669 4287 niltilinlirmius
2685 4236 2852 4305 coqui
2873 4236 2957 4292 tali
2973 4239 3170 4295 auxilio
3182 4241 3508 4301 destituitur.

1986 4314 2043 4370 2.
2084 4314 2236 4372 Nihil
2258 4317 2512 4377 robustius
2535 4338 2592 4377 eo
2618 4340 2769 4391 quem
2808 4324 2943 4381 Deus
2972 4328 3142 4398 juvat.
3171 4360 3245 4373 —-
3272 4330 3508 4401 Vidisti,

1915 4405 2136 4477 dilecte,
2164 4418 2221 4465 et
2239 4412 2381 4482 regis
2402 4412 2726 4470 Geraron
2742 4458 2759 4481 ,
2788 4426 2843 4472 et
2871 4420 3110 4476 omnium
3131 4424 3222 4493 qui
3249 4423 3321 4479 ibi
3356 4424 3511 4483 habi-

1916 4498 2102 4555 tabant
2119 4501 2316 4557 mentis
2342 4502 2638 4560 malitiam?
2666 4505 2795 4563 Vide
2822 4518 2876 4563 et
2898 4507 3025 4578 justi
3074 4526 3321 4584 magnam
3350 4530 3506 4571 man-

1911 4590 2271 4658 suetudinem,
2298 4594 2571 4664 quomodo
2600 4612 2705 4651 non
2742 4599 3055 4669 superbivit,
3106 4617 3279 4675 neque
3318 4604 3513 4665 videns

1910 4681 2087 4753 reipsa
2111 4681 2351 4737 divinam
2380 4684 2481 4739 sibi
2509 4689 2733 4755 gratiam
2763 4688 3054 4758 assistere,
3087 4702 3272 4750 contra
3298 4711 3505 4769 regem,

1911 4770 2079 4830 fretus
2100 4774 2504 4831 commilitantis
2529 4777 2749 4843 virtute,
2776 4778 3062 4837 insui-rexit
3086 4799 3100 4837 :
3125 4784 3220 4840 sed
3246 4787 3397 4856 quasi
3422 4788 3509 4846 vir

1911 4864 2055 4919 omni
2089 4865 2384 4935 patrocinio
2408 4880 2620 4932 carens,
2653 4878 2708 4923 et
2737 4869 2942 4925 nullum
2972 4873 3227 4929 auxilium
3257 4876 3505 4935 alicunde

1909 4964 2247 5033 exspectans,
2280 4956 2447 5012 multa
2472 4972 2594 5013 cum
2627 4961 3054 5027 mansuetudine,
3088 4979 3156 5020 ne
3180 4966 3356 5022 verbis
3379 4969 3502 5039 qui-

1908 5046 2031 5104 dem
2056 5050 2312 5105 resistens
2331 5088 2346 5114 ,
2401 5049 2626 5106 faciebat
2648 5052 2789 5122 quod
2816 5052 2918 5109 sibi
2942 5069 2973 5108 a
3001 5070 3125 5127 rege
3156 5059 3505 5131 ριιωοίρῑριη.

1911 5149 1997 5197 tur
2017 5182 2037 5209 ,
2064 5149 2120 5196 et
2146 5140 2324 5197 statim
2352 5143 2497 5199 illinc
2524 5143 2771 5200 discessit
2796 5162 2809 5200 :
2837 5157 2885 5201 et
2914 5148 3140 5205 ulterius
3160 5167 3500 5224 progressus,

1910 5232 2166 5303 repressit
2206 5234 2535 5305 aegritudinis
2588 5234 2857 5291 ﬂammam
2882 5277 2898 5299 .
2942 5238 3101 5293 simul
3150 5250 3207 5297 et
3246 5244 3498 5299 eximiam

1906 5338 2057 5381 suam
2088 5327 2544 5383 mansuetudinem
2572 5326 2875 5396 declamas,
2892 5340 2947 5387 et
2972 5330 3111 5386 illius
3133 5336 3502 5403 perturbatum

1907 5416 2142 5473 animum
2170 5419 2440 5489 mitigans.
2475 5419 2561 5474 l7.
2596 5418 2663 5474 Et
2714 5421 2837 5475 abiit
2890 5422 3026 5488 inde,
3071 5432 3118 5477 et
3161 5424 3404 5480 habitavit
3435 5427 3501 5482 ia

1903 5511 2035 5565 calle
2060 5494 2390 5565 Cerarorum.
2437 5510 2504 5566 Et
2531 5511 2582 5567 id
2609 5511 2751 5583 quod
2797 5512 3069 5583 discipulis
3094 5517 3206 5570 suis
3243 5515 3496 5574 omnibus

1904 5602 2148 5659 Christus
2185 5602 2477 5659 adveniens
2510 5604 2772 5674 praecipit,
2803 5603 3025 5661 dicens:
3058 5605 3276 5673 Quando
3322 5624 3491 5677 peru-

1902 5706 2117 5765 queatur
2152 5711 2260 5763 vos,
2304 5696 2461 5767 fugite
2506 5696 2561 5750 in
2588 5696 2747 5750 alium
2783 5697 2949 5753 locant
2991 5696 3204 5771 (.llattlt.
3233 5700 3316 5757 l0.
3347 5701 3439 5772 '23)
3472 5715 3488 5754 :

1963 5793 1978 5827 '
2015 5800 2221 5854 Qtuttuor
2242 5800 2375 5857 use,
2396 5794 2788 5861 irwrepationcm.
