4144 6496
658 516 759 573 boc
782 516 870 572 ille
892 516 999 586 jam
1023 512 1268 583 operibus
1290 509 1587 566 exhibebat.
1615 506 1679 563 Et
1703 506 1843 561 sicut
1870 503 2032 560 David
2064 502 2196 559 Sati-

662 608 727 662 lis
748 619 987 676 magnam
1010 600 1256 657 invidiam
1285 598 1634 669 reprimebat,
1661 594 1915 652 secedens
1933 604 1988 650 et
2010 592 2207 648 subdu-

654 710 783 750 eens
800 708 877 756 se.
905 702 959 747 et
990 691 1127 745 illius
1155 688 1499 759 refrigerabat
1531 685 1773 741 ardorem
1801 684 1875 755 (l.
1896 681 2033 770 ⁹Περ.
2068 681 2168 749 l9)
2192 696 2205 732 :

651 786 839 840 eodem
865 797 992 837 sane
1013 781 1170 835 modo
1188 788 1242 835 et
1261 780 1431 848 justus
1455 777 1541 833 ille
1566 776 1910 846 apostolicum
1954 772 2078 828 illud
2111 773 2210 824 im-

651 876 862 946 plebat:
891 871 1023 927 Date
1046 873 1208 927 locum
1228 871 1315 925 ira:
1344 868 1514 941 (Rom.
1536 867 1622 923 l2.
1643 867 1734 935 l9)
1761 883 1776 919 :
1805 873 1857 922 et
1884 864 2060 920 relicta
2081 861 2207 916 civi-

650 975 774 1031 tate,
804 965 931 1021 exiit
954 965 1004 1019 in
1028 962 1237 1017 vallem.
1261 962 1521 1017 Caeterum
1557 959 1674 1015 vide
1696 966 1940 1028 quantam
1970 955 2073 1010 illic
2103 954 2203 1008 ite-

648 1070 766 1111 rum
819 1052 1267 1109 mansuetudinem
1305 1064 1414 1120 pm
1454 1064 1515 1105 se
1550 1049 1685 1103 tulit.
1731 1047 1909 1115 Neque
1949 1046 2087 1100 enim
2120 1044 2205 1099 bic

649 1144 769 1200 ﬁnis
792 1143 891 1205 fuit
912 1141 1267 1197 molestiarum
1297 1156 1311 1195 :
1342 1154 1464 1194 nam
1488 1154 1605 1195 cum
1635 1137 1790 1192 etiam
1818 1135 1922 1190 illic
1946 1144 2120 1197 esset,
2150 1142 2204 1189 et

616 1288 623 1305 ,
648 1236 819 1290 fontes
832 1233 1063 1290 effudere
1079 1232 1256 1298 vellet,
1277 1232 1416 1286 rixas
1434 1236 1726 1285 moverunt.
1754 1227 1837 1283 l8.
1863 1225 2017 1281 Fodit
2036 1225 2199 1289 cnim,

646 1324 835 1394 inquit,
855 1333 1066 1395 puteos,
1093 1339 1215 1391 quos
1257 1331 1371 1374 ante
1411 1318 1552 1390 pueri
1592 1319 1749 1389 patris
1793 1318 1902 1389 ejus
1942 1318 2195 1387 feceram,

639 1423 690 1469 et
716 1413 1062 1470 obtureuerunt
1087 1410 1393 1481 Phylistiim,
1423 1409 1723 1479 etimposuit
1747 1409 1818 1463 eis
1843 1407 2064 1471 nomina,
2089 1420 2201 1475 qua

642 1514 785 1574 pater
808 1520 927 1558 suus
952 1505 1274 1570 imposuerat.
1312 1499 1395 1555 l9.
1428 1498 1491 1553 Et
1517 1499 1771 1569 foderunt,
1802 1498 1970 1567 inquit
1996 1538 2010 1561 ,
2058 1496 2199 1565 pueri

641 1593 811 1660 Isaac,
840 1604 888 1648 et
919 1594 1203 1646 inuenerunt
1238 1600 1439 1660 puteum
1480 1603 1624 1655 aqua
1663 1588 1867 1642 uiuentis
1904 1602 1924 1641 :
1955 1586 2055 1642 hoc
2079 1594 2194 1648 est,

638 1682 826 1738 subtus
849 1680 1197 1737 scaturientis.
1226 1679 1316 1732 20.
1347 1676 1413 1732 Et
1437 1678 1751 1749 litigauerunt
1779 1685 2003 1748 pastores
2039 1673 2196 1730 Gera-

637 1786 827 1832 rerum,
861 1768 1075 1822 dicentes
1099 1783 1216 1822 suas
1241 1783 1347 1820 esse
1369 1782 1545 1836 aquas.

707 1856 1038 1912 Mansuetudo
1056 1872 1172 1910 uera
1188 1871 1318 1925 quer.
1334 1853 1586 1910 Patientia
1604 1853 1970 1909 hauet—Hic
1987 1866 2193 1925 quoque

636 1948 768 2004 nihil
805 1945 1078 2002 contendit
1118 1946 1325 2014 justus,
1354 1960 1523 2015 neque
1546 1945 1863 2009 obluctatur,
1890 1944 1983 1999 sed
2033 1945 2191 1998 etiam

637 2037 934 2107 pastoribus
961 2036 1119 2091 cedit.
1140 2036 1262 2090 llaec
1288 2036 1430 2091 enim
1459 2050 1583 2090 vere
1600 2034 1946 2090 mansuetudo
1966 2044 2068 2097 est,
2088 2049 2191 2088 non

635 2126 848 2196 quando
874 2125 995 2196 quis
1016 2124 1249 2181 oll'ensus
1276 2141 1304 2180 a
1335 2127 1715 2197 potentioribus
1744 2136 2016 2180 mansuete
2045 2124 2145 2180 t‘ert
2172 2142 2187 2180 :

629 2216 721 2271 sed
752 2215 958 2286 quando
980 2214 1098 2284 quis
1140 2214 1208 2268 ab
1236 2214 1298 2269 iis
1341 2200 1499 2270 etiam
1529 2215 1616 2287 qui
1646 2214 1919 2270 inferiores
1943 2221 2190 2284 putantur

628 2306 861 2361 oll‘cnsus
889 2305 1028 2361 cedit
1055 2322 1068 2359 :
1093 2314 1216 2361 tunc
1245 2306 1385 2361 enim
1410 2305 1527 2376 ejus
1553 2306 1642 2375 qui
1660 2304 1922 2360 invaditur
1940 2319 2188 2359 mansue-

629 2395 795 2450 tudini
818 2404 981 2449 t0tum
1007 2395 1320 2450 adscribitur
1346 2413 1358 2447 :
1391 2411 1513 2450 nam
1542 2394 1671 2449 alias
1692 2395 1891 2449 diceret
1910 2396 2044 2463 quis,
2068 2409 2186 2449 eum

628 2486 1078 2540 mansuetudinem
1105 2486 1381 2539 simulasse
1406 2526 1421 2551 ,
1451 2485 1570 2554 quia
1608 2500 1711 2539 non
1744 2492 1921 2554 posset
1945 2485 2189 2553 potentia:

625 2574 938 2631 od‘endentis
964 2575 1228 2629 resistere.
1261 2574 1364 2630 Sed
1395 2583 1450 2629 ut
1477 2575 1652 2629 discas
1676 2589 1794 2627 eum
1813 2574 1920 2642 regi
1941 2573 2186 2640 cessisse,

626 2680 731 2719 non
754 2672 967 2734 propter
983 2665 1267 2732 potentiam
1289 2664 1402 2733 ejus
1427 2706 1440 2729 ,
1472 2664 1565 2720 sed
1597 2680 1691 2718 suo
1714 2678 1862 2719 more
1894 2675 2136 2734 agentem
2172 2681 2185 2717 :

626 2752 750 2808 vide
778 2752 1043 2821 quomodo
1066 2753 1203 2806 idem
1231 2754 1365 2821 apud
1387 2764 1619 2822 pastores
1648 2752 1819 2807 faciat.
1848 2753 1911 2807 Et
1938 2754 2073 2808 sicut
2102 2753 2189 2807 ille

629 2847 860 2912 dicebat,
894 2845 1086 2900 Recede
1134 2863 1165 2899 a
1207 2834 1347 2901 nobis
1378 2863 1396 2900 :
1426 2856 1479 2901 et
1533 2847 1730 2913 statim,
1774 2847 1925 2916 quasi
1970 2855 2188 2914 accepto

625 2939 909 3002 mandato,
947 2930 1235 2994 abscessit:
1260 2940 1329 2993 ita
1368 2947 1421 2993 et
1446 2953 1613 3004 nunc,
1641 2940 1937 3009 pastoribus
1993 2938 2186 2994 laedere

625 3028 986 3098 cupientibus,
1016 3036 1069 3082 et
1121 3036 1335 3097 puteum
1373 3028 1472 3083 sibi
1520 3028 1933 3095 vindicantibus,
1964 3028 2181 3084 recedit.

630 3119 803 3186 Atque
847 3127 903 3171 ut
946 3127 1202 3188 perpetuo
1226 3118 1359 3172 hanc
1388 3118 1697 3187 injustitiam
1726 3122 1920 3174 scfrcnt
1966 3120 2182 3186 posteri,

624 3220 814 3261 nomen
840 3206 1059 3275 imponit
1080 3217 1237 3275 puteo
1261 3223 1326 3261 ex
1355 3221 1419 3261 co
1440 3207 1579 3274 quod
1606 3208 1879 3261 acciderat.
1904 3208 2185 3262 Enimvero

630 3296 751 3365 quia
781 3295 1109 3349 manifestam
1138 3296 1457 3349 admiserant
1486 3295 1811 3365 injustitiam,
1845 3294 2048 3349 Vocauit
2091 3313 2183 3348 no-
2230 3344 2233 3349 ,

622 3399 734 3437 men
764 3384 898 3453 putei
921 3424 935 3448 ,
970 3382 1091 3435 Loci
1137 3385 1400 3453 injustitia.
1440 3384 1505 3437 Et
1547 3395 1660 3438 erat
1688 3395 1902 3453 postea,
1930 3386 2077 3455 quasi
2130 3386 2183 3439 in

627 3472 870 3526 columna
891 3486 1049 3533 terea,
1080 3472 1304 3540 posteris
1335 3472 1652 3528 nomenloci
1682 3473 1919 3528 doctrina
1956 3483 2008 3528 et
2037 3488 2181 3527 man-

623 3560 918 3615 suetudinis
940 3552 1097 3629 justi,
1131 3570 1185 3615 et
1212 3562 1501 3630 iniquitatis
1528 3562 1757 3617 illorum.
1806 3563 2009 3617 Nomen
2036 3565 2179 3619 enim

621 3650 720 3705 luci
754 3649 991 3715 faciebat,
1038 3660 1092 3705 ttt
1116 3651 1352 3721 quisquis
1380 3660 1588 3721 rogaret
1613 3667 1895 3722 quarenam
1923 3654 1999 3707 sic
2022 3652 2219 3708 voca-t

619 3750 786 3806 retur,
816 3741 1042 3795 disceret
1070 3750 1123 3794 ct
1165 3732 1320 3810 hujus
1360 3742 1607 3796 virtutem
1632 3783 1648 3809 ,
1675 3752 1727 3796 et
1758 3743 2021 3813 ingentem
2059 3744 2178 3797 illo-

544 3854 551 3861 -
621 3843 735 3881 rum
776 3829 1049 3882 malitiam.
1092 3828 1702 3898 Animadverte,quazso,
1724 3831 1990 3899 quomodo
2019 3833 2176 3886 etiam

624 3918 710 3973 hic
737 3935 884 3972 suam
906 3928 1090 3988 augeat
1116 3916 1380 3983 virtutum,
1411 3935 1504 3989 per
1528 3922 1701 3974 omnia
1727 3923 2178 3977 mansuetudinem

617 4022 767 4061 suam
803 4007 1058 4062 exhibens
1082 4051 1096 4073 ,
1127 4018 1179 4063 et
1210 4008 1283 4061 illi
1315 4008 1508 4078 ingenti
1547 4012 1797 4080 nequitia,
1828 4012 1985 4067 etiam
2033 4013 2179 4066 inviti

613 4099 811 4168 justum
843 4098 1183 4153 illustriorem
1229 4096 1452 4153 reddere
1498 4107 1755 4169 satagunt.
1806 4099 1986 4170 Neque
2037 4101 2178 4156 enim

616 4189 848 4244 contenti
875 4188 937 4241 iis
956 4202 1074 4257 qua:
1109 4187 1361 4253 iecerant,
1387 4197 1658 4256 postquam
1687 4190 1843 4242 alium
1883 4188 2181 4245 ell'udernnt

616 4286 851 4347 puteum,
892 4277 1083 4350 iterum
1122 4278 1337 4342 instant,
1370 4278 1641 4347 rixamque
1664 4286 1894 4333 movent.
1926 4279 2015 4334 21.
2041 4279 2177 4333 Pro-

616 4369 773 4437 fectus
799 4367 959 4430 enim,
988 4367 1174 4433 inquit,
1202 4368 1360 4431 illinc,
1394 4367 1521 4437 fodit
1551 4377 1752 4435 puteum
1780 4368 1937 4421 alium
1962 4385 1981 4423 :
2006 4370 2176 4438 litiga-

619 4462 736 4513 bunt
757 4469 921 4512 autent
951 4460 1096 4511 etiam
1120 4458 1181 4511 de
1206 4458 1317 4524 illo,
1343 4468 1388 4511 et
1414 4459 1831 4525 nominauiteum,
1853 4458 2174 4514 Inimicitias.

616 4548 714 4605 llic
741 4550 930 4603 iterum
952 4550 1311 4604 animadverte
1334 4549 1458 4619 justi
1480 4550 1833 4619 prudentiam.
1865 4551 1978 4606 Non
2008 4554 2178 4607 omni-

616 4655 687 4695 no
737 4648 970 4708 puteum,
996 4647 1052 4692 ut
1099 4639 1321 4702 videtur,
1365 4639 1713 4707 abstulerunt,
1747 4641 1839 4695 sed
1888 4643 2177 4698 contende-

616 4732 742 4786 bant
791 4747 804 4783 :
850 4740 903 4784 et
956 4730 1066 4783 visa
1119 4727 1395 4783 manifesta
1450 4730 1743 4799 injustitia,
1797 4731 2174 4788 discesserunt.

615 4822 895 4891 Propterea
928 4821 1228 4876 Inimicitias
1254 4836 1373 4875 eum
1395 4824 1693 4893 appellavit,
1721 4823 1859 4892 quod
1883 4824 2177 4879 inimicitia-

610 4929 726 4968 rum
757 4913 939 4968 l'uissct
968 4915 1194 4969 occasio.
1226 4913 1489 4969 Ctrterum
1519 4916 1753 4985 quotidie
1790 4918 2170 4986 propemodmn

614 5004 733 5056 talia
764 5002 937 5057 ferens
964 5003 1029 5056 ab
1059 5002 1123 5056 iis
1146 5003 1236 5073 qui
1265 5004 1531 5073 regionem
1563 5006 1893 5068 incidebant,
1925 5023 2031 5061 non
2055 5023 2176 5076 gra-

613 5095 771 5147 vatim
797 5095 932 5160 tulit,
964 5110 1065 5147 non
1098 5096 1302 5164 abjecto
1332 5096 1424 5149 fuit
1454 5097 1653 5163 animo,
1684 5112 1788 5152 non
1811 5100 2061 5168 cogitavit
2088 5116 2175 5155 se-

611 5199 753 5249 cum,
776 5199 945 5251 neque
971 5184 1101 5237 dixit
1128 5202 1140 5237 :
1171 5185 1303 5238 Ecce
1330 5200 1397 5239 ne
1444 5198 1718 5256 puteorum
1748 5188 1956 5257 quidem
1996 5198 2051 5244 ιιι
2077 5192 2173 5245 sim

611 5274 875 5337 dominus,
907 5274 1030 5327 mihi
1058 5275 1212 5328 datur
1253 5293 1266 5328 :
1307 5291 1374 5328 an
1398 5290 1503 5331 non
1529 5292 1757 5345 superno
1782 5280 1984 5332 auxilio
2010 5280 2173 5335 desti-

614 5375 755 5418 tutus
776 5380 889 5418 sum
910 5365 933 5417 ?
953 5381 1018 5418 an
1050 5382 1151 5418 nun
1193 5366 1444 5420 Dominus
1473 5367 1675 5437 abjecta
1702 5385 1826 5423 cura
1850 5372 1950 5425 mei
1982 5372 2177 5427 oblitus

612 5456 735 5509 est?
773 5454 911 5508 Nihil
957 5456 1217 5525 ejusmodi
1261 5457 1346 5510 vel
1399 5456 1541 5511 dixit“
1580 5459 1663 5515 vel
1716 5462 1962 5529 cogitavit
2019 5482 2032 5518 :
2083 5467 2174 5519 sed

613 5545 787 5598 omnia
816 5560 1002 5615 magna
1028 5560 1147 5599 cum
1184 5546 1586 5602 mansuetudine
1607 5549 1878 5616 toleravit,
1904 5562 1956 5606 et
1980 5553 2175 5608 idcirco

617 5637 805 5706 dignus
828 5636 921 5691 fuit
950 5636 1179 5704 habitus,
1211 5637 1299 5708 qui
1325 5638 1567 5707 ampliori
1596 5638 1773 5694 divino
1802 5642 1995 5696 auxilio
2024 5644 2175 5713 adju-

615 5735 842 5779 varetnr.
889 5727 1015 5781 Nam
1047 5729 1161 5786 hcce
1184 5743 1301 5801 qua:
1330 5739 1637 5797 evenentnt,
1661 5732 1987 5802 exercitatio,
2016 5744 2071 5789 ut
2101 5736 2167 5790 ita

1353 402 1410 459 8.
1448 398 1721 458 JOANNlS
1744 393 2213 453 CllRYSOSTOMl
2242 392 2558 451 ARClllEl’.
2587 391 3111 449 CONSTANTINOP.

3775 394 3878 450 ισο

2315 500 2507 566 dicam,
2532 502 2738 559 virtutis
2772 502 2901 573 justi
2938 504 3102 559 fuere.
3143 503 3276 559 Dicit
3298 505 3436 559 enim
3462 523 3473 556 :
3498 505 3586 559 ἥ.
3617 501 3905 576 parum

2313 589 2472 656 illinc,
2500 593 2627 662 fodit
2652 601 2854 662 puteum
2889 593 3066 657 alium,
3115 602 3161 647 et
3199 609 3299 646 non
3336 590 3691 648 contenderunt
3729 606 3882 666 super

2313 681 2400 734 illo
2427 697 2447 735 :
2475 690 2520 735 et
2541 683 2875 753 agnominavit
2901 699 3078 738 nomen
3098 686 3205 755 ejus
3227 723 3243 747 .
3272 682 3631 748 Latitudinem,
3663 683 3833 740 dicens
3857 697 3882 742 .'

2315 768 2446 833 Quia
2470 786 2602 823 nunc
2622 770 2848 825 dilatauit
2869 788 2961 827 nos
2988 770 3236 826 Dominus
3256 812 3270 839 ,
3301 782 3348 826 et
3372 788 3590 827 crescere
3629 790 3721 829 nos
3763 774 3881 843 fecit

2310 875 2462 928 super
2492 871 2699 915 terram.

2380 948 2433 1001 3.
2475 945 2873 1003 Gratusanlmus
2900 948 3092 1004 Isaaci.
3129 949 3269 1006 Deus
3295 952 3523 1022 czigit‘ut
3543 953 3879 1027 grutiasaga.

2309 1052 2419 1089 mus
2456 1067 2528 1077 —
2552 1036 2682 1093 Vide
2695 1046 2899 1109 gratum
2926 1040 3157 1095 animum
3181 1041 3330 1113 justi.
3351 1042 3479 1097 Nam
3516 1060 3636 1098 cum
3672 1045 3880 1113 priores

2308 1124 2478 1180 fontes
2497 1125 2725 1196 diripere
2737 1136 3124 1192 teutarent.uon
3141 1132 3426 1201 :cgretulit,
3447 1147 3549 1187 non
3570 1133 3873 1189 obluctatus

2306 1224 2386 1267 est
2407 1232 2420 1268 :
2442 1214 2599 1270 sedin
2615 1216 2725 1271 sola
2744 1226 3017 1286 puteomm
3039 1221 3394 1291 appellatione
3414 1224 3628 1278 malitia:
3655 1224 3873 1280 illorum

2306 1304 2637 1362 indelebilem
2650 1309 2857 1379 reliquit
2873 1312 3198 1366 memoriam.
3220 1311 3317 1367 Hic
3330 1325 3456 1369 vero
3469 1315 3588 1383 quia
3607 1315 3744 1369 nulla
3764 1315 3879 1371 itte-

2304 1404 2424 1450 runt
2449 1396 2740 1463 obstacula,
2760 1398 2853 1453 sed
2875 1413 2999 1455 cum
3025 1403 3169 1457 omni
3196 1403 3440 1459 libertate
3466 1404 3734 1460 laboribus
3762 1408 3877 1461 suis

2304 1483 2337 1537 [ι
2351 1485 2402 1539 ui
2419 1484 2584 1547 licuit,
2607 1495 2771 1541 totum
2800 1486 2981 1542 tribuit
3010 1490 3137 1546 Deo.
3163 1489 3369 1546 Vocavit
3384 1492 3548 1559 enim,
3568 1493 3757 1563 inquit,
3780 1512 3877 1563 pus

2302 1581 2432 1625 lenm
2451 1574 2615 1641 illum,
2637 1574 2967 1631 La'itudinem
2992 1594 3012 1633 .'
3038 1588 3093 1634 et
3109 1579 3299 1635 deinde
3320 1580 3693 1650 interpretatus
3713 1597 3875 1637 voca“-

2301 1662 2512 1726 bnlum.
2544 1664 2709 1719 chit:
2742 1667 2963 1736 Propter
3017 1669 3115 1723 hoc
3146 1668 3499 1727 Latitudinem
3546 1686 3704 1738 voco,
3739 1674 3875 1741 Quia

2299 1750 2523 1806 dilatauit
2564 1752 2808 1809 Dominus
2849 1765 2897 1811 et
2925 1759 3066 1813 auxit
3094 1775 3185 1814 nos
3226 1778 3378 1829 super
3422 1772 3625 1817 terram.
3682 1764 3798 1818 Vidi
3832 1766 3871 1821 tl

2299 1841 2439 1911 piam
2471 1852 2722 1911 mentem,
2749 1845 3014 1915 quomodo
3059 1862 3165 1903 non
3206 1848 3342 1904 facta
3384 1852 3654 1908 mentione
3696 1863 3875 1909 tantae

2299 1948 2415 1990 rum
2440 1934 2801 1991 difﬁcultatum
2837 1954 2957 2009 qua:
3002 1940 3333 2005 obstiterant,
3363 1943 3623 1999 bonorum
3666 1954 3871 2001 tantum

2297 2024 2554 2088 meminit,
2588 2033 2642 2081 et
2670 2041 2765 2094 pro
2796 2027 2900 2082 illis
2942 2029 3142 2097 gratias
3170 2030 3277 2085 Deo
3301 2033 3443 2102 agit,
3472 2043 3526 2088 et
3540 2033 3666 2089 dicit
3690 2052 3704 2087 :
3739 2035 3872 2103 Quia

2295 2111 2521 2166 dilatauit
2546 2113 2788 2168 Dominus
2808 2132 2918 2178 nos,
2949 2127 2996 2169 et
3022 2118 3165 2170 auxit
3186 2135 3276 2173 nos
3303 2137 3455 2189 super
3473 2124 3699 2176 terram?
3727 2123 3867 2178 Nihil

2298 2203 2439 2257 enim
2479 2212 2584 2257 tam
2628 2216 2899 2274 acceptum
2930 2206 3057 2273 Deo,
3082 2215 3137 2259 ut
3160 2208 3333 2262 anima
3384 2217 3530 2280 grata
3574 2219 3630 2265 et
3674 2214 3872 2282 gratias

2298 2306 2480 2360 agens.
2527 2293 2658 2347 Nam
2729 2310 2847 2348 cum
2925 2295 3216 2351 innumeris
3287 2298 3564 2355 beneﬁciis
3632 2302 3872 2370 quotidie

2292 2397 2476 2438 omnes
2507 2399 2603 2438 nos
2628 2393 3005 2455 prosequatur,
3046 2388 3161 2442 sive
3203 2388 3431 2443 velimus
3455 2389 3572 2445 sive
3597 2392 3830 2447 nolimus
3852 2434 3868 2459 ,

2294 2473 2408 2527 sive
2432 2488 2492 2527 ea
2522 2473 2751 2529 sciamus
2777 2476 2889 2530 sive
2931 2476 3255 2545 ignoremus,
3283 2478 3413 2532 nihil
3449 2488 3623 2535 tamen
3647 2481 3794 2536 aliud
3838 2498 3868 2538 a

2293 2563 2444 2618 nobis
2465 2564 2648 2635 exigit,
2687 2579 2844 2634 quam
2873 2574 2929 2619 ut
2964 2565 3250 2623 habeamus
3273 2568 3492 2637 gratiam
3520 2584 3618 2638 pro
3653 2571 3717 2624 iis
3753 2587 3872 2641 qua:

2291 2653 2446 2707 nobis
2471 2668 2724 2708 concessa
2755 2663 2897 2723 sunt,
2924 2666 2981 2710 ut
3004 2672 3099 2725 pro
3128 2656 3215 2711 illa
3242 2657 3355 2727 ipsa
3384 2660 3674 2728 gratiarum
3702 2644 3871 2717 aetio-

2295 2759 2361 2798 ne
2390 2744 2456 2798 ad
2484 2746 2737 2815 ampliora
2760 2746 2933 2801 danda
2967 2760 3301 2817 provocetur.
3331 2749 3441 2805 Hoc
3468 2760 3521 2804 ut
3554 2752 3727 2820 scias,
3755 2753 3871 2809 vide

2294 2834 2562 2902 quomodo
2583 2837 2758 2903 justus
2788 2835 2877 2891 ille
2904 2837 3038 2906 grati
3064 2837 3346 2892 admodum
3379 2839 3542 2895 animi
3566 2855 3724 2897 causa
3771 2844 3866 2898 de»

2291 2937 2397 2977 nuo
2421 2936 2709 2993 supernum
2740 2927 2994 2980 meruerit
3025 2928 3215 2981 visum.
3249 2928 3377 2984 Nam
3400 2933 3648 3000 quoniam
3679 2934 3865 2988 cendi-

2290 3027 2448 3084 gnttm
2477 3028 2588 3067 sua:
2613 3014 2818 3068 virtutis
2846 3016 3112 3083 specimen
3144 3017 3477 3084 exhibuerat,
3501 3027 3556 3073 et
3580 3021 3720 3089 apud
3761 3021 3868 3077 Ge-

2240 3138 2245 3143 -
2288 3120 2530 3171 rarenos,
2556 3115 2609 3160 et
2634 3121 2751 3160 cum
2781 3121 2870 3160 res
2893 3121 3014 3161 eum
3040 3122 3104 3160 es
3116 3108 3353 3176 pelleret,
3376 3119 3430 3164 et
3454 3124 3586 3171 cum,
3620 3120 3867 3179 pastores

2289 3207 2477 3265 puteus
2498 3196 2766 3252 auferrent
2793 3214 2807 3250 :
2839 3198 3094 3267 benignus
3128 3199 3381 3254 Dominus
3401 3200 3564 3256 veluti
3580 3204 3870 3257 continua-

2290 3293 2438 3339 turus
2464 3286 2578 3354 ejus
2606 3286 2930 3342 alacritatem
2953 3328 2968 3354 ,
2998 3288 3104 3357 jam
3136 3289 3205 3343 ob
3244 3290 3503 3360 insignem
3532 3291 3674 3345 illam
3707 3308 3860 3347 Inan-

2287 3375 2619 3430 s'tetudiuem
2667 3392 2784 3429 eum
2829 3387 3099 3446 acceptum
3142 3377 3387 3433 habens:
3432 3366 3711 3449 postquam
3766 3381 3863 3437 εδ.

2291 3465 2522 3517 Ascendit
2567 3466 2708 3518 illinc
2750 3466 2816 3518 ad
2867 3478 3070 3537 puteum
3104 3469 3381 3537 juramenti
3404 3511 3416 3529 .
3447 3469 3538 3524 24.
3568 3472 3702 3525 uisus
3724 3482 3793 3525 est
3816 3475 3869 3527 ei

2288 3554 2531 3608 Dominus
2556 3556 2607 3609 in
2632 3566 2774 3609 nocte
2797 3556 2905 3621 illa,
2931 3567 2976 3610 et
2992 3559 3118 3611 dixit
3142 3575 3160 3613 :
3188 3558 3297 3629 Ego
3313 3576 3424 3612 sum
3447 3559 3583 3614 Dens
3609 3560 3868 3615 Abt-altam

2286 3648 2443 3718 patris
2469 3648 2560 3713 tui,
2592 3664 2654 3701 ne
2676 3648 2849 3701 timeas
2881 3665 2900 3702 :
2925 3659 3083 3702 tecum
3105 3652 3234 3703 enim
3255 3667 3386 3713 sum,
3410 3662 3455 3704 et
3475 3651 3762 3704 bcnedicam
3787 3661 3867 3718 te,

2285 3749 2329 3791 et
2360 3737 2697 3807 multiplicabo
2721 3754 2887 3792 semen
2940 3748 3079 3792 tuum
3135 3750 3335 3809 prapter
3363 3740 3615 3793 Abraham
3667 3752 3863 3811 patrem

2285 3838 2443 3881 tuum.
2489 3826 2634 3883 Visus
2686 3837 2755 3883 est
2797 3830 2862 3891 ei,
2901 3829 3088 3898 inquit,
3120 3829 3170 3882 in
3212 3840 3354 3884 nocte
3401 3829 3511 3883 illa.
3567 3830 3863 3886 Considera

2288 3917 2378 3971 Dei
2404 3917 2844 3972 sollicitudinem:
2878 3928 2935 3972 ut
2964 3919 3111 3972 illum
3141 3918 3402 3974 refoeillet
3432 3935 3494 3975 ac
3526 3921 3862 3975 lidentioretn

2287 4006 2490 4069 reddat,
2520 4017 2739 4077 apparet
2764 4008 2831 4071 ei,
2862 4019 2913 4063 et
2938 4008 3098 4063 dicit:
3134 4008 3243 4079 Ego
3285 4027 3395 4063 sum
3437 4008 3573 4063 Deus
3597 4010 3861 4064 Abraham

2284 4097 2443 4167 patris
2471 4097 2567 4159 tui,
2601 4107 2801 4166 patrem
2831 4107 2973 4150 tuum
3015 4098 3299 4167 glorilieavi
3329 4109 3379 4152 et
3418 4098 3553 4151 adeo
3594 4098 3866 4155 celebrem

2287 4187 2524 4251 reddidi,
2581 4202 2645 4240 ac
2698 4190 3027 4257 peregrinum
3085 4188 3447 4258 advenamqne
3519 4189 3865 4244 illustriorem

2282 4278 2526 4331 omnibus
2552 4278 2738 4332 incolis
2762 4276 2883 4331 feci.
2924 4279 3031 4348 Ego
3049 4293 3165 4332 sum
3198 4278 3287 4333 ille
3313 4321 3325 4343 ,
3354 4280 3441 4348 qui
3471 4277 3619 4333 hunc
3639 4280 3711 4334 ita
3738 4294 3865 4334 cre-

2282 4386 2431 4426 scere
2452 4372 2797 4434 curavi,etin
2836 4373 3080 4426 omnibus
3134 4384 3316 4425 curam
3367 4372 3484 4437 ejus
3544 4371 3707 4442 gessi.
3750 4372 3866 4442 Ego

2284 4477 2438 4516 sum:
2470 4463 2548 4515 Ne
2578 4463 2731 4532 igitur
2753 4465 2944 4517 timeas.
2976 4463 3109 4528 Quid
3130 4464 3227 4517 sibi
3251 4463 3522 4529 vultillud,
3548 4463 3630 4518 Ne
3649 4464 3871 4521 timeas!

2284 4552 2358 4607 Ne
2382 4554 2471 4606 tibi
2514 4555 2703 4607 mirum
2732 4555 2973 4608 videatur
2993 4554 3129 4623 quod
3180 4556 3247 4609 ab
3298 4556 3609 4611 Abimeleclt
3652 4558 3729 4611 sis
3768 4572 3871 4612 ει·-

2284 4643 2483 4713 pulsus,
2514 4643 2651 4713 quod
2679 4659 2708 4697 a
2740 4644 3036 4711 pastoribus
3066 4644 3139 4698 sis
3193 4643 3385 4714 injuria
3428 4644 3671 4701 allectus.
3698 4645 3863 4703 Multa

2284 4736 2404 4789 talia
2435 4745 2486 4789 et
2512 4743 2660 4804 pater
2685 4743 2804 4791 tuus
2830 4734 3066 4804 pertulit,
3090 4745 3146 4792 et
3182 4736 3303 4793 inde
3328 4736 3608 4806 gloriosior
3642 4736 3865 4793 allectus

2282 4836 2380 4877 est.
2439 4824 2516 4879 Ne
2569 4825 2852 4892 igtturboc
2890 4836 2941 4881 te
2979 4834 3213 4881 terreat:
3249 4825 3356 4897 Ego
3381 4827 3514 4880 enim
3537 4840 3696 4881 tecum
3726 4845 3860 4882 suos.

2284 4916 2479 4971 ldcircu
2503 4917 2615 4970 tunc
2647 4917 2755 4969 fieri
2784 4917 3049 4984 permitto,
3082 4917 3237 4971 simul
3278 4918 3461 4972 volens
3489 4927 3544 4973 et
3575 4918 3861 4973 declarare

2283 5017 2423 5062 tuam
2451 5010 2697 5060 virtutem
2722 5045 2737 5071 ,
2767 5015 2819 5059 et
2845 5007 3170 5061 martil’cstari
3217 4994 3651 5063 mentis-illorum
3683 5010 3829 5079 pravi
3849 5040 3862 5049 -

2283 5107 2461 5161 tatem,
2488 5106 2541 5149 ut
2565 5095 2753 5149 horum
2781 5096 3019 5149 omnium
3056 5110 3214 5150 causa
3260 5105 3311 5151 te
3349 5111 3635 5162 coronem;
3668 5097 3861 5151 Tecum

2281 5189 2409 5241 enim
2438 5203 2568 5240 sum.
2604 5186 2725 5242 ldco
2773 5196 2826 5245 et
2876 5187 3099 5241 invictus
3128 5188 3253 5250 eris,
3280 5196 3437 5256 atque
3487 5186 3863 5243 infestanttbus

2284 5279 2565 5349 potentior,
2600 5287 2652 5331 et
2683 5278 3052 5331 invadentibus
3083 5275 3288 5333 fortior.
3319 5278 3385 5332 Et
3428 5287 3627 5332 tantam
3655 5278 3731 5334 tui
3761 5293 3863 5334 cu-

2283 5386 2393 5425 ram
2449 5369 2671 5434 habebo,
2707 5380 2763 5423 ut
2809 5369 3097 5424 invidiosus
3141 5368 3243 5423 illis
3288 5371 3360 5424 sis
3414 5369 3624 5424 futurus
3683 5388 3696 5423 :
3751 5369 3862 5443 Ego

2282 5466 2411 5517 enim
2444 5471 2603 5515 tecum
2643 5478 2752 5515 sunt
2779 5504 2794 5528 ,
2827 5472 2871 5517 et
2912 5463 3199 5515 benedicam
3227 5473 3273 5515 te
3296 5504 3310 5526 ,
3335 5474 3379 5516 et
3407 5461 3754 5531 multiplicabo
3777 5479 3860 5517 se-

2284 5568 2394 5605 men
2446 5562 2586 5603 tuum
2614 5563 2813 5622 promer
2842 5552 3090 5604 Abraham
3119 5563 3310 5620 patrem
3340 5563 3497 5603 tuum.

2354 5642 2489 5697 Deus
2510 5660 2598 5696 cur
2618 5660 2668 5697 se
2693 5644 2824 5695 dicat
2848 5642 3009 5696 Deum
3039 5641 3327 5695 Abrahunu’.
3356 5669 3424 5680 -ο
3449 5639 3738 5695 Considera
3771 5640 3863 5696 be-

2286 5738 2589 5809 nignitatem
2638 5737 2746 5792 Dei.
2781 5734 2909 5791 Nam
2956 5744 3231 5805 postquam
3258 5733 3413 5799 dixit,
3448 5731 3552 5802 Ego
3583 5747 3695 5784 sum
3727 5730 3862 5789 Deut
