  <div class='ocr_page' id='page_1' title='image "/cluster/home/n/w/nwhite01/storage/ocr_20150623/54/uva.x004108763/092.png"; bbox 0 0 4120 6518; ppageno 0'>
   <div class='ocr_carea' id='block_1_1' title="bbox 250 515 346 570">
    <p class='ocr_par' dir='ltr' id='par_1_1' title="bbox 250 515 346 570">
     <span class='ocr_line' id='line_1_1' title="bbox 250 515 346 570; baseline -0.063 0"><span class='ocrx_word' id='word_1_1' title='bbox 250 515 346 570; x_wconf 77' lang='grc'><strong>461</strong></span> 
     </span>
    </p>
   </div>
   <div class='ocr_carea' id='block_1_2' title="bbox 251 611 1832 691">
    <p class='ocr_par' dir='ltr' id='par_1_2' title="bbox 251 611 1832 691">
     <span class='ocr_line' id='line_1_2' title="bbox 251 611 1832 691; baseline -0.009 -13"><span class='ocrx_word' id='word_1_2' title='bbox 251 626 468 678; x_wconf 68' lang='lat' dir='ltr'><strong>Mira/ia:</strong></span> <span class='ocrx_word' id='word_1_3' title='bbox 490 622 644 691; x_wconf 68' lang='lat' dir='ltr'><strong>patri:</strong></span> <span class='ocrx_word' id='word_1_4' title='bbox 668 621 759 685; x_wconf 84' lang='lat' dir='ltr'><strong>tui,</strong></span> <span class='ocrx_word' id='word_1_5' title='bbox 787 631 833 673; x_wconf 81' lang='lat' dir='ltr'><strong>et</strong></span> <span class='ocrx_word' id='word_1_6' title='bbox 867 615 1096 672; x_wconf 87' lang='lat' dir='ltr'><strong>ostendit</strong></span> <span class='ocrx_word' id='word_1_7' title='bbox 1121 618 1387 683; x_wconf 82' lang='lat' dir='ltr'><strong>quomodo</strong></span> <span class='ocrx_word' id='word_1_8' title='bbox 1408 611 1506 666; x_wconf 87' lang='lat' dir='ltr'><strong>sibi</strong></span> <span class='ocrx_word' id='word_1_9' title='bbox 1531 611 1832 664; x_wconf 80' lang='lat' dir='ltr'><strong>vindicave-</strong></span> 
     </span>
    </p>
   </div>
   <div class='ocr_carea' id='block_1_3' title="bbox 254 703 1840 782">
    <p class='ocr_par' dir='ltr' id='par_1_3' title="bbox 254 703 1840 782">
     <span class='ocr_line' id='line_1_3' title="bbox 254 703 1840 782; baseline -0.01 -13"><span class='ocrx_word' id='word_1_10' title='bbox 254 718 346 777; x_wconf 89' lang='lat' dir='ltr'><strong>rit,</strong></span> <span class='ocrx_word' id='word_1_11' title='bbox 377 715 755 782; x_wconf 88' lang='lat' dir='ltr'><strong>propriumque</strong></span> <span class='ocrx_word' id='word_1_12' title='bbox 787 713 966 764; x_wconf 81' lang='lat' dir='ltr'><strong>fecerit</strong></span> <span class='ocrx_word' id='word_1_13' title='bbox 1001 707 1373 776; x_wconf 78' lang='lat' dir='ltr'><strong>patriarcham,</strong></span> <span class='ocrx_word' id='word_1_14' title='bbox 1405 707 1472 758; x_wconf 86' lang='lat' dir='ltr'><strong>ita</strong></span> <span class='ocrx_word' id='word_1_15' title='bbox 1506 712 1563 757; x_wconf 91' lang='lat' dir='ltr'><strong>ut</strong></span> <span class='ocrx_word' id='word_1_16' title='bbox 1592 703 1840 770; x_wconf 83' lang='lat' dir='ltr'><strong>dignatus</strong></span> 
     </span>
    </p>
   </div>
   <div class='ocr_carea' id='block_1_4' title="bbox 252 797 1840 867">
    <p class='ocr_par' dir='ltr' id='par_1_4' title="bbox 252 797 1840 867">
     <span class='ocr_line' id='line_1_4' title="bbox 252 797 1840 867; baseline -0.009 -8"><span class='ocrx_word' id='word_1_17' title='bbox 252 807 323 859; x_wconf 88' lang='lat' dir='ltr'><strong>sit</strong></span> <span class='ocrx_word' id='word_1_18' title='bbox 353 822 411 859; x_wconf 88' lang='lat' dir='ltr'><strong>se</strong></span> <span class='ocrx_word' id='word_1_19' title='bbox 442 819 633 858; x_wconf 82' lang='lat' dir='ltr'><strong>vocare</strong></span> <span class='ocrx_word' id='word_1_20' title='bbox 663 805 824 856; x_wconf 88' lang='lat' dir='ltr'><strong>Deum</strong></span> <span class='ocrx_word' id='word_1_21' title='bbox 854 801 1078 856; x_wconf 72' lang='lat' dir='ltr'><strong>Abraha:</strong></span> <span class='ocrx_word' id='word_1_22' title='bbox 1100 840 1115 864; x_wconf 90' lang='lat'><strong>,</strong></span> <span class='ocrx_word' id='word_1_23' title='bbox 1147 808 1304 867; x_wconf 82' lang='lat' dir='ltr'><strong>atque</strong></span> <span class='ocrx_word' id='word_1_24' title='bbox 1338 797 1591 850; x_wconf 86' lang='lat' dir='ltr'><strong>Dominus</strong></span> <span class='ocrx_word' id='word_1_25' title='bbox 1618 810 1679 848; x_wconf 87' lang='lat' dir='ltr'><strong>ac</strong></span> <span class='ocrx_word' id='word_1_26' title='bbox 1709 809 1840 846; x_wconf 85' lang='lat' dir='ltr'><strong>con-</strong></span> 
     </span>
    </p>
   </div>
   <div class='ocr_carea' id='block_1_5' title="bbox 251 886 1839 953">
    <p class='ocr_par' dir='ltr' id='par_1_5' title="bbox 251 886 1839 953">
     <span class='ocr_line' id='line_1_5' title="bbox 251 886 1839 953; baseline -0.01 -3"><span class='ocrx_word' id='word_1_27' title='bbox 251 897 397 949; x_wconf 81' lang='lat' dir='ltr'><strong>ditor</strong></span> <span class='ocrx_word' id='word_1_28' title='bbox 423 896 590 953; x_wconf 85' lang='lat' dir='ltr'><strong>orbis,</strong></span> <span class='ocrx_word' id='word_1_29' title='bbox 616 893 772 946; x_wconf 90' lang='lat' dir='ltr'><strong>unius</strong></span> <span class='ocrx_word' id='word_1_30' title='bbox 799 892 1026 945; x_wconf 80' lang='lat' dir='ltr'><strong>hominis</strong></span> <span class='ocrx_word' id='word_1_31' title='bbox 1057 891 1218 943; x_wconf 89' lang='lat' dir='ltr'><strong>Deum</strong></span> <span class='ocrx_word' id='word_1_32' title='bbox 1251 903 1308 942; x_wconf 91' lang='lat' dir='ltr'><strong>se</strong></span> <span class='ocrx_word' id='word_1_33' title='bbox 1337 886 1549 951; x_wconf 79' lang='lat' dir='ltr'><strong>dixerit,</strong></span> <span class='ocrx_word' id='word_1_34' title='bbox 1576 901 1679 938; x_wconf 85' lang='lat' dir='ltr'><strong>non</strong></span> <span class='ocrx_word' id='word_1_35' title='bbox 1709 899 1839 937; x_wconf 91' lang='lat' dir='ltr'><strong>con-</strong></span> 
     </span>
    </p>
   </div>
   <div class='ocr_carea' id='block_1_6' title="bbox 250 978 1840 1052">
    <p class='ocr_par' dir='ltr' id='par_1_6' title="bbox 250 978 1840 1052">
     <span class='ocr_line' id='line_1_6' title="bbox 250 978 1840 1052; baseline -0.011 -9"><span class='ocrx_word' id='word_1_36' title='bbox 250 988 479 1043; x_wconf 82' lang='lat' dir='ltr'><strong>cludens</strong></span> <span class='ocrx_word' id='word_1_37' title='bbox 495 988 544 1039; x_wconf 92' lang='lat' dir='ltr'><strong>in</strong></span> <span class='ocrx_word' id='word_1_38' title='bbox 562 999 662 1039; x_wconf 91' lang='lat' dir='ltr'><strong>uno</strong></span> <span class='ocrx_word' id='word_1_39' title='bbox 683 982 974 1052; x_wconf 77' lang='lat' dir='ltr'><strong>patriarcha</strong></span> <span class='ocrx_word' id='word_1_40' title='bbox 993 979 1280 1035; x_wconf 84' lang='lat' dir='ltr'><strong>dominium</strong></span> <span class='ocrx_word' id='word_1_41' title='bbox 1299 995 1474 1043; x_wconf 88' lang='lat' dir='ltr'><strong>suum,</strong></span> <span class='ocrx_word' id='word_1_42' title='bbox 1491 978 1581 1032; x_wconf 87' lang='lat' dir='ltr'><strong>sed</strong></span> <span class='ocrx_word' id='word_1_43' title='bbox 1599 989 1840 1044; x_wconf 80' lang='lat' dir='ltr'><strong>magnam</strong></span> 
     </span>
    </p>
   </div>
   <div class='ocr_carea' id='block_1_7' title="bbox 259 1063 1838 1131">
    <p class='ocr_par' dir='ltr' id='par_1_7' title="bbox 259 1063 1838 1131">
     <span class='ocr_line' id='line_1_7' title="bbox 259 1063 1838 1131; baseline -0.01 0"><span class='ocrx_word' id='word_1_44' title='bbox 259 1077 313 1131; x_wconf 82' lang='lat' dir='ltr'><strong>in</strong></span> <span class='ocrx_word' id='word_1_45' title='bbox 342 1077 489 1130; x_wconf 92' lang='lat' dir='ltr'><strong>illum</strong></span> <span class='ocrx_word' id='word_1_46' title='bbox 520 1089 669 1128; x_wconf 84' lang='lat' dir='ltr'><strong>suam</strong></span> <span class='ocrx_word' id='word_1_47' title='bbox 695 1071 1114 1126; x_wconf 90' lang='lat' dir='ltr'><strong>benevolentiam</strong></span> <span class='ocrx_word' id='word_1_48' title='bbox 1147 1078 1450 1122; x_wconf 87' lang='lat' dir='ltr'><strong>monstrans</strong></span> <span class='ocrx_word' id='word_1_49' title='bbox 1483 1085 1494 1118; x_wconf 89' lang='lat'><strong>:</strong></span> <span class='ocrx_word' id='word_1_50' title='bbox 1526 1066 1618 1126; x_wconf 90' lang='lat' dir='ltr'><strong>ita,</strong></span> <span class='ocrx_word' id='word_1_51' title='bbox 1651 1063 1838 1131; x_wconf 84' lang='lat' dir='ltr'><strong>inquit,</strong></span> 
     </span>
    </p>
   </div>
   <div class='ocr_carea' id='block_1_8' title="bbox 243 1155 1840 1232">
    <p class='ocr_par' dir='ltr' id='par_1_8' title="bbox 243 1155 1840 1232">
     <span class='ocr_line' id='line_1_8' title="bbox 243 1155 1840 1232; baseline -0.008 -13"><span class='ocrx_word' id='word_1_52' title='bbox 243 1180 375 1219; x_wconf 85' lang='lat' dir='ltr'><strong>eum</strong></span> <span class='ocrx_word' id='word_1_53' title='bbox 409 1164 536 1219; x_wconf 84' lang='lat' dir='ltr'><strong>mihi</strong></span> <span class='ocrx_word' id='word_1_54' title='bbox 568 1164 664 1218; x_wconf 89' lang='lat' dir='ltr'><strong>feci</strong></span> <span class='ocrx_word' id='word_1_55' title='bbox 692 1163 989 1232; x_wconf 85' lang='lat' dir='ltr'><strong>proprium,</strong></span> <span class='ocrx_word' id='word_1_56' title='bbox 1022 1170 1076 1214; x_wconf 88' lang='lat' dir='ltr'><strong>ut</strong></span> <span class='ocrx_word' id='word_1_57' title='bbox 1103 1159 1239 1227; x_wconf 78' lang='lat' dir='ltr'><strong>apud</strong></span> <span class='ocrx_word' id='word_1_58' title='bbox 1265 1174 1350 1212; x_wconf 89' lang='lat' dir='ltr'><strong>me</strong></span> <span class='ocrx_word' id='word_1_59' title='bbox 1381 1166 1650 1228; x_wconf 89' lang='lat' dir='ltr'><strong>reputetur</strong></span> <span class='ocrx_word' id='word_1_60' title='bbox 1679 1155 1840 1221; x_wconf 88' lang='lat' dir='ltr'><strong>tanti,</strong></span> 
     </span>
    </p>
   </div>
   <div class='ocr_carea' id='block_1_9' title="bbox 256 1249 1842 1325">
    <p class='ocr_par' dir='ltr' id='par_1_9' title="bbox 256 1249 1842 1325">
     <span class='ocr_line' id='line_1_9' title="bbox 256 1249 1842 1325; baseline -0.008 -15"><span class='ocrx_word' id='word_1_61' title='bbox 256 1257 440 1325; x_wconf 69' lang='lat' dir='ltr'><strong>quanti</strong></span> <span class='ocrx_word' id='word_1_62' title='bbox 471 1255 558 1309; x_wconf 85' lang='lat' dir='ltr'><strong>alii</strong></span> <span class='ocrx_word' id='word_1_63' title='bbox 587 1268 774 1310; x_wconf 88' lang='lat' dir='ltr'><strong>omnes</strong></span> <span class='ocrx_word' id='word_1_64' title='bbox 805 1270 819 1308; x_wconf 88' lang='lat'>:</span> <span class='ocrx_word' id='word_1_65' title='bbox 867 1253 987 1306; x_wconf 84' lang='lat' dir='ltr'><strong>ideo</strong></span> <span class='ocrx_word' id='word_1_66' title='bbox 1030 1251 1096 1304; x_wconf 84' lang='lat' dir='ltr'><strong>Et</strong></span> <span class='ocrx_word' id='word_1_67' title='bbox 1133 1249 1474 1318; x_wconf 76' lang='lat' dir='ltr'><strong>multiplicabo</strong></span> <span class='ocrx_word' id='word_1_68' title='bbox 1501 1264 1664 1302; x_wconf 78' lang='lat' dir='ltr'><strong>sentcn</strong></span> <span class='ocrx_word' id='word_1_69' title='bbox 1704 1257 1842 1299; x_wconf 87' lang='lat' dir='ltr'><strong>tuum</strong></span> 
     </span>
    </p>
   </div>
   <div class='ocr_carea' id='block_1_10' title="bbox 259 1336 1842 1414">
    <p class='ocr_par' dir='ltr' id='par_1_10' title="bbox 259 1336 1842 1414">
     <span class='ocr_line' id='line_1_10' title="bbox 259 1336 1842 1414; baseline -0.006 -15"><span class='ocrx_word' id='word_1_70' title='bbox 259 1355 470 1414; x_wconf 76' lang='lat' dir='ltr'><strong>propter</strong></span> <span class='ocrx_word' id='word_1_71' title='bbox 494 1344 749 1398; x_wconf 79' lang='lat' dir='ltr'><strong>Abraham</strong></span> <span class='ocrx_word' id='word_1_72' title='bbox 778 1352 966 1412; x_wconf 82' lang='lat' dir='ltr'><strong>patrem</strong></span> <span class='ocrx_word' id='word_1_73' title='bbox 991 1349 1147 1393; x_wconf 83' lang='lat' dir='ltr'><strong>tuum.</strong></span> <span class='ocrx_word' id='word_1_74' title='bbox 1179 1341 1384 1398; x_wconf 84' lang='lat' dir='ltr'><strong>Multas,</strong></span> <span class='ocrx_word' id='word_1_75' title='bbox 1419 1339 1615 1405; x_wconf 85' lang='lat' dir='ltr'><strong>inquit,</strong></span> <span class='ocrx_word' id='word_1_76' title='bbox 1646 1337 1715 1389; x_wconf 92' lang='lat' dir='ltr'><strong>illi</strong></span> <span class='ocrx_word' id='word_1_77' title='bbox 1749 1336 1842 1390; x_wconf 86' lang='lat' dir='ltr'><strong>de—</strong></span> 
     </span>
    </p>
   </div>
   <div class='ocr_carea' id='block_1_11' title="bbox 263 1427 1845 1495">
    <p class='ocr_par' dir='ltr' id='par_1_11' title="bbox 263 1427 1845 1495">
     <span class='ocr_line' id='line_1_11' title="bbox 263 1427 1845 1495; baseline -0.006 -6"><span class='ocrx_word' id='word_1_78' title='bbox 263 1438 366 1490; x_wconf 85' lang='lat' dir='ltr'><strong>beo</strong></span> <span class='ocrx_word' id='word_1_79' title='bbox 389 1435 765 1488; x_wconf 83' lang='lat' dir='ltr'><strong>retributiones</strong></span> <span class='ocrx_word' id='word_1_80' title='bbox 793 1433 862 1485; x_wconf 91' lang='lat' dir='ltr'><strong>ob</strong></span> <span class='ocrx_word' id='word_1_81' title='bbox 892 1446 1039 1485; x_wconf 84' lang='lat' dir='ltr'><strong>suam</strong></span> <span class='ocrx_word' id='word_1_82' title='bbox 1072 1431 1120 1483; x_wconf 91' lang='lat' dir='ltr'><strong>in</strong></span> <span class='ocrx_word' id='word_1_83' title='bbox 1151 1445 1235 1484; x_wconf 88' lang='lat' dir='ltr'><strong>me</strong></span> <span class='ocrx_word' id='word_1_84' title='bbox 1261 1428 1614 1483; x_wconf 68' lang='lat' dir='ltr'><strong>obedientiam</strong></span> <span class='ocrx_word' id='word_1_85' title='bbox 1645 1445 1657 1480; x_wconf 91' lang='lat'>:</span> <span class='ocrx_word' id='word_1_86' title='bbox 1690 1427 1845 1495; x_wconf 84' lang='lat' dir='ltr'><strong>igitur</strong></span> 
     </span>
    </p>
   </div>
   <div class='ocr_carea' id='block_1_12' title="bbox 260 1519 1844 1596">
    <p class='ocr_par' dir='ltr' id='par_1_12' title="bbox 260 1519 1844 1596">
     <span class='ocr_line' id='line_1_12' title="bbox 260 1519 1844 1596; baseline -0.006 -15"><span class='ocrx_word' id='word_1_87' title='bbox 260 1537 480 1596; x_wconf 83' lang='lat' dir='ltr'><strong>prepter</strong></span> <span class='ocrx_word' id='word_1_88' title='bbox 506 1527 650 1580; x_wconf 89' lang='lat' dir='ltr'><strong>illum</strong></span> <span class='ocrx_word' id='word_1_89' title='bbox 681 1521 1028 1592; x_wconf 83' lang='lat' dir='ltr'><strong>Multiplicabo</strong></span> <span class='ocrx_word' id='word_1_90' title='bbox 1052 1537 1216 1575; x_wconf 85' lang='lat' dir='ltr'><strong>semen</strong></span> <span class='ocrx_word' id='word_1_91' title='bbox 1237 1531 1418 1582; x_wconf 85' lang='lat' dir='ltr'><strong>tuum;</strong></span> <span class='ocrx_word' id='word_1_92' title='bbox 1445 1519 1599 1572; x_wconf 86' lang='lat' dir='ltr'><strong>simul</strong></span> <span class='ocrx_word' id='word_1_93' title='bbox 1623 1519 1844 1585; x_wconf 67' lang='lat' dir='ltr'><strong>et~justo</strong></span> 
     </span>
    </p>
   </div>
   <div class='ocr_carea' id='block_1_13' title="bbox 263 1610 1844 1680">
    <p class='ocr_par' dir='ltr' id='par_1_13' title="bbox 263 1610 1844 1680">
     <span class='ocr_line' id='line_1_13' title="bbox 263 1610 1844 1680; baseline -0.006 -10"><span class='ocrx_word' id='word_1_94' title='bbox 263 1617 510 1672; x_wconf 87' lang='lat' dir='ltr'><strong>fiduciam</strong></span> <span class='ocrx_word' id='word_1_95' title='bbox 552 1616 778 1680; x_wconf 86' lang='lat' dir='ltr'><strong>indidit,</strong></span> <span class='ocrx_word' id='word_1_96' title='bbox 808 1623 860 1669; x_wconf 89' lang='lat' dir='ltr'><strong>et</strong></span> <span class='ocrx_word' id='word_1_97' title='bbox 895 1614 1028 1667; x_wconf 86' lang='lat' dir='ltr'><strong>facta</strong></span> <span class='ocrx_word' id='word_1_98' title='bbox 1061 1614 1222 1680; x_wconf 85' lang='lat' dir='ltr'><strong>patris</strong></span> <span class='ocrx_word' id='word_1_99' title='bbox 1247 1612 1516 1665; x_wconf 86' lang='lat' dir='ltr'><strong>mentione</strong></span> <span class='ocrx_word' id='word_1_100' title='bbox 1541 1651 1555 1675; x_wconf 92' lang='lat'><strong>,</strong></span> <span class='ocrx_word' id='word_1_101' title='bbox 1583 1610 1648 1663; x_wconf 88' lang='lat' dir='ltr'><strong>ad</strong></span> <span class='ocrx_word' id='word_1_102' title='bbox 1681 1625 1844 1662; x_wconf 68' lang='lat' dir='ltr'><strong>armu-</strong></span> 
     </span>
    </p>
   </div>
   <div class='ocr_carea' id='block_1_14' title="bbox 253 1704 1843 1776">
    <p class='ocr_par' dir='ltr' id='par_1_14' title="bbox 253 1704 1843 1776">
     <span class='ocr_line' id='line_1_14' title="bbox 253 1704 1843 1776; baseline -0.006 -13"><span class='ocrx_word' id='word_1_103' title='bbox 253 1709 473 1763; x_wconf 64' lang='lat' dir='ltr'><strong>Jandam</strong></span> <span class='ocrx_word' id='word_1_104' title='bbox 492 1717 759 1776; x_wconf 76' lang='lat' dir='ltr'><strong>paternam</strong></span> <span class='ocrx_word' id='word_1_105' title='bbox 774 1708 1016 1760; x_wconf 85' lang='lat' dir='ltr'><strong>virtutem</strong></span> <span class='ocrx_word' id='word_1_106' title='bbox 1033 1704 1351 1774; x_wconf 76' lang='lat' dir='ltr'><strong>provocavit.</strong></span> <span class='ocrx_word' id='word_1_107' title='bbox 1370 1704 1653 1772; x_wconf 75' lang='lat' dir='ltr'><strong>Postquam</strong></span> <span class='ocrx_word' id='word_1_108' title='bbox 1670 1711 1843 1756; x_wconf 83' lang='lat' dir='ltr'><strong>autem</strong></span> 
     </span>
    </p>
   </div>
   <div class='ocr_carea' id='block_1_15' title="bbox 262 1779 1842 1868">
    <p class='ocr_par' dir='ltr' id='par_1_15' title="bbox 262 1779 1842 1868">
     <span class='ocr_line' id='line_1_15' title="bbox 262 1779 1842 1868; baseline -0.003 -16"><span class='ocrx_word' id='word_1_109' title='bbox 262 1810 406 1854; x_wconf 86' lang='lat' dir='ltr'><strong>tanta</strong></span> <span class='ocrx_word' id='word_1_110' title='bbox 430 1800 476 1853; x_wconf 89' lang='lat' dir='ltr'><strong>ei</strong></span> <span class='ocrx_word' id='word_1_111' title='bbox 496 1800 627 1852; x_wconf 88' lang='lat' dir='ltr'><strong>bona</strong></span> <span class='ocrx_word' id='word_1_112' title='bbox 647 1798 906 1868; x_wconf 89' lang='lat' dir='ltr'><strong>promisit,</strong></span> <span class='ocrx_word' id='word_1_113' title='bbox 924 1799 1014 1852; x_wconf 75' lang='lat'><strong>25.</strong></span> <span class='ocrx_word' id='word_1_114' title='bbox 1031 1779 1350 1864; x_wconf 78' lang='lat' dir='ltr'><strong>/Ediﬁcavit,</strong></span> <span class='ocrx_word' id='word_1_115' title='bbox 1373 1795 1560 1864; x_wconf 84' lang='lat' dir='ltr'><strong>inquit.</strong></span> <span class='ocrx_word' id='word_1_116' title='bbox 1580 1795 1647 1848; x_wconf 86' lang='lat' dir='ltr'><strong>ibi</strong></span> <span class='ocrx_word' id='word_1_117' title='bbox 1663 1795 1842 1857; x_wconf 85' lang='lat' dir='ltr'><strong>altare,</strong></span> 
     </span>
    </p>
   </div>
   <div class='ocr_carea' id='block_1_16' title="bbox 261 1887 1846 1956">
    <p class='ocr_par' dir='ltr' id='par_1_16' title="bbox 261 1887 1846 1956">
     <span class='ocr_line' id='line_1_16' title="bbox 261 1887 1846 1956; baseline -0.003 -12"><span class='ocrx_word' id='word_1_118' title='bbox 261 1900 309 1944; x_wconf 89' lang='lat' dir='ltr'><strong>et</strong></span> <span class='ocrx_word' id='word_1_119' title='bbox 351 1890 594 1944; x_wconf 76' lang='lat' dir='ltr'><strong>invocavit</strong></span> <span class='ocrx_word' id='word_1_120' title='bbox 624 1905 803 1943; x_wconf 85' lang='lat' dir='ltr'><strong>nomen</strong></span> <span class='ocrx_word' id='word_1_121' title='bbox 832 1888 1066 1952; x_wconf 87' lang='lat' dir='ltr'><strong>Domini,</strong></span> <span class='ocrx_word' id='word_1_122' title='bbox 1099 1899 1142 1941; x_wconf 87' lang='lat' dir='ltr'><strong>et</strong></span> <span class='ocrx_word' id='word_1_123' title='bbox 1182 1889 1293 1956; x_wconf 71' lang='lat' dir='ltr'><strong>ﬁxit</strong></span> <span class='ocrx_word' id='word_1_124' title='bbox 1330 1888 1435 1942; x_wconf 88' lang='lat' dir='ltr'><strong>illic</strong></span> <span class='ocrx_word' id='word_1_125' title='bbox 1473 1887 1846 1941; x_wconf 55' lang='lat' dir='ltr'><strong>tabernaculum</strong></span> 
     </span>
    </p>
   </div>
   <div class='ocr_carea' id='block_1_17' title="bbox 261 1977 1850 2046">
    <p class='ocr_par' dir='ltr' id='par_1_17' title="bbox 261 1977 1850 2046">
     <span class='ocr_line' id='line_1_17' title="bbox 261 1977 1850 2046; baseline -0.001 -14"><span class='ocrx_word' id='word_1_126' title='bbox 261 1996 434 2036; x_wconf 84' lang='lat' dir='ltr'><strong>suum.</strong></span> <span class='ocrx_word' id='word_1_127' title='bbox 454 1979 588 2046; x_wconf 84' lang='lat' dir='ltr'><strong>Quid</strong></span> <span class='ocrx_word' id='word_1_128' title='bbox 605 1989 705 2044; x_wconf 87' lang='lat' dir='ltr'><strong>est,</strong></span> <span class='ocrx_word' id='word_1_129' title='bbox 727 1979 1024 2046; x_wconf 65' lang='lat' dir='ltr'><strong>Aidiﬁcavit</strong></span> <span class='ocrx_word' id='word_1_130' title='bbox 1045 1979 1148 2033; x_wconf 84' lang='lat' dir='ltr'><strong>illic</strong></span> <span class='ocrx_word' id='word_1_131' title='bbox 1165 1980 1359 2032; x_wconf 81' lang='lat' dir='ltr'><strong>altare?</strong></span> <span class='ocrx_word' id='word_1_132' title='bbox 1374 1977 1672 2033; x_wconf 87' lang='lat' dir='ltr'><strong>Gratiarum</strong></span> <span class='ocrx_word' id='word_1_133' title='bbox 1692 1978 1850 2033; x_wconf 86' lang='lat' dir='ltr'><strong>actio-</strong></span> 
     </span>
    </p>
   </div>
   <div class='ocr_carea' id='block_1_18' title="bbox 263 2069 1851 2139">
    <p class='ocr_par' dir='ltr' id='par_1_18' title="bbox 263 2069 1851 2139">
     <span class='ocr_line' id='line_1_18' title="bbox 263 2069 1851 2139; baseline -0.003 -15"><span class='ocrx_word' id='word_1_134' title='bbox 263 2085 384 2134; x_wconf 66' lang='lat' dir='ltr'><strong>nes,</strong></span> <span class='ocrx_word' id='word_1_135' title='bbox 401 2071 586 2139; x_wconf 89' lang='lat' dir='ltr'><strong>inquit,</strong></span> <span class='ocrx_word' id='word_1_136' title='bbox 603 2071 709 2124; x_wconf 88' lang='lat' dir='ltr'><strong>illic</strong></span> <span class='ocrx_word' id='word_1_137' title='bbox 723 2070 947 2124; x_wconf 91' lang='lat' dir='ltr'><strong>Domino</strong></span> <span class='ocrx_word' id='word_1_138' title='bbox 961 2070 1167 2133; x_wconf 90' lang='lat' dir='ltr'><strong>obtulit,</strong></span> <span class='ocrx_word' id='word_1_139' title='bbox 1182 2069 1268 2138; x_wconf 89' lang='lat' dir='ltr'><strong>qui</strong></span> <span class='ocrx_word' id='word_1_140' title='bbox 1286 2079 1480 2126; x_wconf 86' lang='lat' dir='ltr'><strong>tantam</strong></span> <span class='ocrx_word' id='word_1_141' title='bbox 1497 2084 1590 2138; x_wconf 90' lang='lat' dir='ltr'><strong>pro</strong></span> <span class='ocrx_word' id='word_1_142' title='bbox 1604 2085 1660 2122; x_wconf 90' lang='lat' dir='ltr'><strong>se</strong></span> <span class='ocrx_word' id='word_1_143' title='bbox 1672 2083 1851 2138; x_wconf 66' lang='lat' dir='ltr'><strong>gesse-</strong></span> 
     </span>
    </p>
   </div>
   <div class='ocr_carea' id='block_1_19' title="bbox 263 2159 1845 2231">
    <p class='ocr_par' dir='ltr' id='par_1_19' title="bbox 263 2159 1845 2231">
     <span class='ocr_line' id='line_1_19' title="bbox 263 2159 1845 2231; baseline -0.001 -18"><span class='ocrx_word' id='word_1_144' title='bbox 263 2169 348 2213; x_wconf 86' lang='lat' dir='ltr'><strong>rat</strong></span> <span class='ocrx_word' id='word_1_145' title='bbox 366 2160 796 2214; x_wconf 86' lang='lat' dir='ltr'><strong>sollicitudinem.</strong></span> <span class='ocrx_word' id='word_1_146' title='bbox 825 2160 890 2212; x_wconf 83' lang='lat' dir='ltr'><strong>Et</strong></span> <span class='ocrx_word' id='word_1_147' title='bbox 911 2161 1145 2231; x_wconf 78' lang='lat' dir='ltr'><strong>foderunt</strong></span> <span class='ocrx_word' id='word_1_148' title='bbox 1166 2162 1270 2214; x_wconf 90' lang='lat' dir='ltr'><strong>illic</strong></span> <span class='ocrx_word' id='word_1_149' title='bbox 1285 2161 1428 2230; x_wconf 82' lang='lat' dir='ltr'><strong>pueri</strong></span> <span class='ocrx_word' id='word_1_150' title='bbox 1451 2159 1605 2214; x_wconf 90' lang='lat' dir='ltr'><strong>Isaac</strong></span> <span class='ocrx_word' id='word_1_151' title='bbox 1623 2171 1845 2229; x_wconf 80' lang='lat' dir='ltr'><strong>puteum.</strong></span> 
     </span>
    </p>
   </div>
   <div class='ocr_carea' id='block_1_20' title="bbox 265 2249 1847 2320">
    <p class='ocr_par' dir='ltr' id='par_1_20' title="bbox 265 2249 1847 2320">
     <span class='ocr_line' id='line_1_20' title="bbox 265 2249 1847 2320; baseline 0 -16"><span class='ocrx_word' id='word_1_152' title='bbox 265 2249 491 2305; x_wconf 84' lang='lat' dir='ltr'><strong>Demum</strong></span> <span class='ocrx_word' id='word_1_153' title='bbox 531 2265 651 2304; x_wconf 90' lang='lat' dir='ltr'><strong>cum</strong></span> <span class='ocrx_word' id='word_1_154' title='bbox 684 2251 976 2305; x_wconf 85' lang='lat' dir='ltr'><strong>securitare</strong></span> <span class='ocrx_word' id='word_1_155' title='bbox 1006 2251 1150 2320; x_wconf 83' lang='lat' dir='ltr'><strong>degit</strong></span> <span class='ocrx_word' id='word_1_156' title='bbox 1175 2251 1350 2319; x_wconf 87' lang='lat' dir='ltr'><strong>justus</strong></span> <span class='ocrx_word' id='word_1_157' title='bbox 1383 2271 1398 2307; x_wconf 87' lang='lat'><strong>:</strong></span> <span class='ocrx_word' id='word_1_158' title='bbox 1431 2266 1552 2305; x_wconf 87' lang='lat' dir='ltr'><strong>nam</strong></span> <span class='ocrx_word' id='word_1_159' title='bbox 1580 2251 1667 2320; x_wconf 90' lang='lat' dir='ltr'><strong>qui</strong></span> <span class='ocrx_word' id='word_1_160' title='bbox 1695 2250 1847 2304; x_wconf 88' lang='lat' dir='ltr'><strong>dixe-</strong></span> 
     </span>
    </p>
   </div>
   <div class='ocr_carea' id='block_1_21' title="bbox 262 2339 1850 2410">
    <p class='ocr_par' dir='ltr' id='par_1_21' title="bbox 262 2339 1850 2410">
     <span class='ocr_line' id='line_1_21' title="bbox 262 2339 1850 2410; baseline -0.001 -14"><span class='ocrx_word' id='word_1_161' title='bbox 262 2349 346 2396; x_wconf 78' lang='lat' dir='ltr'><strong>rat</strong></span> <span class='ocrx_word' id='word_1_162' title='bbox 373 2380 385 2403; x_wconf 93' lang='lat'><strong>,</strong></span> <span class='ocrx_word' id='word_1_163' title='bbox 425 2339 532 2410; x_wconf 71' lang='lat' dir='ltr'><strong>Ego</strong></span> <span class='ocrx_word' id='word_1_164' title='bbox 562 2353 721 2394; x_wconf 80' lang='lat' dir='ltr'><strong>tecum</strong></span> <span class='ocrx_word' id='word_1_165' title='bbox 744 2357 888 2407; x_wconf 87' lang='lat' dir='ltr'><strong>sum,</strong></span> <span class='ocrx_word' id='word_1_166' title='bbox 922 2349 970 2408; x_wconf 74' lang='lat' dir='ltr'><strong>et</strong></span> <span class='ocrx_word' id='word_1_167' title='bbox 1005 2341 1292 2395; x_wconf 87' lang='lat' dir='ltr'><strong>bencdicam</strong></span> <span class='ocrx_word' id='word_1_168' title='bbox 1318 2349 1396 2409; x_wconf 88' lang='lat' dir='ltr'><strong>te,</strong></span> <span class='ocrx_word' id='word_1_169' title='bbox 1425 2351 1470 2394; x_wconf 88' lang='lat' dir='ltr'><strong>et</strong></span> <span class='ocrx_word' id='word_1_170' title='bbox 1505 2341 1850 2410; x_wconf 82' lang='lat' dir='ltr'><strong>multiplicabo</strong></span> 
     </span>
    </p>
   </div>
   <div class='ocr_carea' id='block_1_22' title="bbox 264 2432 1850 2500">
    <p class='ocr_par' dir='ltr' id='par_1_22' title="bbox 264 2432 1850 2500">
     <span class='ocr_line' id='line_1_22' title="bbox 264 2432 1850 2500; baseline 0.003 -18"><span class='ocrx_word' id='word_1_171' title='bbox 264 2447 435 2484; x_wconf 82' lang='lat' dir='ltr'><strong>semen</strong></span> <span class='ocrx_word' id='word_1_172' title='bbox 457 2441 595 2485; x_wconf 84' lang='lat' dir='ltr'><strong>tuum</strong></span> <span class='ocrx_word' id='word_1_173' title='bbox 620 2448 639 2484; x_wconf 92' lang='lat'><strong><em>:</em></strong></span> <span class='ocrx_word' id='word_1_174' title='bbox 667 2432 779 2500; x_wconf 87' lang='lat' dir='ltr'><strong>ipse</strong></span> <span class='ocrx_word' id='word_1_175' title='bbox 804 2432 961 2487; x_wconf 87' lang='lat' dir='ltr'><strong>simul</strong></span> <span class='ocrx_word' id='word_1_176' title='bbox 981 2447 1101 2486; x_wconf 91' lang='lat' dir='ltr'><strong>eum</strong></span> <span class='ocrx_word' id='word_1_177' title='bbox 1126 2443 1178 2495; x_wconf 79' lang='lat' dir='ltr'><strong>et</strong></span> <span class='ocrx_word' id='word_1_178' title='bbox 1206 2433 1504 2497; x_wconf 80' lang='lat' dir='ltr'><strong>illustravit,</strong></span> <span class='ocrx_word' id='word_1_179' title='bbox 1532 2441 1587 2487; x_wconf 91' lang='lat' dir='ltr'><strong>et</strong></span> <span class='ocrx_word' id='word_1_180' title='bbox 1607 2434 1850 2486; x_wconf 89' lang='lat' dir='ltr'><strong>omnibus</strong></span> 
     </span>
    </p>
   </div>
   <div class='ocr_carea' id='block_1_23' title="bbox 265 2520 1849 2592">
    <p class='ocr_par' dir='ltr' id='par_1_23' title="bbox 265 2520 1849 2592">
     <span class='ocr_line' id='line_1_23' title="bbox 265 2520 1849 2592; baseline 0.001 -17"><span class='ocrx_word' id='word_1_181' title='bbox 265 2520 394 2576; x_wconf 87' lang='lat' dir='ltr'><strong>fecit</strong></span> <span class='ocrx_word' id='word_1_182' title='bbox 432 2521 794 2591; x_wconf 80' lang='lat' dir='ltr'><strong>Spectabilem.</strong></span> <span class='ocrx_word' id='word_1_183' title='bbox 843 2521 1022 2591; x_wconf 84' lang='lat' dir='ltr'><strong>itaque</strong></span> <span class='ocrx_word' id='word_1_184' title='bbox 1051 2522 1167 2577; x_wconf 82' lang='lat' dir='ltr'><strong>vide</strong></span> <span class='ocrx_word' id='word_1_185' title='bbox 1199 2523 1504 2578; x_wconf 80' lang='lat' dir='ltr'><strong>Abimeleeli</strong></span> <span class='ocrx_word' id='word_1_186' title='bbox 1540 2524 1686 2590; x_wconf 91' lang='lat' dir='ltr'><strong>illum</strong></span> <span class='ocrx_word' id='word_1_187' title='bbox 1717 2564 1730 2587; x_wconf 95' lang='lat'><strong>,</strong></span> <span class='ocrx_word' id='word_1_188' title='bbox 1761 2523 1849 2592; x_wconf 87' lang='lat' dir='ltr'><strong>qui</strong></span> 
     </span>
    </p>
   </div>
   <div class='ocr_carea' id='block_1_24' title="bbox 265 2611 1851 2685">
    <p class='ocr_par' dir='ltr' id='par_1_24' title="bbox 265 2611 1851 2685">
     <span class='ocr_line' id='line_1_24' title="bbox 265 2611 1851 2685; baseline 0.003 -21"><span class='ocrx_word' id='word_1_189' title='bbox 265 2611 485 2682; x_wconf 80' lang='lat' dir='ltr'><strong>abigere</strong></span> <span class='ocrx_word' id='word_1_190' title='bbox 510 2627 630 2666; x_wconf 90' lang='lat' dir='ltr'><strong>eum</strong></span> <span class='ocrx_word' id='word_1_191' title='bbox 657 2627 938 2683; x_wconf 73' lang='lat' dir='ltr'><strong>aggressus</strong></span> <span class='ocrx_word' id='word_1_192' title='bbox 966 2625 1068 2678; x_wconf 87' lang='lat' dir='ltr'><strong>est,</strong></span> <span class='ocrx_word' id='word_1_193' title='bbox 1095 2627 1156 2669; x_wconf 91' lang='lat' dir='ltr'><strong>ac</strong></span> <span class='ocrx_word' id='word_1_194' title='bbox 1181 2614 1332 2678; x_wconf 90' lang='lat' dir='ltr'><strong>dixit,</strong></span> <span class='ocrx_word' id='word_1_195' title='bbox 1360 2614 1454 2667; x_wconf 80' lang='lat' dir='ltr'><strong>Abi</strong></span> <span class='ocrx_word' id='word_1_196' title='bbox 1474 2630 1505 2667; x_wconf 90' lang='lat' dir='ltr'><strong>a</strong></span> <span class='ocrx_word' id='word_1_197' title='bbox 1527 2614 1689 2683; x_wconf 77' lang='lat' dir='ltr'><strong>nobis,</strong></span> <span class='ocrx_word' id='word_1_198' title='bbox 1712 2628 1851 2685; x_wconf 77' lang='lat' dir='ltr'><strong>nunc</strong></span> 
     </span>
    </p>
   </div>
   <div class='ocr_carea' id='block_1_25' title="bbox 266 2705 1851 2776">
    <p class='ocr_par' dir='ltr' id='par_1_25' title="bbox 266 2705 1851 2776">
     <span class='ocr_line' id='line_1_25' title="bbox 266 2705 1851 2776; baseline -0.001 -17"><span class='ocrx_word' id='word_1_199' title='bbox 266 2705 336 2759; x_wconf 88' lang='lat' dir='ltr'><strong>ad</strong></span> <span class='ocrx_word' id='word_1_200' title='bbox 363 2720 482 2760; x_wconf 89' lang='lat' dir='ltr'><strong>eum</strong></span> <span class='ocrx_word' id='word_1_201' title='bbox 513 2706 870 2760; x_wconf 80' lang='lat' dir='ltr'><strong>accedentem.</strong></span> <span class='ocrx_word' id='word_1_202' title='bbox 899 2705 988 2760; x_wconf 72' lang='grc'><strong>26.</strong></span> <span class='ocrx_word' id='word_1_203' title='bbox 1018 2705 1114 2759; x_wconf 75' lang='lat' dir='ltr'><strong>luit</strong></span> <span class='ocrx_word' id='word_1_204' title='bbox 1143 2707 1305 2772; x_wconf 86' lang='lat' dir='ltr'><strong>enim,</strong></span> <span class='ocrx_word' id='word_1_205' title='bbox 1331 2707 1515 2776; x_wconf 81' lang='lat' dir='ltr'><strong>inquit,</strong></span> <span class='ocrx_word' id='word_1_206' title='bbox 1543 2705 1851 2772; x_wconf 79' lang='lat' dir='ltr'><strong>Abimelcclt,</strong></span> 
     </span>
    </p>
   </div>
   <div class='ocr_carea' id='block_1_26' title="bbox 263 2795 1855 2866">
    <p class='ocr_par' dir='ltr' id='par_1_26' title="bbox 263 2795 1855 2866">
     <span class='ocr_line' id='line_1_26' title="bbox 263 2795 1855 2866; baseline 0.001 -17"><span class='ocrx_word' id='word_1_207' title='bbox 263 2805 317 2849; x_wconf 88' lang='lat' dir='ltr'><strong>et</strong></span> <span class='ocrx_word' id='word_1_208' title='bbox 347 2799 613 2865; x_wconf 67' lang='lat' dir='ltr'><strong>praefectus</strong></span> <span class='ocrx_word' id='word_1_209' title='bbox 639 2796 859 2866; x_wconf 75' lang='lat' dir='ltr'><strong>gyntecei</strong></span> <span class='ocrx_word' id='word_1_210' title='bbox 885 2805 931 2850; x_wconf 88' lang='lat' dir='ltr'><strong>et</strong></span> <span class='ocrx_word' id='word_1_211' title='bbox 953 2797 1057 2850; x_wconf 75' lang='lat' dir='ltr'><strong>dua:</strong></span> <span class='ocrx_word' id='word_1_212' title='bbox 1081 2797 1323 2851; x_wconf 78' lang='lat' dir='ltr'><strong>exercitus</strong></span> <span class='ocrx_word' id='word_1_213' title='bbox 1351 2799 1494 2866; x_wconf 85' lang='lat' dir='ltr'><strong>ejus;</strong></span> <span class='ocrx_word' id='word_1_214' title='bbox 1524 2795 1615 2851; x_wconf 76' lang='grc'><strong>28.</strong></span> <span class='ocrx_word' id='word_1_215' title='bbox 1648 2807 1694 2849; x_wconf 87' lang='lat' dir='ltr'><strong>et</strong></span> <span class='ocrx_word' id='word_1_216' title='bbox 1725 2797 1855 2850; x_wconf 71' lang='lat' dir='ltr'><strong>dixit</strong></span> 
     </span>
    </p>
   </div>
   <div class='ocr_carea' id='block_1_27' title="bbox 264 2885 1856 2951">
    <p class='ocr_par' dir='ltr' id='par_1_27' title="bbox 264 2885 1856 2951">
     <span class='ocr_line' id='line_1_27' title="bbox 264 2885 1856 2951; baseline -0.001 -11"><span class='ocrx_word' id='word_1_217' title='bbox 264 2885 342 2940; x_wconf 88' lang='lat' dir='ltr'><strong>eis</strong></span> <span class='ocrx_word' id='word_1_218' title='bbox 377 2885 528 2938; x_wconf 82' lang='lat' dir='ltr'><strong>Isaac</strong></span> <span class='ocrx_word' id='word_1_219' title='bbox 570 2900 589 2940; x_wconf 91' lang='lat'><strong><em>:</em></strong></span> <span class='ocrx_word' id='word_1_220' title='bbox 626 2886 796 2951; x_wconf 81' lang='lat' dir='ltr'><strong>Quare</strong></span> <span class='ocrx_word' id='word_1_221' title='bbox 833 2887 1034 2940; x_wconf 79' lang='lat' dir='ltr'><strong>venistis</strong></span> <span class='ocrx_word' id='word_1_222' title='bbox 1073 2887 1140 2939; x_wconf 88' lang='lat' dir='ltr'><strong>ad</strong></span> <span class='ocrx_word' id='word_1_223' title='bbox 1173 2886 1292 2939; x_wconf 84' lang='lat' dir='ltr'><strong>me?</strong></span> <span class='ocrx_word' id='word_1_224' title='bbox 1320 2902 1404 2940; x_wconf 80' lang='lat' dir='ltr'><strong>vos</strong></span> <span class='ocrx_word' id='word_1_225' title='bbox 1435 2897 1603 2940; x_wconf 87' lang='lat' dir='ltr'><strong>autem</strong></span> <span class='ocrx_word' id='word_1_226' title='bbox 1632 2888 1748 2940; x_wconf 84' lang='lat' dir='ltr'><strong>odio</strong></span> <span class='ocrx_word' id='word_1_227' title='bbox 1778 2903 1856 2938; x_wconf 85' lang='lat' dir='ltr'><strong>me</strong></span> 
     </span>
    </p>
   </div>
   <div class='ocr_carea' id='block_1_28' title="bbox 273 2974 1853 3047">
    <p class='ocr_par' dir='ltr' id='par_1_28' title="bbox 273 2974 1853 3047">
     <span class='ocr_line' id='line_1_28' title="bbox 273 2974 1853 3047; baseline 0.003 -19"><span class='ocrx_word' id='word_1_228' title='bbox 273 2975 540 3041; x_wconf 71' lang='lat' dir='ltr'><strong>habuistis,</strong></span> <span class='ocrx_word' id='word_1_229' title='bbox 571 2984 617 3029; x_wconf 90' lang='lat' dir='ltr'><strong>et</strong></span> <span class='ocrx_word' id='word_1_230' title='bbox 643 2974 906 3046; x_wconf 72' lang='lat' dir='ltr'><strong>expulistis</strong></span> <span class='ocrx_word' id='word_1_231' title='bbox 934 2993 966 3030; x_wconf 90' lang='lat' dir='ltr'><strong>a</strong></span> <span class='ocrx_word' id='word_1_232' title='bbox 991 2977 1146 3031; x_wconf 83' lang='lat' dir='ltr'><strong>vobis.</strong></span> <span class='ocrx_word' id='word_1_233' title='bbox 1181 2977 1342 3043; x_wconf 87' lang='lat' dir='ltr'><strong>Vide,</strong></span> <span class='ocrx_word' id='word_1_234' title='bbox 1371 2977 1596 3032; x_wconf 89' lang='lat' dir='ltr'><strong>obsecro</strong></span> <span class='ocrx_word' id='word_1_235' title='bbox 1616 3020 1628 3039; x_wconf 87' lang='lat'><em>.</em></span> <span class='ocrx_word' id='word_1_236' title='bbox 1657 2987 1853 3047; x_wconf 83' lang='lat' dir='ltr'><strong>quanta</strong></span> 
     </span>
    </p>
   </div>
   <div class='ocr_carea' id='block_1_29' title="bbox 255 3066 1852 3139">
    <p class='ocr_par' dir='ltr' id='par_1_29' title="bbox 255 3066 1852 3139">
     <span class='ocr_line' id='line_1_29' title="bbox 255 3066 1852 3139; baseline 0 -17"><span class='ocrx_word' id='word_1_237' title='bbox 255 3067 345 3122; x_wconf 66' lang='lat' dir='ltr'><strong>ait</strong></span> <span class='ocrx_word' id='word_1_238' title='bbox 365 3066 714 3123; x_wconf 77' lang='lat' dir='ltr'><strong>mansuetudo</strong></span> <span class='ocrx_word' id='word_1_239' title='bbox 731 3067 879 3137; x_wconf 84' lang='lat' dir='ltr'><strong>justi.</strong></span> <span class='ocrx_word' id='word_1_240' title='bbox 905 3067 1099 3124; x_wconf 90' lang='lat' dir='ltr'><strong>Videns</strong></span> <span class='ocrx_word' id='word_1_241' title='bbox 1120 3083 1211 3125; x_wconf 89' lang='lat' dir='ltr'><strong>eos</strong></span> <span class='ocrx_word' id='word_1_242' title='bbox 1231 3084 1260 3122; x_wconf 89' lang='lat' dir='ltr'><strong>a</strong></span> <span class='ocrx_word' id='word_1_243' title='bbox 1281 3069 1472 3138; x_wconf 86' lang='lat' dir='ltr'><strong>quibus</strong></span> <span class='ocrx_word' id='word_1_244' title='bbox 1494 3069 1700 3139; x_wconf 80' lang='lat' dir='ltr'><strong>fugatas</strong></span> <span class='ocrx_word' id='word_1_245' title='bbox 1718 3077 1852 3136; x_wconf 85' lang='lat' dir='ltr'><strong>erat,</strong></span> 
     </span>
    </p>
   </div>
   <div class='ocr_carea' id='block_1_30' title="bbox 261 3155 1851 3228">
    <p class='ocr_par' dir='ltr' id='par_1_30' title="bbox 261 3155 1851 3228">
     <span class='ocr_line' id='line_1_30' title="bbox 261 3155 1851 3228; baseline 0.001 -18"><span class='ocrx_word' id='word_1_246' title='bbox 261 3165 327 3211; x_wconf 80' lang='lat' dir='ltr'><strong>et</strong></span> <span class='ocrx_word' id='word_1_247' title='bbox 355 3155 447 3227; x_wconf 88' lang='lat' dir='ltr'><strong>qui</strong></span> <span class='ocrx_word' id='word_1_248' title='bbox 473 3166 618 3211; x_wconf 86' lang='lat' dir='ltr'><strong>tanto</strong></span> <span class='ocrx_word' id='word_1_249' title='bbox 642 3171 762 3211; x_wconf 88' lang='lat' dir='ltr'><strong>eum</strong></span> <span class='ocrx_word' id='word_1_250' title='bbox 783 3157 908 3212; x_wconf 91' lang='lat' dir='ltr'><strong>odio</strong></span> <span class='ocrx_word' id='word_1_251' title='bbox 933 3157 1141 3213; x_wconf 79' lang='lat' dir='ltr'><strong>fuerant</strong></span> <span class='ocrx_word' id='word_1_252' title='bbox 1170 3159 1664 3228; x_wconf 75' lang='lat' dir='ltr'><strong>prosequuti,nuuc</strong></span> <span class='ocrx_word' id='word_1_253' title='bbox 1689 3159 1851 3213; x_wconf 88' lang='lat' dir='ltr'><strong>veluti</strong></span> 
     </span>
    </p>
   </div>
   <div class='ocr_carea' id='block_1_31' title="bbox 270 3246 1852 3318">
    <p class='ocr_par' dir='ltr' id='par_1_31' title="bbox 270 3246 1852 3318">
     <span class='ocr_line' id='line_1_31' title="bbox 270 3246 1852 3318; baseline 0.001 -17"><span class='ocrx_word' id='word_1_254' title='bbox 270 3247 542 3316; x_wconf 86' lang='lat' dir='ltr'><strong>supplices</strong></span> <span class='ocrx_word' id='word_1_255' title='bbox 567 3246 634 3302; x_wconf 85' lang='lat' dir='ltr'><strong>ad</strong></span> <span class='ocrx_word' id='word_1_256' title='bbox 659 3263 718 3303; x_wconf 84' lang='lat' dir='ltr'><strong>se</strong></span> <span class='ocrx_word' id='word_1_257' title='bbox 738 3248 940 3313; x_wconf 88' lang='lat' dir='ltr'><strong>venire,</strong></span> <span class='ocrx_word' id='word_1_258' title='bbox 966 3262 1067 3303; x_wconf 89' lang='lat' dir='ltr'><strong>non</strong></span> <span class='ocrx_word' id='word_1_259' title='bbox 1088 3248 1380 3318; x_wconf 88' lang='lat' dir='ltr'><strong>superbivit</strong></span> <span class='ocrx_word' id='word_1_260' title='bbox 1404 3257 1591 3303; x_wconf 89' lang='lat' dir='ltr'><strong>contra</strong></span> <span class='ocrx_word' id='word_1_261' title='bbox 1608 3264 1722 3310; x_wconf 85' lang='lat' dir='ltr'><strong>eos.</strong></span> <span class='ocrx_word' id='word_1_262' title='bbox 1748 3262 1852 3303; x_wconf 89' lang='lat' dir='ltr'><strong>non</strong></span> 
     </span>
    </p>
   </div>
   <div class='ocr_carea' id='block_1_32' title="bbox 271 3336 1857 3408">
    <p class='ocr_par' dir='ltr' id='par_1_32' title="bbox 271 3336 1857 3408">
     <span class='ocr_line' id='line_1_32' title="bbox 271 3336 1857 3408; baseline 0 -16"><span class='ocrx_word' id='word_1_263' title='bbox 271 3336 415 3392; x_wconf 84' lang='lat' dir='ltr'><strong>elato</strong></span> <span class='ocrx_word' id='word_1_264' title='bbox 443 3336 540 3391; x_wconf 90' lang='lat' dir='ltr'><strong>fuit</strong></span> <span class='ocrx_word' id='word_1_265' title='bbox 586 3337 784 3405; x_wconf 86' lang='lat' dir='ltr'><strong>animo,</strong></span> <span class='ocrx_word' id='word_1_266' title='bbox 840 3353 1044 3393; x_wconf 89' lang='lat' dir='ltr'><strong>memor</strong></span> <span class='ocrx_word' id='word_1_267' title='bbox 1098 3353 1284 3393; x_wconf 87' lang='lat' dir='ltr'><strong>eorum</strong></span> <span class='ocrx_word' id='word_1_268' title='bbox 1330 3354 1448 3408; x_wconf 77' lang='lat' dir='ltr'><strong>qua:</strong></span> <span class='ocrx_word' id='word_1_269' title='bbox 1490 3339 1591 3394; x_wconf 85' lang='lat' dir='ltr'><strong>sibi</strong></span> <span class='ocrx_word' id='word_1_270' title='bbox 1619 3353 1648 3391; x_wconf 91' lang='lat' dir='ltr'><strong>a</strong></span> <span class='ocrx_word' id='word_1_271' title='bbox 1677 3339 1857 3394; x_wconf 82' lang='lat' dir='ltr'><strong>Domi-</strong></span> 
     </span>
    </p>
   </div>
   <div class='ocr_carea' id='block_1_33' title="bbox 264 3428 1857 3500">
    <p class='ocr_par' dir='ltr' id='par_1_33' title="bbox 264 3428 1857 3500">
     <span class='ocr_line' id='line_1_33' title="bbox 264 3428 1857 3500; baseline -0.001 -16"><span class='ocrx_word' id='word_1_272' title='bbox 264 3444 346 3484; x_wconf 73' lang='lat' dir='ltr'><strong>no</strong></span> <span class='ocrx_word' id='word_1_273' title='bbox 373 3429 512 3483; x_wconf 82' lang='lat' dir='ltr'><strong>dicta</strong></span> <span class='ocrx_word' id='word_1_274' title='bbox 554 3428 757 3484; x_wconf 79' lang='lat' dir='ltr'><strong>fuerant</strong></span> <span class='ocrx_word' id='word_1_275' title='bbox 782 3472 797 3494; x_wconf 95' lang='lat'><strong>,</strong></span> <span class='ocrx_word' id='word_1_276' title='bbox 823 3445 996 3500; x_wconf 85' lang='lat' dir='ltr'><strong>neque</strong></span> <span class='ocrx_word' id='word_1_277' title='bbox 1026 3429 1218 3484; x_wconf 89' lang='lat' dir='ltr'><strong>virtute</strong></span> <span class='ocrx_word' id='word_1_278' title='bbox 1246 3429 1450 3483; x_wconf 89' lang='lat' dir='ltr'><strong>Domini</strong></span> <span class='ocrx_word' id='word_1_279' title='bbox 1485 3428 1650 3484; x_wconf 89' lang='lat' dir='ltr'><strong>frctus</strong></span> <span class='ocrx_word' id='word_1_280' title='bbox 1683 3430 1857 3484; x_wconf 87' lang='lat' dir='ltr'><strong>insur-</strong></span> 
     </span>
    </p>
   </div>
   <div class='ocr_carea' id='block_1_34' title="bbox 273 3518 1856 3588">
    <p class='ocr_par' dir='ltr' id='par_1_34' title="bbox 273 3518 1856 3588">
     <span class='ocr_line' id='line_1_34' title="bbox 273 3518 1856 3588; baseline 0.003 -17"><span class='ocrx_word' id='word_1_281' title='bbox 273 3518 412 3572; x_wconf 87' lang='lat' dir='ltr'><strong>rexit</strong></span> <span class='ocrx_word' id='word_1_282' title='bbox 457 3526 639 3572; x_wconf 88' lang='lat' dir='ltr'><strong>contra</strong></span> <span class='ocrx_word' id='word_1_283' title='bbox 670 3533 848 3588; x_wconf 82' lang='lat' dir='ltr'><strong>regem</strong></span> <span class='ocrx_word' id='word_1_284' title='bbox 878 3536 891 3571; x_wconf 74' lang='grc' dir='ltr'>ε</span> <span class='ocrx_word' id='word_1_285' title='bbox 921 3518 1012 3576; x_wconf 88' lang='lat' dir='ltr'><strong>sed</strong></span> <span class='ocrx_word' id='word_1_286' title='bbox 1051 3521 1241 3573; x_wconf 86' lang='lat' dir='ltr'><strong>iterum</strong></span> <span class='ocrx_word' id='word_1_287' title='bbox 1269 3529 1577 3574; x_wconf 88' lang='lat' dir='ltr'><strong>consuetam</strong></span> <span class='ocrx_word' id='word_1_288' title='bbox 1611 3534 1856 3575; x_wconf 60' lang='lat' dir='ltr'><strong>mansne-</strong></span> 
     </span>
    </p>
   </div>
   <div class='ocr_carea' id='block_1_35' title="bbox 273 3607 1854 3679">
    <p class='ocr_par' dir='ltr' id='par_1_35' title="bbox 273 3607 1854 3679">
     <span class='ocr_line' id='line_1_35' title="bbox 273 3607 1854 3679; baseline 0.002 -18"><span class='ocrx_word' id='word_1_289' title='bbox 273 3607 513 3662; x_wconf 85' lang='lat' dir='ltr'><strong>tudinem</strong></span> <span class='ocrx_word' id='word_1_290' title='bbox 541 3621 648 3676; x_wconf 80' lang='lat' dir='ltr'><strong>pra:</strong></span> <span class='ocrx_word' id='word_1_291' title='bbox 669 3622 729 3663; x_wconf 83' lang='lat' dir='ltr'><strong>se</strong></span> <span class='ocrx_word' id='word_1_292' title='bbox 754 3608 952 3675; x_wconf 89' lang='lat' dir='ltr'><strong>ferens,</strong></span> <span class='ocrx_word' id='word_1_293' title='bbox 977 3623 1094 3664; x_wconf 91' lang='lat' dir='ltr'><strong>cum</strong></span> <span class='ocrx_word' id='word_1_294' title='bbox 1125 3625 1310 3679; x_wconf 83' lang='lat' dir='ltr'><strong>magna</strong></span> <span class='ocrx_word' id='word_1_295' title='bbox 1333 3609 1550 3665; x_wconf 88' lang='lat' dir='ltr'><strong>lenitate</strong></span> <span class='ocrx_word' id='word_1_296' title='bbox 1571 3611 1854 3666; x_wconf 86' lang='lat' dir='ltr'><strong>verberum</strong></span> 
     </span>
    </p>
   </div>
   <div class='ocr_carea' id='block_1_36' title="bbox 271 3695 1859 3762">
    <p class='ocr_par' dir='ltr' id='par_1_36' title="bbox 271 3695 1859 3762">
     <span class='ocr_line' id='line_1_36' title="bbox 271 3695 1859 3762; baseline 0.002 -11"><span class='ocrx_word' id='word_1_297' title='bbox 271 3695 410 3751; x_wconf 89' lang='lat' dir='ltr'><strong>dixit</strong></span> <span class='ocrx_word' id='word_1_298' title='bbox 446 3697 526 3752; x_wconf 83' lang='lat' dir='ltr'><strong>eis</strong></span> <span class='ocrx_word' id='word_1_299' title='bbox 557 3714 572 3750; x_wconf 92' lang='lat'><strong>:</strong></span> <span class='ocrx_word' id='word_1_300' title='bbox 603 3695 771 3762; x_wconf 79' lang='lat' dir='ltr'><strong>Quare</strong></span> <span class='ocrx_word' id='word_1_301' title='bbox 807 3698 1006 3751; x_wconf 77' lang='lat' dir='ltr'><strong>uenistis</strong></span> <span class='ocrx_word' id='word_1_302' title='bbox 1033 3699 1102 3751; x_wconf 86' lang='lat' dir='ltr'><strong>ad</strong></span> <span class='ocrx_word' id='word_1_303' title='bbox 1144 3715 1222 3752; x_wconf 88' lang='lat' dir='ltr'><strong>me</strong></span> <span class='ocrx_word' id='word_1_304' title='bbox 1252 3699 1278 3751; x_wconf 71' lang='grc' dir='ltr'><em>γ</em></span> <span class='ocrx_word' id='word_1_305' title='bbox 1306 3715 1391 3753; x_wconf 73' lang='lat' dir='ltr'><strong>vos</strong></span> <span class='ocrx_word' id='word_1_306' title='bbox 1419 3710 1587 3753; x_wconf 81' lang='lat' dir='ltr'><strong>autem</strong></span> <span class='ocrx_word' id='word_1_307' title='bbox 1624 3699 1742 3753; x_wconf 85' lang='lat' dir='ltr'><strong>odio</strong></span> <span class='ocrx_word' id='word_1_308' title='bbox 1779 3717 1859 3755; x_wconf 88' lang='lat' dir='ltr'><strong>me</strong></span> 
     </span>
    </p>
   </div>
   <div class='ocr_carea' id='block_1_37' title="bbox 271 3787 1854 3862">
    <p class='ocr_par' dir='ltr' id='par_1_37' title="bbox 271 3787 1854 3862">
     <span class='ocr_line' id='line_1_37' title="bbox 271 3787 1854 3862; baseline 0.003 -20"><span class='ocrx_word' id='word_1_309' title='bbox 271 3787 550 3852; x_wconf 72' lang='lat' dir='ltr'><strong>habuistis.</strong></span> <span class='ocrx_word' id='word_1_310' title='bbox 583 3798 630 3844; x_wconf 85' lang='lat' dir='ltr'><strong>et</strong></span> <span class='ocrx_word' id='word_1_311' title='bbox 654 3805 686 3844; x_wconf 87' lang='lat' dir='ltr'><strong>a</strong></span> <span class='ocrx_word' id='word_1_312' title='bbox 709 3789 843 3844; x_wconf 74' lang='lat' dir='ltr'><strong>vobis</strong></span> <span class='ocrx_word' id='word_1_313' title='bbox 861 3791 1140 3861; x_wconf 70' lang='lat' dir='ltr'><strong>expulistis.</strong></span> <span class='ocrx_word' id='word_1_314' title='bbox 1171 3790 1376 3856; x_wconf 82' lang='lat' dir='ltr'><strong>Quare,</strong></span> <span class='ocrx_word' id='word_1_315' title='bbox 1411 3791 1611 3862; x_wconf 90' lang='lat' dir='ltr'><strong>inquit,</strong></span> <span class='ocrx_word' id='word_1_316' title='bbox 1640 3793 1854 3847; x_wconf 87' lang='lat' dir='ltr'><strong>censui-</strong></span> 
     </span>
    </p>
   </div>
   <div class='ocr_carea' id='block_1_38' title="bbox 271 3879 1854 3951">
    <p class='ocr_par' dir='ltr' id='par_1_38' title="bbox 271 3879 1854 3951">
     <span class='ocr_line' id='line_1_38' title="bbox 271 3879 1854 3951; baseline 0.002 -17"><span class='ocrx_word' id='word_1_317' title='bbox 271 3879 374 3934; x_wconf 82' lang='lat' dir='ltr'><strong>stis</strong></span> <span class='ocrx_word' id='word_1_318' title='bbox 407 3888 468 3934; x_wconf 89' lang='lat' dir='ltr'><strong>ut</strong></span> <span class='ocrx_word' id='word_1_319' title='bbox 494 3880 644 3934; x_wconf 80' lang='lat' dir='ltr'><strong>vobis</strong></span> <span class='ocrx_word' id='word_1_320' title='bbox 669 3881 984 3935; x_wconf 83' lang='lat' dir='ltr'><strong>veniendum</strong></span> <span class='ocrx_word' id='word_1_321' title='bbox 1023 3882 1088 3936; x_wconf 88' lang='lat' dir='ltr'><strong>sit</strong></span> <span class='ocrx_word' id='word_1_322' title='bbox 1129 3882 1193 3936; x_wconf 90' lang='lat' dir='ltr'><strong>ad</strong></span> <span class='ocrx_word' id='word_1_323' title='bbox 1227 3897 1313 3938; x_wconf 90' lang='lat' dir='ltr'><strong>me</strong></span> <span class='ocrx_word' id='word_1_324' title='bbox 1341 3883 1618 3951; x_wconf 84' lang='lat' dir='ltr'><strong>expulsum</strong></span> <span class='ocrx_word' id='word_1_325' title='bbox 1649 3891 1702 3939; x_wconf 92' lang='lat' dir='ltr'><strong>et</strong></span> <span class='ocrx_word' id='word_1_326' title='bbox 1731 3884 1854 3938; x_wconf 91' lang='lat' dir='ltr'><strong>odio</strong></span> 
     </span>
    </p>
   </div>
   <div class='ocr_carea' id='block_1_39' title="bbox 271 3968 1856 4041">
    <p class='ocr_par' dir='ltr' id='par_1_39' title="bbox 271 3968 1856 4041">
     <span class='ocr_line' id='line_1_39' title="bbox 271 3968 1856 4041; baseline 0.004 -17"><span class='ocrx_word' id='word_1_327' title='bbox 271 3968 553 4024; x_wconf 79' lang='lat' dir='ltr'><strong>habitum?</strong></span> <span class='ocrx_word' id='word_1_328' title='bbox 577 3970 666 4025; x_wconf 73' lang='lat'><strong>28.</strong></span> <span class='ocrx_word' id='word_1_329' title='bbox 696 3969 763 4024; x_wconf 84' lang='lat' dir='ltr'><strong>Et</strong></span> <span class='ocrx_word' id='word_1_330' title='bbox 793 3971 1026 4026; x_wconf 72' lang='lat' dir='ltr'><strong>dixerunt</strong></span> <span class='ocrx_word' id='word_1_331' title='bbox 1054 3987 1072 4024; x_wconf 90' lang='lat'><strong><em>:</em></strong></span> <span class='ocrx_word' id='word_1_332' title='bbox 1109 3971 1337 4027; x_wconf 77' lang='lat' dir='ltr'><strong>Videntes</strong></span> <span class='ocrx_word' id='word_1_333' title='bbox 1366 3973 1580 4028; x_wconf 80' lang='lat' dir='ltr'><strong>vidimus</strong></span> <span class='ocrx_word' id='word_1_334' title='bbox 1604 3976 1722 4041; x_wconf 86' lang='lat' dir='ltr'><strong>quia</strong></span> <span class='ocrx_word' id='word_1_335' title='bbox 1749 3975 1856 4031; x_wconf 87' lang='lat' dir='ltr'><strong>Do-</strong></span> 
     </span>
    </p>
   </div>
   <div class='ocr_carea' id='block_1_40' title="bbox 270 4060 1857 4125">
    <p class='ocr_par' dir='ltr' id='par_1_40' title="bbox 270 4060 1857 4125">
     <span class='ocr_line' id='line_1_40' title="bbox 270 4060 1857 4125; baseline 0.004 -12"><span class='ocrx_word' id='word_1_336' title='bbox 270 4061 442 4113; x_wconf 72' lang='lat' dir='ltr'><strong>minus</strong></span> <span class='ocrx_word' id='word_1_337' title='bbox 485 4071 644 4114; x_wconf 78' lang='lat' dir='ltr'><strong>tecum</strong></span> <span class='ocrx_word' id='word_1_338' title='bbox 663 4101 679 4125; x_wconf 96' lang='lat'><strong>,</strong></span> <span class='ocrx_word' id='word_1_339' title='bbox 710 4070 756 4115; x_wconf 91' lang='lat' dir='ltr'><strong>et</strong></span> <span class='ocrx_word' id='word_1_340' title='bbox 785 4062 1002 4116; x_wconf 73' lang='lat' dir='ltr'><strong>diximus</strong></span> <span class='ocrx_word' id='word_1_341' title='bbox 1029 4078 1047 4114; x_wconf 92' lang='lat'><strong><em>:</em></strong></span> <span class='ocrx_word' id='word_1_342' title='bbox 1074 4060 1193 4115; x_wconf 84' lang='lat' dir='ltr'><strong>Fiat</strong></span> <span class='ocrx_word' id='word_1_343' title='bbox 1233 4064 1504 4118; x_wconf 72' lang='lat' dir='ltr'><strong>exsecratio</strong></span> <span class='ocrx_word' id='word_1_344' title='bbox 1531 4066 1662 4119; x_wconf 82' lang='lat' dir='ltr'><strong>inter</strong></span> <span class='ocrx_word' id='word_1_345' title='bbox 1691 4081 1782 4120; x_wconf 88' lang='lat' dir='ltr'><strong>nos</strong></span> <span class='ocrx_word' id='word_1_346' title='bbox 1808 4075 1857 4120; x_wconf 89' lang='lat' dir='ltr'><strong>et</strong></span> 
     </span>
    </p>
   </div>
   <div class='ocr_carea' id='block_1_41' title="bbox 270 4151 1857 4224">
    <p class='ocr_par' dir='ltr' id='par_1_41' title="bbox 270 4151 1857 4224">
     <span class='ocr_line' id='line_1_41' title="bbox 270 4151 1857 4224; baseline 0.005 -22"><span class='ocrx_word' id='word_1_347' title='bbox 270 4152 405 4204; x_wconf 74' lang='lat' dir='ltr'><strong>inter</strong></span> <span class='ocrx_word' id='word_1_348' title='bbox 431 4159 509 4217; x_wconf 82' lang='lat' dir='ltr'><strong>te,</strong></span> <span class='ocrx_word' id='word_1_349' title='bbox 540 4160 589 4205; x_wconf 87' lang='lat' dir='ltr'><strong>et</strong></span> <span class='ocrx_word' id='word_1_350' title='bbox 613 4151 934 4220; x_wconf 82' lang='lat' dir='ltr'><strong>disponemus</strong></span> <span class='ocrx_word' id='word_1_351' title='bbox 963 4152 1126 4223; x_wconf 67' lang='lat' dir='ltr'><strong>[mdes</strong></span> <span class='ocrx_word' id='word_1_352' title='bbox 1156 4162 1317 4206; x_wconf 83' lang='lat' dir='ltr'><strong>tecum</strong></span> <span class='ocrx_word' id='word_1_353' title='bbox 1337 4196 1354 4220; x_wconf 89' lang='lat'><strong>,</strong></span> <span class='ocrx_word' id='word_1_354' title='bbox 1384 4152 1473 4209; x_wconf 72' lang='lat'><strong>29.</strong></span> <span class='ocrx_word' id='word_1_355' title='bbox 1503 4165 1559 4208; x_wconf 83' lang='lat' dir='ltr'><strong>ut</strong></span> <span class='ocrx_word' id='word_1_356' title='bbox 1583 4172 1644 4220; x_wconf 78' lang='lat' dir='ltr'><strong>ne</strong></span> <span class='ocrx_word' id='word_1_357' title='bbox 1678 4155 1857 4224; x_wconf 82' lang='lat' dir='ltr'><strong>feceris</strong></span> 
     </span>
    </p>
   </div>
   <div class='ocr_carea' id='block_1_42' title="bbox 273 4239 1857 4314">
    <p class='ocr_par' dir='ltr' id='par_1_42' title="bbox 273 4239 1857 4314">
     <span class='ocr_line' id='line_1_42' title="bbox 273 4239 1857 4314; baseline 0.004 -20"><span class='ocrx_word' id='word_1_358' title='bbox 273 4239 532 4294; x_wconf 50' lang='lat' dir='ltr'><strong>nobiscum</strong></span> <span class='ocrx_word' id='word_1_359' title='bbox 556 4241 775 4306; x_wconf 73' lang='lat' dir='ltr'><strong>nmium,</strong></span> <span class='ocrx_word' id='word_1_360' title='bbox 799 4243 928 4296; x_wconf 79' lang='lat' dir='ltr'><strong>sicut</strong></span> <span class='ocrx_word' id='word_1_361' title='bbox 957 4257 1047 4296; x_wconf 87' lang='lat' dir='ltr'><strong>nos</strong></span> <span class='ocrx_word' id='word_1_362' title='bbox 1074 4258 1176 4297; x_wconf 86' lang='lat' dir='ltr'><strong>non</strong></span> <span class='ocrx_word' id='word_1_363' title='bbox 1203 4245 1479 4299; x_wconf 82' lang='lat' dir='ltr'><strong>abominati</strong></span> <span class='ocrx_word' id='word_1_364' title='bbox 1501 4261 1674 4300; x_wconf 78' lang='lat' dir='ltr'><strong>sumus</strong></span> <span class='ocrx_word' id='word_1_365' title='bbox 1699 4256 1777 4314; x_wconf 89' lang='lat' dir='ltr'><strong>te,</strong></span> <span class='ocrx_word' id='word_1_366' title='bbox 1809 4257 1857 4301; x_wconf 84' lang='lat' dir='ltr'><strong>et</strong></span> 
     </span>
    </p>
   </div>
   <div class='ocr_carea' id='block_1_43' title="bbox 269 4335 1856 4406">
    <p class='ocr_par' dir='ltr' id='par_1_43' title="bbox 269 4335 1856 4406">
     <span class='ocr_line' id='line_1_43' title="bbox 269 4335 1856 4406; baseline 0.008 -18"><span class='ocrx_word' id='word_1_367' title='bbox 269 4335 523 4405; x_wconf 67' lang='lat' dir='ltr'><strong>caornodo</strong></span> <span class='ocrx_word' id='word_1_368' title='bbox 553 4346 712 4392; x_wconf 77' lang='lat' dir='ltr'><strong>tecum</strong></span> <span class='ocrx_word' id='word_1_369' title='bbox 752 4338 873 4392; x_wconf 83' lang='lat' dir='ltr'><strong>bene</strong></span> <span class='ocrx_word' id='word_1_370' title='bbox 907 4355 1079 4395; x_wconf 71' lang='lat' dir='ltr'><strong>suum</strong></span> <span class='ocrx_word' id='word_1_371' title='bbox 1117 4343 1195 4395; x_wconf 85' lang='lat' dir='ltr'><strong>usi</strong></span> <span class='ocrx_word' id='word_1_372' title='bbox 1220 4383 1235 4406; x_wconf 93' lang='lat'><strong>,</strong></span> <span class='ocrx_word' id='word_1_373' title='bbox 1261 4351 1308 4395; x_wconf 89' lang='lat' dir='ltr'><strong>et</strong></span> <span class='ocrx_word' id='word_1_374' title='bbox 1353 4343 1632 4399; x_wconf 81' lang='lat' dir='ltr'><strong>dimisimus</strong></span> <span class='ocrx_word' id='word_1_375' title='bbox 1661 4353 1708 4400; x_wconf 90' lang='lat' dir='ltr'><strong>te</strong></span> <span class='ocrx_word' id='word_1_376' title='bbox 1741 4361 1856 4400; x_wconf 80' lang='lat' dir='ltr'><strong>cum</strong></span> 
     </span>
    </p>
   </div>
   <div class='ocr_carea' id='block_1_44' title="bbox 274 4428 1445 4504">
    <p class='ocr_par' dir='ltr' id='par_1_44' title="bbox 274 4428 1445 4504">
     <span class='ocr_line' id='line_1_44' title="bbox 274 4428 1445 4504; baseline 0.009 -26"><span class='ocrx_word' id='word_1_377' title='bbox 274 4443 420 4497; x_wconf 80' lang='lat' dir='ltr'><strong>pace,</strong></span> <span class='ocrx_word' id='word_1_378' title='bbox 451 4435 500 4480; x_wconf 91' lang='lat' dir='ltr'><strong>et</strong></span> <span class='ocrx_word' id='word_1_379' title='bbox 524 4444 657 4482; x_wconf 82' lang='lat' dir='ltr'><strong>nunc</strong></span> <span class='ocrx_word' id='word_1_380' title='bbox 681 4428 966 4484; x_wconf 71' lang='lat' dir='ltr'><strong>benedictus</strong></span> <span class='ocrx_word' id='word_1_381' title='bbox 991 4441 1044 4486; x_wconf 81' lang='lat' dir='ltr'><strong>tu</strong></span> <span class='ocrx_word' id='word_1_382' title='bbox 1072 4447 1106 4487; x_wconf 72' lang='grc' dir='ltr'><strong><em>ο</em></strong></span> <span class='ocrx_word' id='word_1_383' title='bbox 1131 4431 1372 4488; x_wconf 85' lang='lat' dir='ltr'><strong>Domino.</strong></span> <span class='ocrx_word' id='word_1_384' title='bbox 1435 4497 1445 4504; x_wconf 38' lang='grc' dir='ltr'><strong><em>ο</em></strong></span> 
     </span>
    </p>
   </div>
   <div class='ocr_carea' id='block_1_45' title="bbox 343 4516 1856 4602">
    <p class='ocr_par' dir='ltr' id='par_1_45' title="bbox 343 4516 1856 4602">
     <span class='ocr_line' id='line_1_45' title="bbox 343 4516 1856 4602; baseline 0.01 -30"><span class='ocrx_word' id='word_1_385' title='bbox 343 4518 402 4572; x_wconf 75' lang='grc'><strong>4.</strong></span> <span class='ocrx_word' id='word_1_386' title='bbox 445 4516 575 4574; x_wconf 84' lang='lat' dir='ltr'><strong>Vide</strong></span> <span class='ocrx_word' id='word_1_387' title='bbox 599 4527 852 4589; x_wconf 88' lang='lat' dir='ltr'><strong>quantum</strong></span> <span class='ocrx_word' id='word_1_388' title='bbox 880 4525 1298 4580; x_wconf 79' lang='lat' dir='ltr'><strong>mansuetudinis</strong></span> <span class='ocrx_word' id='word_1_389' title='bbox 1323 4527 1486 4596; x_wconf 86' lang='lat' dir='ltr'><strong>robur</strong></span> <span class='ocrx_word' id='word_1_390' title='bbox 1507 4569 1523 4596; x_wconf 96' lang='lat'><strong>,</strong></span> <span class='ocrx_word' id='word_1_391' title='bbox 1555 4541 1856 4602; x_wconf 83' lang='lat' dir='ltr'><strong>quantaque</strong></span> 
     </span>
    </p>
   </div>
   <div class='ocr_carea' id='block_1_46' title="bbox 272 4607 1856 4690">
    <p class='ocr_par' dir='ltr' id='par_1_46' title="bbox 272 4607 1856 4690">
     <span class='ocr_line' id='line_1_46' title="bbox 272 4607 1856 4690; baseline 0.009 -28"><span class='ocrx_word' id='word_1_392' title='bbox 272 4607 485 4664; x_wconf 79' lang='lat' dir='ltr'><strong>virtutis</strong></span> <span class='ocrx_word' id='word_1_393' title='bbox 525 4611 781 4679; x_wconf 86' lang='lat' dir='ltr'><strong>potentia.</strong></span> <span class='ocrx_word' id='word_1_394' title='bbox 825 4610 957 4667; x_wconf 82' lang='lat' dir='ltr'><strong>Nam</strong></span> <span class='ocrx_word' id='word_1_395' title='bbox 983 4613 1073 4684; x_wconf 85' lang='lat' dir='ltr'><strong>qui</strong></span> <span class='ocrx_word' id='word_1_396' title='bbox 1114 4615 1320 4684; x_wconf 83' lang='lat' dir='ltr'><strong>pridem</strong></span> <span class='ocrx_word' id='word_1_397' title='bbox 1360 4618 1684 4690; x_wconf 61' lang='lat' dir='ltr'><strong>abiegerant,</strong></span> <span class='ocrx_word' id='word_1_398' title='bbox 1714 4635 1856 4678; x_wconf 88' lang='lat' dir='ltr'><strong>nunc</strong></span> 
     </span>
    </p>
   </div>
   <div class='ocr_carea' id='block_1_47' title="bbox 272 4691 1849 4773">
    <p class='ocr_par' dir='ltr' id='par_1_47' title="bbox 272 4691 1849 4773">
     <span class='ocr_line' id='line_1_47' title="bbox 272 4691 1849 4773; baseline 0.011 -29"><span class='ocrx_word' id='word_1_399' title='bbox 272 4693 492 4746; x_wconf 87' lang='lat' dir='ltr'><strong>veniunt</strong></span> <span class='ocrx_word' id='word_1_400' title='bbox 517 4691 584 4748; x_wconf 86' lang='lat' dir='ltr'><strong>ad</strong></span> <span class='ocrx_word' id='word_1_401' title='bbox 615 4697 950 4765; x_wconf 86' lang='lat' dir='ltr'><strong>peregrinum</strong></span> <span class='ocrx_word' id='word_1_402' title='bbox 971 4737 986 4761; x_wconf 94' lang='lat'><strong>,</strong></span> <span class='ocrx_word' id='word_1_403' title='bbox 1011 4699 1078 4752; x_wconf 90' lang='lat' dir='ltr'><strong>ad</strong></span> <span class='ocrx_word' id='word_1_404' title='bbox 1108 4699 1276 4754; x_wconf 79' lang='lat' dir='ltr'><strong>virum</strong></span> <span class='ocrx_word' id='word_1_405' title='bbox 1303 4703 1515 4758; x_wconf 84' lang='lat' dir='ltr'><strong>civitate</strong></span> <span class='ocrx_word' id='word_1_406' title='bbox 1541 4716 1810 4762; x_wconf 81' lang='lat' dir='ltr'><strong>carentem</strong></span> <span class='ocrx_word' id='word_1_407' title='bbox 1833 4748 1849 4773; x_wconf 94' lang='lat'><strong>,</strong></span> 
     </span>
    </p>
   </div>
   <div class='ocr_carea' id='block_1_48' title="bbox 269 4781 1854 4854">
    <p class='ocr_par' dir='ltr' id='par_1_48' title="bbox 269 4781 1854 4854">
     <span class='ocr_line' id='line_1_48' title="bbox 269 4781 1854 4854; baseline 0.011 -20"><span class='ocrx_word' id='word_1_408' title='bbox 269 4781 336 4836; x_wconf 87' lang='lat' dir='ltr'><strong>ad</strong></span> <span class='ocrx_word' id='word_1_409' title='bbox 377 4797 621 4837; x_wconf 88' lang='lat' dir='ltr'><strong>erronem</strong></span> <span class='ocrx_word' id='word_1_410' title='bbox 652 4804 665 4839; x_wconf 90' lang='lat'>:</span> <span class='ocrx_word' id='word_1_411' title='bbox 692 4794 749 4839; x_wconf 89' lang='lat' dir='ltr'><strong>et</strong></span> <span class='ocrx_word' id='word_1_412' title='bbox 777 4799 882 4839; x_wconf 89' lang='lat' dir='ltr'><strong>non</strong></span> <span class='ocrx_word' id='word_1_413' title='bbox 909 4786 1079 4842; x_wconf 88' lang='lat' dir='ltr'><strong>solum</strong></span> <span class='ocrx_word' id='word_1_414' title='bbox 1104 4789 1469 4854; x_wconf 84' lang='lat' dir='ltr'><strong>satisfaciunt,</strong></span> <span class='ocrx_word' id='word_1_415' title='bbox 1502 4806 1566 4847; x_wconf 87' lang='lat' dir='ltr'><strong>ac</strong></span> <span class='ocrx_word' id='word_1_416' title='bbox 1597 4805 1854 4852; x_wconf 78' lang='lat' dir='ltr'><strong>excusant</strong></span> 
     </span>
    </p>
   </div>
   <div class='ocr_carea' id='block_1_49' title="bbox 269 4875 1852 4951">
    <p class='ocr_par' dir='ltr' id='par_1_49' title="bbox 269 4875 1852 4951">
     <span class='ocr_line' id='line_1_49' title="bbox 269 4875 1852 4951; baseline 0.008 -22"><span class='ocrx_word' id='word_1_417' title='bbox 269 4889 330 4930; x_wconf 77' lang='lat' dir='ltr'><strong>se</strong></span> <span class='ocrx_word' id='word_1_418' title='bbox 372 4875 442 4930; x_wconf 88' lang='lat' dir='ltr'><strong>de</strong></span> <span class='ocrx_word' id='word_1_419' title='bbox 484 4875 550 4930; x_wconf 86' lang='lat' dir='ltr'><strong>iis</strong></span> <span class='ocrx_word' id='word_1_420' title='bbox 585 4891 705 4946; x_wconf 61' lang='lat' dir='ltr'><strong>quae</strong></span> <span class='ocrx_word' id='word_1_421' title='bbox 743 4879 1154 4944; x_wconf 82' lang='lat' dir='ltr'><strong>commiserant,</strong></span> <span class='ocrx_word' id='word_1_422' title='bbox 1181 4891 1234 4935; x_wconf 89' lang='lat' dir='ltr'><strong>et</strong></span> <span class='ocrx_word' id='word_1_423' title='bbox 1274 4894 1609 4951; x_wconf 84' lang='lat' dir='ltr'><strong>peccatorum</strong></span> <span class='ocrx_word' id='word_1_424' title='bbox 1639 4887 1852 4942; x_wconf 86' lang='lat' dir='ltr'><strong>veniam</strong></span> 
     </span>
    </p>
   </div>
   <div class='ocr_carea' id='block_1_50' title="bbox 274 4968 1855 5047">
    <p class='ocr_par' dir='ltr' id='par_1_50' title="bbox 274 4968 1855 5047">
     <span class='ocr_line' id='line_1_50' title="bbox 274 4968 1855 5047; baseline 0.012 -31"><span class='ocrx_word' id='word_1_425' title='bbox 274 4975 480 5034; x_wconf 67' lang='lat' dir='ltr'><strong>petiuit,</strong></span> <span class='ocrx_word' id='word_1_426' title='bbox 509 4968 603 5023; x_wconf 86' lang='lat' dir='ltr'><strong>sed</strong></span> <span class='ocrx_word' id='word_1_427' title='bbox 630 4977 683 5024; x_wconf 91' lang='lat' dir='ltr'><strong>et</strong></span> <span class='ocrx_word' id='word_1_428' title='bbox 716 4971 1002 5039; x_wconf 76' lang='lat' dir='ltr'><strong>pnndicant</strong></span> <span class='ocrx_word' id='word_1_429' title='bbox 1023 4972 1244 5042; x_wconf 85' lang='lat' dir='ltr'><strong>justum,</strong></span> <span class='ocrx_word' id='word_1_430' title='bbox 1278 4974 1616 5047; x_wconf 74' lang='lat' dir='ltr'><strong>iudicumque</strong></span> <span class='ocrx_word' id='word_1_431' title='bbox 1642 4979 1744 5034; x_wconf 88' lang='lat' dir='ltr'><strong>sibi</strong></span> <span class='ocrx_word' id='word_1_432' title='bbox 1773 4981 1855 5035; x_wconf 88' lang='lat' dir='ltr'><strong>in-</strong></span> 
     </span>
    </p>
   </div>
   <div class='ocr_carea' id='block_1_51' title="bbox 270 5061 1854 5135">
    <p class='ocr_par' dir='ltr' id='par_1_51' title="bbox 270 5061 1854 5135">
     <span class='ocr_line' id='line_1_51' title="bbox 270 5061 1854 5135; baseline 0.009 -25"><span class='ocrx_word' id='word_1_433' title='bbox 270 5071 490 5111; x_wconf 88' lang='lat' dir='ltr'><strong>cussum</strong></span> <span class='ocrx_word' id='word_1_434' title='bbox 515 5070 734 5129; x_wconf 86' lang='lat' dir='ltr'><strong>metum,</strong></span> <span class='ocrx_word' id='word_1_435' title='bbox 765 5077 826 5116; x_wconf 90' lang='lat' dir='ltr'><strong>ac</strong></span> <span class='ocrx_word' id='word_1_436' title='bbox 851 5061 1170 5117; x_wconf 82' lang='lat' dir='ltr'><strong>cantitentur</strong></span> <span class='ocrx_word' id='word_1_437' title='bbox 1193 5080 1341 5119; x_wconf 88' lang='lat' dir='ltr'><strong>suam</strong></span> <span class='ocrx_word' id='word_1_438' title='bbox 1374 5066 1733 5123; x_wconf 80' lang='lat' dir='ltr'><strong>inﬁmitatem</strong></span> <span class='ocrx_word' id='word_1_439' title='bbox 1755 5111 1769 5135; x_wconf 93' lang='lat'><strong>,</strong></span> <span class='ocrx_word' id='word_1_440' title='bbox 1801 5079 1854 5125; x_wconf 90' lang='lat' dir='ltr'><strong>et</strong></span> 
     </span>
    </p>
   </div>
   <div class='ocr_carea' id='block_1_52' title="bbox 266 5148 1854 5223">
    <p class='ocr_par' dir='ltr' id='par_1_52' title="bbox 266 5148 1854 5223">
     <span class='ocr_line' id='line_1_52' title="bbox 266 5148 1854 5223; baseline 0.011 -23"><span class='ocrx_word' id='word_1_441' title='bbox 266 5148 399 5217; x_wconf 85' lang='lat' dir='ltr'><strong>justi</strong></span> <span class='ocrx_word' id='word_1_442' title='bbox 422 5162 665 5218; x_wconf 79' lang='lat' dir='ltr'><strong>magnam</strong></span> <span class='ocrx_word' id='word_1_443' title='bbox 692 5159 953 5207; x_wconf 83' lang='lat' dir='ltr'><strong>testantur</strong></span> <span class='ocrx_word' id='word_1_444' title='bbox 972 5154 1241 5210; x_wconf 79' lang='lat' dir='ltr'><strong>virtutem.</strong></span> <span class='ocrx_word' id='word_1_445' title='bbox 1264 5154 1400 5223; x_wconf 88' lang='lat' dir='ltr'><strong>Quid</strong></span> <span class='ocrx_word' id='word_1_446' title='bbox 1423 5158 1564 5211; x_wconf 88' lang='lat' dir='ltr'><strong>enim</strong></span> <span class='ocrx_word' id='word_1_447' title='bbox 1587 5160 1854 5217; x_wconf 85' lang='lat' dir='ltr'><strong>robustius</strong></span> 
     </span>
    </p>
   </div>
   <div class='ocr_carea' id='block_1_53' title="bbox 271 5239 1854 5323">
    <p class='ocr_par' dir='ltr' id='par_1_53' title="bbox 271 5239 1854 5323">
     <span class='ocr_line' id='line_1_53' title="bbox 271 5239 1854 5323; baseline 0.008 -29"><span class='ocrx_word' id='word_1_448' title='bbox 271 5254 338 5294; x_wconf 92' lang='lat' dir='ltr'><strong>co</strong></span> <span class='ocrx_word' id='word_1_449' title='bbox 384 5239 474 5309; x_wconf 88' lang='lat' dir='ltr'><strong>qui</strong></span> <span class='ocrx_word' id='word_1_450' title='bbox 512 5253 694 5296; x_wconf 79' lang='lat' dir='ltr'><strong>secum</strong></span> <span class='ocrx_word' id='word_1_451' title='bbox 739 5240 898 5298; x_wconf 81' lang='lat' dir='ltr'><strong>habet</strong></span> <span class='ocrx_word' id='word_1_452' title='bbox 934 5243 1134 5299; x_wconf 73' lang='lat' dir='ltr'><strong>Deum?</strong></span> <span class='ocrx_word' id='word_1_453' title='bbox 1185 5246 1417 5302; x_wconf 82' lang='lat' dir='ltr'><strong>Videntes</strong></span> <span class='ocrx_word' id='word_1_454' title='bbox 1440 5291 1453 5312; x_wconf 95' lang='lat'><strong>,</strong></span> <span class='ocrx_word' id='word_1_455' title='bbox 1486 5251 1691 5319; x_wconf 90' lang='lat' dir='ltr'><strong>inquit,</strong></span> <span class='ocrx_word' id='word_1_456' title='bbox 1719 5253 1854 5323; x_wconf 82' lang='lat' dir='ltr'><strong>quod</strong></span> 
     </span>
    </p>
   </div>
   <div class='ocr_carea' id='block_1_54' title="bbox 277 5327 1849 5408">
    <p class='ocr_par' dir='ltr' id='par_1_54' title="bbox 277 5327 1849 5408">
     <span class='ocr_line' id='line_1_54' title="bbox 277 5327 1849 5408; baseline 0.011 -26"><span class='ocrx_word' id='word_1_457' title='bbox 277 5327 524 5390; x_wconf 76' lang='lat' dir='ltr'><strong>Dominus</strong></span> <span class='ocrx_word' id='word_1_458' title='bbox 545 5339 708 5385; x_wconf 76' lang='lat' dir='ltr'><strong>tecum</strong></span> <span class='ocrx_word' id='word_1_459' title='bbox 732 5343 826 5386; x_wconf 86' lang='lat' dir='ltr'><strong>est.</strong></span> <span class='ocrx_word' id='word_1_460' title='bbox 848 5331 1001 5389; x_wconf 86' lang='lat' dir='ltr'><strong>Unde</strong></span> <span class='ocrx_word' id='word_1_461' title='bbox 1024 5335 1173 5390; x_wconf 86' lang='lat' dir='ltr'><strong>vobis</strong></span> <span class='ocrx_word' id='word_1_462' title='bbox 1194 5336 1278 5391; x_wconf 92' lang='lat' dir='ltr'><strong>illa</strong></span> <span class='ocrx_word' id='word_1_463' title='bbox 1306 5338 1521 5394; x_wconf 84' lang='lat' dir='ltr'><strong>scientia</strong></span> <span class='ocrx_word' id='word_1_464' title='bbox 1541 5340 1564 5393; x_wconf 88' lang='lat'><strong>?</strong></span> <span class='ocrx_word' id='word_1_465' title='bbox 1587 5341 1849 5408; x_wconf 84' lang='lat' dir='ltr'><strong>Profecto,</strong></span> 
     </span>
    </p>
   </div>
   <div class='ocr_carea' id='block_1_55' title="bbox 272 5419 1853 5495">
    <p class='ocr_par' dir='ltr' id='par_1_55' title="bbox 272 5419 1853 5495">
     <span class='ocr_line' id='line_1_55' title="bbox 272 5419 1853 5495; baseline 0.011 -22"><span class='ocrx_word' id='word_1_466' title='bbox 272 5419 458 5476; x_wconf 84' lang='lat' dir='ltr'><strong>dicunt</strong></span> <span class='ocrx_word' id='word_1_467' title='bbox 476 5463 490 5485; x_wconf 96' lang='lat'><strong>,</strong></span> <span class='ocrx_word' id='word_1_468' title='bbox 521 5436 608 5477; x_wconf 84' lang='lat' dir='ltr'><strong>res</strong></span> <span class='ocrx_word' id='word_1_469' title='bbox 637 5422 764 5495; x_wconf 69' lang='lat' dir='ltr'><strong>ipsa:</strong></span> <span class='ocrx_word' id='word_1_470' title='bbox 792 5439 889 5480; x_wconf 90' lang='lat' dir='ltr'><strong>nos</strong></span> <span class='ocrx_word' id='word_1_471' title='bbox 915 5424 1228 5482; x_wconf 90' lang='lat' dir='ltr'><strong>docuerunt.</strong></span> <span class='ocrx_word' id='word_1_472' title='bbox 1260 5429 1497 5486; x_wconf 83' lang='lat' dir='ltr'><strong>Vidimus</strong></span> <span class='ocrx_word' id='word_1_473' title='bbox 1527 5443 1580 5488; x_wconf 89' lang='lat' dir='ltr'><strong>te</strong></span> <span class='ocrx_word' id='word_1_474' title='bbox 1606 5434 1853 5490; x_wconf 89' lang='lat' dir='ltr'><strong>abactum</strong></span> 
     </span>
    </p>
   </div>
   <div class='ocr_carea' id='block_1_56' title="bbox 273 5509 1853 5582">
    <p class='ocr_par' dir='ltr' id='par_1_56' title="bbox 273 5509 1853 5582">
     <span class='ocr_line' id='line_1_56' title="bbox 273 5509 1853 5582; baseline 0.011 -20"><span class='ocrx_word' id='word_1_475' title='bbox 273 5509 608 5580; x_wconf 79' lang='lat' dir='ltr'><strong>abigentibns</strong></span> <span class='ocrx_word' id='word_1_476' title='bbox 633 5511 905 5570; x_wconf 76' lang='lat' dir='ltr'><strong>f0rtiorem</strong></span> <span class='ocrx_word' id='word_1_477' title='bbox 935 5516 1128 5571; x_wconf 82' lang='lat' dir='ltr'><strong>factum</strong></span> <span class='ocrx_word' id='word_1_478' title='bbox 1158 5531 1276 5572; x_wconf 81' lang='lat' dir='ltr'><strong>esse</strong></span> <span class='ocrx_word' id='word_1_479' title='bbox 1295 5555 1310 5582; x_wconf 89' lang='lat'><strong>,</strong></span> <span class='ocrx_word' id='word_1_480' title='bbox 1341 5529 1396 5574; x_wconf 89' lang='lat' dir='ltr'><strong>et</strong></span> <span class='ocrx_word' id='word_1_481' title='bbox 1423 5529 1669 5576; x_wconf 83' lang='lat' dir='ltr'><strong>vexatum</strong></span> <span class='ocrx_word' id='word_1_482' title='bbox 1701 5539 1792 5578; x_wconf 92' lang='lat' dir='ltr'><strong>eos</strong></span> <span class='ocrx_word' id='word_1_483' title='bbox 1823 5539 1853 5579; x_wconf 88' lang='lat' dir='ltr'><strong>a</strong></span> 
     </span>
    </p>
   </div>
   <div class='ocr_carea' id='block_1_57' title="bbox 273 5600 1844 5674">
    <p class='ocr_par' dir='ltr' id='par_1_57' title="bbox 273 5600 1844 5674">
     <span class='ocr_line' id='line_1_57' title="bbox 273 5600 1844 5674; baseline 0.007 -20"><span class='ocrx_word' id='word_1_484' title='bbox 273 5600 470 5670; x_wconf 73' lang='lat' dir='ltr'><strong>quibus</strong></span> <span class='ocrx_word' id='word_1_485' title='bbox 503 5601 766 5659; x_wconf 79' lang='lat' dir='ltr'><strong>vexabare</strong></span> <span class='ocrx_word' id='word_1_486' title='bbox 794 5618 1072 5674; x_wconf 73' lang='lat' dir='ltr'><strong>superasse</strong></span> <span class='ocrx_word' id='word_1_487' title='bbox 1099 5647 1112 5670; x_wconf 91' lang='lat'><strong>,</strong></span> <span class='ocrx_word' id='word_1_488' title='bbox 1144 5616 1199 5663; x_wconf 88' lang='lat' dir='ltr'><strong>ct</strong></span> <span class='ocrx_word' id='word_1_489' title='bbox 1226 5624 1290 5663; x_wconf 84' lang='lat' dir='ltr'><strong>ex</strong></span> <span class='ocrx_word' id='word_1_490' title='bbox 1321 5624 1496 5664; x_wconf 88' lang='lat' dir='ltr'><strong>rerum</strong></span> <span class='ocrx_word' id='word_1_491' title='bbox 1525 5612 1665 5668; x_wconf 86' lang='lat' dir='ltr'><strong>serie</strong></span> <span class='ocrx_word' id='word_1_492' title='bbox 1695 5614 1844 5668; x_wconf 86' lang='lat' dir='ltr'><strong>intel-</strong></span> 
     </span>
    </p>
   </div>
   <div class='ocr_carea' id='block_1_58' title="bbox 276 5691 1854 5765">
    <p class='ocr_par' dir='ltr' id='par_1_58' title="bbox 276 5691 1854 5765">
     <span class='ocr_line' id='line_1_58' title="bbox 276 5691 1854 5765; baseline 0.01 -19"><span class='ocrx_word' id='word_1_493' title='bbox 276 5691 504 5749; x_wconf 84' lang='lat' dir='ltr'><strong>leximus</strong></span> <span class='ocrx_word' id='word_1_494' title='bbox 547 5703 599 5748; x_wconf 87' lang='lat' dir='ltr'><strong>te</strong></span> <span class='ocrx_word' id='word_1_495' title='bbox 641 5708 875 5765; x_wconf 87' lang='lat' dir='ltr'><strong>superno</strong></span> <span class='ocrx_word' id='word_1_496' title='bbox 908 5695 1006 5752; x_wconf 83' lang='lat' dir='ltr'><strong>frui</strong></span> <span class='ocrx_word' id='word_1_497' title='bbox 1047 5699 1262 5754; x_wconf 89' lang='lat' dir='ltr'><strong>auxilio.</strong></span> <span class='ocrx_word' id='word_1_498' title='bbox 1313 5699 1425 5756; x_wconf 81' lang='lat' dir='ltr'><strong>Hoc</strong></span> <span class='ocrx_word' id='word_1_499' title='bbox 1458 5713 1635 5759; x_wconf 87' lang='lat' dir='ltr'><strong>autem</strong></span> <span class='ocrx_word' id='word_1_500' title='bbox 1663 5705 1854 5760; x_wconf 75' lang='lat' dir='ltr'><strong>divina:</strong></span> 
     </span>
    </p>
   </div>
   <div class='ocr_carea' id='block_1_59' title="bbox 275 5782 1855 5867">
    <p class='ocr_par' dir='ltr' id='par_1_59' title="bbox 275 5782 1855 5867">
     <span class='ocr_line' id='line_1_59' title="bbox 275 5782 1855 5867; baseline 0.011 -31"><span class='ocrx_word' id='word_1_501' title='bbox 275 5782 330 5837; x_wconf 92' lang='lat' dir='ltr'><strong>di</strong></span> <span class='ocrx_word' id='word_1_502' title='bbox 363 5783 687 5852; x_wconf 63' lang='lat' dir='ltr'><strong>petasationis</strong></span> <span class='ocrx_word' id='word_1_503' title='bbox 709 5801 842 5856; x_wconf 87' lang='lat' dir='ltr'><strong>opus</strong></span> <span class='ocrx_word' id='word_1_504' title='bbox 870 5796 952 5843; x_wconf 79' lang='lat' dir='ltr'><strong>est</strong></span> <span class='ocrx_word' id='word_1_505' title='bbox 973 5830 987 5852; x_wconf 93' lang='lat'><strong>,</strong></span> <span class='ocrx_word' id='word_1_506' title='bbox 1014 5789 1154 5859; x_wconf 90' lang='lat' dir='ltr'><strong>quod</strong></span> <span class='ocrx_word' id='word_1_507' title='bbox 1183 5805 1334 5846; x_wconf 86' lang='lat' dir='ltr'><strong>mens</strong></span> <span class='ocrx_word' id='word_1_508' title='bbox 1359 5806 1542 5861; x_wconf 85' lang='lat' dir='ltr'><strong>eorum</strong></span> <span class='ocrx_word' id='word_1_509' title='bbox 1568 5795 1855 5867; x_wconf 82' lang='lat' dir='ltr'><strong>obstupue-</strong></span> 
     </span>
    </p>
   </div>
   <div class='ocr_carea' id='block_1_60' title="bbox 277 5873 1848 5960">
    <p class='ocr_par' dir='ltr' id='par_1_60' title="bbox 277 5873 1848 5960">
     <span class='ocr_line' id='line_1_60' title="bbox 277 5873 1848 5960; baseline 0.012 -32"><span class='ocrx_word' id='word_1_510' title='bbox 277 5885 351 5930; x_wconf 86' lang='lat' dir='ltr'><strong>rtt</strong></span> <span class='ocrx_word' id='word_1_511' title='bbox 373 5873 595 5946; x_wconf 84' lang='lat' dir='ltr'><strong>justum,</strong></span> <span class='ocrx_word' id='word_1_512' title='bbox 625 5886 679 5934; x_wconf 86' lang='lat' dir='ltr'><strong>et</strong></span> <span class='ocrx_word' id='word_1_513' title='bbox 702 5880 842 5950; x_wconf 86' lang='lat' dir='ltr'><strong>quod</strong></span> <span class='ocrx_word' id='word_1_514' title='bbox 869 5879 968 5938; x_wconf 85' lang='lat' dir='ltr'><strong>hoc</strong></span> <span class='ocrx_word' id='word_1_515' title='bbox 991 5883 1355 5954; x_wconf 75' lang='lat' dir='ltr'><strong>cognoverint.</strong></span> <span class='ocrx_word' id='word_1_516' title='bbox 1383 5884 1642 5954; x_wconf 84' lang='lat' dir='ltr'><strong>Quoniam</strong></span> <span class='ocrx_word' id='word_1_517' title='bbox 1668 5888 1848 5960; x_wconf 83' lang='lat' dir='ltr'><strong>igitur,</strong></span> 
     </span>
    </p>
   </div>
   <div class='ocr_carea' id='block_1_61' title="bbox 1318 489 2501 552">
    <p class='ocr_par' dir='ltr' id='par_1_61' title="bbox 1318 489 2501 552">
     <span class='ocr_line' id='line_1_61' title="bbox 1318 489 2501 552; baseline -0.004 -3"><span class='ocrx_word' id='word_1_518' title='bbox 1318 500 1377 550; x_wconf 67' lang='lat' dir='ltr'><strong>LV</strong></span> <span class='ocrx_word' id='word_1_519' title='bbox 1421 496 1571 552; x_wconf 71' lang='lat' dir='ltr'><strong>CAP.</strong></span> <span class='ocrx_word' id='word_1_520' title='bbox 1614 492 1799 551; x_wconf 73' lang='lat' dir='ltr'><strong>XXVI.</strong></span> <span class='ocrx_word' id='word_1_521' title='bbox 1842 489 2080 548; x_wconf 82' lang='lat' dir='ltr'><strong>GENES.</strong></span> <span class='ocrx_word' id='word_1_522' title='bbox 2128 492 2351 548; x_wconf 71' lang='lat' dir='ltr'><strong>llOMli..</strong></span> <span class='ocrx_word' id='word_1_523' title='bbox 2397 490 2501 547; x_wconf 89' lang='lat' dir='ltr'><strong>Lll.</strong></span> 
     </span>
    </p>
   </div>
   <div class='ocr_carea' id='block_1_62' title="bbox 3435 489 3537 547">
    <p class='ocr_par' dir='ltr' id='par_1_62' title="bbox 3435 489 3537 547">
     <span class='ocr_line' id='line_1_62' title="bbox 3435 489 3537 547; baseline -0.039 0"><span class='ocrx_word' id='word_1_524' title='bbox 3435 489 3537 547; x_wconf 64' lang='lat'><strong>662</strong></span> 
     </span>
    </p>
   </div>
   <div class='ocr_carea' id='block_1_63' title="bbox 1947 600 3532 675">
    <p class='ocr_par' dir='ltr' id='par_1_63' title="bbox 1947 600 3532 675">
     <span class='ocr_line' id='line_1_63' title="bbox 1947 600 3532 675; baseline -0.001 -15"><span class='ocrx_word' id='word_1_525' title='bbox 1947 606 2133 675; x_wconf 88' lang='lat' dir='ltr'><strong>inquit,</strong></span> <span class='ocrx_word' id='word_1_526' title='bbox 2166 606 2421 659; x_wconf 88' lang='lat' dir='ltr'><strong>Dominus</strong></span> <span class='ocrx_word' id='word_1_527' title='bbox 2450 615 2646 667; x_wconf 87' lang='lat' dir='ltr'><strong>tecum,</strong></span> <span class='ocrx_word' id='word_1_528' title='bbox 2677 600 2794 656; x_wconf 85' lang='lat' dir='ltr'><strong>Fiat</strong></span> <span class='ocrx_word' id='word_1_529' title='bbox 2814 603 3087 656; x_wconf 75' lang='lat' dir='ltr'><strong>exsecratio</strong></span> <span class='ocrx_word' id='word_1_530' title='bbox 3113 602 3240 656; x_wconf 89' lang='lat' dir='ltr'><strong>inter</strong></span> <span class='ocrx_word' id='word_1_531' title='bbox 3261 619 3369 656; x_wconf 82' lang='lat' dir='ltr'><strong>nos.</strong></span> <span class='ocrx_word' id='word_1_532' title='bbox 3402 603 3532 658; x_wconf 72' lang='lat' dir='ltr'><strong>Vide</strong></span> 
     </span>
    </p>
   </div>
   <div class='ocr_carea' id='block_1_64' title="bbox 1943 689 3540 764">
    <p class='ocr_par' dir='ltr' id='par_1_64' title="bbox 1943 689 3540 764">
     <span class='ocr_line' id='line_1_64' title="bbox 1943 689 3540 764; baseline 0 -17"><span class='ocrx_word' id='word_1_533' title='bbox 1943 696 2210 764; x_wconf 88' lang='lat' dir='ltr'><strong>quomodo</strong></span> <span class='ocrx_word' id='word_1_534' title='bbox 2234 697 2538 763; x_wconf 89' lang='lat' dir='ltr'><strong>impellente</strong></span> <span class='ocrx_word' id='word_1_535' title='bbox 2561 693 2882 748; x_wconf 85' lang='lat' dir='ltr'><strong>conscientia</strong></span> <span class='ocrx_word' id='word_1_536' title='bbox 2907 689 3224 761; x_wconf 87' lang='lat' dir='ltr'><strong>semetipsos</strong></span> <span class='ocrx_word' id='word_1_537' title='bbox 3249 695 3540 763; x_wconf 68' lang='lat' dir='ltr'><strong>reprelien-</strong></span> 
     </span>
    </p>
   </div>
   <div class='ocr_carea' id='block_1_65' title="bbox 1945 782 3528 852">
    <p class='ocr_par' dir='ltr' id='par_1_65' title="bbox 1945 782 3528 852">
     <span class='ocr_line' id='line_1_65' title="bbox 1945 782 3528 852; baseline -0.003 -12"><span class='ocrx_word' id='word_1_538' title='bbox 1945 786 2073 840; x_wconf 90' lang='lat' dir='ltr'><strong>dere</strong></span> <span class='ocrx_word' id='word_1_539' title='bbox 2105 786 2374 850; x_wconf 77' lang='lat' dir='ltr'><strong>festinant,</strong></span> <span class='ocrx_word' id='word_1_540' title='bbox 2407 802 2526 839; x_wconf 89' lang='lat' dir='ltr'><strong>cum</strong></span> <span class='ocrx_word' id='word_1_541' title='bbox 2560 786 2733 838; x_wconf 88' lang='lat' dir='ltr'><strong>nullus</strong></span> <span class='ocrx_word' id='word_1_542' title='bbox 2758 785 2894 837; x_wconf 85' lang='lat' dir='ltr'><strong>alius</strong></span> <span class='ocrx_word' id='word_1_543' title='bbox 2919 794 3091 852; x_wconf 85' lang='lat' dir='ltr'><strong>cogat.</strong></span> <span class='ocrx_word' id='word_1_544' title='bbox 3123 784 3207 838; x_wconf 87' lang='lat' dir='ltr'><strong>vel</strong></span> <span class='ocrx_word' id='word_1_545' title='bbox 3237 783 3368 837; x_wconf 88' lang='lat' dir='ltr'><strong>facta</strong></span> <span class='ocrx_word' id='word_1_546' title='bbox 3396 782 3528 849; x_wconf 82' lang='lat' dir='ltr'><strong>obji-</strong></span> 
     </span>
    </p>
   </div>
   <div class='ocr_carea' id='block_1_66' title="bbox 1946 873 3531 944">
    <p class='ocr_par' dir='ltr' id='par_1_66' title="bbox 1946 873 3531 944">
     <span class='ocr_line' id='line_1_66' title="bbox 1946 873 3531 944; baseline -0.002 -14"><span class='ocrx_word' id='word_1_547' title='bbox 1946 877 2069 930; x_wconf 88' lang='lat' dir='ltr'><strong>ciat.</strong></span> <span class='ocrx_word' id='word_1_548' title='bbox 2100 876 2227 930; x_wconf 87' lang='lat' dir='ltr'><strong>Nam</strong></span> <span class='ocrx_word' id='word_1_549' title='bbox 2259 876 2357 929; x_wconf 90' lang='lat' dir='ltr'><strong>nisi</strong></span> <span class='ocrx_word' id='word_1_550' title='bbox 2388 877 2631 943; x_wconf 48' lang='lat' dir='ltr'><strong>injm‘iam</strong></span> <span class='ocrx_word' id='word_1_551' title='bbox 2658 873 2935 937; x_wconf 82' lang='lat' dir='ltr'><strong>fecissetis,</strong></span> <span class='ocrx_word' id='word_1_552' title='bbox 2957 890 3119 942; x_wconf 86' lang='lat' dir='ltr'><strong>quare</strong></span> <span class='ocrx_word' id='word_1_553' title='bbox 3139 889 3168 927; x_wconf 85' lang='lat' dir='ltr'><strong>a</strong></span> <span class='ocrx_word' id='word_1_554' title='bbox 3187 877 3330 942; x_wconf 81' lang='lat' dir='ltr'><strong>justo</strong></span> <span class='ocrx_word' id='word_1_555' title='bbox 3353 874 3531 944; x_wconf 84' lang='lat' dir='ltr'><strong>petitis</strong></span> 
     </span>
    </p>
   </div>
   <div class='ocr_carea' id='block_1_67' title="bbox 1948 964 3535 1034">
    <p class='ocr_par' dir='ltr' id='par_1_67' title="bbox 1948 964 3535 1034">
     <span class='ocr_line' id='line_1_67' title="bbox 1948 964 3535 1034; baseline -0.001 -17"><span class='ocrx_word' id='word_1_556' title='bbox 1948 974 2004 1018; x_wconf 93' lang='lat' dir='ltr'><strong>ut</strong></span> <span class='ocrx_word' id='word_1_557' title='bbox 2035 965 2240 1018; x_wconf 83' lang='lat' dir='ltr'><strong>ineatur</strong></span> <span class='ocrx_word' id='word_1_558' title='bbox 2281 964 2488 1018; x_wconf 74' lang='lat' dir='ltr'><strong>ftedus?</strong></span> <span class='ocrx_word' id='word_1_559' title='bbox 2518 965 2621 1018; x_wconf 90' lang='lat' dir='ltr'><strong>Sed</strong></span> <span class='ocrx_word' id='word_1_560' title='bbox 2653 965 2722 1018; x_wconf 88' lang='lat' dir='ltr'><strong>ita</strong></span> <span class='ocrx_word' id='word_1_561' title='bbox 2754 979 2812 1017; x_wconf 85' lang='lat' dir='ltr'><strong>se</strong></span> <span class='ocrx_word' id='word_1_562' title='bbox 2841 964 2997 1017; x_wconf 85' lang='lat' dir='ltr'><strong>habet</strong></span> <span class='ocrx_word' id='word_1_563' title='bbox 3032 964 3285 1032; x_wconf 76' lang='lat' dir='ltr'><strong>injus&#39;itia</strong></span> <span class='ocrx_word' id='word_1_564' title='bbox 3315 981 3327 1015; x_wconf 89' lang='lat'><strong>:</strong></span> <span class='ocrx_word' id='word_1_565' title='bbox 3357 966 3535 1034; x_wconf 87' lang='lat' dir='ltr'><strong>quoti-</strong></span> 
     </span>
    </p>
   </div>
   <div class='ocr_carea' id='block_1_68' title="bbox 1947 1053 3535 1123">
    <p class='ocr_par' dir='ltr' id='par_1_68' title="bbox 1947 1053 3535 1123">
     <span class='ocr_line' id='line_1_68' title="bbox 1947 1053 3535 1123; baseline 0 -15"><span class='ocrx_word' id='word_1_566' title='bbox 1947 1054 2033 1108; x_wconf 89' lang='lat' dir='ltr'><strong>die</strong></span> <span class='ocrx_word' id='word_1_567' title='bbox 2061 1055 2384 1108; x_wconf 85' lang='lat' dir='ltr'><strong>conscientia</strong></span> <span class='ocrx_word' id='word_1_568' title='bbox 2413 1055 2638 1118; x_wconf 90' lang='lat' dir='ltr'><strong>mordet,</strong></span> <span class='ocrx_word' id='word_1_569' title='bbox 2671 1062 2723 1108; x_wconf 92' lang='lat' dir='ltr'><strong>et</strong></span> <span class='ocrx_word' id='word_1_570' title='bbox 2754 1054 2940 1107; x_wconf 85' lang='lat' dir='ltr'><strong>silente</strong></span> <span class='ocrx_word' id='word_1_571' title='bbox 2970 1069 3035 1108; x_wconf 89' lang='lat' dir='ltr'><strong>eo</strong></span> <span class='ocrx_word' id='word_1_572' title='bbox 3057 1053 3145 1123; x_wconf 94' lang='lat' dir='ltr'><strong>qui</strong></span> <span class='ocrx_word' id='word_1_573' title='bbox 3171 1054 3401 1107; x_wconf 81' lang='lat' dir='ltr'><strong>offensus</strong></span> <span class='ocrx_word' id='word_1_574' title='bbox 3428 1062 3535 1117; x_wconf 81' lang='lat' dir='ltr'><strong>est,</strong></span> 
     </span>
    </p>
   </div>
   <div class='ocr_carea' id='block_1_69' title="bbox 1951 1144 3535 1214">
    <p class='ocr_par' dir='ltr' id='par_1_69' title="bbox 1951 1144 3535 1214">
     <span class='ocr_line' id='line_1_69' title="bbox 1951 1144 3535 1214; baseline -0.001 -15"><span class='ocrx_word' id='word_1_575' title='bbox 1951 1159 2158 1214; x_wconf 71' lang='lat' dir='ltr'><strong>pmnam</strong></span> <span class='ocrx_word' id='word_1_576' title='bbox 2192 1155 2346 1214; x_wconf 82' lang='lat' dir='ltr'><strong>atque</strong></span> <span class='ocrx_word' id='word_1_577' title='bbox 2391 1145 2646 1197; x_wconf 89' lang='lat' dir='ltr'><strong>rationem</strong></span> <span class='ocrx_word' id='word_1_578' title='bbox 2689 1144 2826 1213; x_wconf 80' lang='lat' dir='ltr'><strong>exigi</strong></span> <span class='ocrx_word' id='word_1_579' title='bbox 2875 1153 3062 1214; x_wconf 87' lang='lat' dir='ltr'><strong>putant</strong></span> <span class='ocrx_word' id='word_1_580' title='bbox 3101 1145 3188 1212; x_wconf 88' lang='lat' dir='ltr'><strong>qui</strong></span> <span class='ocrx_word' id='word_1_581' title='bbox 3223 1145 3535 1212; x_wconf 86' lang='lat' dir='ltr'><strong>injustitiam</strong></span> 
     </span>
    </p>
   </div>
   <div class='ocr_carea' id='block_1_70' title="bbox 1949 1225 3540 1307">
    <p class='ocr_par' dir='ltr' id='par_1_70' title="bbox 1949 1225 3540 1307">
     <span class='ocr_line' id='line_1_70' title="bbox 1949 1225 3540 1307; baseline 0.001 -15"><span class='ocrx_word' id='word_1_582' title='bbox 1949 1247 2073 1292; x_wconf 87' lang='lat' dir='ltr'><strong>sunt</strong></span> <span class='ocrx_word' id='word_1_583' title='bbox 2099 1225 2302 1304; x_wconf 75' lang='lat' dir='ltr'><strong>operati</strong></span> <span class='ocrx_word' id='word_1_584' title='bbox 2335 1257 2345 1290; x_wconf 92' lang='lat'>:</span> <span class='ocrx_word' id='word_1_585' title='bbox 2371 1238 2608 1307; x_wconf 82' lang='lat' dir='ltr'><strong>quOtidie</strong></span> <span class='ocrx_word' id='word_1_586' title='bbox 2635 1249 2918 1307; x_wconf 83' lang='lat' dir='ltr'><strong>anguntur,</strong></span> <span class='ocrx_word' id='word_1_587' title='bbox 2943 1247 2996 1291; x_wconf 90' lang='lat' dir='ltr'><strong>et</strong></span> <span class='ocrx_word' id='word_1_588' title='bbox 3023 1240 3169 1306; x_wconf 88' lang='lat' dir='ltr'><strong>quasi</strong></span> <span class='ocrx_word' id='word_1_589' title='bbox 3195 1239 3540 1307; x_wconf 73' lang='lat' dir='ltr'><strong>sibimetipsis</strong></span> 
     </span>
    </p>
   </div>
   <div class='ocr_carea' id='block_1_71' title="bbox 1954 1328 3540 1397">
    <p class='ocr_par' dir='ltr' id='par_1_71' title="bbox 1954 1328 3540 1397">
     <span class='ocr_line' id='line_1_71' title="bbox 1954 1328 3540 1397; baseline 0.001 -15"><span class='ocrx_word' id='word_1_590' title='bbox 1954 1328 2303 1397; x_wconf 56' lang='lat' dir='ltr'><strong>prmsc&#39;ribunt</strong></span> <span class='ocrx_word' id='word_1_591' title='bbox 2338 1339 2676 1397; x_wconf 82' lang='lat' dir='ltr'><strong>peccatorum</strong></span> <span class='ocrx_word' id='word_1_592' title='bbox 2705 1344 2919 1382; x_wconf 88' lang='lat' dir='ltr'><strong>suorum</strong></span> <span class='ocrx_word' id='word_1_593' title='bbox 2950 1329 3222 1382; x_wconf 89' lang='lat' dir='ltr'><strong>ultionem.</strong></span> <span class='ocrx_word' id='word_1_594' title='bbox 3257 1329 3308 1382; x_wconf 90' lang='lat' dir='ltr'><strong>Id</strong></span> <span class='ocrx_word' id='word_1_595' title='bbox 3337 1344 3455 1382; x_wconf 88' lang='lat' dir='ltr'><strong>cum</strong></span> <span class='ocrx_word' id='word_1_596' title='bbox 3484 1337 3540 1384; x_wconf 84' lang='lat' dir='ltr'><strong>ct</strong></span> 
     </span>
    </p>
   </div>
   <div class='ocr_carea' id='block_1_72' title="bbox 1953 1418 3539 1486">
    <p class='ocr_par' dir='ltr' id='par_1_72' title="bbox 1953 1418 3539 1486">
     <span class='ocr_line' id='line_1_72' title="bbox 1953 1418 3539 1486; baseline 0.001 -16"><span class='ocrx_word' id='word_1_597' title='bbox 1953 1419 2022 1471; x_wconf 87' lang='lat' dir='ltr'><strong>illi</strong></span> <span class='ocrx_word' id='word_1_598' title='bbox 2051 1419 2395 1476; x_wconf 83' lang='lat' dir='ltr'><strong>didicissent.</strong></span> <span class='ocrx_word' id='word_1_599' title='bbox 2433 1419 2552 1483; x_wconf 85' lang='lat' dir='ltr'><strong>Sit,</strong></span> <span class='ocrx_word' id='word_1_600' title='bbox 2586 1418 2861 1486; x_wconf 85' lang='lat' dir='ltr'><strong>inquiunt,</strong></span> <span class='ocrx_word' id='word_1_601' title='bbox 2892 1420 3168 1471; x_wconf 78' lang='lat' dir='ltr'><strong>exsecratio</strong></span> <span class='ocrx_word' id='word_1_602' title='bbox 3208 1421 3337 1471; x_wconf 84' lang='lat' dir='ltr'><strong>inter</strong></span> <span class='ocrx_word' id='word_1_603' title='bbox 3377 1435 3468 1472; x_wconf 85' lang='lat' dir='ltr'><strong>nos</strong></span> <span class='ocrx_word' id='word_1_604' title='bbox 3493 1427 3539 1472; x_wconf 82' lang='lat' dir='ltr'><strong>et</strong></span> 
     </span>
    </p>
   </div>
   <div class='ocr_carea' id='block_1_73' title="bbox 1949 1508 3536 1577">
    <p class='ocr_par' dir='ltr' id='par_1_73' title="bbox 1949 1508 3536 1577">
     <span class='ocr_line' id='line_1_73' title="bbox 1949 1508 3536 1577; baseline 0.001 -17"><span class='ocrx_word' id='word_1_605' title='bbox 1949 1509 2079 1561; x_wconf 85' lang='lat' dir='ltr'><strong>inter</strong></span> <span class='ocrx_word' id='word_1_606' title='bbox 2122 1520 2186 1561; x_wconf 85' lang='lat' dir='ltr'><strong>te.</strong></span> <span class='ocrx_word' id='word_1_607' title='bbox 2241 1509 2438 1562; x_wconf 87' lang='lat' dir='ltr'><strong>Deinde</strong></span> <span class='ocrx_word' id='word_1_608' title='bbox 2481 1508 2662 1560; x_wconf 89' lang='lat' dir='ltr'><strong>dicunt</strong></span> <span class='ocrx_word' id='word_1_609' title='bbox 2709 1508 2918 1577; x_wconf 88' lang='lat' dir='ltr'><strong>qualem</strong></span> <span class='ocrx_word' id='word_1_610' title='bbox 2957 1509 3374 1562; x_wconf 79' lang='lat' dir='ltr'><strong>exsecrationem</strong></span> <span class='ocrx_word' id='word_1_611' title='bbox 3425 1509 3536 1563; x_wconf 82' lang='lat' dir='ltr'><strong>ﬁeri</strong></span> 
     </span>
    </p>
   </div>
   <div class='ocr_carea' id='block_1_74' title="bbox 1951 1597 3539 1668">
    <p class='ocr_par' dir='ltr' id='par_1_74' title="bbox 1951 1597 3539 1668">
     <span class='ocr_line' id='line_1_74' title="bbox 1951 1597 3539 1668; baseline -0.001 -14"><span class='ocrx_word' id='word_1_612' title='bbox 1951 1602 2133 1654; x_wconf 85' lang='lat' dir='ltr'><strong>velint.</strong></span> <span class='ocrx_word' id='word_1_613' title='bbox 2169 1597 2234 1651; x_wconf 85' lang='lat' dir='ltr'><strong>Et</strong></span> <span class='ocrx_word' id='word_1_614' title='bbox 2274 1599 2509 1657; x_wconf 76' lang='lat' dir='ltr'><strong>inibimus</strong></span> <span class='ocrx_word' id='word_1_615' title='bbox 2554 1600 2718 1668; x_wconf 71' lang='lat' dir='ltr'><strong>{trdus</strong></span> <span class='ocrx_word' id='word_1_616' title='bbox 2748 1610 2905 1652; x_wconf 83' lang='lat' dir='ltr'><strong>tecum</strong></span> <span class='ocrx_word' id='word_1_617' title='bbox 2930 1639 2944 1662; x_wconf 97' lang='lat'><strong>,</strong></span> <span class='ocrx_word' id='word_1_618' title='bbox 2978 1609 3031 1651; x_wconf 86' lang='lat' dir='ltr'><strong>ut</strong></span> <span class='ocrx_word' id='word_1_619' title='bbox 3070 1616 3132 1652; x_wconf 87' lang='lat' dir='ltr'><strong>ne</strong></span> <span class='ocrx_word' id='word_1_620' title='bbox 3176 1599 3353 1667; x_wconf 75' lang='lat' dir='ltr'><strong>feceris</strong></span> <span class='ocrx_word' id='word_1_621' title='bbox 3397 1599 3539 1652; x_wconf 87' lang='lat' dir='ltr'><strong>nobis</strong></span> 
     </span>
    </p>
   </div>
   <div class='ocr_carea' id='block_1_75' title="bbox 1952 1690 3538 1760">
    <p class='ocr_par' dir='ltr' id='par_1_75' title="bbox 1952 1690 3538 1760">
     <span class='ocr_line' id='line_1_75' title="bbox 1952 1690 3538 1760; baseline -0.002 -15"><span class='ocrx_word' id='word_1_622' title='bbox 1952 1695 2140 1745; x_wconf 86' lang='lat' dir='ltr'><strong>malum</strong></span> <span class='ocrx_word' id='word_1_623' title='bbox 2166 1736 2178 1754; x_wconf 85' lang='lat'><strong>,</strong></span> <span class='ocrx_word' id='word_1_624' title='bbox 2209 1694 2336 1746; x_wconf 83' lang='lat' dir='ltr'><strong>sicut</strong></span> <span class='ocrx_word' id='word_1_625' title='bbox 2375 1709 2464 1745; x_wconf 84' lang='lat' dir='ltr'><strong>nos</strong></span> <span class='ocrx_word' id='word_1_626' title='bbox 2504 1709 2601 1744; x_wconf 85' lang='lat' dir='ltr'><strong>non</strong></span> <span class='ocrx_word' id='word_1_627' title='bbox 2637 1708 2810 1744; x_wconf 86' lang='lat' dir='ltr'><strong>sumus</strong></span> <span class='ocrx_word' id='word_1_628' title='bbox 2842 1702 2888 1744; x_wconf 90' lang='lat' dir='ltr'><strong>te</strong></span> <span class='ocrx_word' id='word_1_629' title='bbox 2915 1691 3206 1744; x_wconf 86' lang='lat' dir='ltr'><strong>abominati.</strong></span> <span class='ocrx_word' id='word_1_630' title='bbox 3243 1690 3372 1744; x_wconf 75' lang='lat' dir='ltr'><strong>Vide</strong></span> <span class='ocrx_word' id='word_1_631' title='bbox 3401 1707 3538 1760; x_wconf 83' lang='lat' dir='ltr'><strong>qun-</strong></span> 
     </span>
    </p>
   </div>
   <div class='ocr_carea' id='block_1_76' title="bbox 1953 1782 3541 1852">
    <p class='ocr_par' dir='ltr' id='par_1_76' title="bbox 1953 1782 3541 1852">
     <span class='ocr_line' id='line_1_76' title="bbox 1953 1782 3541 1852; baseline -0.001 -17"><span class='ocrx_word' id='word_1_632' title='bbox 1953 1783 2109 1836; x_wconf 87' lang='lat' dir='ltr'><strong>modu</strong></span> <span class='ocrx_word' id='word_1_633' title='bbox 2137 1784 2415 1852; x_wconf 79' lang='lat' dir='ltr'><strong>pugnantia</strong></span> <span class='ocrx_word' id='word_1_634' title='bbox 2448 1783 2584 1835; x_wconf 88' lang='lat' dir='ltr'><strong>inter</strong></span> <span class='ocrx_word' id='word_1_635' title='bbox 2614 1797 2670 1837; x_wconf 89' lang='lat' dir='ltr'><strong>se</strong></span> <span class='ocrx_word' id='word_1_636' title='bbox 2697 1797 2807 1851; x_wconf 70' lang='lat' dir='ltr'><strong>pne</strong></span> <span class='ocrx_word' id='word_1_637' title='bbox 2840 1782 3033 1835; x_wconf 85' lang='lat' dir='ltr'><strong>mentis</strong></span> <span class='ocrx_word' id='word_1_638' title='bbox 3063 1797 3257 1851; x_wconf 78' lang='lat' dir='ltr'><strong>angore</strong></span> <span class='ocrx_word' id='word_1_639' title='bbox 3280 1791 3331 1834; x_wconf 88' lang='lat' dir='ltr'><strong>et</strong></span> <span class='ocrx_word' id='word_1_640' title='bbox 3362 1782 3541 1833; x_wconf 87' lang='lat' dir='ltr'><strong>turba-</strong></span> 
     </span>
    </p>
   </div>
   <div class='ocr_carea' id='block_1_77' title="bbox 1955 1870 3540 1941">
    <p class='ocr_par' dir='ltr' id='par_1_77' title="bbox 1955 1870 3540 1941">
     <span class='ocr_line' id='line_1_77' title="bbox 1955 1870 3540 1941; baseline -0.001 -17"><span class='ocrx_word' id='word_1_641' title='bbox 1955 1875 2095 1926; x_wconf 85' lang='lat' dir='ltr'><strong>tione</strong></span> <span class='ocrx_word' id='word_1_642' title='bbox 2120 1875 2406 1941; x_wconf 89' lang='lat' dir='ltr'><strong>loquuntur</strong></span> <span class='ocrx_word' id='word_1_643' title='bbox 2436 1889 2450 1924; x_wconf 88' lang='lat'><strong>:</strong></span> <span class='ocrx_word' id='word_1_644' title='bbox 2485 1870 2563 1923; x_wconf 82' lang='lat' dir='ltr'><strong>Nc</strong></span> <span class='ocrx_word' id='word_1_645' title='bbox 2593 1873 2768 1939; x_wconf 76' lang='lat' dir='ltr'><strong>feceris</strong></span> <span class='ocrx_word' id='word_1_646' title='bbox 2809 1870 2950 1923; x_wconf 84' lang='lat' dir='ltr'><strong>nobis</strong></span> <span class='ocrx_word' id='word_1_647' title='bbox 2995 1872 3204 1922; x_wconf 85' lang='lat' dir='ltr'><strong>malum.</strong></span> <span class='ocrx_word' id='word_1_648' title='bbox 3249 1871 3422 1936; x_wconf 84' lang='lat' dir='ltr'><strong>Quare</strong></span> <span class='ocrx_word' id='word_1_649' title='bbox 3461 1871 3540 1923; x_wconf 77' lang='lat' dir='ltr'><strong>sic</strong></span> 
     </span>
    </p>
   </div>
   <div class='ocr_carea' id='block_1_78' title="bbox 1958 1964 3540 2035">
    <p class='ocr_par' dir='ltr' id='par_1_78' title="bbox 1958 1964 3540 2035">
     <span class='ocr_line' id='line_1_78' title="bbox 1958 1964 3540 2035; baseline 0.001 -17"><span class='ocrx_word' id='word_1_650' title='bbox 1958 1966 2205 2018; x_wconf 82' lang='lat' dir='ltr'><strong>timuistis</strong></span> <span class='ocrx_word' id='word_1_651' title='bbox 2240 1966 2438 2035; x_wconf 84' lang='lat' dir='ltr'><strong>justum</strong></span> <span class='ocrx_word' id='word_1_652' title='bbox 2467 2005 2480 2029; x_wconf 94' lang='lat'><strong>,</strong></span> <span class='ocrx_word' id='word_1_653' title='bbox 2515 1964 2754 2020; x_wconf 84' lang='lat' dir='ltr'><strong>videntes</strong></span> <span class='ocrx_word' id='word_1_654' title='bbox 2791 1979 2912 2018; x_wconf 81' lang='lat' dir='ltr'><strong>cum</strong></span> <span class='ocrx_word' id='word_1_655' title='bbox 2945 1972 3141 2017; x_wconf 86' lang='lat' dir='ltr'><strong>tantam</strong></span> <span class='ocrx_word' id='word_1_656' title='bbox 3171 1980 3281 2034; x_wconf 77' lang='lat' dir='ltr'><strong>pra:</strong></span> <span class='ocrx_word' id='word_1_657' title='bbox 3312 1980 3370 2024; x_wconf 82' lang='lat' dir='ltr'><strong>se</strong></span> <span class='ocrx_word' id='word_1_658' title='bbox 3401 1965 3540 2020; x_wconf 80' lang='lat' dir='ltr'><strong>ferre</strong></span> 
     </span>
    </p>
   </div>
   <div class='ocr_carea' id='block_1_79' title="bbox 1953 2052 3542 2122">
    <p class='ocr_par' dir='ltr' id='par_1_79' title="bbox 1953 2052 3542 2122">
     <span class='ocr_line' id='line_1_79' title="bbox 1953 2052 3542 2122; baseline -0.001 -15"><span class='ocrx_word' id='word_1_659' title='bbox 1953 2053 2411 2108; x_wconf 84' lang='lat' dir='ltr'><strong>mansuetudinem</strong></span> <span class='ocrx_word' id='word_1_660' title='bbox 2442 2069 2564 2122; x_wconf 79' lang='lat' dir='ltr'><strong>erga</strong></span> <span class='ocrx_word' id='word_1_661' title='bbox 2597 2068 2689 2108; x_wconf 86' lang='lat' dir='ltr'><strong>eos</strong></span> <span class='ocrx_word' id='word_1_662' title='bbox 2718 2054 2805 2122; x_wconf 90' lang='lat' dir='ltr'><strong>qui</strong></span> <span class='ocrx_word' id='word_1_663' title='bbox 2838 2053 3202 2107; x_wconf 84' lang='lat' dir='ltr'><strong>lacessebant?</strong></span> <span class='ocrx_word' id='word_1_664' title='bbox 3232 2052 3336 2107; x_wconf 85' lang='lat' dir='ltr'><strong>Sed</strong></span> <span class='ocrx_word' id='word_1_665' title='bbox 3368 2054 3542 2108; x_wconf 86' lang='lat' dir='ltr'><strong>incor-</strong></span> 
     </span>
    </p>
   </div>
   <div class='ocr_carea' id='block_1_80' title="bbox 1955 2127 3540 2216">
    <p class='ocr_par' dir='ltr' id='par_1_80' title="bbox 1955 2127 3540 2216">
     <span class='ocr_line' id='line_1_80' title="bbox 1955 2127 3540 2216; baseline 0 -16"><span class='ocrx_word' id='word_1_666' title='bbox 1955 2157 2138 2216; x_wconf 91' lang='lat' dir='ltr'><strong>ruptus</strong></span> <span class='ocrx_word' id='word_1_667' title='bbox 2157 2145 2317 2215; x_wconf 84' lang='lat' dir='ltr'><strong>judex</strong></span> <span class='ocrx_word' id='word_1_668' title='bbox 2344 2188 2358 2212; x_wconf 90' lang='lat'><strong>,</strong></span> <span class='ocrx_word' id='word_1_669' title='bbox 2387 2147 2708 2200; x_wconf 83' lang='lat' dir='ltr'><strong>conscientia</strong></span> <span class='ocrx_word' id='word_1_670' title='bbox 2730 2188 2745 2211; x_wconf 93' lang='lat'><strong>,</strong></span> <span class='ocrx_word' id='word_1_671' title='bbox 2778 2161 2872 2200; x_wconf 91' lang='lat' dir='ltr'><strong>eos</strong></span> <span class='ocrx_word' id='word_1_672' title='bbox 2899 2145 3152 2200; x_wconf 78' lang='lat' dir='ltr'><strong>excitavit</strong></span> <span class='ocrx_word' id='word_1_673' title='bbox 3171 2188 3183 2210; x_wconf 95' lang='lat'><strong>,</strong></span> <span class='ocrx_word' id='word_1_674' title='bbox 3217 2157 3268 2200; x_wconf 90' lang='lat' dir='ltr'><strong>et</strong></span> <span class='ocrx_word' id='word_1_675' title='bbox 3299 2127 3540 2200; x_wconf 44' lang='lat' dir='ltr'><strong>animadv-</strong></span> 
     </span>
    </p>
   </div>
   <div class='ocr_carea' id='block_1_81' title="bbox 1954 2235 3540 2307">
    <p class='ocr_par' dir='ltr' id='par_1_81' title="bbox 1954 2235 3540 2307">
     <span class='ocr_line' id='line_1_81' title="bbox 1954 2235 3540 2307; baseline 0.001 -17"><span class='ocrx_word' id='word_1_676' title='bbox 1954 2246 2219 2291; x_wconf 88' lang='lat' dir='ltr'><strong>vertcrunl</strong></span> <span class='ocrx_word' id='word_1_677' title='bbox 2249 2247 2504 2307; x_wconf 89' lang='lat' dir='ltr'><strong>quantum</strong></span> <span class='ocrx_word' id='word_1_678' title='bbox 2536 2252 2658 2307; x_wconf 86' lang='lat' dir='ltr'><strong>erga</strong></span> <span class='ocrx_word' id='word_1_679' title='bbox 2686 2237 2885 2306; x_wconf 86' lang='lat' dir='ltr'><strong>justum</strong></span> <span class='ocrx_word' id='word_1_680' title='bbox 2918 2237 3108 2307; x_wconf 76' lang='lat' dir='ltr'><strong>ingrati</strong></span> <span class='ocrx_word' id='word_1_681' title='bbox 3142 2235 3334 2290; x_wconf 85' lang='lat' dir='ltr'><strong>fuerint</strong></span> <span class='ocrx_word' id='word_1_682' title='bbox 3365 2254 3378 2289; x_wconf 92' lang='lat'><strong>:</strong></span> <span class='ocrx_word' id='word_1_683' title='bbox 3411 2252 3540 2306; x_wconf 87' lang='lat' dir='ltr'><strong>pro-</strong></span> 
     </span>
    </p>
   </div>
   <div class='ocr_carea' id='block_1_82' title="bbox 1957 2327 3543 2398">
    <p class='ocr_par' dir='ltr' id='par_1_82' title="bbox 1957 2327 3543 2398">
     <span class='ocr_line' id='line_1_82' title="bbox 1957 2327 3543 2398; baseline 0.001 -19"><span class='ocrx_word' id='word_1_684' title='bbox 1957 2335 2138 2396; x_wconf 84' lang='lat' dir='ltr'><strong>pterea</strong></span> <span class='ocrx_word' id='word_1_685' title='bbox 2175 2342 2282 2396; x_wconf 68' lang='lat' dir='ltr'><strong>prae</strong></span> <span class='ocrx_word' id='word_1_686' title='bbox 2313 2328 2501 2382; x_wconf 88' lang='lat' dir='ltr'><strong>timore</strong></span> <span class='ocrx_word' id='word_1_687' title='bbox 2530 2339 2687 2398; x_wconf 90' lang='lat' dir='ltr'><strong>atque</strong></span> <span class='ocrx_word' id='word_1_688' title='bbox 2714 2327 2999 2383; x_wconf 89' lang='lat' dir='ltr'><strong>formidine</strong></span> <span class='ocrx_word' id='word_1_689' title='bbox 3039 2344 3141 2382; x_wconf 90' lang='lat' dir='ltr'><strong>non</strong></span> <span class='ocrx_word' id='word_1_690' title='bbox 3178 2327 3455 2381; x_wconf 88' lang='lat' dir='ltr'><strong>attendunt</strong></span> <span class='ocrx_word' id='word_1_691' title='bbox 3484 2341 3543 2381; x_wconf 87' lang='lat' dir='ltr'><strong>se</strong></span> 
     </span>
    </p>
   </div>
   <div class='ocr_carea' id='block_1_83' title="bbox 1954 2417 3541 2488">
    <p class='ocr_par' dir='ltr' id='par_1_83' title="bbox 1954 2417 3541 2488">
     <span class='ocr_line' id='line_1_83' title="bbox 1954 2417 3541 2488; baseline -0.001 -17"><span class='ocrx_word' id='word_1_692' title='bbox 1954 2417 2160 2472; x_wconf 86' lang='lat' dir='ltr'><strong>diversa</strong></span> <span class='ocrx_word' id='word_1_693' title='bbox 2189 2426 2242 2470; x_wconf 90' lang='lat' dir='ltr'><strong>et</strong></span> <span class='ocrx_word' id='word_1_694' title='bbox 2265 2418 2548 2488; x_wconf 81' lang='lat' dir='ltr'><strong>pugnantia</strong></span> <span class='ocrx_word' id='word_1_695' title='bbox 2573 2419 2736 2488; x_wconf 90' lang='lat' dir='ltr'><strong>loqui.</strong></span> <span class='ocrx_word' id='word_1_696' title='bbox 2772 2417 2852 2471; x_wconf 86' lang='lat' dir='ltr'><strong>Ne</strong></span> <span class='ocrx_word' id='word_1_697' title='bbox 2878 2420 3052 2488; x_wconf 73' lang='lat' dir='ltr'><strong>feceris</strong></span> <span class='ocrx_word' id='word_1_698' title='bbox 3073 2460 3086 2484; x_wconf 92' lang='lat'><strong>,</strong></span> <span class='ocrx_word' id='word_1_699' title='bbox 3117 2420 3286 2487; x_wconf 88' lang='lat' dir='ltr'><strong>inquit</strong></span> <span class='ocrx_word' id='word_1_700' title='bbox 3307 2462 3319 2483; x_wconf 92' lang='lat'><strong>,</strong></span> <span class='ocrx_word' id='word_1_701' title='bbox 3350 2420 3541 2472; x_wconf 88' lang='lat' dir='ltr'><strong>malum</strong></span> 
     </span>
    </p>
   </div>
   <div class='ocr_carea' id='block_1_84' title="bbox 1956 2507 3543 2577">
    <p class='ocr_par' dir='ltr' id='par_1_84' title="bbox 1956 2507 3543 2577">
     <span class='ocr_line' id='line_1_84' title="bbox 1956 2507 3543 2577; baseline 0.003 -17"><span class='ocrx_word' id='word_1_702' title='bbox 1956 2507 2249 2572; x_wconf 85' lang='lat' dir='ltr'><strong>nobiscum,</strong></span> <span class='ocrx_word' id='word_1_703' title='bbox 2281 2508 2411 2561; x_wconf 81' lang='lat' dir='ltr'><strong>sicut</strong></span> <span class='ocrx_word' id='word_1_704' title='bbox 2457 2525 2547 2562; x_wconf 88' lang='lat' dir='ltr'><strong>nos</strong></span> <span class='ocrx_word' id='word_1_705' title='bbox 2579 2521 2625 2562; x_wconf 87' lang='lat' dir='ltr'><strong>te</strong></span> <span class='ocrx_word' id='word_1_706' title='bbox 2667 2525 2766 2562; x_wconf 81' lang='lat' dir='ltr'><strong>non</strong></span> <span class='ocrx_word' id='word_1_707' title='bbox 2809 2507 3082 2562; x_wconf 83' lang='lat' dir='ltr'><strong>abominati</strong></span> <span class='ocrx_word' id='word_1_708' title='bbox 3125 2526 3316 2563; x_wconf 88' lang='lat' dir='ltr'><strong>sumus.</strong></span> <span class='ocrx_word' id='word_1_709' title='bbox 3366 2509 3543 2577; x_wconf 78' lang='lat' dir='ltr'><strong>Quare</strong></span> 
     </span>
    </p>
   </div>
   <div class='ocr_carea' id='block_1_85' title="bbox 1958 2587 3537 2672">
    <p class='ocr_par' dir='ltr' id='par_1_85' title="bbox 1958 2587 3537 2672">
     <span class='ocr_line' id='line_1_85' title="bbox 1958 2587 3537 2672; baseline 0.001 -19"><span class='ocrx_word' id='word_1_710' title='bbox 1958 2599 2115 2670; x_wconf 80' lang='lat' dir='ltr'><strong>igitur</strong></span> <span class='ocrx_word' id='word_1_711' title='bbox 2139 2587 2428 2670; x_wconf 76' lang='lat' dir='ltr'><strong>abegistis?</strong></span> <span class='ocrx_word' id='word_1_712' title='bbox 2471 2602 2663 2656; x_wconf 91' lang='lat' dir='ltr'><strong>Verum</strong></span> <span class='ocrx_word' id='word_1_713' title='bbox 2705 2601 2880 2672; x_wconf 80' lang='lat' dir='ltr'><strong>justus</strong></span> <span class='ocrx_word' id='word_1_714' title='bbox 2925 2617 3027 2655; x_wconf 91' lang='lat' dir='ltr'><strong>non</strong></span> <span class='ocrx_word' id='word_1_715' title='bbox 3072 2604 3200 2671; x_wconf 89' lang='lat' dir='ltr'><strong>petit</strong></span> <span class='ocrx_word' id='word_1_716' title='bbox 3240 2603 3537 2665; x_wconf 86' lang='lat' dir='ltr'><strong>rationem,</strong></span> 
     </span>
    </p>
   </div>
   <div class='ocr_carea' id='block_1_86' title="bbox 1956 2692 3538 2763">
    <p class='ocr_par' dir='ltr' id='par_1_86' title="bbox 1956 2692 3538 2763">
     <span class='ocr_line' id='line_1_86' title="bbox 1956 2692 3538 2763; baseline 0.001 -19"><span class='ocrx_word' id='word_1_717' title='bbox 1956 2706 2128 2760; x_wconf 82' lang='lat' dir='ltr'><strong>neque</strong></span> <span class='ocrx_word' id='word_1_718' title='bbox 2157 2693 2488 2761; x_wconf 77' lang='lat' dir='ltr'><strong>expostulat,</strong></span> <span class='ocrx_word' id='word_1_719' title='bbox 2523 2707 2694 2760; x_wconf 88' lang='lat' dir='ltr'><strong>neque</strong></span> <span class='ocrx_word' id='word_1_720' title='bbox 2718 2707 2901 2746; x_wconf 86' lang='lat' dir='ltr'><strong>eorum</strong></span> <span class='ocrx_word' id='word_1_721' title='bbox 2926 2692 3066 2746; x_wconf 83' lang='lat' dir='ltr'><strong>dicta</strong></span> <span class='ocrx_word' id='word_1_722' title='bbox 3093 2693 3283 2762; x_wconf 86' lang='lat' dir='ltr'><strong>arguit.</strong></span> <span class='ocrx_word' id='word_1_723' title='bbox 3314 2692 3379 2745; x_wconf 84' lang='lat' dir='ltr'><strong>Et</strong></span> <span class='ocrx_word' id='word_1_724' title='bbox 3408 2709 3538 2763; x_wconf 80' lang='lat' dir='ltr'><strong>quo-</strong></span> 
     </span>
    </p>
   </div>
   <div class='ocr_carea' id='block_1_87' title="bbox 1959 2784 3542 2852">
    <p class='ocr_par' dir='ltr' id='par_1_87' title="bbox 1959 2784 3542 2852">
     <span class='ocr_line' id='line_1_87' title="bbox 1959 2784 3542 2852; baseline 0.003 -19"><span class='ocrx_word' id='word_1_725' title='bbox 1959 2785 2107 2835; x_wconf 82' lang='lat' dir='ltr'><strong>nw.lo</strong></span> <span class='ocrx_word' id='word_1_726' title='bbox 2130 2824 2142 2846; x_wconf 94' lang='lat'><strong>,</strong></span> <span class='ocrx_word' id='word_1_727' title='bbox 2175 2784 2374 2852; x_wconf 88' lang='lat' dir='ltr'><strong>inquit,</strong></span> <span class='ocrx_word' id='word_1_728' title='bbox 2407 2784 2528 2835; x_wconf 87' lang='lat' dir='ltr'><strong>bene</strong></span> <span class='ocrx_word' id='word_1_729' title='bbox 2552 2793 2599 2835; x_wconf 92' lang='lat' dir='ltr'><strong>te</strong></span> <span class='ocrx_word' id='word_1_730' title='bbox 2626 2784 2701 2836; x_wconf 86' lang='lat' dir='ltr'><strong>usi</strong></span> <span class='ocrx_word' id='word_1_731' title='bbox 2728 2799 2902 2837; x_wconf 83' lang='lat' dir='ltr'><strong>sumus</strong></span> <span class='ocrx_word' id='word_1_732' title='bbox 2926 2825 2939 2846; x_wconf 86' lang='lat'><strong>,</strong></span> <span class='ocrx_word' id='word_1_733' title='bbox 2968 2793 3010 2837; x_wconf 88' lang='lat' dir='ltr'><strong>et</strong></span> <span class='ocrx_word' id='word_1_734' title='bbox 3042 2785 3323 2836; x_wconf 88' lang='lat' dir='ltr'><strong>dimisimus</strong></span> <span class='ocrx_word' id='word_1_735' title='bbox 3354 2793 3400 2838; x_wconf 91' lang='lat' dir='ltr'><strong>te</strong></span> <span class='ocrx_word' id='word_1_736' title='bbox 3427 2801 3542 2838; x_wconf 85' lang='lat' dir='ltr'><strong>cum</strong></span> 
     </span>
    </p>
   </div>
   <div class='ocr_carea' id='block_1_88' title="bbox 1960 2871 3544 2941">
    <p class='ocr_par' dir='ltr' id='par_1_88' title="bbox 1960 2871 3544 2941">
     <span class='ocr_line' id='line_1_88' title="bbox 1960 2871 3544 2941; baseline 0.004 -17"><span class='ocrx_word' id='word_1_737' title='bbox 1960 2887 2083 2941; x_wconf 83' lang='lat' dir='ltr'><strong>pace</strong></span> <span class='ocrx_word' id='word_1_738' title='bbox 2105 2914 2118 2938; x_wconf 91' lang='lat'><strong>,</strong></span> <span class='ocrx_word' id='word_1_739' title='bbox 2167 2884 2212 2926; x_wconf 87' lang='lat' dir='ltr'><strong>et</strong></span> <span class='ocrx_word' id='word_1_740' title='bbox 2241 2889 2375 2926; x_wconf 88' lang='lat' dir='ltr'><strong>nunc</strong></span> <span class='ocrx_word' id='word_1_741' title='bbox 2402 2884 2457 2927; x_wconf 89' lang='lat' dir='ltr'><strong>tu</strong></span> <span class='ocrx_word' id='word_1_742' title='bbox 2481 2871 2767 2928; x_wconf 86' lang='lat' dir='ltr'><strong>benedictus</strong></span> <span class='ocrx_word' id='word_1_743' title='bbox 2795 2891 2827 2927; x_wconf 89' lang='lat' dir='ltr'><strong>a</strong></span> <span class='ocrx_word' id='word_1_744' title='bbox 2864 2875 3105 2928; x_wconf 84' lang='lat' dir='ltr'><strong>Domino.</strong></span> <span class='ocrx_word' id='word_1_745' title='bbox 3138 2875 3296 2929; x_wconf 75' lang='lat' dir='ltr'><strong>Vides</strong></span> <span class='ocrx_word' id='word_1_746' title='bbox 3335 2892 3428 2931; x_wconf 90' lang='lat' dir='ltr'><strong>eos</strong></span> <span class='ocrx_word' id='word_1_747' title='bbox 3454 2891 3544 2930; x_wconf 84' lang='lat' dir='ltr'><strong>su-</strong></span> 
     </span>
    </p>
   </div>
   <div class='ocr_carea' id='block_1_89' title="bbox 1961 2966 3547 3038">
    <p class='ocr_par' dir='ltr' id='par_1_89' title="bbox 1961 2966 3547 3038">
     <span class='ocr_line' id='line_1_89' title="bbox 1961 2966 3547 3038; baseline 0.003 -19"><span class='ocrx_word' id='word_1_748' title='bbox 1961 2980 2175 3033; x_wconf 89' lang='lat' dir='ltr'><strong>pernam</strong></span> <span class='ocrx_word' id='word_1_749' title='bbox 2216 2966 2497 3020; x_wconf 87' lang='lat' dir='ltr'><strong>vindictam</strong></span> <span class='ocrx_word' id='word_1_750' title='bbox 2537 2967 2794 3022; x_wconf 80' lang='lat' dir='ltr'><strong>timuisse.</strong></span> <span class='ocrx_word' id='word_1_751' title='bbox 2837 2967 3038 3022; x_wconf 78' lang='lat' dir='ltr'><strong>Norant</strong></span> <span class='ocrx_word' id='word_1_752' title='bbox 3074 2969 3214 3022; x_wconf 89' lang='lat' dir='ltr'><strong>enim</strong></span> <span class='ocrx_word' id='word_1_753' title='bbox 3245 2969 3384 3038; x_wconf 88' lang='lat' dir='ltr'><strong>quod</strong></span> <span class='ocrx_word' id='word_1_754' title='bbox 3422 2968 3547 3024; x_wconf 90' lang='lat' dir='ltr'><strong>licet</strong></span> 
     </span>
    </p>
   </div>
   <div class='ocr_carea' id='block_1_90' title="bbox 1959 3057 3543 3130">
    <p class='ocr_par' dir='ltr' id='par_1_90' title="bbox 1959 3057 3543 3130">
     <span class='ocr_line' id='line_1_90' title="bbox 1959 3057 3543 3130; baseline 0.003 -21"><span class='ocrx_word' id='word_1_755' title='bbox 1959 3058 2072 3125; x_wconf 83' lang='lat' dir='ltr'><strong>ipse</strong></span> <span class='ocrx_word' id='word_1_756' title='bbox 2098 3065 2310 3126; x_wconf 81' lang='lat' dir='ltr'><strong>propter</strong></span> <span class='ocrx_word' id='word_1_757' title='bbox 2336 3057 2715 3112; x_wconf 86' lang='lat' dir='ltr'><strong>humanitatem</strong></span> <span class='ocrx_word' id='word_1_758' title='bbox 2745 3073 2893 3112; x_wconf 85' lang='lat' dir='ltr'><strong>suam</strong></span> <span class='ocrx_word' id='word_1_759' title='bbox 2924 3073 3026 3112; x_wconf 87' lang='lat' dir='ltr'><strong>non</strong></span> <span class='ocrx_word' id='word_1_760' title='bbox 3060 3060 3404 3114; x_wconf 90' lang='lat' dir='ltr'><strong>ulcisceretur</strong></span> <span class='ocrx_word' id='word_1_761' title='bbox 3423 3076 3543 3130; x_wconf 82' lang='lat' dir='ltr'><strong>qua:</strong></span> 
     </span>
    </p>
   </div>
   <div class='ocr_carea' id='block_1_91' title="bbox 1959 3143 3544 3217">
    <p class='ocr_par' dir='ltr' id='par_1_91' title="bbox 1959 3143 3544 3217">
     <span class='ocr_line' id='line_1_91' title="bbox 1959 3143 3544 3217; baseline 0.003 -18"><span class='ocrx_word' id='word_1_762' title='bbox 1959 3143 2230 3210; x_wconf 86' lang='lat' dir='ltr'><strong>fecerant,</strong></span> <span class='ocrx_word' id='word_1_763' title='bbox 2260 3163 2380 3202; x_wconf 76' lang='lat' dir='ltr'><strong>cum</strong></span> <span class='ocrx_word' id='word_1_764' title='bbox 2425 3158 2570 3201; x_wconf 90' lang='lat' dir='ltr'><strong>certe</strong></span> <span class='ocrx_word' id='word_1_765' title='bbox 2597 3148 2686 3217; x_wconf 92' lang='lat' dir='ltr'><strong>qui</strong></span> <span class='ocrx_word' id='word_1_766' title='bbox 2735 3158 2934 3203; x_wconf 88' lang='lat' dir='ltr'><strong>tantam</strong></span> <span class='ocrx_word' id='word_1_767' title='bbox 2960 3149 3074 3216; x_wconf 86' lang='lat' dir='ltr'><strong>ejus</strong></span> <span class='ocrx_word' id='word_1_768' title='bbox 3103 3163 3284 3203; x_wconf 90' lang='lat' dir='ltr'><strong>curam</strong></span> <span class='ocrx_word' id='word_1_769' title='bbox 3314 3151 3504 3217; x_wconf 80' lang='lat' dir='ltr'><strong>agebat</strong></span> <span class='ocrx_word' id='word_1_770' title='bbox 3527 3191 3544 3211; x_wconf 90' lang='lat'><strong>.</strong></span> 
     </span>
    </p>
   </div>
   <div class='ocr_carea' id='block_1_92' title="bbox 1959 3237 3542 3308">
    <p class='ocr_par' dir='ltr' id='par_1_92' title="bbox 1959 3237 3542 3308">
     <span class='ocr_line' id='line_1_92' title="bbox 1959 3237 3542 3308; baseline 0.001 -16"><span class='ocrx_word' id='word_1_771' title='bbox 1959 3237 2304 3307; x_wconf 81' lang='lat' dir='ltr'><strong>repetiturum</strong></span> <span class='ocrx_word' id='word_1_772' title='bbox 2333 3253 2452 3292; x_wconf 86' lang='lat' dir='ltr'><strong>esse</strong></span> <span class='ocrx_word' id='word_1_773' title='bbox 2481 3239 2738 3292; x_wconf 88' lang='lat' dir='ltr'><strong>rationem</strong></span> <span class='ocrx_word' id='word_1_774' title='bbox 2766 3253 2948 3292; x_wconf 88' lang='lat' dir='ltr'><strong>eorum</strong></span> <span class='ocrx_word' id='word_1_775' title='bbox 2973 3253 3089 3307; x_wconf 62' lang='lat' dir='ltr'><strong>qua!</strong></span> <span class='ocrx_word' id='word_1_776' title='bbox 3116 3240 3166 3292; x_wconf 91' lang='lat' dir='ltr'><strong>in</strong></span> <span class='ocrx_word' id='word_1_777' title='bbox 3185 3239 3383 3308; x_wconf 88' lang='lat' dir='ltr'><strong>justum</strong></span> <span class='ocrx_word' id='word_1_778' title='bbox 3407 3241 3542 3296; x_wconf 84' lang='lat' dir='ltr'><strong>facta</strong></span> 
     </span>
    </p>
   </div>
   <div class='ocr_carea' id='block_1_93' title="bbox 1960 3328 3545 3400">
    <p class='ocr_par' dir='ltr' id='par_1_93' title="bbox 1960 3328 3545 3400">
     <span class='ocr_line' id='line_1_93' title="bbox 1960 3328 3545 3400; baseline 0.002 -17"><span class='ocrx_word' id='word_1_779' title='bbox 1960 3328 2170 3385; x_wconf 83' lang='lat' dir='ltr'><strong>fuerant</strong></span> <span class='ocrx_word' id='word_1_780' title='bbox 2201 3347 2212 3382; x_wconf 90' lang='lat'><strong>:</strong></span> <span class='ocrx_word' id='word_1_781' title='bbox 2244 3339 2526 3398; x_wconf 81' lang='lat' dir='ltr'><strong>eaprOptcr</strong></span> <span class='ocrx_word' id='word_1_782' title='bbox 2551 3330 2751 3398; x_wconf 90' lang='lat' dir='ltr'><strong>justum</strong></span> <span class='ocrx_word' id='word_1_783' title='bbox 2797 3329 3045 3400; x_wconf 87' lang='lat' dir='ltr'><strong>placant,</strong></span> <span class='ocrx_word' id='word_1_784' title='bbox 3089 3339 3143 3385; x_wconf 89' lang='lat' dir='ltr'><strong>et</strong></span> <span class='ocrx_word' id='word_1_785' title='bbox 3172 3342 3380 3400; x_wconf 86' lang='lat' dir='ltr'><strong>pactum</strong></span> <span class='ocrx_word' id='word_1_786' title='bbox 3410 3333 3545 3388; x_wconf 85' lang='lat' dir='ltr'><strong>inire</strong></span> 
     </span>
    </p>
   </div>
   <div class='ocr_carea' id='block_1_94' title="bbox 1960 3420 3547 3491">
    <p class='ocr_par' dir='ltr' id='par_1_94' title="bbox 1960 3420 3547 3491">
     <span class='ocr_line' id='line_1_94' title="bbox 1960 3420 3547 3491; baseline 0.003 -17"><span class='ocrx_word' id='word_1_787' title='bbox 1960 3435 2080 3474; x_wconf 88' lang='lat' dir='ltr'><strong>cum</strong></span> <span class='ocrx_word' id='word_1_788' title='bbox 2121 3435 2185 3474; x_wconf 91' lang='lat' dir='ltr'><strong>eo</strong></span> <span class='ocrx_word' id='word_1_789' title='bbox 2226 3420 2478 3483; x_wconf 85' lang='lat' dir='ltr'><strong>student,</strong></span> <span class='ocrx_word' id='word_1_790' title='bbox 2511 3420 2669 3474; x_wconf 88' lang='lat' dir='ltr'><strong>simul</strong></span> <span class='ocrx_word' id='word_1_791' title='bbox 2709 3430 2762 3475; x_wconf 88' lang='lat' dir='ltr'><strong>et</strong></span> <span class='ocrx_word' id='word_1_792' title='bbox 2801 3436 2898 3490; x_wconf 89' lang='lat' dir='ltr'><strong>pro</strong></span> <span class='ocrx_word' id='word_1_793' title='bbox 2946 3422 3007 3475; x_wconf 90' lang='lat' dir='ltr'><strong>iis</strong></span> <span class='ocrx_word' id='word_1_794' title='bbox 3050 3438 3167 3491; x_wconf 76' lang='lat' dir='ltr'><strong>qua:</strong></span> <span class='ocrx_word' id='word_1_795' title='bbox 3215 3421 3348 3477; x_wconf 86' lang='lat' dir='ltr'><strong>f.-cta</strong></span> <span class='ocrx_word' id='word_1_796' title='bbox 3390 3431 3547 3479; x_wconf 88' lang='lat' dir='ltr'><strong>erant</strong></span> 
     </span>
    </p>
   </div>
   <div class='ocr_carea' id='block_1_95' title="bbox 1959 3510 3544 3575">
    <p class='ocr_par' dir='ltr' id='par_1_95' title="bbox 1959 3510 3544 3575">
     <span class='ocr_line' id='line_1_95' title="bbox 1959 3510 3544 3575; baseline 0.003 -12"><span class='ocrx_word' id='word_1_797' title='bbox 1959 3510 2217 3564; x_wconf 88' lang='lat' dir='ltr'><strong>rationem</strong></span> <span class='ocrx_word' id='word_1_798' title='bbox 2261 3510 2544 3565; x_wconf 87' lang='lat' dir='ltr'><strong>reddentes</strong></span> <span class='ocrx_word' id='word_1_799' title='bbox 2568 3551 2583 3575; x_wconf 92' lang='lat'><strong>,</strong></span> <span class='ocrx_word' id='word_1_800' title='bbox 2616 3519 2670 3566; x_wconf 90' lang='lat' dir='ltr'><strong>et</strong></span> <span class='ocrx_word' id='word_1_801' title='bbox 2714 3511 2764 3565; x_wconf 92' lang='lat' dir='ltr'><strong>in</strong></span> <span class='ocrx_word' id='word_1_802' title='bbox 2811 3510 3040 3566; x_wconf 90' lang='lat' dir='ltr'><strong>futurum</strong></span> <span class='ocrx_word' id='word_1_803' title='bbox 3072 3513 3410 3566; x_wconf 85' lang='lat' dir='ltr'><strong>securitatem</strong></span> <span class='ocrx_word' id='word_1_804' title='bbox 3442 3514 3544 3569; x_wconf 87' lang='lat' dir='ltr'><strong>sibi</strong></span> 
     </span>
    </p>
   </div>
   <div class='ocr_carea' id='block_1_96' title="bbox 1960 3601 3544 3672">
    <p class='ocr_par' dir='ltr' id='par_1_96' title="bbox 1960 3601 3544 3672">
     <span class='ocr_line' id='line_1_96' title="bbox 1960 3601 3544 3672; baseline 0.001 -16"><span class='ocrx_word' id='word_1_805' title='bbox 1960 3601 2324 3656; x_wconf 83' lang='lat' dir='ltr'><strong>conciliantes.</strong></span> <span class='ocrx_word' id='word_1_806' title='bbox 2369 3602 2459 3657; x_wconf 73' lang='lat'><strong>50.</strong></span> <span class='ocrx_word' id='word_1_807' title='bbox 2491 3601 2554 3654; x_wconf 83' lang='lat' dir='ltr'><strong>Et</strong></span> <span class='ocrx_word' id='word_1_808' title='bbox 2593 3603 2710 3672; x_wconf 82' lang='lat' dir='ltr'><strong>fecit</strong></span> <span class='ocrx_word' id='word_1_809' title='bbox 2747 3603 2820 3656; x_wconf 89' lang='lat' dir='ltr'><strong>eis</strong></span> <span class='ocrx_word' id='word_1_810' title='bbox 2847 3642 2861 3668; x_wconf 96' lang='lat'><strong>,</strong></span> <span class='ocrx_word' id='word_1_811' title='bbox 2907 3603 3111 3672; x_wconf 88' lang='lat' dir='ltr'><strong>inquit,</strong></span> <span class='ocrx_word' id='word_1_812' title='bbox 3153 3605 3469 3667; x_wconf 74' lang='lat' dir='ltr'><strong>convivium,</strong></span> <span class='ocrx_word' id='word_1_813' title='bbox 3498 3613 3544 3658; x_wconf 86' lang='lat' dir='ltr'><strong>et</strong></span> 
     </span>
    </p>
   </div>
   <div class='ocr_carea' id='block_1_97' title="bbox 1959 3693 3544 3766">
    <p class='ocr_par' dir='ltr' id='par_1_97' title="bbox 1959 3693 3544 3766">
     <span class='ocr_line' id='line_1_97' title="bbox 1959 3693 3544 3766; baseline 0.003 -20"><span class='ocrx_word' id='word_1_814' title='bbox 1959 3694 2276 3746; x_wconf 85' lang='lat' dir='ltr'><strong>comederunt</strong></span> <span class='ocrx_word' id='word_1_815' title='bbox 2301 3702 2346 3746; x_wconf 90' lang='lat' dir='ltr'><strong>et</strong></span> <span class='ocrx_word' id='word_1_816' title='bbox 2370 3693 2597 3748; x_wconf 83' lang='lat' dir='ltr'><strong>biberunt</strong></span> <span class='ocrx_word' id='word_1_817' title='bbox 2625 3695 2752 3748; x_wconf 75' lang='lat'><strong>:51.</strong></span> <span class='ocrx_word' id='word_1_818' title='bbox 2781 3704 2828 3748; x_wconf 86' lang='lat' dir='ltr'><strong>et</strong></span> <span class='ocrx_word' id='word_1_819' title='bbox 2859 3711 2972 3749; x_wconf 90' lang='lat' dir='ltr'><strong>cum</strong></span> <span class='ocrx_word' id='word_1_820' title='bbox 2998 3697 3330 3750; x_wconf 68' lang='lat' dir='ltr'><strong>surrexissent</strong></span> <span class='ocrx_word' id='word_1_821' title='bbox 3361 3713 3503 3750; x_wconf 80' lang='lat' dir='ltr'><strong>mane</strong></span> <span class='ocrx_word' id='word_1_822' title='bbox 3526 3738 3544 3766; x_wconf 90' lang='lat'><strong>,</strong></span> 
     </span>
    </p>
   </div>
   <div class='ocr_carea' id='block_1_98' title="bbox 1951 3775 3542 3856">
    <p class='ocr_par' dir='ltr' id='par_1_98' title="bbox 1951 3775 3542 3856">
     <span class='ocr_line' id='line_1_98' title="bbox 1951 3775 3542 3856; baseline 0.001 -18"><span class='ocrx_word' id='word_1_823' title='bbox 1951 3787 2145 3856; x_wconf 80' lang='lat' dir='ltr'><strong>juraoit</strong></span> <span class='ocrx_word' id='word_1_824' title='bbox 2169 3786 2510 3856; x_wconf 80' lang='lat' dir='ltr'><strong>unusquisque</strong></span> <span class='ocrx_word' id='word_1_825' title='bbox 2537 3775 2766 3855; x_wconf 77' lang='lat' dir='ltr'><strong>proximo</strong></span> <span class='ocrx_word' id='word_1_826' title='bbox 2795 3804 2887 3840; x_wconf 87' lang='lat' dir='ltr'><strong>suo</strong></span> <span class='ocrx_word' id='word_1_827' title='bbox 2912 3828 2926 3851; x_wconf 96' lang='lat'><strong>,</strong></span> <span class='ocrx_word' id='word_1_828' title='bbox 2955 3797 3000 3841; x_wconf 87' lang='lat' dir='ltr'><strong>et</strong></span> <span class='ocrx_word' id='word_1_829' title='bbox 3025 3787 3214 3840; x_wconf 78' lang='lat' dir='ltr'><strong>dimisit</strong></span> <span class='ocrx_word' id='word_1_830' title='bbox 3242 3804 3324 3842; x_wconf 92' lang='lat' dir='ltr'><strong>eos</strong></span> <span class='ocrx_word' id='word_1_831' title='bbox 3350 3789 3504 3842; x_wconf 85' lang='lat' dir='ltr'><strong>Isaac</strong></span> <span class='ocrx_word' id='word_1_832' title='bbox 3525 3829 3542 3853; x_wconf 88' lang='lat'><strong>,</strong></span> 
     </span>
    </p>
   </div>
   <div class='ocr_carea' id='block_1_99' title="bbox 1959 3877 3544 3950">
    <p class='ocr_par' dir='ltr' id='par_1_99' title="bbox 1959 3877 3544 3950">
     <span class='ocr_line' id='line_1_99' title="bbox 1959 3877 3544 3950; baseline 0.002 -19"><span class='ocrx_word' id='word_1_833' title='bbox 1959 3887 2006 3931; x_wconf 88' lang='lat' dir='ltr'><strong>et</strong></span> <span class='ocrx_word' id='word_1_834' title='bbox 2035 3877 2366 3933; x_wconf 85' lang='lat' dir='ltr'><strong>discesserunt</strong></span> <span class='ocrx_word' id='word_1_835' title='bbox 2391 3878 2454 3932; x_wconf 75' lang='lat' dir='ltr'><strong>ab</strong></span> <span class='ocrx_word' id='word_1_836' title='bbox 2480 3894 2538 3931; x_wconf 91' lang='lat' dir='ltr'><strong>eo</strong></span> <span class='ocrx_word' id='word_1_837' title='bbox 2564 3894 2679 3932; x_wconf 87' lang='lat' dir='ltr'><strong>cum</strong></span> <span class='ocrx_word' id='word_1_838' title='bbox 2706 3879 2888 3933; x_wconf 88' lang='lat' dir='ltr'><strong>salute.</strong></span> <span class='ocrx_word' id='word_1_839' title='bbox 2921 3878 3050 3934; x_wconf 78' lang='lat' dir='ltr'><strong>Vide</strong></span> <span class='ocrx_word' id='word_1_840' title='bbox 3088 3881 3216 3948; x_wconf 87' lang='lat' dir='ltr'><strong>justi</strong></span> <span class='ocrx_word' id='word_1_841' title='bbox 3245 3880 3544 3950; x_wconf 66' lang='lat' dir='ltr'><strong>benignitao</strong></span> 
     </span>
    </p>
   </div>
   <div class='ocr_carea' id='block_1_100' title="bbox 1962 3970 3544 4043">
    <p class='ocr_par' dir='ltr' id='par_1_100' title="bbox 1962 3970 3544 4043">
     <span class='ocr_line' id='line_1_100' title="bbox 1962 3970 3544 4043; baseline 0.003 -19"><span class='ocrx_word' id='word_1_842' title='bbox 1962 3978 2066 4025; x_wconf 90' lang='lat' dir='ltr'><strong>tem</strong></span> <span class='ocrx_word' id='word_1_843' title='bbox 2093 4011 2108 4032; x_wconf 91' lang='lat'><em>.</em></span> <span class='ocrx_word' id='word_1_844' title='bbox 2139 3970 2408 4038; x_wconf 90' lang='lat' dir='ltr'><strong>quomodo</strong></span> <span class='ocrx_word' id='word_1_845' title='bbox 2431 3985 2552 4025; x_wconf 89' lang='lat' dir='ltr'><strong>cum</strong></span> <span class='ocrx_word' id='word_1_846' title='bbox 2583 3972 2662 4025; x_wconf 87' lang='lat' dir='ltr'><strong>eis</strong></span> <span class='ocrx_word' id='word_1_847' title='bbox 2689 3971 2890 4041; x_wconf 88' lang='lat' dir='ltr'><strong>absque</strong></span> <span class='ocrx_word' id='word_1_848' title='bbox 2924 3971 3224 4026; x_wconf 82' lang='lat' dir='ltr'><strong>vindicandi</strong></span> <span class='ocrx_word' id='word_1_849' title='bbox 3256 3973 3544 4043; x_wconf 79' lang='lat' dir='ltr'><strong>cupiditate</strong></span> 
     </span>
    </p>
   </div>
   <div class='ocr_carea' id='block_1_101' title="bbox 1962 4060 3548 4134">
    <p class='ocr_par' dir='ltr' id='par_1_101' title="bbox 1962 4060 3548 4134">
     <span class='ocr_line' id='line_1_101' title="bbox 1962 4060 3548 4134; baseline 0.004 -20"><span class='ocrx_word' id='word_1_850' title='bbox 1962 4060 2194 4131; x_wconf 89' lang='lat' dir='ltr'><strong>loquitur</strong></span> <span class='ocrx_word' id='word_1_851' title='bbox 2222 4079 2235 4114; x_wconf 92' lang='lat'><strong>:</strong></span> <span class='ocrx_word' id='word_1_852' title='bbox 2265 4071 2316 4117; x_wconf 91' lang='lat' dir='ltr'><strong>et</strong></span> <span class='ocrx_word' id='word_1_853' title='bbox 2346 4074 2452 4115; x_wconf 88' lang='lat' dir='ltr'><strong>non</strong></span> <span class='ocrx_word' id='word_1_854' title='bbox 2487 4062 2656 4117; x_wconf 67' lang='lat' dir='ltr'><strong>solum</strong></span> <span class='ocrx_word' id='word_1_855' title='bbox 2687 4062 3017 4118; x_wconf 83' lang='lat' dir='ltr'><strong>obliviscitur</strong></span> <span class='ocrx_word' id='word_1_856' title='bbox 3045 4077 3230 4118; x_wconf 90' lang='lat' dir='ltr'><strong>eorum</strong></span> <span class='ocrx_word' id='word_1_857' title='bbox 3260 4079 3378 4134; x_wconf 76' lang='lat' dir='ltr'><strong>qua:</strong></span> <span class='ocrx_word' id='word_1_858' title='bbox 3407 4065 3457 4118; x_wconf 91' lang='lat' dir='ltr'><strong>in</strong></span> <span class='ocrx_word' id='word_1_859' title='bbox 3486 4077 3548 4120; x_wconf 84' lang='lat' dir='ltr'><strong>so</strong></span> 
     </span>
    </p>
   </div>
   <div class='ocr_carea' id='block_1_102' title="bbox 1961 4153 3546 4225">
    <p class='ocr_par' dir='ltr' id='par_1_102' title="bbox 1961 4153 3546 4225">
     <span class='ocr_line' id='line_1_102' title="bbox 1961 4153 3546 4225; baseline 0.004 -19"><span class='ocrx_word' id='word_1_860' title='bbox 1961 4153 2118 4217; x_wconf 88' lang='lat' dir='ltr'><strong>facta,</strong></span> <span class='ocrx_word' id='word_1_861' title='bbox 2141 4153 2232 4208; x_wconf 88' lang='lat' dir='ltr'><strong>sed</strong></span> <span class='ocrx_word' id='word_1_862' title='bbox 2261 4168 2449 4224; x_wconf 85' lang='lat' dir='ltr'><strong>magna</strong></span> <span class='ocrx_word' id='word_1_863' title='bbox 2472 4153 2831 4224; x_wconf 87' lang='lat' dir='ltr'><strong>hospitalitate</strong></span> <span class='ocrx_word' id='word_1_864' title='bbox 2859 4155 2976 4208; x_wconf 88' lang='lat' dir='ltr'><strong>illos</strong></span> <span class='ocrx_word' id='word_1_865' title='bbox 2996 4155 3212 4225; x_wconf 87' lang='lat' dir='ltr'><strong>excipit.</strong></span> <span class='ocrx_word' id='word_1_866' title='bbox 3241 4155 3381 4210; x_wconf 84' lang='lat' dir='ltr'><strong>Fecit</strong></span> <span class='ocrx_word' id='word_1_867' title='bbox 3401 4157 3546 4212; x_wconf 81' lang='lat' dir='ltr'><strong>enim</strong></span> 
     </span>
    </p>
   </div>
   <div class='ocr_carea' id='block_1_103' title="bbox 1959 4245 3548 4313">
    <p class='ocr_par' dir='ltr' id='par_1_103' title="bbox 1959 4245 3548 4313">
     <span class='ocr_line' id='line_1_103' title="bbox 1959 4245 3548 4313; baseline 0.002 -13"><span class='ocrx_word' id='word_1_868' title='bbox 1959 4245 2342 4313; x_wconf 75' lang='lat' dir='ltr'><strong>eisconoioium,</strong></span> <span class='ocrx_word' id='word_1_869' title='bbox 2363 4255 2412 4299; x_wconf 85' lang='lat' dir='ltr'><strong>et</strong></span> <span class='ocrx_word' id='word_1_870' title='bbox 2436 4245 2754 4300; x_wconf 82' lang='lat' dir='ltr'><strong>comederunt</strong></span> <span class='ocrx_word' id='word_1_871' title='bbox 2781 4255 2828 4300; x_wconf 89' lang='lat' dir='ltr'><strong>et</strong></span> <span class='ocrx_word' id='word_1_872' title='bbox 2857 4246 3099 4301; x_wconf 86' lang='lat' dir='ltr'><strong>biberunt.</strong></span> <span class='ocrx_word' id='word_1_873' title='bbox 3130 4246 3386 4301; x_wconf 82' lang='lat' dir='ltr'><strong>Convivia</strong></span> <span class='ocrx_word' id='word_1_874' title='bbox 3413 4248 3548 4303; x_wconf 83' lang='lat' dir='ltr'><strong>satis</strong></span> 
     </span>
    </p>
   </div>
   <div class='ocr_carea' id='block_1_104' title="bbox 1959 4335 3546 4404">
    <p class='ocr_par' dir='ltr' id='par_1_104' title="bbox 1959 4335 3546 4404">
     <span class='ocr_line' id='line_1_104' title="bbox 1959 4335 3546 4404; baseline 0.004 -17"><span class='ocrx_word' id='word_1_875' title='bbox 1959 4345 2106 4394; x_wconf 84' lang='lat' dir='ltr'><strong>certa</strong></span> <span class='ocrx_word' id='word_1_876' title='bbox 2143 4335 2234 4388; x_wconf 86' lang='lat' dir='ltr'><strong>dat</strong></span> <span class='ocrx_word' id='word_1_877' title='bbox 2266 4343 2574 4404; x_wconf 83' lang='lat' dir='ltr'><strong>argumenta</strong></span> <span class='ocrx_word' id='word_1_878' title='bbox 2597 4379 2612 4400; x_wconf 91' lang='lat'><strong>,</strong></span> <span class='ocrx_word' id='word_1_879' title='bbox 2641 4350 2702 4391; x_wconf 85' lang='lat' dir='ltr'><strong>se</strong></span> <span class='ocrx_word' id='word_1_880' title='bbox 2741 4350 2846 4390; x_wconf 88' lang='lat' dir='ltr'><strong>non</strong></span> <span class='ocrx_word' id='word_1_881' title='bbox 2886 4336 3001 4394; x_wconf 88' lang='lat' dir='ltr'><strong>fore</strong></span> <span class='ocrx_word' id='word_1_882' title='bbox 3040 4351 3330 4394; x_wconf 84' lang='lat' dir='ltr'><strong>memorem</strong></span> <span class='ocrx_word' id='word_1_883' title='bbox 3358 4353 3546 4393; x_wconf 90' lang='lat' dir='ltr'><strong>eorum</strong></span> 
     </span>
    </p>
   </div>
   <div class='ocr_carea' id='block_1_105' title="bbox 1959 4425 3546 4499">
    <p class='ocr_par' dir='ltr' id='par_1_105' title="bbox 1959 4425 3546 4499">
     <span class='ocr_line' id='line_1_105' title="bbox 1959 4425 3546 4499; baseline 0.003 -18"><span class='ocrx_word' id='word_1_884' title='bbox 1959 4442 2080 4497; x_wconf 56' lang='lat' dir='ltr'><strong>quas</strong></span> <span class='ocrx_word' id='word_1_885' title='bbox 2103 4426 2156 4481; x_wconf 89' lang='lat' dir='ltr'><strong>in</strong></span> <span class='ocrx_word' id='word_1_886' title='bbox 2183 4440 2241 4481; x_wconf 90' lang='lat' dir='ltr'><strong>se</strong></span> <span class='ocrx_word' id='word_1_887' title='bbox 2267 4425 2664 4481; x_wconf 86' lang='lat' dir='ltr'><strong>commiserant.</strong></span> <span class='ocrx_word' id='word_1_888' title='bbox 2691 4425 2759 4480; x_wconf 86' lang='lat' dir='ltr'><strong>Et</strong></span> <span class='ocrx_word' id='word_1_889' title='bbox 2777 4427 2966 4481; x_wconf 84' lang='lat' dir='ltr'><strong>dimisit</strong></span> <span class='ocrx_word' id='word_1_890' title='bbox 2989 4443 3092 4493; x_wconf 89' lang='lat' dir='ltr'><strong>eos,</strong></span> <span class='ocrx_word' id='word_1_891' title='bbox 3122 4429 3311 4499; x_wconf 76' lang='lat' dir='ltr'><strong>inquit,</strong></span> <span class='ocrx_word' id='word_1_892' title='bbox 3333 4439 3380 4483; x_wconf 82' lang='lat' dir='ltr'><strong>et</strong></span> <span class='ocrx_word' id='word_1_893' title='bbox 3403 4429 3546 4486; x_wconf 82' lang='lat' dir='ltr'><strong>abis-</strong></span> 
     </span>
    </p>
   </div>
   <div class='ocr_carea' id='block_1_106' title="bbox 1957 4516 3542 4592">
    <p class='ocr_par' dir='ltr' id='par_1_106' title="bbox 1957 4516 3542 4592">
     <span class='ocr_line' id='line_1_106' title="bbox 1957 4516 3542 4592; baseline 0.003 -19"><span class='ocrx_word' id='word_1_894' title='bbox 1957 4529 2076 4574; x_wconf 79' lang='lat' dir='ltr'><strong>runt</strong></span> <span class='ocrx_word' id='word_1_895' title='bbox 2096 4535 2212 4573; x_wconf 82' lang='lat' dir='ltr'><strong>cum</strong></span> <span class='ocrx_word' id='word_1_896' title='bbox 2236 4519 2417 4574; x_wconf 81' lang='lat' dir='ltr'><strong>salute.</strong></span> <span class='ocrx_word' id='word_1_897' title='bbox 2445 4516 2772 4590; x_wconf 84' lang='lat' dir='ltr'><strong>Significavit</strong></span> <span class='ocrx_word' id='word_1_898' title='bbox 2792 4534 2887 4589; x_wconf 86' lang='lat' dir='ltr'><strong>per</strong></span> <span class='ocrx_word' id='word_1_899' title='bbox 2913 4518 3016 4574; x_wconf 88' lang='lat' dir='ltr'><strong>hoc</strong></span> <span class='ocrx_word' id='word_1_900' title='bbox 3038 4519 3214 4574; x_wconf 83' lang='lat' dir='ltr'><strong>divina</strong></span> <span class='ocrx_word' id='word_1_901' title='bbox 3242 4521 3542 4592; x_wconf 69' lang='lat' dir='ltr'><strong>Scriptura,</strong></span> 
     </span>
    </p>
   </div>
   <div class='ocr_carea' id='block_1_107' title="bbox 1957 4610 3533 4685">
    <p class='ocr_par' dir='ltr' id='par_1_107' title="bbox 1957 4610 3533 4685">
     <span class='ocr_line' id='line_1_107' title="bbox 1957 4610 3533 4685; baseline 0.002 -18"><span class='ocrx_word' id='word_1_902' title='bbox 1957 4623 2053 4667; x_wconf 81' lang='lat' dir='ltr'><strong>eos</strong></span> <span class='ocrx_word' id='word_1_903' title='bbox 2081 4625 2274 4682; x_wconf 80' lang='lat' dir='ltr'><strong>magno</strong></span> <span class='ocrx_word' id='word_1_904' title='bbox 2311 4626 2431 4666; x_wconf 85' lang='lat' dir='ltr'><strong>cum</strong></span> <span class='ocrx_word' id='word_1_905' title='bbox 2470 4613 2660 4666; x_wconf 88' lang='lat' dir='ltr'><strong>timore</strong></span> <span class='ocrx_word' id='word_1_906' title='bbox 2690 4610 3002 4678; x_wconf 76' lang='lat' dir='ltr'><strong>advenisse,</strong></span> <span class='ocrx_word' id='word_1_907' title='bbox 3035 4614 3330 4681; x_wconf 76' lang='lat' dir='ltr'><strong>perieulum</strong></span> <span class='ocrx_word' id='word_1_908' title='bbox 3355 4630 3533 4685; x_wconf 90' lang='lat' dir='ltr'><strong>exspe-</strong></span> 
     </span>
    </p>
   </div>
   <div class='ocr_carea' id='block_1_108' title="bbox 1958 4701 3545 4773">
    <p class='ocr_par' dir='ltr' id='par_1_108' title="bbox 1958 4701 3545 4773">
     <span class='ocr_line' id='line_1_108' title="bbox 1958 4701 3545 4773; baseline 0.004 -17"><span class='ocrx_word' id='word_1_909' title='bbox 1958 4707 2164 4757; x_wconf 86' lang='lat' dir='ltr'><strong>ctantes</strong></span> <span class='ocrx_word' id='word_1_910' title='bbox 2187 4743 2203 4764; x_wconf 90' lang='lat'><strong>,</strong></span> <span class='ocrx_word' id='word_1_911' title='bbox 2231 4709 2286 4756; x_wconf 88' lang='lat' dir='ltr'><strong>et</strong></span> <span class='ocrx_word' id='word_1_912' title='bbox 2309 4701 2376 4757; x_wconf 90' lang='lat' dir='ltr'><strong>de</strong></span> <span class='ocrx_word' id='word_1_913' title='bbox 2401 4717 2578 4758; x_wconf 91' lang='lat' dir='ltr'><strong>rerum</strong></span> <span class='ocrx_word' id='word_1_914' title='bbox 2603 4717 2811 4758; x_wconf 88' lang='lat' dir='ltr'><strong>summa</strong></span> <span class='ocrx_word' id='word_1_915' title='bbox 2831 4743 2849 4768; x_wconf 91' lang='lat'><strong>,</strong></span> <span class='ocrx_word' id='word_1_916' title='bbox 2879 4711 2938 4758; x_wconf 90' lang='lat' dir='ltr'><strong>ut</strong></span> <span class='ocrx_word' id='word_1_917' title='bbox 2969 4705 3038 4759; x_wconf 86' lang='lat' dir='ltr'><strong>ita</strong></span> <span class='ocrx_word' id='word_1_918' title='bbox 3063 4705 3237 4760; x_wconf 88' lang='lat' dir='ltr'><strong>dicam</strong></span> <span class='ocrx_word' id='word_1_919' title='bbox 3261 4747 3278 4772; x_wconf 97' lang='lat'><strong>,</strong></span> <span class='ocrx_word' id='word_1_920' title='bbox 3309 4708 3503 4762; x_wconf 74' lang='lat' dir='ltr'><strong>anxios</strong></span> <span class='ocrx_word' id='word_1_921' title='bbox 3527 4746 3545 4773; x_wconf 94' lang='lat'><strong>,</strong></span> 
     </span>
    </p>
   </div>
   <div class='ocr_carea' id='block_1_109' title="bbox 1959 4780 3546 4866">
    <p class='ocr_par' dir='ltr' id='par_1_109' title="bbox 1959 4780 3546 4866">
     <span class='ocr_line' id='line_1_109' title="bbox 1959 4780 3546 4866; baseline 0.006 -18"><span class='ocrx_word' id='word_1_922' title='bbox 1959 4802 2018 4848; x_wconf 92' lang='lat' dir='ltr'><strong>ut</strong></span> <span class='ocrx_word' id='word_1_923' title='bbox 2068 4805 2386 4849; x_wconf 76' lang='lat' dir='ltr'><strong>excusarent</strong></span> <span class='ocrx_word' id='word_1_924' title='bbox 2426 4809 2528 4860; x_wconf 87' lang='lat' dir='ltr'><strong>se,</strong></span> <span class='ocrx_word' id='word_1_925' title='bbox 2574 4794 2640 4850; x_wconf 88' lang='lat' dir='ltr'><strong>ad</strong></span> <span class='ocrx_word' id='word_1_926' title='bbox 2687 4795 2889 4866; x_wconf 87' lang='lat' dir='ltr'><strong>justum</strong></span> <span class='ocrx_word' id='word_1_927' title='bbox 2929 4780 3297 4855; x_wconf 64' lang='lat' dir='ltr'><strong>actatendisse.</strong></span> <span class='ocrx_word' id='word_1_928' title='bbox 3357 4799 3546 4858; x_wconf 83' lang='lat' dir='ltr'><strong>Vidisti</strong></span> 
     </span>
    </p>
   </div>
   <div class='ocr_carea' id='block_1_110' title="bbox 1958 4886 3548 4962">
    <p class='ocr_par' dir='ltr' id='par_1_110' title="bbox 1958 4886 3548 4962">
     <span class='ocr_line' id='line_1_110' title="bbox 1958 4886 3548 4962; baseline 0.004 -21"><span class='ocrx_word' id='word_1_929' title='bbox 1958 4886 2227 4956; x_wconf 83' lang='lat' dir='ltr'><strong>quomodo</strong></span> <span class='ocrx_word' id='word_1_930' title='bbox 2249 4886 2381 4939; x_wconf 81' lang='lat' dir='ltr'><strong>nihil</strong></span> <span class='ocrx_word' id='word_1_931' title='bbox 2407 4887 2630 4942; x_wconf 85' lang='lat' dir='ltr'><strong>validius</strong></span> <span class='ocrx_word' id='word_1_932' title='bbox 2658 4887 2889 4943; x_wconf 76' lang='lat' dir='ltr'><strong>virtute?</strong></span> <span class='ocrx_word' id='word_1_933' title='bbox 2915 4887 3048 4944; x_wconf 88' lang='lat' dir='ltr'><strong>nihil</strong></span> <span class='ocrx_word' id='word_1_934' title='bbox 3074 4890 3339 4958; x_wconf 88' lang='lat' dir='ltr'><strong>potentius</strong></span> <span class='ocrx_word' id='word_1_935' title='bbox 3359 4907 3548 4962; x_wconf 80' lang='lat' dir='ltr'><strong>supcr-</strong></span> 
     </span>
    </p>
   </div>
   <div class='ocr_carea' id='block_1_111' title="bbox 1958 4976 3548 5046">
    <p class='ocr_par' dir='ltr' id='par_1_111' title="bbox 1958 4976 3548 5046">
     <span class='ocr_line' id='line_1_111' title="bbox 1958 4976 3548 5046; baseline 0.004 -14"><span class='ocrx_word' id='word_1_936' title='bbox 1958 4977 2042 5032; x_wconf 88' lang='lat' dir='ltr'><strong>nis</strong></span> <span class='ocrx_word' id='word_1_937' title='bbox 2066 4977 2278 5046; x_wconf 81' lang='lat' dir='ltr'><strong>auxiliis</strong></span> <span class='ocrx_word' id='word_1_938' title='bbox 2299 4976 2476 5032; x_wconf 84' lang='lat' dir='ltr'><strong>freto?</strong></span> <span class='ocrx_word' id='word_1_939' title='bbox 2497 4977 2688 5033; x_wconf 78' lang='lat' dir='ltr'><strong>Postea</strong></span> <span class='ocrx_word' id='word_1_940' title='bbox 2709 4977 2836 5033; x_wconf 89' lang='lat' dir='ltr'><strong>dicit</strong></span> <span class='ocrx_word' id='word_1_941' title='bbox 2861 4995 2874 5032; x_wconf 92' lang='lat'><strong>:</strong></span> <span class='ocrx_word' id='word_1_942' title='bbox 2900 4977 2988 5034; x_wconf 76' lang='lat'><strong>32.</strong></span> <span class='ocrx_word' id='word_1_943' title='bbox 3012 4977 3078 5033; x_wconf 89' lang='lat' dir='ltr'><strong>In</strong></span> <span class='ocrx_word' id='word_1_944' title='bbox 3099 4981 3182 5034; x_wconf 88' lang='lat' dir='ltr'><strong>die</strong></span> <span class='ocrx_word' id='word_1_945' title='bbox 3203 4980 3292 5034; x_wconf 83' lang='lat' dir='ltr'><strong>illo</strong></span> <span class='ocrx_word' id='word_1_946' title='bbox 3317 4982 3548 5038; x_wconf 78' lang='lat' dir='ltr'><strong>abierunt</strong></span> 
     </span>
    </p>
   </div>
   <div class='ocr_carea' id='block_1_112' title="bbox 1958 5061 3545 5138">
    <p class='ocr_par' dir='ltr' id='par_1_112' title="bbox 1958 5061 3545 5138">
     <span class='ocr_line' id='line_1_112' title="bbox 1958 5061 3545 5138; baseline 0.004 -18"><span class='ocrx_word' id='word_1_947' title='bbox 1958 5067 2098 5138; x_wconf 78' lang='lat' dir='ltr'><strong>pueri</strong></span> <span class='ocrx_word' id='word_1_948' title='bbox 2133 5065 2282 5121; x_wconf 84' lang='lat' dir='ltr'><strong>Isaac</strong></span> <span class='ocrx_word' id='word_1_949' title='bbox 2301 5107 2315 5132; x_wconf 96' lang='lat'><strong>,</strong></span> <span class='ocrx_word' id='word_1_950' title='bbox 2346 5076 2395 5121; x_wconf 82' lang='lat' dir='ltr'><strong>et</strong></span> <span class='ocrx_word' id='word_1_951' title='bbox 2419 5061 2656 5137; x_wconf 76' lang='lat' dir='ltr'><strong>[oderunt</strong></span> <span class='ocrx_word' id='word_1_952' title='bbox 2679 5076 2903 5136; x_wconf 78' lang='lat' dir='ltr'><strong>puteum,</strong></span> <span class='ocrx_word' id='word_1_953' title='bbox 2930 5078 2977 5123; x_wconf 88' lang='lat' dir='ltr'><strong>et</strong></span> <span class='ocrx_word' id='word_1_954' title='bbox 3003 5070 3239 5125; x_wconf 69' lang='lat' dir='ltr'><strong>dixerunt</strong></span> <span class='ocrx_word' id='word_1_955' title='bbox 3268 5087 3288 5123; x_wconf 89' lang='lat'><strong><em>:</em></strong></span> <span class='ocrx_word' id='word_1_956' title='bbox 3320 5071 3436 5127; x_wconf 83' lang='lat' dir='ltr'><strong>Non</strong></span> <span class='ocrx_word' id='word_1_957' title='bbox 3461 5074 3545 5127; x_wconf 89' lang='lat' dir='ltr'><strong>in-</strong></span> 
     </span>
    </p>
   </div>
   <div class='ocr_carea' id='block_1_113' title="bbox 1956 5157 3545 5230">
    <p class='ocr_par' dir='ltr' id='par_1_113' title="bbox 1956 5157 3545 5230">
     <span class='ocr_line' id='line_1_113' title="bbox 1956 5157 3545 5230; baseline 0 -16"><span class='ocrx_word' id='word_1_958' title='bbox 1956 5159 2177 5214; x_wconf 79' lang='lat' dir='ltr'><strong>venimus</strong></span> <span class='ocrx_word' id='word_1_959' title='bbox 2216 5175 2420 5230; x_wconf 73' lang='lat' dir='ltr'><strong>aquarii.</strong></span> <span class='ocrx_word' id='word_1_960' title='bbox 2449 5159 2537 5214; x_wconf 72' lang='lat'><strong>33.</strong></span> <span class='ocrx_word' id='word_1_961' title='bbox 2565 5157 2634 5212; x_wconf 82' lang='lat' dir='ltr'><strong>Et</strong></span> <span class='ocrx_word' id='word_1_962' title='bbox 2669 5160 2859 5215; x_wconf 71' lang='lat' dir='ltr'><strong>vocarit</strong></span> <span class='ocrx_word' id='word_1_963' title='bbox 2891 5175 3006 5214; x_wconf 87' lang='lat' dir='ltr'><strong>eum</strong></span> <span class='ocrx_word' id='word_1_964' title='bbox 3026 5202 3042 5226; x_wconf 96' lang='lat'><strong>,</strong></span> <span class='ocrx_word' id='word_1_965' title='bbox 3068 5160 3446 5219; x_wconf 75' lang='lat' dir='ltr'><strong>Jurementum.</strong></span> <span class='ocrx_word' id='word_1_966' title='bbox 3479 5157 3545 5214; x_wconf 81' lang='lat' dir='ltr'><strong>Et</strong></span> 
     </span>
    </p>
   </div>
   <div class='ocr_carea' id='block_1_114' title="bbox 1954 5249 3547 5323">
    <p class='ocr_par' dir='ltr' id='par_1_114' title="bbox 1954 5249 3547 5323">
     <span class='ocr_line' id='line_1_114' title="bbox 1954 5249 3547 5323; baseline 0 -17"><span class='ocrx_word' id='word_1_967' title='bbox 1954 5251 2142 5306; x_wconf 77' lang='lat' dir='ltr'><strong>idcirco</strong></span> <span class='ocrx_word' id='word_1_968' title='bbox 2165 5251 2360 5306; x_wconf 70' lang='lat' dir='ltr'><strong>bacasut</strong></span> <span class='ocrx_word' id='word_1_969' title='bbox 2386 5267 2565 5306; x_wconf 85' lang='lat' dir='ltr'><strong>nomen</strong></span> <span class='ocrx_word' id='word_1_970' title='bbox 2590 5251 2814 5318; x_wconf 67' lang='lat' dir='ltr'><strong>cioitmi&#39;,</strong></span> <span class='ocrx_word' id='word_1_971' title='bbox 2843 5249 3037 5320; x_wconf 67' lang='lat' dir='ltr'><strong>Pulsus</strong></span> <span class='ocrx_word' id='word_1_972' title='bbox 3060 5253 3332 5323; x_wconf 79' lang='lat' dir='ltr'><strong>juramenti</strong></span> <span class='ocrx_word' id='word_1_973' title='bbox 3350 5292 3365 5316; x_wconf 91' lang='lat'><strong>,</strong></span> <span class='ocrx_word' id='word_1_974' title='bbox 3390 5267 3547 5320; x_wconf 79' lang='lat' dir='ltr'><strong>usque</strong></span> 
     </span>
    </p>
   </div>
   <div class='ocr_carea' id='block_1_115' title="bbox 1955 5341 3540 5413">
    <p class='ocr_par' dir='ltr' id='par_1_115' title="bbox 1955 5341 3540 5413">
     <span class='ocr_line' id='line_1_115' title="bbox 1955 5341 3540 5413; baseline -0.001 -15"><span class='ocrx_word' id='word_1_975' title='bbox 1955 5344 2008 5398; x_wconf 84' lang='lat' dir='ltr'><strong>in</strong></span> <span class='ocrx_word' id='word_1_976' title='bbox 2039 5342 2337 5397; x_wconf 73' lang='lat' dir='ltr'><strong>hodiernum</strong></span> <span class='ocrx_word' id='word_1_977' title='bbox 2363 5341 2519 5398; x_wconf 86' lang='lat' dir='ltr'><strong>diem.</strong></span> <span class='ocrx_word' id='word_1_978' title='bbox 2548 5341 2679 5404; x_wconf 82' lang='lat' dir='ltr'><strong>Vide</strong></span> <span class='ocrx_word' id='word_1_979' title='bbox 2703 5352 2757 5398; x_wconf 91' lang='lat' dir='ltr'><strong>et</strong></span> <span class='ocrx_word' id='word_1_980' title='bbox 2781 5342 2884 5408; x_wconf 91' lang='lat' dir='ltr'><strong>hic,</strong></span> <span class='ocrx_word' id='word_1_981' title='bbox 2908 5359 2973 5398; x_wconf 84' lang='lat' dir='ltr'><strong>ex</strong></span> <span class='ocrx_word' id='word_1_982' title='bbox 2999 5343 3064 5397; x_wconf 86' lang='lat' dir='ltr'><strong>iis</strong></span> <span class='ocrx_word' id='word_1_983' title='bbox 3082 5358 3201 5413; x_wconf 62' lang='lat' dir='ltr'><strong>qua</strong></span> <span class='ocrx_word' id='word_1_984' title='bbox 3227 5341 3360 5402; x_wconf 82' lang='lat' dir='ltr'><strong>facta</strong></span> <span class='ocrx_word' id='word_1_985' title='bbox 3382 5350 3503 5397; x_wconf 86' lang='lat' dir='ltr'><strong>sunt</strong></span> <span class='ocrx_word' id='word_1_986' title='bbox 3524 5383 3540 5407; x_wconf 94' lang='lat'><strong>,</strong></span> 
     </span>
    </p>
   </div>
   <div class='ocr_carea' id='block_1_116' title="bbox 1957 5429 3541 5506">
    <p class='ocr_par' dir='ltr' id='par_1_116' title="bbox 1957 5429 3541 5506">
     <span class='ocr_line' id='line_1_116' title="bbox 1957 5429 3541 5506; baseline -0.001 -16"><span class='ocrx_word' id='word_1_987' title='bbox 1957 5435 2077 5491; x_wconf 84' lang='lat' dir='ltr'><strong>loco</strong></span> <span class='ocrx_word' id='word_1_988' title='bbox 2105 5451 2296 5498; x_wconf 84' lang='lat' dir='ltr'><strong>nomen</strong></span> <span class='ocrx_word' id='word_1_989' title='bbox 2338 5436 2665 5505; x_wconf 87' lang='lat' dir='ltr'><strong>impositum.</strong></span> <span class='ocrx_word' id='word_1_990' title='bbox 2695 5434 2825 5491; x_wconf 80' lang='lat' dir='ltr'><strong>Nam</strong></span> <span class='ocrx_word' id='word_1_991' title='bbox 2854 5436 2975 5506; x_wconf 86' lang='lat' dir='ltr'><strong>quia</strong></span> <span class='ocrx_word' id='word_1_992' title='bbox 3003 5429 3201 5492; x_wconf 84' lang='lat' dir='ltr'><strong>effosso</strong></span> <span class='ocrx_word' id='word_1_993' title='bbox 3229 5447 3386 5506; x_wconf 90' lang='lat' dir='ltr'><strong>puteo</strong></span> <span class='ocrx_word' id='word_1_994' title='bbox 3412 5435 3541 5489; x_wconf 85' lang='lat' dir='ltr'><strong>nihil</strong></span> 
     </span>
    </p>
   </div>
   <div class='ocr_carea' id='block_1_117' title="bbox 1957 5525 3539 5596">
    <p class='ocr_par' dir='ltr' id='par_1_117' title="bbox 1957 5525 3539 5596">
     <span class='ocr_line' id='line_1_117' title="bbox 1957 5525 3539 5596; baseline -0.001 -16"><span class='ocrx_word' id='word_1_995' title='bbox 1957 5527 2272 5580; x_wconf 83' lang='lat' dir='ltr'><strong>invenerunt</strong></span> <span class='ocrx_word' id='word_1_996' title='bbox 2293 5525 2344 5579; x_wconf 91' lang='lat' dir='ltr'><strong>in</strong></span> <span class='ocrx_word' id='word_1_997' title='bbox 2368 5526 2454 5579; x_wconf 87' lang='lat' dir='ltr'><strong>die</strong></span> <span class='ocrx_word' id='word_1_998' title='bbox 2476 5525 2566 5580; x_wconf 93' lang='lat' dir='ltr'><strong>illo</strong></span> <span class='ocrx_word' id='word_1_999' title='bbox 2586 5540 2690 5596; x_wconf 90' lang='lat' dir='ltr'><strong>quo</strong></span> <span class='ocrx_word' id='word_1_1000' title='bbox 2705 5525 3008 5595; x_wconf 84' lang='lat' dir='ltr'><strong>juramenta</strong></span> <span class='ocrx_word' id='word_1_1001' title='bbox 3034 5527 3172 5583; x_wconf 86' lang='lat' dir='ltr'><strong>inter</strong></span> <span class='ocrx_word' id='word_1_1002' title='bbox 3193 5540 3253 5581; x_wconf 85' lang='lat' dir='ltr'><strong>se</strong></span> <span class='ocrx_word' id='word_1_1003' title='bbox 3280 5525 3539 5592; x_wconf 88' lang='lat' dir='ltr'><strong>fecerunt,</strong></span> 
     </span>
    </p>
   </div>
   <div class='ocr_carea' id='block_1_118' title="bbox 1956 5613 3539 5684">
    <p class='ocr_par' dir='ltr' id='par_1_118' title="bbox 1956 5613 3539 5684">
     <span class='ocr_line' id='line_1_118' title="bbox 1956 5613 3539 5684; baseline -0.001 -15"><span class='ocrx_word' id='word_1_1004' title='bbox 1956 5613 2180 5669; x_wconf 89' lang='lat' dir='ltr'><strong>Puteum</strong></span> <span class='ocrx_word' id='word_1_1005' title='bbox 2221 5614 2508 5684; x_wconf 88' lang='lat' dir='ltr'><strong>juramenti</strong></span> <span class='ocrx_word' id='word_1_1006' title='bbox 2550 5615 2758 5670; x_wconf 79' lang='lat' dir='ltr'><strong>vocavit</strong></span> <span class='ocrx_word' id='word_1_1007' title='bbox 2796 5629 2988 5670; x_wconf 82' lang='lat' dir='ltr'><strong>nomen</strong></span> <span class='ocrx_word' id='word_1_1008' title='bbox 3015 5616 3117 5671; x_wconf 90' lang='lat' dir='ltr'><strong>loci</strong></span> <span class='ocrx_word' id='word_1_1009' title='bbox 3140 5656 3156 5680; x_wconf 88' lang='lat'><strong>,</strong></span> <span class='ocrx_word' id='word_1_1010' title='bbox 3186 5625 3244 5670; x_wconf 92' lang='lat' dir='ltr'><strong>ut</strong></span> <span class='ocrx_word' id='word_1_1011' title='bbox 3281 5613 3539 5669; x_wconf 87' lang='lat' dir='ltr'><strong>factorum</strong></span> 
     </span>
    </p>
   </div>
   <div class='ocr_carea' id='block_1_119' title="bbox 1958 5703 3542 5778">
    <p class='ocr_par' dir='ltr' id='par_1_119' title="bbox 1958 5703 3542 5778">
     <span class='ocr_line' id='line_1_119' title="bbox 1958 5703 3542 5778; baseline 0.001 -20"><span class='ocrx_word' id='word_1_1012' title='bbox 1958 5703 2175 5760; x_wconf 86' lang='lat' dir='ltr'><strong>duraret</strong></span> <span class='ocrx_word' id='word_1_1013' title='bbox 2222 5705 2498 5760; x_wconf 89' lang='lat' dir='ltr'><strong>memoria.</strong></span> <span class='ocrx_word' id='word_1_1014' title='bbox 2549 5704 2735 5761; x_wconf 88' lang='lat' dir='ltr'><strong>Vidisti</strong></span> <span class='ocrx_word' id='word_1_1015' title='bbox 2781 5709 3049 5777; x_wconf 86' lang='lat' dir='ltr'><strong>quomodo</strong></span> <span class='ocrx_word' id='word_1_1016' title='bbox 3089 5707 3266 5778; x_wconf 84' lang='lat' dir='ltr'><strong>justus</strong></span> <span class='ocrx_word' id='word_1_1017' title='bbox 3297 5707 3419 5771; x_wconf 90' lang='lat' dir='ltr'><strong>ille,</strong></span> <span class='ocrx_word' id='word_1_1018' title='bbox 3449 5703 3542 5777; x_wconf 87' lang='lat' dir='ltr'><strong>qui</strong></span> 
     </span>
    </p>
   </div>
   <div class='ocr_carea' id='block_1_120' title="bbox 1955 5797 3540 5872">
    <p class='ocr_par' dir='ltr' id='par_1_120' title="bbox 1955 5797 3540 5872">
     <span class='ocr_line' id='line_1_120' title="bbox 1955 5797 3540 5872; baseline -0.001 -18"><span class='ocrx_word' id='word_1_1019' title='bbox 1955 5814 2129 5871; x_wconf 88' lang='lat' dir='ltr'><strong>neque</strong></span> <span class='ocrx_word' id='word_1_1020' title='bbox 2154 5813 2184 5854; x_wconf 70' lang='grc' dir='ltr'><strong>δ</strong></span> <span class='ocrx_word' id='word_1_1021' title='bbox 2211 5798 2328 5870; x_wconf 81' lang='lat' dir='ltr'><strong>lege</strong></span> <span class='ocrx_word' id='word_1_1022' title='bbox 2351 5797 2592 5857; x_wconf 86' lang='lat' dir='ltr'><strong>eruditus</strong></span> <span class='ocrx_word' id='word_1_1023' title='bbox 2629 5798 2761 5866; x_wconf 91' lang='lat' dir='ltr'><strong>fuit,</strong></span> <span class='ocrx_word' id='word_1_1024' title='bbox 2790 5815 2964 5871; x_wconf 87' lang='lat' dir='ltr'><strong>neque</strong></span> <span class='ocrx_word' id='word_1_1025' title='bbox 2989 5799 3054 5855; x_wconf 87' lang='lat' dir='ltr'><strong>ad</strong></span> <span class='ocrx_word' id='word_1_1026' title='bbox 3083 5801 3316 5872; x_wconf 90' lang='lat' dir='ltr'><strong>aliquem</strong></span> <span class='ocrx_word' id='word_1_1027' title='bbox 3345 5798 3540 5853; x_wconf 86' lang='lat' dir='ltr'><strong>virtute</strong></span> 
     </span>
    </p>
   </div>
   <div class='ocr_carea' id='block_1_121' title="bbox 1962 5889 3539 5965">
    <p class='ocr_par' dir='ltr' id='par_1_121' title="bbox 1962 5889 3539 5965">
     <span class='ocr_line' id='line_1_121' title="bbox 1962 5889 3539 5965; baseline -0.003 -17"><span class='ocrx_word' id='word_1_1028' title='bbox 1962 5891 2240 5962; x_wconf 68' lang='lat' dir='ltr'><strong>prmditum</strong></span> <span class='ocrx_word' id='word_1_1029' title='bbox 2269 5890 2533 5965; x_wconf 85' lang='lat' dir='ltr'><strong>respicere</strong></span> <span class='ocrx_word' id='word_1_1030' title='bbox 2562 5891 2752 5962; x_wconf 86' lang='lat' dir='ltr'><strong>potuit,</strong></span> <span class='ocrx_word' id='word_1_1031' title='bbox 2781 5891 2876 5948; x_wconf 84' lang='lat' dir='ltr'><strong>sed</strong></span> <span class='ocrx_word' id='word_1_1032' title='bbox 2906 5893 3071 5964; x_wconf 67' lang='lat' dir='ltr'><strong>patr7s</strong></span> <span class='ocrx_word' id='word_1_1033' title='bbox 3095 5889 3316 5963; x_wconf 76' lang='lat' dir='ltr'><strong>vestigia</strong></span> <span class='ocrx_word' id='word_1_1034' title='bbox 3346 5903 3539 5962; x_wconf 86' lang='lat' dir='ltr'><strong>sequu-</strong></span> 
     </span>
    </p>
   </div>
  </div>
