4170 6482
651 381 754 436 ωδ
1385 380 1441 436 S.
1479 376 1753 435 JOANNIS
1791 373 2257 434 CliRYSOSTOilI
2299 374 2613 432 ARCHlEP.
2656 376 3184 434 CONSTANTINOP.
3781 373 3883 430 488

649 501 757 560 tus,
777 503 832 547 et
853 491 1041 548 ductus
1064 506 1092 545 a
1120 491 1439 547 conscientia
1461 490 1708 562 magistra
1737 489 1983 544 humanm
2007 496 2208 542 natura:

650 583 803 638 insita
824 623 839 647 ,
868 591 1062 637 tantam
1092 570 1330 636 exhibuit
1369 579 1790 650 philosophiam?
1830 580 1958 647 Qua:
1981 576 2120 631 enim
2152 575 2220 630 ab

650 685 718 726 eo
744 670 880 725 facta
919 679 1043 723 sunt
1061 709 1077 734 ,
1107 683 1212 724 non
1239 667 1410 724 solum
1439 667 1892 724 mansuetudinem
1921 667 2220 722 indicabant

647 761 800 829 justi,
828 760 920 814 sed
948 769 1000 814 et
1029 769 1288 829 praecepta
1312 759 1508 815 Christi
1536 762 1645 814 suis
1674 759 1821 814 illum
1848 757 2096 827 operibus
2123 757 2222 810 im-

655 850 802 920 plere
842 850 1210 906 ostendebant.
1250 850 1382 906 Nam
1413 851 1462 905 id
1498 851 1639 921 quod
1677 848 1918 906 Christus
1950 848 2222 918 discipulis

654 939 764 995 suis
796 922 1111 1011 pracipiens
1143 948 1198 995 et
1233 940 1523 996 admonens
1549 939 1756 995 diccbat
1779 981 1794 1004 ,
1829 955 1894 994 ne
1918 939 2065 994 solos
2101 938 2192 992 dili

649 1037 834 1100 gentes
860 1027 1176 1098 diligerent,
1205 1029 1297 1085 sed
1325 1039 1379 1086 et
1403 1046 1526 1100 erga
1557 1031 1798 1086 inimicos
1827 1030 2099 1085 caritatem
2125 1045 2221 1084 ex-

655 1118 897 1174 hiberem
928 1118 948 1188 (
971 1118 1155 1172 Matth.
1187 1120 1240 1175 5.
1267 1119 1375 1191 ιι)
1405 1137 1418 1174 :
1449 1119 1548 1175 hoc
1577 1121 1664 1175 ille
1704 1134 1843 1175 nunc
1869 1119 2034 1175 multo
2067 1108 2219 1174 antea

657 1207 946 1278 implebat,
994 1217 1047 1263 et
1099 1218 1238 1262 tanta
1272 1202 1648 1280 hospitalitate
1695 1210 1952 1266 tractabat
1995 1224 2089 1265 eos
2130 1208 2219 1280 qui

657 1311 847 1367 magno
887 1297 1059 1368 ipsum
1099 1299 1222 1356 odio
1265 1303 1565 1372 prosequuti
1609 1303 1815 1356 fuerant
1847 1319 1861 1356 :
1901 1313 2219 1370 omnemque

653 1385 895 1443 vindicta:
919 1389 1255 1459 cupiditatem
1279 1391 1459 1446 animo
1482 1405 1579 1446 suo
1603 1391 1930 1447 excludebat.

721 1477 779 1534 5.
819 1477 1036 1535 Herulis
1063 1480 1311 1552 epilogus.
1344 1510 1416 1521 —
1456 1482 1567 1547 Qua
1595 1482 1750 1552 igitur
1775 1495 1873 1536 nos
1902 1481 2049 1536 venia
2076 1478 2216 1550 digni

651 1564 854 1624 erimus
874 1608 892 1637 ,
921 1569 1009 1640 qui
1049 1577 1168 1639 post
1195 1569 1415 1640 gratiam
1435 1611 1452 1636 ,
1483 1580 1598 1640 post
1625 1579 1823 1626 tantam
1848 1571 2140 1626 doctrinam
2166 1577 2220 1623 et

651 1654 941 1713 Salvatoris
966 1667 1223 1728 precepts
1249 1697 1265 1723 ,
1293 1674 1465 1729 neque
1488 1658 1555 1714 ad
1582 1660 1736 1730 hujus
1764 1660 1891 1730 justi
1918 1674 2218 1716 mensuram

654 1747 932 1817 pervenire
956 1748 1192 1803 valemus
1210 1749 1234 1802 τ
1259 1749 1328 1804 Et
1349 1749 1475 1820 quid
1497 1749 1636 1816 dico,
1658 1750 1724 1806 ad
1745 1751 1860 1821 ejus
1880 1749 2222 1806 mensuram?

655 1837 835 1909 Neque
881 1853 1045 1908 prope
1085 1840 1295 1896 adstare
1341 1856 1639 1910 possumus.
1685 1842 1852 1898 Tanta
1892 1844 2034 1899 enim
2083 1858 2222 1898 nunc

657 1927 870 1995 malitiae
910 1922 1226 1983 abundantia
1267 1930 1484 1986 obduxit
1525 1932 1699 1987 omnia
1725 1973 1739 1997 ,
1771 1929 1831 1988 ut
1859 1942 1914 1988 et
1944 1932 2222 2004 diligentes

623 2018 873 2088 ~diligere
897 2033 981 2074 res
1008 2019 1288 2076 admodum
1319 2037 1433 2076 rara
1460 2023 1550 2077 sit.
1584 2023 1734 2080 Unde
1775 2025 1932 2094 igitur
1955 2024 2107 2079 nobis
2134 2039 2222 2079 sa-

656 2108 780 2163 lutis
821 2124 979 2179 spes,
1021 2111 1064 2164 si
1098 2113 1388 2179 publicanis
1427 2114 1716 2169 deteriores
1756 2114 2045 2170 fuerimus!
2085 2115 2221 2169 sicut

655 2197 784 2254 dicit
811 2198 1066 2254 Christus.
1103 2200 1164 2255 Si
1201 2201 1406 2274 diligitis
1431 2202 1691 2275 diligentes
1718 2219 1832 2270 vos,
1859 2204 1982 2274 quid
2004 2205 2222 2276 amplius

653 2288 860 2357 facitis!
885 2306 1050 2344 nonne
1075 2301 1121 2346 et
1148 2293 1399 2362 publicani
1439 2295 1531 2348 hoc
1556 2297 1748 2366 faciunt
1775 2297 1795 2366 (
1824 2295 1962 2351 Ibid.
1989 2313 2037 2351 υ.
2062 2296 2132 2352 ιϐ
2158 2297 2220 2367 )ἳ

660 2377 725 2431 Et
759 2378 999 2435 Christus
1037 2383 1248 2451 quidem
1287 2384 1467 2440 volens
1500 2399 1596 2440 nos
1627 2385 1692 2440 ad
1721 2400 1983 2442 summum
2013 2387 2221 2442 virtutis

655 2467 838 2523 venire
872 2468 1131 2540 fastigium
1155 2513 1170 2537 ,
1203 2472 1305 2527 illis
1341 2475 1645 2542 superiores
1672 2475 1783 2531 vult
1811 2490 1930 2532 esse
1961 2496 1976 2533 :
2001 2492 2100 2533 nos
2128 2493 2222 2533 au-

656 2567 762 2611 tem
789 2558 1062 2616 inferiores
1088 2578 1206 2618 esse
1232 2565 1524 2620 studemus.
1555 2566 1619 2619 Et
1645 2567 1770 2636 quid
1796 2567 1915 2623 dico
1939 2609 1954 2633 ,
1985 2568 2224 2639 publica-

656 2648 774 2724 nis?
819 2649 1117 2707 Deteriores
1154 2662 1208 2707 et
1247 2641 1568 2721 latronibus,
1599 2666 1651 2710 et
1683 2657 2042 2726 sepulcrorum
2082 2659 2224 2714 dirc-

659 2737 914 2806 ptorihus,
943 2750 996 2794 et
1022 2739 1318 2798 homicidis.
1349 2744 1553 2800 Etenim
1584 2745 1634 2799 hi
1666 2763 1853 2803 omnes
1880 2748 2102 2818 diligunt
2130 2766 2223 2806 eos

659 2830 746 2900 qui
785 2845 910 2901 erga
933 2847 993 2886 se
1020 2833 1156 2888 bene
1193 2833 1367 2891 all'ectl
1403 2846 1562 2903 sunt,
1589 2847 1642 2892 et
1671 2852 2034 2906 saepenumero
2062 2841 2218 2896 etiam

659 2934 756 2989 pro
799 2919 1005 2976 dilectis
1049 2923 1430 2991 periclitantur.
1485 2925 1620 2994 Quid
1670 2927 1828 2996 igitur
1869 2927 2026 2984 fuerit
2068 2930 2221 2985 nobis

657 3008 1044 3074 miserabilius,
1088 3011 1177 3083 qui
1225 3005 1422 3070 tantam
1463 3031 1491 3068 a
1537 3016 1761 3072 Domino
1807 3018 2220 3075 misericordiam

657 3102 796 3158 nacti
823 3114 1028 3168 sumus,
1052 3113 1107 3159 et
1135 3104 1412 3162 innumera
1442 3108 1579 3162 mala
1605 3109 1911 3165 incientibus
1934 3111 2224 3168 deteriores

633 3188 992 3249 invenimur?
1035 3192 1268 3250 Obsecro
1309 3195 1504 3266 igitur,
1550 3201 1841 3268 cogitemus
1887 3210 1940 3255 et
1983 3201 2220 3271 supplicii

660 3281 1066 3351 magnitudinem
1089 3325 1104 3350 ,
1140 3294 1195 3340 et
1249 3287 1572 3343 confusionis
1609 3305 1726 3358 qua:
1762 3290 1885 3345 alibi
1931 3290 2103 3346 futura
2143 3301 2225 3347 est

643 3373 961 3439 gravitatem
981 3415 996 3437 ,
1027 3387 1090 3429 ac
1114 3375 1196 3430 vel
1225 3377 1414 3432 saltem
1443 3394 1581 3432 nunc
1615 3387 1845 3434 nostram
1871 3394 2221 3451 agnoscamus

657 3463 1102 3530 generositatem,
1142 3475 1197 3520 et
1238 3467 1661 3537 obtemperemus
1696 3469 1951 3526 doctrinae
1992 3471 2219 3540 Christi,

660 3564 727 3606 se
753 3566 856 3606 non
885 3553 1055 3609 solum
1087 3570 1184 3611 nos
1206 3556 1482 3626 diligentes
1509 3559 1715 3614 sincere
1740 3561 2016 3631 diligamus
2036 3602 2050 3627 ,
2078 3564 2223 3620 omni

659 3655 696 3695 ο
715 3641 786 3695 lio
808 3651 862 3696 et
885 3643 1077 3699 invidia
1101 3646 1168 3701 ab
1192 3647 1467 3702 animabus
1494 3651 1686 3704 nostris
1710 3651 2028 3708 eliminatis:
2051 3655 2144 3709 sed
2171 3663 2227 3711 et

662 3747 756 3787 cos
783 3735 868 3803 qui
900 3734 1161 3792 hostiliter
1189 3755 1286 3793 nos
1314 3748 1701 3811 persequuntur
1720 3783 1736 3808 ,
1765 3743 1985 3813 diligere
2011 3745 2224 3802 studea-

661 3836 812 3876 tnus:
842 3826 1176 3894 nequeenim
1203 3827 1356 3883 aliter
1396 3829 1617 3885 salutem
1645 3832 1896 3903 consequi
1926 3849 2024 3889 nos
2059 3836 2231 3904 possi-

661 3911 766 3968 bile
789 3915 907 3975 erit.
942 3917 1039 3969 nisi
1072 3918 1166 3970 hac
1195 3917 1498 3976 incedamus
1527 3921 1608 3975 via
1635 3930 1728 3977 set
1754 3924 1920 3994 magis
1943 3940 2103 3996 quam
2131 3941 2228 3981 eos

660 4005 753 4074 qui
785 4019 881 4059 nos
907 4005 1154 4077 diligunt,
1182 4009 1302 4063 illos
1329 4011 1548 4082 diligere
1577 4013 1898 4082 studeamus,
1926 4026 2110 4086 utpote
2137 4021 2225 4090 qui

665 4095 820 4150 nobis
843 4095 1237 4152 innumerorum
1267 4099 1521 4155 bonorum
1549 4103 1653 4157 sint
1675 4114 1939 4160 auctores.
1975 4106 2063 4162 Sic
2084 4109 2225 4163 enim

666 4193 722 4238 ct
759 4195 1091 4255 peccatorum
1134 4197 1434 4268 nostrorum
1473 4193 1836 4249 remissionem
1876 4197 2147 4263 invenire,
2174 4210 2228 4254 et

668 4274 935 4331 humilinta
968 4290 1142 4336 mente
1167 4292 1220 4334 et
1247 4282 1472 4347 contrita
1507 4285 1682 4340 anima
1713 4285 1874 4342 Deum
1903 4289 2104 4358 precari
2128 4305 2227 4360 po-

588 4410 592 4413 ς
669 4367 906 4424 terimus.
933 4371 1063 4435 Quia
1090 4385 1209 4425 cum
1237 4373 1410 4428 anima
1447 4375 1514 4428 ab
1540 4377 1680 4430 omni
1707 4377 1828 4432 odio
1862 4377 2024 4434 libera
2053 4391 2229 4436 mente

667 4459 944 4528 tranquilla
966 4469 1080 4522 est.
1114 4462 1388 4517 Dominum
1415 4465 1598 4520 sedulo
1625 4468 1868 4534 invocat,
1902 4471 2230 4540 multumque

669 4546 771 4602 sibi
797 4562 1022 4616 superne
1048 4553 1297 4606 auxilium
1325 4555 1569 4610 conciliat
1597 4573 1613 4614 :
1638 4558 1775 4625 quod
1807 4559 1958 4613 nobis
1985 4561 2231 4616 omnibus

671 4639 990 4718 concedatur
1011 4683 1025 4706 ,
1054 4645 1216 4710 gratia
1249 4653 1300 4698 et
1330 4644 1648 4715 benignitate
1684 4648 1888 4704 Domini
1917 4653 2080 4706 nostri
2107 4651 2230 4707 Jesu

672 4727 896 4793 Christi,
925 4731 1006 4783 cui
1033 4731 1195 4800 gloria
1224 4747 1344 4787 cum
1375 4733 1529 4790 Patre
1552 4746 1605 4790 et
1633 4748 1813 4793 sancto
1839 4739 2064 4808 Spiritu,
2094 4757 2233 4798 nunc

672 4827 724 4874 et
747 4833 974 4890 semper,
1003 4831 1056 4875 et
1080 4822 1130 4875 in
1155 4825 1346 4878 saecula
1374 4827 1704 4881 sa‘culornm.
1739 4829 1926 4884 Arnen.

1230 4914 1506 4970 HOMILIA
1544 4916 1672 4971 Llll.

676 4998 799 5052 Erat
827 5010 987 5053 autem
1015 4999 1152 5055 Emit
1175 5022 1418 5057 annorum
1446 5009 1794 5077 quadraginta,
1819 5020 1862 5062 et
1890 5012 2032 5064 duxit
2054 5013 2233 5068 Iudith

743 5091 902 5156 ﬁliam
947 5091 1063 5144 Beel
1096 5094 1171 5163 (α)
1209 5091 1436 5157 Οήειιωὶ,
1487 5107 1532 5148 et
1578 5097 1844 5152 Basemath
1886 5102 2041 5168 ﬁliam
2089 5103 2234 5156 Elom

744 5179 900 5244 Evci,
929 5192 975 5234 et
998 5186 1354 5250 exasperabant
1384 5184 1530 5240 Isaac
1568 5197 1615 5241 et
1661 5188 1932 5243 Rebeccam
1966 5191 2112 5263 (Gen.
2141 5194 2230 5248 26.

746 5271 833 5326 at.
861 5273 976 5343 35).

749 5388 800 5440 l.
829 5388 936 5457 Age
964 5399 1015 5441 et
1045 5389 1197 5444 hodie
1227 5391 1268 5444 si
1302 5391 1470 5459 placet
1498 5395 1861 5463 aggrediamur
1887 5412 1946 5451 ea
1976 5413 2089 5468 qum
2121 5400 2229 5454 her;

738 5506 810 5566 (α)
841 5507 1100 5557 Hebraicus
1123 5514 1286 5558 textus
1305 5508 1450 5556 nm.
1493 5503 1689 5564 Vulgata
1735 5514 1870 5556 recte
1914 5508 2062 5558 [νεεδ-ἱ.

676 5570 1002 5630 autemtatina
1032 5569 1151 5622 licet,
1179 5579 1399 5630 accurate
1425 5573 1765 5630 interpretatur
1782 5569 1940 5615 versio
1957 5576 2108 5618 artem
2130 5585 2232 5627 Mi.

676 5634 818 5676 Porro
840 5628 941 5676 hac
967 5632 1122 5677 versio
1143 5627 1529 5680 Gnmzixime
1554 5627 1762 5678 omnium
1781 5630 1838 5676 ad
1864 5630 2138 5680 HebraiCam
2163 5633 2233 5679 lo-

675 5688 880 5753 etionetn
893 5691 1087 5753 accedit.
1109 5699 1217 5738 nam
1242 5694 1366 5752 quod
1394 5693 1683 5753 mplegatur
1709 5703 1794 5752 pro
1825 5700 1953 5748 acer,
1972 5701 2054 5741 aut
2081 5695 2231 5745 Bt’t’ri.

676 5749 726 5797 id
759 5749 880 5797 haud
913 5751 1059 5798 dubie
1088 5749 1329 5802 ortum'ex
1360 5749 1750 5802 transnnitaticnc
1777 5755 2019 5804 literarum
2036 5756 2229 5802 Hebrai-

2321 486 2461 543 dicta
2502 499 2812 561 sequuntur,
2836 499 2886 544 et
2921 489 3151 559 singula,
3177 497 3430 559 quantum
3460 487 3614 543 nobis
3639 486 3862 543 concedi
3880 515 3897 527 ο

2320 587 2424 645 tur,
2450 581 2771 648 aperiamus,
2797 589 2853 634 ut
2881 577 3097 634 domum
3125 593 3245 632 cum
3272 578 3494 633 utilitate
3520 577 3696 647 aliqua
3720 576 3899 634 redit!

2321 668 2604 736 possimus.
2636 669 2918 745 Videamus
2953 669 3130 738 igitur,
3159 682 3279 738 qua:
3306 668 3530 736 primum
3571 666 3704 721 lecta
3748 676 3896 724 sunt.

2320 759 2408 812 54.
2435 757 2560 811 Erat
2586 767 2751 811 autent
2781 758 2938 825 Esau,
2963 759 3151 828 inquit,
3193 773 3439 810 annorum
3468 756 3824 827 quadraginta,
3851 767 3904 813 et

2323 848 2517 918 accepit
2541 845 2723 900 Judith
2749 849 2910 914 filiam
2947 847 3069 902 Beel
3093 847 3322 912 Chauci,
3350 854 3398 900 et
3429 845 3699 900 Basemath
3735 846 3902 914 ﬁliam

2323 935 2472 990 Eleas
2498 935 2639 989 Ευιεὶ
2664 952 2683 990 :
2717 938 2808 992 55.
2841 949 2888 992 et
2924 938 3290 1008 exasperabaut
3325 933 3478 989 Isaac
3518 945 3565 990 et
3599 933 3898 987 Rebeccat‘n.

2325 1027 2455 1083 Vide
2471 1037 2661 1098 quanta
2681 1043 2744 1083 ex
2762 1028 2943 1098 paucis
2963 1027 3047 1082 his
3063 1027 3240 1083 verbis
3260 1026 3458 1082 addisci
3477 1023 3904 1096 possunt.an

2322 1119 2464 1174 enim
2491 1119 2646 1174 nobis
2673 1135 2952 1175 numerum
2997 1134 3257 1174 annorum
3307 1117 3450 1174 Esau
3493 1114 3903 1188 sigiiavithon

2321 1208 2522 1278 absque
2557 1224 2748 1274 causa,
2788 1208 2883 1265 sed
2935 1221 2991 1264 ut
3043 1216 3371 1264 senectutem
3409 1206 3675 1261 discamus
3723 1203 3897 1272 Isaac,

2321 1312 2546 1367 eumque
2566 1297 2674 1366 jam
2699 1308 3006 1369 provectum
3033 1298 3195 1353 fuisse
3216 1304 3390 1351 anate.
3420 1294 3550 1349 Nam
3571 1295 3614 1348 si
3635 1305 3907 1350 memores

2323 1386 2576 1442 fuerimus
2596 1404 2778 1444 eorum
2805 1404 2924 1458 qum.
2949 1396 3101 1443 antea
3124 1389 3261 1442 dicta
3289 1395 3433 1450 sunt;
3451 1394 3502 1439 et
3529 1383 3905 1454 eum,quando

2325 1477 2524 1548 accepit
2539 1477 3207 1550 Rebeccam,quadraginta
3224 1492 3484 1532 annorum
3505 1473 3907 1544 fuisse,quando

2323 1575 2499 1622 autem
2532 1568 2638 1622 nati
2665 1578 2790 1624 sunt
2816 1569 2866 1623 ei
2897 1569 3009 1636 lilii,
3044 1583 3302 1622 annorum
3333 1567 3638 1636 sexaginta:
3663 1566 3906 1621 sciemus

2324 1675 2444 1715 cum
2479 1674 2618 1715 nunc
2644 1662 3006 1716 centenarium
3036 1675 3177 1727 esse,
3205 1671 3260 1715 et
3285 1660 3339 1714 in
3369 1657 3780 1729 profundissima
3818 1670 3908 1712 se-

2325 1763 2558 1808 nectute.
2587 1754 2846 1820 Quoniam
2875 1754 3019 1808 enim
3061 1752 3279 1822 posthac
3312 1759 3621 1806 narraturus
3644 1755 3747 1810 est.
3769 1763 3907 1818 quo-

2326 1845 2487 1900 modo
2513 1859 2622 1915 prae
2662 1849 2812 1900 senio
2842 1844 3120 1899 hebetatos
3142 1842 3326 1898 oculos
3351 1843 3616 1907 habuerit,
3645 1839 3765 1895 ideo
3804 1853 3906 1894 nu-

2329 1950 2532 1990 merum
2556 1949 2816 1990 annorum
2848 1935 2989 1989 Esau
3014 1939 3266 2003 assignat,
3289 1943 3345 2010 ut
3377 1933 3499 1988 inde
3524 1943 3731 2001 tempus
3757 1929 3907 1985 lanae

2327 2036 2476 2080 certo
2512 2026 2651 2080 scire
2698 2027 2985 2096 possimus.
3026 2025 3315 2095 Propterea
3352 2023 3513 2087 dicit,
3555 2022 3684 2076 Erat
3720 2029 3890 2075 autem

2327 2116 2469 2171 Esaii
2494 2132 2741 2171 annorum
2787 2116 3142 2187 quadraginta.
3193 2114 3394 2169 Deinde
3438 2123 3487 2167 ttt
3535 2113 3769 2167 sciamus
3811 2110 3908 2166 lilii

2325 2209 2443 2278 ejus
2483 2208 2856 2272 temeritatem,
2889 2207 2976 2275 qui
3010 2219 3201 2259 uxores
3239 2204 3467 2259 ducebat
3506 2218 3538 2257 a
3581 2201 3846 2273 gentibus,
3871 2213 3905 2254 ι

2327 2300 2516 2370 quibus
2543 2315 2648 2353 non
2677 2299 2975 2368 oportebat,
3004 2296 3293 2351 declaravit
3322 2295 3495 2361 nobis,
3532 2309 3691 2349 unam
3739 2293 3907 2348 fuisse

2326 2406 2388 2445 ex
2418 2405 2612 2460 genere
2630 2388 3009 2455 Chettznorum,
3025 2389 3180 2442 aliam
3205 2395 3379 2442 autem
3409 2401 3472 2441 ex
3494 2399 3691 2456 genere
3716 2383 3906 2439 Evaeoo

2327 2495 2480 2546 rum;
2513 2480 2754 2549 quamvis
2796 2478 2929 2533 nihil
2966 2479 3071 2534 tale
3117 2492 3237 2532 eum
3285 2492 3442 2546 agere
3489 2475 3786 2546 oportebat,
3813 2473 3908 2546 qni

2329 2571 2601 2628 didicisset
2618 2580 2865 2641 quantam
2885 2569 3205 2640 diligentiam
3235 2565 3533 2640 patriarcha
3555 2563 3904 2629 adhibuisset.

2327 2662 2639 2731 praecipiens
2666 2674 2823 2715 servo
2845 2673 2965 2722 suo,
2995 2670 3048 2712 ut
3076 2658 3143 2712 de
3162 2657 3478 2728 cognatione
3497 2671 3593 2710 sua
3626 2655 3735 2709 filio
3757 2654 3909 2709 Isaae

2325 2750 2677 2805 adduceretur
2704 2764 2866 2803 uxor:
2884 2749 3002 2818 quia
3025 2747 3184 2802 etiam
3215 2756 3385 2802 mater
3407 2747 3641 2816 ipsorum
3663 2743 3907 2800 Rebecca

2326 2853 2392 2895 ex
2416 2838 2651 2894 Charran
2686 2846 2921 2894 venerat.
2951 2836 3142 2892 Verum
3174 2847 3232 2890 ut
3276 2836 3456 2890 statim
3484 2834 3552 2889 ab
3592 2833 3742 2891 initio
3777 2847 3908 2888 suos

2328 2933 2653 2988 inordinatos
2704 2946 2882 2987 mores
2933 2927 3210 2995 indicaret,
3243 2927 3556 2984 inconsultis
3601 2925 3906 2995 parentibus

2328 3022 2447 3077 illas
2476 3022 2644 3076 duxit.
2675 3022 2740 3075 Et
2766 3029 2824 3074 ut
2849 3020 3078 3074 sciamus
3106 3032 3263 3088 quam
3301 3016 3439 3071 male
3464 3024 3684 3070 moraue
3711 3014 3905 3069 mulie-

2330 3125 2416 3166 res
2458 3111 2670 3176 fuerint,
2699 3110 2829 3165 dicit
2872 3110 3144 3177 Scriptura
3186 3123 3200 3160 :
3253 3105 3322 3160 Et
3365 3113 3507 3160 erant
3552 3112 3907 3174 exasperatam

2329 3202 2480 3258 Isaac
2516 3213 2562 3257 et
2610 3201 2905 3256 Rebeccam.
2959 3201 3023 3253 Et
3050 3197 3185 3268 quid
3223 3209 3306 3253 eat
3344 3197 3443 3252 hac
3491 3197 3689 3251 malitia
3728 3195 3903 3266 pejus,

2330 3292 2541 3360 quando
2570 3291 2672 3344 illa:
2697 3305 2816 3360 qua:
2842 3302 3053 3344 omnem
3093 3286 3354 3342 honorem
3399 3285 3706 3355 impendere
3747 3286 3909 3353 debe-

2329 3382 2476 3447 bant,
2497 3396 2600 3435 non
2623 3380 2794 3435 solum
2817 3379 2918 3434 hoc
2943 3393 3047 3434 non
3065 3379 3310 3450 agebant,
3325 3377 3418 3432 sed
3444 3388 3499 3432 et
3522 3376 3590 3432 ad
3604 3377 3908 3433 contentio-

2330 3489 2450 3527 nem
2501 3481 2695 3542 parata:
2737 3471 2927 3527 erant?
2976 3471 3100 3525 llaec
3143 3479 3318 3524 autem
3348 3469 3526 3524 omnia
3571 3482 3676 3523 non
3706 3469 3908 3538 absque

2329 3578 2484 3618 causa
2523 3562 2739 3616 historia
2780 3562 2937 3615 nobis
2983 3559 3276 3630 significat;
3326 3557 3420 3613 sed
3466 3566 3524 3612 ut
3552 3567 3756 3627 postea,
3786 3571 3907 3612 cum

2332 3655 2528 3709 videris
2540 3653 2837 3708 Rebeccam
2856 3651 3020 3707 Jacob
3041 3650 3226 3719 majori
3247 3649 3614 3705 benevolentia
3637 3649 3908 3718 prosequi,

2330 3746 2505 3801 discas
2532 3759 2648 3799 eam
2685 3758 2786 3798 non
2827 3742 3017 3810 iniuria
3045 3756 3158 3796 rem
3200 3755 3319 3796 eam
3346 3739 3558 3795 fecisse.
3584 3737 3698 3793 Jutn
3729 3748 3907 3793 autem

2333 3849 2400 3890 ne
2437 3834 2628 3889 seriem
2665 3840 2947 3888 contextus
2986 3831 3391 3901 praeveniamus,
3432 3830 3627 3898 scripta
3667 3829 3778 3897 ipsa
3815 3842 3910 3884 se-

2332 3937 2578 3992 quamur.
2617 3923 2663 3975 l.
2699 3920 2912 3974 Factum
2939 3929 3010 3974 est
3035 3931 3197 3974 autem
3234 3928 3496 3988 postquam
3542 3918 3702 3973 senuit
3731 3915 3907 3985 Isaac,

2333 4025 2378 4071 et
2399 4015 2609 4070 hebetati
2633 4021 2748 4068 sunt
2771 4013 2902 4067 oculi
2928 4012 3037 4083 ejus
3057 4011 3123 4063 ad
3146 4011 3410 4064 videndum
3431 4008 3586 4082 (Cap.
3626 4008 3768 4081 27):
3796 4010 3910 4080 jam

2333 4108 2498 4172 enim,
2517 4106 2706 4174 inquit,
2729 4119 2835 4173 pra:
2856 4103 3007 4156 senio
3035 4101 3216 4155 videre
3245 4115 3349 4154 non
3371 4108 3608 4170 poterat:
3642 4109 3689 4154 et
3716 4101 3910 4154 vaeavit

2335 4197 2475 4253 Esaii
2494 4197 2654 4261 [ilium
2681 4210 2828 4248 suum
2854 4202 2973 4246 natu
2999 4193 3261 4262 majorem,
3279 4201 3325 4243 et
3351 4191 3476 4246 dixit
3495 4190 3540 4243 ei
3557 4206 3575 4243 :
3603 4189 3658 4242 9..
3688 4188 3791 4243 Fili
3813 4189 3904 4254 mi,

2335 4304 2444 4342 ecce
2475 4287 2636 4350 sentd,
2674 4294 2720 4338 et
2749 4284 2914 4337 nescio
2942 4283 3075 4336 diem
3102 4281 3276 4334 mortis
3297 4296 3438 4335 meat.
3471 4281 3522 4335 3.
3575 4279 3727 4334 Nam:
3754 4281 3911 4352 igitur

2334 4392 2476 4429 sume
2514 4390 2658 4428 arma
2701 4383 2808 4438 tua,
2849 4371 3134 4442 pharetram
3179 4378 3226 4422 et
3266 4385 3460 4435 arcum,
3491 4379 3536 4422 et
3580 4368 3810 4439 egredere
3853 4370 3911 4424 iur

2337 4481 2590 4534 campum,
2634 4473 2680 4517 et
2723 4478 2902 4516 venare
2943 4460 3067 4513 mihi
3107 4458 3447 4524 relictionem,
3479 4459 3532 4513 ὁ.
3574 4467 3621 4512 et
3657 4463 3739 4529 fac
3785 4461 3910 4514 mihi

2338 4557 2525 4621 edulia,
2567 4555 2695 4608 sicut
2726 4570 2816 4623 ego
2867 4567 3002 4618 amo,
3044 4561 3091 4604 ct
3119 4549 3248 4617 aﬂ'er
3287 4550 3430 4616 mihi,
3471 4559 3524 4602 ut
3553 4550 3826 4616 comedam,
3853 4561 3910 4602 ut

2339 4645 2592 4698 benedical
2631 4653 2678 4696 te
2719 4643 2887 4695 anima
2930 4657 3060 4708 utea,
3102 4641 3392 4710 priusquam
3427 4655 3517 4710 ego
3560 4641 3768 4693 moriar.
3813 4639 3912 4696 llic

2339 4740 2578 4799 obsecro,
2597 4733 2806 4795 dilecte,
2839 4730 3204 4785 animadverte
3232 4729 3546 4783 immensam
3579 4729 3670 4784 Dei
3700 4729 3912 4799 sapien-

2340 4828 2486 4890 tiam,
2517 4835 2570 4880 et
2614 4823 2882 4893 quomodo
2932 4831 3082 4892 pater
3123 4820 3333 4890 quidem
3375 4821 3654 4890 genuinam
3701 4834 3810 4889 pne
3850 4834 3914 4876 se

2318 4919 2518 4971 ferens
2569 4914 2934 4978 dilectionem,
2986 4913 3101 4967 haec
3150 4913 3432 4981 imperavit
3481 4912 3654 4977 Esau;
3698 4899 3914 4982 sapiens

2341 5020 2513 5060 autem
2545 5017 2594 5059 et
2620 5015 2955 5073 omnzpotens
2986 5004 3239 5058 Dominus
3266 5019 3361 5072 per
3389 4999 3684 5058 Rebeccam
3719 5005 3912 5072 prandi-

2341 5101 2568 5152 cticuem
2619 5111 2766 5148 suam
2815 5095 3020 5164 impleri
3063 5102 3232 5158 curat,
3261 5094 3459 5148 docens
3506 5109 3620 5161 nos,
3653 5107 3911 5165 quantum

2340 5191 2549 5241 valeant
2573 5186 2736 5239 virtus
2763 5195 2814 5238 ct
2835 5200 3038 5239 morum
3062 5187 3310 5239 suavitas.
3344 5185 3437 5239 ille
3462 5187 3603 5239 enim
3630 5196 3683 5240 et
3710 5187 3778 5240 ob
3805 5187 3917 5256 pri-

2343 5280 2755 5348 mogenituram,
2790 5284 2843 5328 et
2872 5276 2939 5328 ob
2985 5276 3147 5344 patris
3190 5289 3312 5343 erga
3343 5290 3399 5327 se
3434 5275 3767 5330 affectionem
3801 5279 3912 5347 pri.

2343 5383 2540 5426 malum
2584 5385 2642 5422 se
2684 5367 2876 5421 habere
2920 5376 3129 5437 putans,
3158 5367 3312 5421 simul
3349 5367 3632 5422 destitutus
3661 5372 3915 5427 omnibus

2343 5469 2585 5520 inventus
2607 5473 2706 5525 est,
2733 5463 2850 5531 quia
2877 5479 2993 5531 qurc
3025 5464 3075 5516 in
3102 5477 3160 5516 se
3185 5470 3355 5527 erant,
3379 5461 3569 5516 aﬂ‘crre
3597 5461 3794 5518 noluit:
3827 5464 3915 5520 hic

2341 5570 2539 5618 autem,
2565 5552 2683 5620 quia
2723 5553 3009 5605 domestica
3031 5560 3142 5606 erat
3174 5551 3366 5604 virtute
3395 5550 3664 5620 praeditus,
3693 5564 3748 5607 et
3787 5569 3914 5622 gra-

2339 5705 2517 5746 carnm,
2542 5703 2650 5749 qua‘
2676 5687 2956 5754 {immaniter
2980 5688 3145 5737 accidit
3183 5689 3233 5737 in
3256 5687 3430 5749 Bibliis,
3456 5695 3507 5739 ut
3530 5690 3577 5737 in
3596 5687 3881 5754 Prolegome

2345 5758 2415 5803 nis
2440 5755 2493 5801 ad
2520 5748 2726 5812 noxam
2746 5762 2780 5793 (ν
2803 5749 3054 5797 tundimus.
