4120 6518
325 523 432 581 165

317 633 448 677 nam
474 635 760 692 supernam
790 619 976 677 ltabuit
998 620 1392 688 subsidiariam,
1423 622 1583 678 etiam
1619 624 1786 681 invito
1811 638 1905 691 pa-

316 723 402 770 tre
431 712 576 767 illius
603 712 1029 769 benedictionem
1067 712 1282 783 abripit.
1314 712 1456 768 Nihil
1497 714 1640 768 enim
1683 714 1908 768 validius

315 821 387 860 eo
416 806 505 875 qui
553 804 740 860 dextra
783 805 870 860 illa
914 805 1215 874 sdjuvatur.
1238 804 1376 861 Vide
1422 806 1581 876 igitur
1624 805 1910 875 diligenter

313 898 519 964 omnia,
548 906 606 952 ut
626 897 800 952 discas
824 897 1234 967 dispensationis
1255 897 1668 962 excellentiam;
1699 906 1752 951 et
1776 911 1911 966 quo-

312 986 480 1042 tuodo
501 987 586 1042 hic
606 986 818 1057 quidem
844 987 930 1042 illa
955 988 1124 1058 gratia
1150 987 1342 1053 fretus,
1372 1003 1620 1058 magnum
1650 987 1703 1042 in
1731 986 1908 1041 omni-

313 1077 417 1131 bus
463 1077 718 1133 auxilium
765 1087 820 1133 et
862 1080 1296 1149 cooperationem
1351 1079 1682 1150 adipiscitur,
1730 1079 1802 1133 ita
1854 1087 1911 1133 ut

313 1168 484 1236 patris
528 1168 580 1222 in
623 1184 747 1224 eum
803 1170 1154 1226 transferatur
1199 1170 1504 1227 benedictio
1539 1190 1552 1226 :
1587 1171 1678 1226 ille
1728 1184 1909 1226 autem

313 1258 495 1312 omnia
541 1260 756 1328 amittit,
787 1261 1016 1330 perdeus
1046 1264 1390 1333 semetipsum
1438 1273 1656 1333 propter
1697 1277 1909 1318 morum

313 1350 669 1420 iniquitatent.
695 1353 747 1408 5.
787 1350 1012 1406 Rebecca
1039 1363 1228 1417 autem,
1263 1354 1452 1423 inquit,
1482 1354 1672 1408 audiuit
1697 1356 1908 1424 loquen-

308 1446 413 1494 tem
435 1439 588 1496 Isaac
614 1459 728 1496 cum
755 1441 899 1497 Esas'i
922 1443 1031 1512 ﬁlio
1055 1460 1168 1498 suo.
1200 1442 1302 1497 luit
1330 1454 1499 1498 autent
1527 1444 1666 1498 Esat't
1687 1445 1738 1498 in
1765 1461 1908 1497 cant-

309 1550 459 1602 pum,
488 1543 543 1587 ut
569 1545 834 1588 venaretur
876 1535 1105 1605 prmdam
1126 1536 1268 1604 patri
1309 1552 1419 1589 suo.
1462 1535 1514 1590 6.
1561 1536 1702 1590 Dixit
1741 1547 1909 1589 autem

313 1623 544 1678 Rebecca
574 1624 643 1677 ad
684 1626 848 1693 [ilium
872 1642 1024 1680 suum
1052 1627 1331 1697 juniorcm.
1360 1627 1535 1694 Quare
1561 1628 1776 1697 adjecit,
1810 1627 1911 1682 Ju-

304 1715 552 1769 niorem?
595 1716 731 1782 Quia
774 1718 1020 1786 superius
1063 1717 1292 1782 dixerat,
1335 1717 1537 1772 Vocavit
1565 1718 1717 1774 Isaac
1744 1721 1910 1789 ﬁlium

307 1822 460 1859 suum
491 1817 611 1862 natu
658 1811 920 1876 maiorem,
953 1817 1009 1864 ut
1048 1810 1316 1866 discamus
1341 1813 1426 1866 cui
1473 1828 1617 1867 nunc
1658 1814 1910 1883 loquatur

309 1899 579 1968 Rebecca,
613 1902 801 1972 inquit,
827 1903 908 1957 Ad
921 1903 1204 1974 juniorem,
1229 1904 1330 1960 hoc
1351 1914 1453 1972 est,
1483 1906 1669 1962 Jacob.
1699 1907 1905 1975 Audivi,

310 1990 506 2061 inquit,
531 2003 721 2061 patrem
749 2006 891 2046 tuum
916 1997 1198 2076 loquentem
1235 2012 1352 2050 cum
1379 1996 1520 2052 Esau
1547 2003 1705 2070 fratre
1729 2008 1835 2066 tuo,
1862 2008 1908 2054 et

309 2082 597 2137 dicentem:
622 2085 674 2137 7.
697 2083 843 2150 A/fer
865 2086 989 2139 mihi
1019 2087 1352 2155 venationem,
1375 2097 1423 2142 et
1451 2093 1535 2160 [ac
1561 2089 1686 2143 mihi
1711 2090 1904 2156 edulia,

306 2182 370 2226 ut
395 2189 509 2227 cum
538 2175 822 2243 comedere,
864 2175 1156 2230 benedicam
1184 2188 1231 2231 te
1254 2194 1426 2233 coram
1469 2179 1708 2248 Domino,
1740 2182 1908 2251 prius-

306 2282 464 2332 quam
503 2269 693 2320 moriar
718 2285 831 2339 ego.
871 2268 997 2325 lima
1036 2271 1249 2341 quidem
1277 2273 1453 2328 audivi
1506 2283 1708 2344 patrem
1760 2284 1906 2329 tuum

307 2358 464 2412 fratri
495 2372 585 2412 tuo
611 2358 754 2414 Esau
782 2362 1110 2431 loquentem.
1155 2363 1211 2419 8.
1256 2363 1414 2420 Nunc
1451 2366 1625 2437 igitur,
1649 2367 1748 2436 (ili,
1781 2367 1907 2420 audi

307 2465 393 2502 sne
411 2449 540 2502 sicut
564 2466 654 2520 ego
678 2451 767 2504 tibi
789 2454 1049 2524 principio,
1078 2453 1132 2510 9.
1160 2463 1207 2508 et
1241 2456 1370 2510 vade
1392 2458 1460 2510 ad
1487 2474 1620 2524 oves,
1649 2468 1694 2513 et
1718 2460 1905 2513 sumito

307 2541 439 2593 mihi
461 2541 580 2596 inde
606 2542 735 2598 duos
759 2544 932 2598 Itaulos
957 2555 1153 2601 teneros
1180 2556 1226 2601 et
1257 2550 1432 2616 bonos,
1468 2557 1514 2604 et
1537 2551 1724 2621 faciam
1749 2567 1811 2605 ex
1833 2553 1906 2607 eis

305 2633 483 2688 edulia
503 2636 636 2706 patri
653 2647 758 2701 tuo,
776 2646 828 2689 ut
844 2649 1014 2692 amat:
1035 2639 1122 2694 l0.
1141 2649 1190 2695 et
1214 2641 1400 2712 inferas
1426 2644 1564 2712 patri
1579 2654 1664 2697 tuo
1694 2652 1741 2697 et
1773 2660 1907 2698 cont-

301 2725 446 2794 edet,
466 2737 520 2779 ut
540 2729 799 2784 benedicat
829 2741 876 2784 te
896 2743 1039 2802 pater
1064 2743 1180 2789 tuus
1203 2736 1495 2806 priusquam
1508 2739 1754 2792 moriatur
1772 2740 1898 2811 ipse.

380 2818 435 2871 2.
479 2817 706 2874 Rebecca
733 2821 787 2875 in
813 2822 960 2878 rebus
986 2841 1098 2896 quia
1122 2828 1188 2880 ad
1214 2827 1611 2884 benedictionem
1635 2830 1818 2886 Jacobi
1840 2835 1904 2889 ab

305 2908 497 2964 Isaaco
535 2921 782 2981 spectant,
819 2925 867 2970 et
898 2932 993 2970 suo
1036 2919 1201 2972 amori
1233 2929 1278 2973 et
1321 2921 1420 2990 ipsi
1465 2921 1562 2976 Dei
1603 2924 1905 2979 ministravit

306 3003 551 3070 oraculo;
572 3008 837 3075 cooperari
851 3025 946 3063 nos
974 3010 1081 3064 vult
1107 3013 1302 3067 auxilio
1332 3030 1424 3068 suo
1457 3014 1629 3084 Deus;
1671 3035 1772 3072 non
1812 3035 1903 3074 co-

300 3105 550 3160 operatur
583 3098 862 3153 mendacio.
887 3129 962 3141 -—
984 3101 1114 3158 Vide
1144 3120 1393 3175 magnum
1427 3109 1613 3164 matris
1639 3126 1901 3178 amorem,

305 3186 420 3241 imo
463 3189 915 3258 dispensationem
948 3195 1062 3249 Dei.
1106 3194 1224 3265 Ipse
1247 3200 1547 3255 enim'erat
1577 3205 1664 3270 qui
1708 3205 1756 3259 ei
1801 3207 1904 3261 hoc

297 3281 592 3336 consilium
624 3283 790 3351 dedit,
824 3294 877 3340 et
903 3288 1081 3341 omnia
1118 3288 1254 3344 bene
1274 3306 1432 3360 agere
1459 3296 1682 3348 curavit.
1711 3294 1904 3351 Vidisti

303 3373 497 3428 matris
531 3375 787 3445 optimum
814 3378 1138 3433 consilium?
1180 3379 1314 3436 Vide
1341 3382 1588 3464 et‘Jacob
1613 3387 1903 3455 providen-

301 3464 436 3518 tiam
461 3481 476 3518 :
505 3474 560 3520 et
595 3468 864 3536 quomodo
889 3471 1243 3540 respondens,
1267 3488 1485 3530 suorum
1517 3493 1725 3534 morum
1767 3481 1904 3534 indi-

303 3563 396 3608 cat
442 3558 927 3614 mansuetudinem.
977 3564 1062 3624 11.
1113 3563 1261 3620 Dixit
1305 3568 1468 3634 enini,
1518 3571 1706 3641 itquit,
1756 3577 1904 3627 matri

300 3662 416 3701 sua:
447 3663 465 3699 :
496 3646 587 3702 Est
623 3649 783 3719 frater
812 3669 950 3706 meus
990 3656 1066 3709 uir
1093 3657 1344 3728 hispidus,
1382 3677 1474 3732 ego
1512 3673 1677 3717 autent
1711 3665 1784 3718 vir
1811 3665 1904 3719 la:-

296 3739 382 3791 vis
405 3754 423 3791 :
454 3737 540 3793 12.
568 3757 631 3793 ne
656 3745 787 3811 forte
809 3754 1078 3802 contrectat
1113 3764 1193 3802 me
1229 3761 1376 3818 pater
1401 3769 1560 3819 meus,
1597 3767 1643 3808 et
1670 3772 1754 3810 ero
1788 3768 1906 3811 ante

300 3844 424 3882 eum
461 3833 603 3900 quasi
637 3839 978 3904 contemnens,
1016 3848 1064 3891 et
1092 3840 1331 3894 inducam
1378 3843 1503 3896 mihi
1545 3845 1644 3915 ipsi
1687 3848 1904 3901 maledi-

300 3924 546 3993 ctionent,
576 3943 677 3982 non
713 3929 1127 3989 benedictionem.
1157 3934 1340 4005 Magna
1371 3938 1519 4007 pueri
1548 3940 1823 4004 honestas,
1853 3951 1906 3996 et

303 4017 365 4073 in
391 4029 596 4090 patrem
633 4025 952 4079 reverentia.
991 4025 1201 4093 Timeo,
1234 4031 1422 4100 inquit,
1456 4048 1523 4086 ne
1549 4033 1601 4087 in
1632 4033 1904 4090 diversum

304 4110 561 4166 eveniant
590 4113 760 4168 studia
785 4131 926 4183 mea,
959 4132 1025 4172 ne
1063 4119 1246 4174 videar
1275 4121 1545 4178 adversari
1588 4126 1754 4194 patris
1783 4141 1906 4181 seu-

307 4201 511 4269 tentize,
542 4211 596 4259 et
619 4219 720 4274 pro
764 4205 1138 4266 benedictione
1184 4215 1614 4270 maledictioucm
1647 4219 1774 4272 mihi
1807 4220 1905 4273 ad-

302 4292 523 4348 ducam.
547 4296 682 4362 Quid
708 4297 868 4368 igitur
887 4299 1149 4370 Rebecca,
1176 4304 1506 4361 admirabilis
1532 4307 1620 4363 illa
1645 4320 1694 4363 et
1718 4305 1905 4365 amans

305 4384 445 4438 lilii?
473 4384 605 4452 Quia
632 4403 738 4443 non
766 4405 831 4444 ex
867 4406 961 4446 sua
1000 4402 1202 4449 tantum
1231 4399 1494 4452 sententia
1532 4399 1778 4468 iaciebat,
1810 4403 1904 4457 sed

302 4482 366 4528 et
413 4473 596 4530 divino
627 4479 964 4536 ministrabat
990 4487 1231 4552 oraculo,
1263 4487 1385 4542 ideo
1423 4492 1567 4544 omni
1607 4493 1785 4547 studio
1816 4510 1907 4549 co-

299 4573 469 4620 natur
510 4570 749 4626 eximere
793 4587 960 4642 puero
989 4585 1210 4640 metum,
1235 4587 1292 4633 et
1332 4580 1532 4636 addere
1575 4584 1806 4652 animos,
1850 4595 1907 4640 ut

297 4661 591 4716 consilium
621 4663 858 4733 perficiat
889 4684 903 4719 :
939 4683 1039 4722 nec
1067 4670 1330 4738 promittit
1358 4674 1406 4728 ei
1434 4675 1574 4744 quod
1619 4677 1789 4745 possit
1812 4678 1906 4732 dc-

303 4748 496 4805 ludere
519 4762 745 4822 patrem,
769 4765 824 4811 et
854 4756 1022 4814 latere
1047 4775 1060 4814 :
1092 4761 1186 4815 sed
1215 4763 1380 4831 quid?
1409 4765 1495 4820 l3.
1521 4764 1586 4820 In
1611 4784 1688 4820 me
1712 4771 1905 4823 recidat

302 4843 597 4898 maledictio
635 4849 766 4913 lta'c,
811 4849 889 4917 [ili
928 4851 999 4905 mi
1031 4868 1052 4906 .'
1095 4864 1292 4908 tantum
1342 4858 1488 4912 obedi
1525 4861 1635 4913 uoci
1675 4878 1819 4924 mete,
1858 4873 1905 4916 ct

297 4933 497 4987 cadens
543 4935 672 5001 a/fer
697 4939 841 4993 nti/ti.
891 4940 958 4995 Et
1000 4942 1045 4996 si
1094 4942 1256 4999 fuerit
1298 4947 1497 5017 aliquid
1540 4949 1662 5014 tale,
1711 4951 1901 5020 inquit,

304 5025 443 5079 nihil
477 5027 570 5082 tibi
614 5031 844 5086 nocebit.
877 5031 957 5088 Ne
1000 5033 1159 5105 igitur
1187 5037 1396 5107 timeas,
1438 5041 1530 5095 sed
1563 5042 1700 5097 bene
1735 5043 1904 5100 ﬁdens

301 5116 470 5170 Οὐαιί
491 5121 597 5172 voci
627 5137 769 5188 metu,
798 5133 850 5178 et
879 5124 962 5180 fac
981 5141 1102 5194 qua:
1119 5127 1211 5184 tibi
1239 5132 1609 5188 consuluntur.
1635 5133 1761 5190 Haec
1781 5152 1905 5192 vere

305 5217 547 5262 materna
575 5211 796 5268 dilectio
831 5227 934 5280 est,
969 5228 1026 5272 ut
1065 5235 1160 5288 pro
1193 5238 1358 5290 puero
1384 5235 1567 5293 parata
1612 5228 1680 5281 sit
1724 5229 1905 5283 omnia

304 5297 468 5352 lerre.
512 5299 606 5354 llis
630 5301 784 5381 dictis
830 5304 996 5362 lilium
1041 5323 1073 5363 a
1122 5311 1313 5367 timore
1360 5314 1624 5370 liberavit.
1662 5319 1747 5373 14.
1777 5318 1904 5373 Cum

302 5391 464 5462 igitur
505 5395 707 5450 abiisset
723 5438 751 5460 ,.
770 5402 987 5470 sumpsit
1031 5414 1076 5456 et
1105 5407 1273 5459 attulit
1303 5411 1452 5463 matri
1501 5427 1610 5465 sua
1654 5452 1667 5466 .
1720 5424 1766 5466 et
1785 5417 1904 5484 fecit

304 5486 500 5553 edulia,
522 5491 651 5543 sicut
677 5494 883 5547 amabat
921 5508 1066 5565 pater
1092 5500 1221 5569 ejus.
1247 5501 1334 5555 15.
1365 5501 1433 5556 Et
1472 5514 1525 5557 ut
1559 5508 1771 5576 sumpsit
1802 5506 1902 5562 Re-

303 5578 478 5644 becca,
513 5582 704 5650 inquit,
727 5586 909 5640 stolam
948 5589 1047 5657 ﬁlii
1082 5591 1162 5644 sui
1199 5593 1412 5648 senioris
1438 5595 1900 5668 pulcltram,quam

306 5672 520 5725 habebat
548 5678 688 5744 apud
729 5695 782 5732 se
807 5679 964 5746 domi,
1003 5684 1166 5737 induit
1211 5685 1371 5740 Jacob
1413 5689 1576 5748 lilium
1622 5707 1771 5744 suum
1809 5692 1904 5761 ju-

304 5763 523 5824 νεῦον-ειη.
556 5764 645 5821 16.
674 5777 722 5820 et
749 5769 963 5836 pellibus
993 5772 1255 5830 [ardorum
1282 5777 1488 5831 brachia
1506 5779 1621 5848 ejus
1642 5795 1661 5832 :
1692 5790 1738 5834 et
1765 5784 1904 5834 nuda

302 5855 427 5906 colli
446 5856 556 5925 ejus
583 5857 934 5926 circumdedit,
955 5864 1040 5918 17.
1064 5873 1110 5918 et
1129 5866 1269 5920 dedit
1293 5868 1486 5936 edulia,
1507 5879 1555 5922 et
1586 5886 1741 5939 panes
1777 5888 1902 5939 quos

304 5944 498 6014 μανίαι
542 5948 592 6001 in
643 5966 822 6008 manus
864 5953 1026 6011 Iacob
1052 5945 1149 6028 ﬁlii
1177 5960 1280 6031 sui,
1307 5969 1355 6016 et
1395 5959 1578 6019 obtulit
1620 5965 1758 6035 patri
1785 5982 1895 6020 suo.

1310 503 1377 560 IN
1412 463 1821 566 canixxvu.
1863 505 2104 565 cauas.
2147 503 2379 564 nonus.
2421 501 2550 559 thl.

3514 0 3936 12 ff

3513 509 3621 564 460

2016 617 2175 684 Vide,
2223 617 2471 682 obsecro,
2506 615 2591 672 hic
2641 614 2899 671 Rebecca:
2936 629 3060 674 cum
3101 632 3291 688 magna
3335 618 3621 677 dilectione

2016 709 2355 779 conjunctam
2411 723 2589 764 raram
2635 708 2972 779 sapientiam.
3016 708 3150 765 Nam
3198 710 3321 780 quia
3371 712 3620 782 superius

2017 801 2171 866 dixit,
2193 801 2338 855 illum
2368 800 2582 870 quidem
2613 801 2879 871 hispidum
2906 815 3048 868 esse,
3078 800 3220 857 hunc
3245 817 3374 857 vero
3397 803 3616 869 Ian-cut;

2016 893 2174 959 stola,
2195 892 2384 964 inquit,
2413 893 2553 948 Esau
2575 892 2746 947 induit
2766 908 2908 957 eum,
2931 903 2984 948 et
3008 893 3236 963 pellibus
3265 895 3620 952 circumdedit

2016 997 2162 1047 eum,
2191 991 2246 1037 et
2274 996 2397 1037 cum
2431 982 2664 1053 undique
2691 1000 2811 1037 eum
2839 982 2906 1038 ad
2928 983 3300 1056 deceptionem
3331 985 3621 1042 instruxis-

2017 1083 2119 1138 set,
2151 1072 2288 1128 datis
2315 1072 2508 1128 eduliis
2537 1083 2592 1128 et
2613 1073 2840 1144 panibus
2865 1076 2916 1128 iu
2952 1091 3160 1142 manus,
3189 1075 3368 1143 ellecit
3395 1088 3449 1130 ut
3481 1079 3620 1148 patri

2016 1161 2254 1218 afferret.
2285 1163 2580 1219 Considera
2626 1166 2713 1219 hic
2736 1179 2969 1229 rursum,
3000 1166 3270 1237 quomodo
3307 1169 3487 1222 omnia
3527 1185 3623 1224 su-

2016 1269 2182 1325 perna
2209 1255 2377 1327 gratia
2405 1259 2705 1313 evenerint.
2730 1257 2865 1313 Nam
2887 1260 3102 1330 quando
3124 1261 3266 1330 quod
3297 1277 3326 1315 a
3359 1262 3513 1318 nobis
3536 1274 3622 1320 est

2017 1347 2313 1417 oderimus,
2347 1350 2568 1421 largiter
2601 1350 2838 1406 divinam
2867 1354 3305 1423 cooperationem
3329 1359 3620 1428 consequi.

2015 1455 2157 1494 mur.
2194 1440 2328 1495 Nam
2354 1450 2411 1495 ut
2443 1457 2510 1497 ne
2541 1441 2754 1498 desides
2791 1453 2846 1498 et
2873 1445 3049 1514 supini
3077 1446 3267 1511 simus,
3315 1448 3428 1501 vult
3455 1451 3621 1505 etiam

2015 1546 2114 1585 nos
2135 1532 2334 1602 aliquid
2363 1533 2631 1600 conferre,
2657 1551 2763 1604 quo
2793 1537 2870 1592 sic
2898 1537 2985 1592 illa
3013 1552 3107 1595 sua
3134 1539 3405 1606 exhibeat,
3433 1550 3487 1596 ct
3511 1557 3620 1597 non

2016 1631 2186 1677 totum
2211 1625 2282 1678 sit
2310 1626 2529 1694 superni
2560 1627 2768 1694 auxilii,
2802 1627 2898 1682 sed
2923 1639 3170 1699 oporteat
3204 1632 3368 1687 etiam
3399 1647 3496 1686 nos
3523 1634 3620 1687 ali-

2015 1715 2141 1784 quid
2166 1716 2322 1770 simul
2346 1716 2571 1782 aﬂ'errc;
2605 1734 2780 1790 neque
2795 1734 2825 1773 a
2847 1719 3000 1775 nobis
3023 1721 3217 1776 iterum
3237 1723 3402 1792 exigit
3423 1732 3616 1791 totum,

2014 1806 2192 1862 sciens
2221 1807 2544 1864 infirmitatis
2571 1818 2769 1864 nostra:
2802 1811 3253 1878 magnitudinem:
3276 1813 3369 1868 sed
3399 1829 3494 1884 pro
3521 1830 3617 1870 sua

2013 1898 2365 1969 benignitate.
2397 1909 2451 1956 et
2475 1902 2662 1956 volens
2700 1904 3042 1959 occasionem
3089 1905 3321 1975 aliquam
3347 1909 3617 1976 accipere,

2015 1998 2072 2042 ut
2095 2003 2246 2044 suam
2267 1989 2508 2046 declaret
2533 1991 2930 2054 liberalitatem.
2950 2004 3232 2065 esSpectat
3258 2005 3314 2050 ut
3332 1995 3622 2054 all‘eramus

2011 2094 2132 2148 quas
2169 2094 2201 2134 a
2243 2080 2397 2135 nobis
2426 2092 2553 2136 sunt
2577 2100 2590 2136 :
2618 2082 2669 2136 id
2701 2083 2842 2153 quod
2871 2095 2924 2138 et
2951 2100 3093 2139 nunc
3121 2084 3320 2145 factum
3347 2096 3452 2142 est.
3486 2086 3619 2142 Nam

2011 2170 2134 2240 quia
2184 2170 2351 2228 Jacob
2389 2181 2444 2228 et
2492 2174 2735 2229 Rebecca
2788 2176 3028 2231 iecerunt
3066 2192 3128 2230 ea
3167 2193 3288 2248 quae
3328 2193 3358 2232 a
3397 2193 3457 2233 se
3505 2178 3619 2234 licri

2013 2261 2335 2331 Oportebat:
2369 2270 2424 2319 et
2471 2263 2559 2319 ille
2607 2266 2823 2335 quidem
2855 2267 3090 2323 obedivit
3132 2269 3360 2323 consilio
3404 2270 3617 2335 matris,

2012 2350 2130 2406 hac
2182 2363 2363 2409 autem
2393 2355 2572 2410 omnia
2603 2372 2724 2426 qua:
2775 2357 2843 2412 ad
2888 2374 2948 2415 se
2996 2360 3298 2415 attinebant
3341 2360 3616 2429 iuqlevit:

2013 2452 2141 2499 tunc
2185 2444 2321 2507 ultra
2377 2446 2549 2501 bonus
2596 2449 2852 2505 Dominus
2899 2465 3087 2522 magna
3135 2452 3386 2507 facilitate
3433 2452 3618 2522 perlici

2010 2537 2220 2590 curavit
2262 2537 2404 2606 quod
2431 2539 2670 2595 omnium
2719 2551 2834 2596 erat
2865 2541 3259 2611 difﬁcillimum,
3294 2560 3362 2600 ne
3409 2543 3618 2600 fraudis

2012 2626 2172 2696 hujus
2201 2626 2376 2683 fabula
2402 2639 2525 2684 nota
2557 2644 2703 2687 esset
2727 2631 2932 2690 lsaaco.
2965 2635 3096 2690 Nam
3127 2646 3412 2708 postquam
3436 2639 3617 2698 attulit

2011 2717 2188 2772 edulia
2237 2721 2396 2789 patri,
2428 2723 2514 2776 l9.
2549 2721 2692 2778 Dixit
2734 2727 2802 2778 ad
2843 2744 2957 2781 eum
2979 2745 2998 2782 :
3032 2727 3155 2795 Quis
3198 2739 3251 2784 tu
3281 2747 3352 2795 es,
3386 2730 3461 2799 ﬁli
3487 2731 3512 2785 .’
3541 2731 3612 2790 It‘t

2011 2809 2142 2864 dixit
2186 2810 2347 2866 Iacob
2374 2813 2443 2866 ad
2487 2825 2679 2883 patrem
2711 2833 2858 2872 suum
2890 2835 2909 2872 :
2954 2817 3067 2892 Ego
3105 2838 3218 2875 sum
3251 2820 3389 2877 Esau
3419 2824 3618 2893 printe-

2004 2903 2207 2985 genitus
2250 2915 2366 2958 tuus
2394 2921 2413 2960 :
2447 2907 2545 2976 feci
2589 2907 2678 2961 tibi
2721 2910 2850 2963 sicut
2899 2912 3132 2981 loquutus
3175 2915 3300 2967 nti/ti
3329 2932 3400 2969 es.
3447 2914 3619 2987 Surge

2009 2976 2151 3066 ergo,
2171 2997 2306 3061 sede,
2333 3007 2380 3054 et
2401 3001 2606 3055 comede
2635 3002 2698 3056 de
2727 3004 2989 3058 venatione
3012 3021 3140 3072 nica,
3168 3018 3221 3061 ut
3247 3007 3508 3063 benedicat
3537 3023 3618 3064 me

2009 3089 2181 3142 anima
2206 3099 2315 3146 tua.
2336 3091 2628 3147 Considera
2654 3095 2756 3159 hic,
2790 3095 3038 3165 obsecro,
3058 3108 3255 3169 quanta
3279 3115 3400 3157 cum
3427 3101 3618 3156 attxie-

2013 3187 2120 3234 tate
2140 3181 2301 3235 verba
2328 3182 2447 3237 hch
2476 3184 2726 3254 loquutus
2752 3187 2821 3241 sit
2846 3186 3032 3242 Jacob.
3057 3190 3158 3256 Qui
3183 3192 3322 3246 enim
3350 3193 3616 3262 principio

2010 3269 2217 3327 dixerat
2242 3275 2402 3328 matri
2429 3293 2443 3328 :
2476 3274 2665 3330 Timeo
2697 3291 2765 3331 ne
2791 3277 3042 3334 inducam
3075 3295 3238 3350 super
3268 3298 3355 3338 me
3392 3283 3619 3341 maledi-

2010 3361 2262 3429 ctiouem,
2302 3373 2356 3420 et
2407 3382 2512 3420 non
2572 3367 3040 3429 bent-dictionem:
3089 3387 3231 3428 nunc
3274 3375 3519 3446 expende
3563 3377 3615 3430 iu

2009 3463 2211 3522 quanto
2235 3455 2425 3510 timore
2447 3459 2774 3519 constitutus
2804 3459 2984 3529 fuerit,
3010 3463 3099 3533 qui
3133 3474 3333 3519 tantam
3380 3467 3613 3521 tabulam

2009 3543 2232 3611 ageret?
2261 3544 2453 3600 Verum
2488 3549 2613 3616 quia
2665 3550 2803 3604 Deus
2833 3562 2949 3606 erat
2978 3555 3066 3623 qui
3113 3557 3505 3624 cooperabatur
3552 3557 3618 3610 iis

2010 3652 2129 3705 qua:
2161 3637 2379 3706 fiebant,
2409 3642 2587 3696 omnia
2616 3658 2781 3712 opere
2817 3655 2942 3699 sunt
2981 3647 3218 3718 impleta.
3252 3648 3389 3717 Quid
3430 3651 3615 3720 igitur,

2010 3729 2155 3784 dicet
2197 3731 2409 3801 aliquis,
2442 3745 2834 3804 cooperatusne
2865 3738 3005 3793 Deus
3034 3747 3119 3794 est
3158 3741 3479 3797 mendacio?
3526 3742 3619 3798 Di-

2009 3822 2166 3889 lecte,
2201 3839 2267 3880 ne
2295 3827 2514 3897 indages
2555 3837 2767 3884 tantum
2793 3831 2933 3902 quod
2962 3832 3034 3899 lit,
3067 3834 3427 3892 sed’attendc
3452 3839 3615 3892 ctiam

2009 3929 2253 3984 scopum,
2286 3927 2340 3972 et
2370 3919 2510 3989 quod
2563 3921 2612 3973 id
2645 3937 2752 3976 non
2795 3921 2998 3980 factum
3027 3925 3097 3979 sit
3125 3929 3438 3995 temporalis
3466 3943 3617 3984 com-

2005 4006 2152 4061 modi
2177 4008 2260 4063 vel
2287 4011 2523 4064 avaritiae
2550 4027 2732 4080 causa,
2763 4013 2857 4068 sed
2881 4017 3021 4085 quod
3064 4017 3152 4072 ille
3181 4020 3346 4088 patris
3389 4020 3618 4076 benedio

2011 4102 2245 4157 ctiouem
2274 4104 2373 4159 sibi
2405 4119 2719 4174 comparare
2750 4107 2989 4164 studeret
3023 4128 3037 4166 :
3078 4101 3280 4182 :ﬂioqui
3311 4113 3354 4166 si
3388 4114 3458 4168 ita
3487 4113 3618 4167 sim-

2011 4193 2222 4262 pliciter
2256 4212 2375 4265 quae
2427 4197 2559 4252 liunt
2605 4201 3008 4257 examinaturus
3053 4218 3132 4268 es,
3183 4220 3357 4275 neque
3400 4221 3617 4277 semper

2012 4299 2232 4356 scopum
2264 4289 2515 4358 exquiras
2541 4330 2554 4353 ,
2602 4289 2724 4346 vide
2754 4304 2822 4347 ne
2852 4303 2905 4348 et
2937 4295 3297 4363 patriarcham
3327 4296 3420 4351 lilii
3451 4299 3616 4352 inter-

2013 4377 2292 4446 fectorem,
2325 4388 2378 4434 et
2404 4380 2664 4437 Phineem
2704 4382 3027 4441 homicidam
3057 4387 3259 4442 dicas‘.
3292 4387 3490 4443 Verum
3518 4404 3612 4444 ne-

2011 4485 2116 4540 que
2148 4471 2416 4526 Abraham
2466 4475 2558 4528 lilii
2606 4475 2870 4531 homicida
2914 4477 3033 4545 iuit,
3062 4479 3157 4534 sed
3187 4488 3240 4534 et
3267 4479 3421 4536 valde
3448 4479 3497 4535 ei
3537 4483 3616 4535 ai-

2013 4562 2183 4617 lectus
2208 4573 2356 4628 erat,
2387 4565 2431 4619 si
2463 4567 2582 4635 quis
2620 4567 2758 4622 alius
2786 4585 2799 4626 :_
2845 4583 3020 4639 neque
3049 4570 3278 4627 Phiaees
3323 4570 3611 4636 homicida,

2011 4655 2105 4708 sed
2135 4657 2252 4710 zelo
2285 4657 2493 4724 plenus.
2524 4658 2758 4729 Uterque
2786 4661 2930 4714 enim
2955 4662 3098 4731 quod
3129 4663 3239 4717 Deo
3263 4663 3610 4732 probabatur,

2013 4745 2260 4801 iaciebat.
2291 4747 2649 4815 Quamobrem
2679 4734 2772 4806 ille
2806 4767 2902 4821 per
2921 4753 3302 4819 obedientiam,
3327 4755 3552 4810 multum
3584 4775 3614 4812 a

2015 4838 2124 4893 Deo
2170 4841 2654 4913 remunerationem
2713 4848 3038 4912 promeruit;
3091 4845 3176 4900 hic
3222 4863 3351 4901 vero
3392 4859 3615 4918 propter

2011 4935 2181 4987 zelum
2227 4936 2563 5003 prmtlicatur.
2618 4936 2820 4991 Dicitur
2859 4939 3004 4992 enim
3035 4958 3047 4993 :
3079 4940 3225 4994 Stetit
3280 4940 3522 5008 Phineas,
3570 4952 3616 4997 et

2011 5027 2230 5096 placavit
2258 5026 2429 5091 (I’sal.
2467 5029 2587 5082 105.
2621 5029 2732 5099 50).
2779 5027 2834 5083 Si
2862 5027 3024 5099 igitur
3055 5031 3400 5088 homicidium
3428 5046 3483 5089 et
3513 5034 3614 5090 lilii

2011 5119 2188 5172 cardes
2237 5118 2570 5187 placuerunt.
2620 5119 2743 5189 quia
2793 5120 3090 5176 secundum
3145 5123 3613 5182 Deiseutcutiam

2014 5208 2240 5275 ﬁebant,
2288 5226 2391 5264 nec
2443 5205 2769 5265 attendimus
2808 5211 2876 5266 ad
2917 5211 3086 5278 iacta,
3134 5215 3224 5268 scd
3274 5216 3340 5270 ad
3392 5231 3613 5288 scopum

2011 5316 2199 5356 eorum
2226 5318 2346 5373 qua:
2375 5303 2717 5384 gerebantur,
2751 5314 2807 5358 et
2829 5303 2897 5358 ad
2929 5304 3263 5360 voluntatem
3303 5321 3491 5363 eorum
3520 5311 3612 5379 qui

2011 5393 2299 5449 iecerunt:
2349 5395 2520 5451 multo
2547 5395 2718 5466 magis
2745 5404 2801 5452 et
2848 5394 2937 5452 hic
2985 5398 3423 5469 perpendeudum
3469 5400 3610 5456 istud

2013 5487 2192 5543 fuerit.

2082 5581 2136 5636 5.
2167 5581 2244 5636 Ne
2271 5581 2430 5651 igitur
2460 5581 2570 5639 hoc
2595 5585 2877 5640 considera
2899 5628 2915 5653 ,
2957 5585 3100 5655 quod
3145 5585 3274 5640 falsa
3317 5585 3512 5642 iuerint
3545 5605 3607 5642 ea

2009 5687 2128 5741 qua:
2154 5671 2466 5728 dicebautur
2489 5689 2521 5729 a
2548 5675 2768 5743 Jacobo,
2801 5677 2894 5732 sed
2926 5677 3053 5734 illud
3090 5680 3260 5750 cogita
3282 5721 3297 5746 ,
3339 5679 3609 5735 volentem

2076 5857 2091 5887 ί
2129 5861 2271 5924 Juxta
2291 5853 2462 5928 litorei".
2482 5861 2567 5928 et.
2777 5852 3144 5928 siclcgendum
3163 5863 3280 5928 lest,
3407 5863 3608 5928 scriptun

2009 5917 2256 5985 camaras,
2272 5913 2891 5985 jamtibtdicerutumerit
2934 5913 3272 5978 patriarcham
3303 5931 3405 5968 esse
3417 5913 3510 5982 ﬁlii
3530 5916 3608 5972 iit'

2013 5977 2331 6043 terfectcmn,
2349 5983 2396 6027 et
2422 5985 2441 6027 t
2457 5977 2646 6030 uincent
2663 5977 2968 6029 timnicidtmt.
