4170 6478
578 457 679 513 667

584 572 747 626 Detun
777 563 1167 638 praedictionem
1197 556 1439 627 impleri,
1465 551 1640 606 omnia
1654 557 1706 602 ut
1725 546 1801 601 sic
1819 544 2007 599 tierent
2028 537 2142 596 dis-

580 630 902 730 pensavisse.
928 655 992 711 Et
1013 662 1068 706 ut
1097 651 1236 706 scias
1257 648 1420 702 Deum
1449 641 1627 698 omnia
1647 636 1817 693 facilia
1833 630 2144 692 reddidisse,

582 724 739 807 etiam
761 764 819 803 ea
841 761 958 817 qua:
975 741 1204 799 difﬁcilia
1232 746 1381 792 erant
1398 752 1414 791 :
1433 733 1557 788 vide
1571 727 1836 801 quomodo
1848 724 2026 817 justus
2041 733 2146 817 non

586 842 817 913 potuerit
847 810 1102 905 suspicari
1144 829 1380 887 fraudem
1403 868 1417 891 ,
1463 823 1560 880 scd
1598 832 1878 891 persuasus
1904 813 1973 869 sit
1996 810 2152 867 dictis

584 902 748 989 Iacob
765 972 780 996 ,
811 902 999 986 etcum
1021 925 1192 982 edulia
1216 924 1313 977 ista
1335 916 1671 980 comedisset,
1697 902 2151 996 benedictionibus

585 1037 708 1078 cum
752 990 1074 1075 remaneret.
1144 1012 1212 1067 Et
1257 1023 1362 1064 non
1410 1006 1553 1076 prius
1600 1016 1630 1055 a
1673 997 1952 1054 venatione
1996 990 2156 1046 rediit

588 1115 728 1168 l-Zsait
751 1150 768 1177 ,
808 1122 965 1178 quam
1015 1102 1189 1160 omnia
1237 1105 1416 1154 essent
1462 1093 1675 1162 impleta
1704 1105 1718 1143 :
1746 1096 1806 1143 ut
1844 1097 1940 1156 per
1977 1080 2154 1138 omnia

589 1172 842 1266 sciamus,
879 1195 1148 1253 voluntate
1188 1193 1277 1247 Dei
1327 1190 1439 1244 haec
1475 1194 1621 1256 gesta
1660 1183 1842 1238 fuisse.
1877 1175 1965 1232 20.
2014 1172 2157 1227 Dixit

586 1302 777 1358 autem,
807 1289 1014 1358 inquit,
1045 1284 1194 1340 Isaac
1217 1298 1239 1338 :
1263 1280 1398 1348 Quid
1427 1279 1554 1345 hoc,
1591 1273 1725 1346 quod
1753 1281 1854 1325 tam
1883 1269 1980 1321 cito
2017 1267 2156 1319 inre-

589 1383 746 1449 nisti,
774 1382 848 1450 ﬁli
867 1381 892 1434 ?
930 1379 1028 1433 Ille
1059 1387 1226 1432 autem
1265 1373 1392 1428 dixit
1425 1387 1444 1426 :
1474 1367 1622 1438 Quod
1662 1363 1867 1420 tradidit
1916 1358 2160 1450 Dominus

595 1448 737 1532 Deus
755 1448 868 1528 tuus
895 1487 1064 1527 coram
1091 1486 1186 1524 me.
1211 1465 1397 1522 Ad'iue
1421 1464 1474 1518 in
1504 1459 1754 1529 angustiis
1777 1452 1950 1509 stabat
1975 1448 2161 1512 Iacob,

596 1565 989 1636 augebaturque
1008 1560 1290 1632 plurimum
1312 1556 1472 1610 timor
1489 1552 1603 1622 ejus
1622 1558 1836 1604 :verum
1857 1543 1970 1598 haec
1987 1539 2161 1594 omnia

599 1630 882 1730 propterea
909 1630 1043 1709 facta
1072 1659 1225 1716 sunt,
1258 1656 1316 1702 ut
1350 1645 1612 1701 discamus
1640 1639 1798 1695 rebus
1827 1634 1954 1730 ipsis

602 1719 731 1803 num
775 1761 876 1800 non
907 1740 1214 1812 simpliciter
1257 1749 1406 1793 suam
1450 1730 1722 1787 declarare
1763 1719 2165 1780 sollicitudinem

602 1849 659 1893 et
703 1807 1084 1907 providentiam
1109 1873 1123 1895 ,
1165 1828 1265 1884 nisi
1306 1823 1495 1880 viderit
1539 1830 1593 1877 et
1630 1824 1867 1873 nostrum
1917 1807 2169 1865 accedere

603 1929 886 1984 fervorem.
931 1923 1010 1978 Ne
1046 1922 1189 1977 enim
1231 1924 1516 1987 praetereas
1544 1910 1717 1967 obiter
1745 1908 1882 1962 hunc
1910 1914 2168 1972 agonem,

605 2017 827 2081 dilecte,
857 2013 951 2069 sed
976 2010 1280 2067 consideres
1306 2010 1373 2062 de
1399 2017 1574 2060 rerum
1605 2011 1808 2056 summa
1841 1994 2001 2050 fuisse
2030 1987 2170 2060 peri-

603 2106 786 2162 culum
811 2124 825 2160 :
847 2117 1074 2174 eumque
1100 2103 1289 2156 timore
1314 2111 1377 2153 ac
1403 2104 1635 2151 tremore
1651 2091 1870 2161 plenum
1899 2085 2084 2147 fuisse,
2107 2094 2176 2134 ne

609 2205 828 2268 propter
871 2169 1292 2249 benedictionem
1333 2186 1484 2242 lieret
1511 2182 1655 2237 omni
1698 2172 2048 2234 maledictioni
2075 2169 2174 2224 ob-

611 2263 822 2346 noxius.
862 2282 1066 2342 Deinde
1090 2281 1296 2351 inquit,
1322 2276 1415 2332 2i.
1442 2275 1583 2329 Dixit
1612 2271 1761 2326 Isaac
1777 2263 2178 2337 tAppropinqua

609 2381 757 2447 Inibi,
796 2388 845 2435 et
872 2375 1185 2433 contrectabo
1222 2381 1298 2439 te,
1335 2371 1448 2441 ﬁli,
1483 2384 1550 2422 an
1595 2366 1662 2421 sis
1690 2362 1826 2432 ﬁlius
1852 2374 1990 2415 meus
2012 2353 2174 2421 Esaia,

612 2471 692 2527 ecl
714 2487 834 2524 non.
864 2467 1074 2523 Etenim
1096 2464 1166 2520 ob
1186 2477 1368 2518 vocem
1389 2458 1658 2530 paululum
1679 2452 1949 2510 dubitabat
1968 2449 2178 2519 justus:

614 2559 712 2617 sed
732 2560 851 2629 quia
868 2556 1189 2628 dispensatio
1209 2550 1474 2622 implenda
1497 2555 1632 2612 erat,
1658 2560 1762 2600 non
1786 2540 2023 2614 permisit
2043 2537 2184 2593 Deus

619 2660 680 2708 ut
725 2650 878 2718 dolus
917 2648 1221 2704 sentiretur.
1273 2643 1368 2698 22.
1413 2633 1847 2711 Appropinquarit
1885 2639 2088 2697 autent,
2139 2635 2186 2681 ct

620 2740 941 2798 contrectauit
963 2755 1097 2804 cum,
1127 2746 1174 2792 ct
1202 2735 1365 2790 dixit:
1395 2730 1505 2786 Vox
1530 2726 1729 2800 quidem
1750 2739 1846 2779 vox
1866 2721 2048 2786 Iacob,
2076 2733 2186 2772 ma.

621 2851 716 2888 nus
739 2842 902 2886 autem
923 2845 1098 2884 ntanus
1123 2821 1264 2880 Esar't
1285 2840 1303 2878 :
1322 2833 1368 2877 et
1392 2837 1491 2877 non
1517 2817 1716 2890 agnouit
1744 2829 1875 2868 eum.
1902 2809 2035 2865 Vide
2059 2822 2192 2878 quo-

621 2924 785 2979 modo
821 2920 1066 2978 ostendat
1110 2927 1275 2973 totum
1317 2931 1347 2970 ιι
1395 2912 1486 2969 Dei
1534 2910 1701 2981 gratia
1755 2915 2041 2960 manasse:
2069 2914 2188 2970 qua:

622 3011 890 3069 efﬁciebat
911 3051 926 3075 ,
967 3017 1024 3063 ut
1052 3009 1163 3078 ipse
1194 3005 1321 3061 nihil
1346 3003 1536 3058 borum
1562 3003 1902 3071 agnosceret,
1937 3002 1991 3049 et
2025 2989 2190 3046 Iacob

625 3113 843 3176 paterna
873 3101 1134 3157 frueretur
1171 3093 1555 3154 benedictione.
1588 3091 1651 3144 Et
1682 3105 1781 3142 non
1810 3082 2011 3157 agnovit
2039 3097 2183 3144 eum,

626 3170 823 3264 inquit;
859 3201 1000 3246 erant
1025 3190 1157 3245 enim
1193 3203 1371 3241 manus
1398 3185 1505 3253 ejus
1545 3181 1674 3236 sicut
1700 3192 1876 3232 manus
1917 3172 2076 3228 Esau.
2097 3170 2189 3226 26.

631 3284 697 3337 Et
726 3284 873 3348 dixit,
904 3281 1042 3335 Tunc
1063 3295 1117 3334 cs
1145 3279 1280 3348 ﬁlius
1309 3291 1446 3330 meus
1469 3272 1640 3328 Esau?
1660 3267 1788 3324 Vide
1817 3268 2026 3328 iterum,
2055 3277 2194 3333 quo-

632 3375 793 3430 modo
806 3372 1031 3429 ostendit
1046 3371 1222 3426 divina
1233 3367 1522 3437 Scriptura,
1542 3362 1683 3434 quod
1702 3360 1990 3417 dubitasset
1999 3355 2193 3426 justus.

632 3464 776 3519 Dixit
800 3464 940 3518 enim
959 3503 976 3529 ,
1023 3461 1226 3529 inquit,
1255 3456 1396 3512 Num
1421 3465 1478 3510 ιιι
1511 3469 1563 3510 cs
1604 3453 1742 3523 ﬁlius
1769 3465 1907 3504 nscas
1934 3445 2112 3502 Esau?
2139 3451 2198 3500 ut

630 3569 698 3610 ex
721 3569 790 3609 co
811 3567 1019 3623 quoque
1043 3551 1270 3605 sciamus
1290 3589 1307 3612 ,
1348 3554 1554 3617 patrem
1577 3542 1770 3599 victum
1805 3537 2029 3595 naturali
2063 3535 2196 3592 atie-

631 3645 807 3701 ctione
831 3645 1006 3698 omnia
1027 3641 1250 3696 fecisse:
1276 3639 1446 3694 Deum
1472 3644 1670 3698 autem,
1690 3633 1780 3704 qui
1809 3631 1980 3685 futura
2007 3624 2199 3699 praevi-

634 3734 758 3799 det,
801 3743 856 3789 et
901 3734 1152 3786 virtutum
1186 3737 1309 3786 noui
1348 3741 1534 3786 servos
1572 3737 1700 3780 suos
1735 3718 1987 3790 insignire
2027 3716 2200 3784 solet,

635 3824 812 3879 omnia
837 3823 978 3878 hunc
1002 3824 1056 3878 in
1081 3820 1295 3877 modum
1321 3815 1732 3888 dispensavisse.
1755 3812 1823 3868 Et
1849 3809 1984 3866 dixit
2007 3807 2200 3864 Iacob:

638 3915 773 3986 Ego.
812 3914 1097 3983 Postquam
1140 3911 1281 3968 enim
1324 3909 1488 3974 dixit,
1522 3905 1664 3961 Num
1705 3913 1757 3958 tu
1799 3918 1850 3957 es
1895 3899 2032 3956 Esau
2069 3899 2206 3968 ﬁlius

637 4003 814 4060 nisus?
835 4013 892 4059 et
910 4003 1060 4066 dixit,
1086 3999 1194 4074 Ego
1211 3999 1398 4064 :dixit,
1424 3997 1515 4052 25.
1543 3993 1684 4062 Mer
1707 3991 1851 4055 mihi.
1880 3999 1926 4046 ct
1950 3988 2208 4045 comedunt

638 4096 705 4151 de
741 4096 998 4150 motione
1024 4103 1110 4147 tua
1130 4133 1146 4160 ,
1188 4091 1287 4162 πε,
1318 4099 1371 4144 ιιι
1404 4088 1659 4143 benedicat
1686 4094 1734 4139 te
1755 4085 1925 4138 anima
1949 4097 2060 4136 mea
2083 4081 2208 4136 :vix

639 4186 851 4242 tandem
875 4201 906 4240 a
929 4202 1052 4240 cura
1080 4184 1303 4240 solvitur
1324 4181 1518 4246 Iacob,
1557 4188 1603 4234 et
1643 4177 1812 4232 attulit
1839 4177 1969 4249 patri
2000 4174 2168 4230 edulia
2187 4211 2210 4242 ,

639 4278 905 4348 attulitque
929 4277 1095 4332 uinum
1114 4316 1131 4342 ,
1170 4284 1216 4329 ct
1259 4273 1396 4327 bibit.
1427 4271 1516 4326 26.
1545 4270 1612 4324 Et
1653 4270 1784 4323 dixit
1804 4268 1850 4323 ei
1880 4284 1899 4324 :
1926 4267 2116 4322 Accede
2140 4265 2210 4319 ad

641 4383 752 4435 rue,
778 4378 825 4422 et
853 4364 1081 4422 oscubtrc
1107 4380 1185 4419 me
1203 4406 1219 4430 ,
1253 4364 1349 4432 ﬁli.
1386 4361 1478 4417 27.
1507 4360 1571 4415 Ει
1593 4358 1832 4414 accedens
1857 4357 2107 4411 osculatus
2138 4362 2212 4410 est

640 4475 792 4526 eum;
837 4467 883 4513 et
927 4457 1166 4513 odoratus
1204 4464 1279 4511 est
1317 4455 1520 4508 odorem
1564 4451 1963 4506 vestimentorum
1992 4446 2099 4516 eius
2117 4487 2132 4512 ,
2164 4454 2216 4500 et

642 4547 890 4605 bcncdiaa't
915 4564 1028 4603 cum
1044 4589 1060 4615 ,
1086 4563 1147 4601 ac
1172 4546 1319 4601 dixit.
1349 4544 1479 4599 Vide
1504 4542 1694 4598 divinat
1719 4539 2002 4608 Scriplurre
2031 4536 2216 4591 obser-

641 4640 931 4694 vationem.
959 4637 1243 4707 Postquam
1272 4631 1646 4703 interrogavit,
1680 4629 1820 4685 Num
1860 4637 1915 4682 tu
1954 4644 2006 4683 es
2031 4625 2173 4680 Emi
2190 4625 2216 4679 ι

644 4739 700 4785 et
725 4723 880 4792 dixit,
907 4725 1017 4799 Ego
1037 4740 1060 4781 :
1078 4727 1269 4782 iterum
1295 4723 1642 4780 contrectavit
1665 4735 1812 4787 eum,
1833 4729 1885 4775 et
1910 4715 2218 4774 subdubita-

646 4819 760 4884 ιιι,
786 4833 908 4875 cum
934 4833 998 4874 ex
1025 4830 1155 4872 voee
1174 4829 1311 4886 pene
1329 4813 1719 4869 simulationem
1745 4807 2180 4880 deprehendisset
2197 4822 2215 4859 :

643 4919 699 4965 ct
726 4909 919 4966 lterum
963 4906 1336 4983 interrogavit,
1381 4903 1522 4959 Νιιιιι
1549 4912 1601 4957 tu
1627 4919 1679 4957 es
1707 4901 1844 4972 ﬁlius
1871 4915 2008 4954 nacus
2044 4896 2222 4952 Esau?

643 5010 703 5057 et
728 5000 881 5067 dixit,
907 4998 1017 5070 Ego
1034 5015 1052 5053 :
1071 5007 1125 5054 et
1152 5005 1331 5068 postea
1370 4995 1545 5051 attulit
1573 4993 1659 5060 ei,
1688 4999 1744 5049 et
1769 4988 2000 5047 comedit
2024 5006 2037 5043 :
2061 4997 2182 5042 tunc
2199 5028 2216 5054 ,

642 5091 853 5164 inquit,
902 5090 1174 5146 Osculatus
1213 5099 1284 5144 cit
1320 5105 1455 5150 ειιιιι,
1481 5096 1528 5142 et
1577 5084 1822 5140 benedixit
1865 5097 2001 5137 ειιιιι.
2039 5078 2108 5137 Ut
2152 5094 2220 5134 ne

647 5183 771 5254 quis
795 5183 1042 5252 opinetur
1062 5195 1182 5236 eum
1212 5182 1264 5235 in
1297 5192 1576 5250 personam
1614 5176 1754 5231 Esau
1795 5171 2218 5230 benedictionem

645 5274 871 5341 fecisse,
899 5273 994 5329 sed
1040 5271 1092 5328 in
1137 5272 1286 5328 illum
1319 5287 1477 5343 quem
1510 5269 1778 5326 osculatus
1798 5273 1882 5323 est
1904 5283 1918 5321 :
1939 5271 2218 5336 promeres

645 5374 1032 5422 commemorat
1050 5364 1227 5421 divina
1254 5363 1542 5434 Scriptura,
1574 5359 1716 5431 quod
1743 5357 2013 5415 osculatus
2037 5364 2138 5419 est,
2165 5361 2222 5409 et

646 5456 919 5513 benedixit
963 5457 1144 5524 illum,
1186 5469 1346 5526 quem
1395 5453 1664 5510 osculatus
1706 5456 1809 5507 est.
1854 5447 2108 5503 adoratus
2149 5453 2224 5498 est

646 5549 781 5604 enim
803 5547 1008 5604 odorem
1044 5547 1445 5602 aestimaturum
1486 5545 1595 5616 ejus
1635 5549 1684 5596 et
1722 5537 1969 5595 benedixit
2001 5551 2149 5599 cunt,
2176 5542 2222 5589 ct

641 5640 770 5694 diait
797 5655 818 5695 :
844 5637 975 5693 Ecce
999 5638 1127 5693 oder
1149 5637 1244 5705 ﬁlii
1266 5635 1362 5690 mei
1381 5677 1400 5702 ,
1433 5636 1559 5690 sicut
1594 5631 1722 5687 odor
1745 5629 1858 5702 apri
1884 5626 2018 5698 pleni
2035 5667 2052 5692 ,
2077 5640 2223 5696 quem

644 5731 896 5787 benedixit
921 5730 1190 5785 Dominus.
1211 5727 1303 5784 28.
1332 5727 1400 5784 Et
1426 5725 1564 5782 dabit
1583 5725 1671 5780 tibi
1703 5723 1835 5778 Deus
1857 5722 1920 5775 de
1949 5735 2064 5775 rore
2087 5718 2220 5782 ccli,

648 5831 694 5878 ct
713 5821 783 5880 de
805 5821 1102 5894 pinguedine
1127 5831 1296 5889 term,
1320 5827 1366 5877 et
1391 5812 1757 5875 multitudinem
1773 5809 2010 5885 frumenti
2030 5818 2077 5866 et
2098 5810 2220 5865 viui.

1257 441 1349 500 ‘S.
1386 434 1659 498 IOANNIS
1691 421 2157 491 CHRYSOSTOMI
2196 417 2512 477 ABCillEP.
2552 409 3085 470 CONS‘I'ANTINOP.

3727 396 3835 453 ιιι

2257 532 2390 598 Det,
2419 529 2590 599 inquit
2610 569 2626 592 .
2657 526 2914 583 Dominus
2935 522 3074 577 Deus
3101 516 3232 583 tibi,
3257 515 3346 586 qui
3373 510 3550 570 edulia
3576 510 3795 566 attulisti
3813 548 3837 576 ,

2255 625 2342 694 qui
2383 638 2414 678 a
2461 636 2547 677 me
2577 619 2816 674 osculum
2863 607 3239 682 acccpisti:Et
3280 606 3497 662 serviant
3532 604 3620 658 tibi
3643 613 3836 674 gentes.

2260 714 2393 769 Vide
2433 709 2702 782 quomodo
2745 704 3168 763 necessariorum
3210 699 3417 768 copiam
3449 696 3548 766 ipsi
3594 702 3844 765 precatus

2261 808 2368 872 sit,
2394 802 2587 860 deinde
2614 801 2962 872 principatum
2988 793 3223 865 gentium
3247 831 3264 858 ,
3299 789 3595 860 praedicens
3621 795 3676 841 et
3696 785 3842 839 futu-

2255 914 2370 954 ram
2398 897 2512 967 ejus
2538 892 2941 966 prosperitatum
2961 896 3220 942 eteorum
3246 882 3334 952 qui
3365 881 3432 935 ab
3461 894 3526 934 eo
3549 884 3843 933 nascuntur

2259 963 2662 1044 incrementum.
2694 980 2761 1036 Et
2786 980 2995 1034 adorent
3035 986 3083 1030 te
3118 974 3388 1043 principes.
3431 969 3549 1024 Non
3592 963 3769 1023 solum
3793 965 3844 1021 ci

2261 1083 2579 1148 apprecatur
2604 1074 2838 1144 gentium
2874 1067 3256 1137 subiectionem
3278 1103 3292 1123 .
3325 1060 3418 1117 sed
3457 1059 3615 1116 etiam
3641 1056 3842 1128 princi—

2262 1145 2510 1240 putn..Et
2533 1166 2604 1220 sis
2629 1162 2859 1218 dominus
2891 1159 3065 1229 fratris
3094 1155 3188 1208 tui.
3216 1151 3350 1208 Vide
3385 1148 3653 1220 quomodo
3676 1145 3849 1202 servit

2175 1261 2184 1272 '
2258 1238 2454 1329 justus,
2481 1257 2641 1312 etiam
2684 1255 2970 1324 ignorans,
3022 1248 3114 1302 Dei
3153 1242 3434 1312 voluntati.
3477 1240 3665 1296 Omnia
3703 1238 3848 1293 enim

2266 1327 2380 1404 lucc
2406 1341 2624 1419 propter
2651 1344 2752 1399 hoc
2777 1337 3223 1410 dispensabautur
3245 1375 3260 1397 ,
3290 1342 3347 1386 ut
3375 1331 3462 1384 hic
3487 1338 3707 1398 propter
3737 1327 3846 1380 vir-

2265 1417 2432 1495 tutem
2462 1439 2688 1508 dignus,
2717 1431 2939 1500 recipiat
2975 1426 3421 1483 benedictionem.
3468 1420 3533 1474 Et
3567 1417 3851 1472 odorabunt

2267 1543 2315 1586 te
2355 1532 2448 1600 ﬁlii
2492 1529 2648 1600 patris
2689 1528 2778 1580 tui.
2820 1523 2985 1578 Filios
3025 1517 3300 1574 consuevit
3346 1513 3619 1582 Scriptura
3657 1523 3853 1563 vocare

2266 1597 2908 1688 omnem'gencrationem
2935 1629 2948 1665 :
2974 1612 3110 1666 sicut
3134 1617 3187 1662 et
3213 1607 3299 1660 bic
3323 1646 3336 1668 ,
3385 1605 3521 1658 filios
3545 1600 3712 1672 patris
3739 1597 3810 1652 tui
3834 1614 3853 1652 :

2270 1726 2335 1767 ac
2361 1712 2405 1766 si
2433 1709 2554 1781 quis
2570 1708 2774 1763 diceret
2793 1719 2885 1758 eos
2907 1701 2996 1772 qui
3017 1717 3080 1754 ex
3103 1699 3308 1753 semine
3337 1695 3480 1749 Esau
3497 1692 3657 1747 futuri
3677 1699 3854 1746 erant.

2272 1802 2390 1858 Non
2417 1779 2558 1855 enim
2587 1795 2721 1852 alios
2760 1793 2897 1848 illius
2931 1788 3115 1845 habuit
3160 1787 3338 1850 Isaac,
3375 1798 3531 1853 quam
3577 1781 3676 1836 bos
3720 1779 3860 1833 duos

2274 1893 2445 1948 solos.
2470 1887 2570 1956 Qui
2611 1884 2864 1940 maledicit
2903 1892 2982 1947 te,
3018 1881 3082 1934 sit
3117 1875 3413 1931 maledicta:
3436 1889 3454 1928 :
3481 1873 3570 1942 qui
3612 1870 3858 1926 benedicit

2278 1991 2348 2047 te,
2376 1981 2439 2036 sit
2467 1977 2769 2033 benedictus.
2799 1973 2940 2028 Ecce
2963 1967 3270 2026 coronidem
3296 1962 3704 2024 benedictionis,
3733 1972 3863 2013 ecce

2277 2084 2540 2128 summam
2569 2066 2804 2122 omnium
2827 2066 3112 2127 bonorum,
3140 2073 3260 2115 esse
3285 2055 3642 2112 benedictum.
3673 2051 3860 2105 Vidisti

2284 2163 2375 2218 Dei
2401 2156 2779 2216 clementiam?
2817 2154 2916 2223 Qui
2947 2153 3193 2208 timuerat
3220 2161 3291 2203 ne
3314 2144 3746 2201 maledictioncm
3774 2155 3866 2196 ac-

2281 2254 2482 2324 ciperet
2505 2264 2603 2322 pro
2626 2245 3017 2307 benedictione,
3045 2256 3150 2297 non
3178 2237 3352 2294 solum
3376 2250 3494 2324 cum
3521 2242 3668 2324 tanta
3701 2232 3864 2301 largi-

2284 2320 2392 2399 tate
2412 2320 2808 2398 benedictiones
2827 2351 2857 2389 a
2880 2344 3027 2403 patre
3048 2334 3284 2399 reportat
3306 2343 3320 2380 :
3339 2323 3432 2381 sed
3453 2334 3508 2378 et
3533 2323 3608 2377 illi
3639 2320 3863 2376 maledi-

2283 2442 2496 2498 cuntur,
2518 2435 2606 2500 qui
2625 2435 2890 2484 attentarit
2914 2437 3036 2481 eum
3061 2416 3399 2476 maledicere.
3420 2414 3555 2471 Hinc
3576 2413 3867 2478 discamus,

2285 2521 2429 2595 quod
2453 2520 2668 2592 quando
2689 2518 2811 2590 quis
2845 2511 3138 2571 secundm
3163 2508 3490 2564 voluntatem
3515 2504 3608 2559 Dei
3629 2518 3724 2558 sua
3752 2503 3865 2558 dis.
3904 2503 3908 2506 ’

2289 2625 2513 2684 pensare
2553 2610 2695 2674 vult,
2745 2616 2890 2662 tanto
2911 2615 3150 2674 superno
3210 2595 3448 2654 subsidio
3470 2595 3782 2666 adiuvatur,
3813 2601 3870 2648 ut

2290 2705 2393 2762 hoc
2424 2704 2582 2775 plane
2611 2701 2788 2771 reipsa
2812 2697 3138 2769 experiatur.
3165 2690 3300 2760 Quis
3328 2689 3470 2744 enim
3500 2701 3605 2742 non
3633 2685 3870 2740 admire-

2291 2804 2378 2850 tur
2416 2801 2472 2849 et
2511 2792 2851 2861 obstupescat
2894 2786 2986 2843 Dei
3029 2781 3350 2840 ineﬂ‘abilem
3395 2775 3876 2848 dispensationem,

2291 2884 2433 2956 quod
2469 2898 2574 2940 non
2614 2881 2762 2952 prius
2794 2880 2937 2935 Esait
2965 2879 3032 2933 de
3061 2873 3342 2931 venatione
3378 2867 3686 2935 advenerit,
3715 2881 3874 2939 quam

2292 2977 2591 3032 solveretur
2614 2972 2808 3028 fabula:
2838 2971 2977 3025 illius
3005 2972 3373 3039 argumentum
3395 3005 3412 3031 ,
3454 2971 3507 3018 et
3545 2959 3757 3032 quando
3789 2957 3878 3012 illo

2293 3076 2507 3138 accepta
2531 3063 2900 3121 benedictione
2927 3077 2956 3114 a
2985 3069 3134 3130 patre
3157 3057 3441 3114 discessit?
3463 3054 3577 3111 Hoc
3602 3051 3747 3106 enim
3777 3063 3881 3104 nos

2294 3158 2490 3214 docere
2507 3156 2695 3212 volens
2719 3154 2907 3209 beatus
2935 3151 3116 3206 Moses'
3138 3149 3323 3219 adjicit
3340 3165 3359 3202 :
3375 3148 3465 3203 30.
3491 3144 3563 3200 Et
3590 3148 3782 3214 factum
3807 3149 3882 3196 est

2299 3259 2562 3321 postquam
2585 3245 2791 3302 cessavit
2823 3242 2970 3298 Isaac
2999 3239 3290 3296 benedicere
3310 3236 3469 3293 Iacob
3500 3235 3662 3304 ﬁlium
3689 3247 3838 3288 suum
3859 3243 3881 3285 :

2298 3353 2344 3398 ct
2375 3342 2563 3412 factum
2601 3346 2674 3392 est
2712 3335 2916 3408 quando
2942 3333 3090 3389 exivit
3115 3330 3274 3386 Iacob
3317 3347 3349 3383 a
3387 3328 3519 3400 facie
3543 3321 3881 3395 Isaacpattis

2296 3431 2396 3497 sui,
2426 3445 2539 3484 cccc
2562 3427 2704 3484 Esati
2730 3430 2890 3497 frater
2913 3438 3036 3480 suus
3061 3423 3196 3477 venit
3217 3421 3280 3476 dc
3297 3419 3576 3474 uenatione.

2369 3519 2427 3574 4.
2455 3516 2710 3585 Quidquid
2739 3523 2997 3586 peractum
3023 3513 3122 3577 sit,
3151 3520 3262 3582 post
3287 3510 3555 3564 aduentum
3579 3504 3738 3571 Esai,
3763 3518 3884 3558 noro

2299 3619 2380 3666 rat
2435 3607 2818 3664 commentando
2871 3605 3287 3676 Chrysostontus;
3333 3600 3692 3656 benedictionis
3741 3595 3888 3652 ,εισό

2301 3701 2570 3774 explicatio
2615 3715 2878 3755 numerum
2916 3696 3125 3752 claudit.
3158 3724 3232 3736 ——
3268 3693 3402 3750 Vide
3447 3690 3718 3764 quomodo
3766 3695 3890 3759 post

2304 3793 2450 3850 illius
2479 3792 2685 3848 exitum
2721 3790 2856 3845 alter
2891 3788 3068 3844 statim
3107 3785 3346 3842 advenit.
3389 3783 3507 3839 Non
3547 3783 3648 3837 hoc
3686 3781 3890 3850 absque

2305 3892 2463 3934 causa
2487 3876 2568 3933 vel
2610 3886 2810 3931 temere
2848 3872 3064 3936 factum,
3086 3870 3185 3928 sed
3210 3879 3268 3926 ut
3296 3870 3548 3941 ignorans
3585 3866 3803 3922 all'crret
3834 3871 3891 3919 et

2309 3970 2425 4040 ipse
2444 3968 2642 4036 edulia,
2665 3975 2721 4024 et
2743 3983 2773 4022 a
2804 3975 2952 4037 patre
2979 3963 3279 4020 addisceres
3318 3977 3433 4017 rem
3474 3968 3638 4016 totam
3676 3964 3739 4013 ut
3772 3964 3892 4012 acta

2313 4070 2448 4117 erat.
2478 4060 2611 4115 Nam
2637 4059 2682 4114 si
2708 4059 2760 4113 in
2792 4058 3008 4113 fratrem
3037 4053 3330 4118 incidisset,
3366 4051 3585 4106 forsitan
3621 4057 3676 4104 et
3716 4047 3890 4118 ipsum

2312 4152 2687 4216 interemisset,
2719 4149 2889 4204 victus
2916 4148 2990 4202 ira
3020 4163 3035 4201 :
3063 4144 3158 4216 qui
3181 4142 3326 4200 enim
3355 4141 3456 4197 hoc
3478 4148 3663 4212 postea
3690 4135 3895 4192 delibe-

2311 4245 2468 4311 ravit,
2495 4243 2662 4298 multo
2685 4242 2853 4313 magis
2879 4239 3006 4295 dum
3031 4245 3280 4308 ageretur
3307 4233 3604 4306 negotium,
3630 4230 3683 4287 id
3710 4238 3890 4285 atten-

2317 4344 2498 4392 tasset.
2523 4333 2628 4391 Sed
2659 4345 2851 4388 manus
2891 4330 2982 4385 Dei
3022 4337 3315 4397 erat,.qu:c
3345 4338 3568 4395 puerum
3600 4318 3847 4377 servabat
3874 4334 3891 4373 :

2314 4436 2369 4482 et
2413 4426 2556 4481 hunc
2602 4422 2817 4496 quidem
2871 4419 3087 4491 dignum
3133 4414 3509 4473 benedictione
3558 4411 3738 4468 ellecit
3757 4451 3773 4476 .
3827 4410 3894 4466 il-

2318 4519 2427 4572 lum
2478 4525 2654 4572 autem
2673 4528 2728 4575 et
2755 4513 3128 4573 benedictione
3142 4507 3376 4582 privavit
3391 4518 3449 4564 et
3461 4505 3893 4577 primogenitum.

2319 4610 2409 4666 3|.
2458 4607 2526 4665 Ut
2572 4617 2738 4664 autem
2781 4601 3000 4668 advenit,
3048 4601 3240 4674 inquit,
3288 4599 3404 4673 fecit
3449 4607 3498 4653 ct
3546 4598 3658 4668 ipse
3702 4594 3896 4660 edulia,

2319 4711 2369 4756 et
2407 4699 2573 4754 attulit
2609 4699 2742 4767 patri
2780 4712 2895 4763 suo,
2934 4703 2982 4751 et
3019 4694 3148 4749 dixit
3173 4709 3194 4748 :
3219 4693 3412 4763 Surgat
3451 4697 3596 4760 pater
3632 4703 3810 4754 uicus,
3852 4692 3901 4741 ct

2321 4793 2546 4848 comedat
2575 4791 2639 4846 de
2679 4789 2939 4844 unctione
2961 4786 3060 4856 ﬁlii
3092 4785 3190 4852 sui,
3223 4793 3278 4838 ιιι
3315 4781 3577 4836 benedicat
3613 4794 3694 4833 me
3729 4779 3902 4831 attint

2322 4897 2427 4942 tua.
2455 4883 2865 4950 Yide,obsecro,
2887 4879 3077 4934 iterum
3091 4875 3293 4946 justum
3313 4869 3634 4943 perturbari,
3650 4877 3704 4924 et
3723 4875 3906 4924 mente

2321 4977 2570 5036 cruciari.
2607 4973 2741 5030 Nam
2784 4981 2844 5027 ut
2879 4969 3100 5034 audivit,
3123 4967 3212 5024 ⁸52.
3242 4965 3388 5020 Dixit
3418 4962 3658 5032 τρώει
3683 4961 3777 5017 tu?
3806 4957 3908 5014 Im

2321 5080 2488 5126 autem
2528 5068 2654 5123 dixit
2683 5082 2704 5122 :
2732 5063 2845 5133 Ego
2871 5078 2982 5116 sum
3021 5059 3162 5129 ﬁlius
3192 5067 3312 5113 tuus
3347 5047 3710 5126 primogenita
3737 5048 3900 5106 Euri.

2326 5161 2456 5218 Vide
2478 5155 2746 5230 quomodo
2772 5152 2999 5223 superbe
3026 5165 3085 5206 se
3112 5155 3263 5220 gerat
3287 5147 3340 5202 in
3365 5161 3426 5202 re
3455 5142 3705 5230 prasenti
3744 5158 3759 5196 :
3799 5153 3905 5230 non

2323 5252 2454 5309 satis
2472 5226 2572 5322 ipsi
2605 5247 2701 5301 fuit
2725 5244 2924 5308 dicere,
2949 5241 3061 5313 Ego
3085 5255 3198 5295 sum
3222 5237 3364 5295 Εεσί
3382 5251 3406 5294 .-
3423 5226 3516 5293 sed
3534 5230 3757 5294 manu.
3790 5228 3908 5284 Pri-

2325 5343 2624 5416 ntogenitus.
2673 5338 2762 5393 53.
2810 5333 3078 5406 Obstupuit
3114 5341 3285 5386 autent
3319 5328 3469 5385 Isaac
3507 5336 3716 5396 stupore
3758 5322 3911 5377 uehe-

2325 5413 2501 5498 menti,
2522 5440 2572 5487 ct
2598 5428 2724 5484 dixit
2744 5442 2766 5481 :
2785 5425 2909 5492 Quis
2933 5424 3088 5495 igitur
3115 5429 3320 5476 venatus
3340 5428 3412 5474 est
3433 5415 3558 5471 mihi
3576 5413 3907 5477 uenationem,

2327 5536 2374 5582 ct
2398 5522 2568 5578 attulit
2593 5517 2739 5584 mihi,
2767 5526 2813 5572 et
2836 5514 3029 5570 comedi
3053 5512 3118 5568 dc
3147 5510 3381 5565 euntibus
3404 5518 3674 5575 antequam
3695 5514 3750 5557 tu
3769 5501 3910 5557 seni-

2326 5635 2407 5674 res
2437 5635 2451 5672 :
2478 5624 2526 5670 ct
2553 5610 2783 5669 benedixi
2809 5625 2943 5675 cum,
2969 5617 3018 5662 et
3042 5606 3106 5660 sit
3126 5601 3452 5659 benedictus?
3481 5597 3612 5653 Vide
3641 5593 3912 5666 quomodo

2329 5712 2383 5769 in
2411 5705 2760 5783 perplexitate
2791 5702 3110 5758 constitutus
3143 5699 3340 5766 justus,
3362 5703 3417 5750 et
3443 5703 3663 5748 namus
3685 5686 3912 5783 factura,

2335 5749 2758 5860 ζίιὲἷείίῗῖὧῖ
2787 5749 3466 5867 ;;.;T;;;';.1¢..;‘.;.;;.....
3493 5781 3818 5839 vulnerans:
3848 5749 3914 5832 ei
