  <div class='ocr_page' id='page_1' title='image "/cluster/home/n/w/nwhite01/storage/ocr_20150623/54/uva.x004108763/100.png"; bbox 0 0 4120 6504; ppageno 0'>
   <div class='ocr_carea' id='block_1_1' title="bbox 351 425 469 490">
    <p class='ocr_par' dir='ltr' id='par_1_1' title="bbox 351 425 469 490">
     <span class='ocr_line' id='line_1_1' title="bbox 351 425 469 490; baseline -0.025 0"><span class='ocrx_word' id='word_1_1' title='bbox 351 425 469 490; x_wconf 70' lang='grc' dir='ltr'>ιω</span> 
     </span>
    </p>
   </div>
   <div class='ocr_carea' id='block_1_2' title="bbox 349 530 1948 609">
    <p class='ocr_par' dir='ltr' id='par_1_2' title="bbox 349 530 1948 609">
     <span class='ocr_line' id='line_1_2' title="bbox 349 530 1948 609; baseline -0.009 -10"><span class='ocrx_word' id='word_1_2' title='bbox 349 544 583 601; x_wconf 62' lang='lat' dir='ltr'><strong>benedixi</strong></span> <span class='ocrx_word' id='word_1_3' title='bbox 607 558 740 609; x_wconf 77' lang='lat' dir='ltr'><strong>eam,</strong></span> <span class='ocrx_word' id='word_1_4' title='bbox 772 549 818 597; x_wconf 92' lang='lat' dir='ltr'><strong>et</strong></span> <span class='ocrx_word' id='word_1_5' title='bbox 846 540 910 596; x_wconf 88' lang='lat' dir='ltr'><strong>sit</strong></span> <span class='ocrx_word' id='word_1_6' title='bbox 923 537 1236 595; x_wconf 72' lang='lat' dir='ltr'><strong>benedictus.</strong></span> <span class='ocrx_word' id='word_1_7' title='bbox 1269 533 1383 590; x_wconf 79' lang='lat' dir='ltr'><strong>[loc</strong></span> <span class='ocrx_word' id='word_1_8' title='bbox 1403 542 1597 587; x_wconf 83' lang='lat' dir='ltr'><strong>autem</strong></span> <span class='ocrx_word' id='word_1_9' title='bbox 1614 530 1840 587; x_wconf 78' lang='lat' dir='ltr'><strong>faciebat</strong></span> <span class='ocrx_word' id='word_1_10' title='bbox 1863 530 1948 602; x_wconf 87' lang='lat' dir='ltr'><strong>ju-</strong></span> 
     </span>
    </p>
   </div>
   <div class='ocr_carea' id='block_1_3' title="bbox 348 629 1949 707">
    <p class='ocr_par' dir='ltr' id='par_1_3' title="bbox 348 629 1949 707">
     <span class='ocr_line' id='line_1_3' title="bbox 348 629 1949 707; baseline -0.009 -16"><span class='ocrx_word' id='word_1_11' title='bbox 348 644 491 703; x_wconf 82' lang='lat' dir='ltr'><strong>stus,</strong></span> <span class='ocrx_word' id='word_1_12' title='bbox 521 634 778 707; x_wconf 71' lang='lat' dir='ltr'><strong>sapientia</strong></span> <span class='ocrx_word' id='word_1_13' title='bbox 824 632 916 688; x_wconf 85' lang='lat' dir='ltr'><strong>Dei</strong></span> <span class='ocrx_word' id='word_1_14' title='bbox 956 630 1099 686; x_wconf 87' lang='lat' dir='ltr'><strong>illius</strong></span> <span class='ocrx_word' id='word_1_15' title='bbox 1144 630 1374 698; x_wconf 76' lang='lat' dir='ltr'><strong>linguam</strong></span> <span class='ocrx_word' id='word_1_16' title='bbox 1412 629 1709 698; x_wconf 89' lang='lat' dir='ltr'><strong>dirigente.</strong></span> <span class='ocrx_word' id='word_1_17' title='bbox 1740 634 1949 679; x_wconf 82' lang='lat' dir='ltr'><strong>utrum</strong></span> 
     </span>
    </p>
   </div>
   <div class='ocr_carea' id='block_1_4' title="bbox 353 714 1949 795">
    <p class='ocr_par' dir='ltr' id='par_1_4' title="bbox 353 714 1949 795">
     <span class='ocr_line' id='line_1_4' title="bbox 353 714 1949 795; baseline -0.009 -13"><span class='ocrx_word' id='word_1_18' title='bbox 353 726 449 782; x_wconf 89' lang='lat' dir='ltr'><strong>ilie</strong></span> <span class='ocrx_word' id='word_1_19' title='bbox 477 728 655 781; x_wconf 82' lang='lat' dir='ltr'><strong>omnia</strong></span> <span class='ocrx_word' id='word_1_20' title='bbox 684 725 966 795; x_wconf 74' lang='lat' dir='ltr'><strong>diligenter</strong></span> <span class='ocrx_word' id='word_1_21' title='bbox 989 721 1265 776; x_wconf 87' lang='lat' dir='ltr'><strong>didicisset</strong></span> <span class='ocrx_word' id='word_1_22' title='bbox 1286 760 1301 784; x_wconf 93' lang='lat'><strong>,</strong></span> <span class='ocrx_word' id='word_1_23' title='bbox 1344 720 1485 775; x_wconf 90' lang='lat' dir='ltr'><strong>scire</strong></span> <span class='ocrx_word' id='word_1_24' title='bbox 1536 726 1713 788; x_wconf 87' lang='lat' dir='ltr'><strong>posset</strong></span> <span class='ocrx_word' id='word_1_25' title='bbox 1744 715 1876 769; x_wconf 83' lang='lat' dir='ltr'><strong>nihil</strong></span> <span class='ocrx_word' id='word_1_26' title='bbox 1902 714 1949 769; x_wconf 90' lang='lat' dir='ltr'><strong>ei</strong></span> 
     </span>
    </p>
   </div>
   <div class='ocr_carea' id='block_1_5' title="bbox 352 804 1952 885">
    <p class='ocr_par' dir='ltr' id='par_1_5' title="bbox 352 804 1952 885">
     <span class='ocr_line' id='line_1_5' title="bbox 352 804 1952 885; baseline -0.009 -15"><span class='ocrx_word' id='word_1_27' title='bbox 352 816 569 885; x_wconf 80' lang='lat' dir='ltr'><strong>profore</strong></span> <span class='ocrx_word' id='word_1_28' title='bbox 596 816 678 869; x_wconf 90' lang='lat' dir='ltr'><strong>vel</strong></span> <span class='ocrx_word' id='word_1_29' title='bbox 712 814 1205 883; x_wconf 87' lang='lat' dir='ltr'><strong>primogenituram,</strong></span> <span class='ocrx_word' id='word_1_30' title='bbox 1232 810 1317 865; x_wconf 81' lang='lat' dir='ltr'><strong>vel</strong></span> <span class='ocrx_word' id='word_1_31' title='bbox 1338 810 1697 864; x_wconf 71' lang='lat' dir='ltr'><strong>venationem.</strong></span> <span class='ocrx_word' id='word_1_32' title='bbox 1726 806 1814 861; x_wconf 66' lang='grc'><strong>54.</strong></span> <span class='ocrx_word' id='word_1_33' title='bbox 1846 804 1952 857; x_wconf 77' lang='grc' dir='ltr'><strong>Ακ-</strong></span> 
     </span>
    </p>
   </div>
   <div class='ocr_carea' id='block_1_6' title="bbox 347 902 1955 975">
    <p class='ocr_par' dir='ltr' id='par_1_6' title="bbox 347 902 1955 975">
     <span class='ocr_line' id='line_1_6' title="bbox 347 902 1955 975; baseline -0.009 -12"><span class='ocrx_word' id='word_1_34' title='bbox 347 908 476 963; x_wconf 69' lang='lat' dir='ltr'><strong>litis</strong></span> <span class='ocrx_word' id='word_1_35' title='bbox 509 905 822 963; x_wconf 70' lang='lat' dir='ltr'><strong>sermonibus</strong></span> <span class='ocrx_word' id='word_1_36' title='bbox 856 904 1035 975; x_wconf 82' lang='lat' dir='ltr'><strong>patris,</strong></span> <span class='ocrx_word' id='word_1_37' title='bbox 1069 903 1209 957; x_wconf 76' lang='lat' dir='ltr'><strong>Esait</strong></span> <span class='ocrx_word' id='word_1_38' title='bbox 1251 902 1486 957; x_wconf 80' lang='lat' dir='ltr'><strong>clamavit</strong></span> <span class='ocrx_word' id='word_1_39' title='bbox 1530 917 1647 954; x_wconf 78' lang='lat' dir='ltr'><strong>noce</strong></span> <span class='ocrx_word' id='word_1_40' title='bbox 1680 915 1867 969; x_wconf 86' lang='lat' dir='ltr'><strong>magna</strong></span> <span class='ocrx_word' id='word_1_41' title='bbox 1908 905 1955 950; x_wconf 85' lang='lat' dir='ltr'><strong>et</strong></span> 
     </span>
    </p>
   </div>
   <div class='ocr_carea' id='block_1_7' title="bbox 348 988 1952 1065">
    <p class='ocr_par' dir='ltr' id='par_1_7' title="bbox 348 988 1952 1065">
     <span class='ocr_line' id='line_1_7' title="bbox 348 988 1952 1065; baseline -0.007 -13"><span class='ocrx_word' id='word_1_42' title='bbox 348 1000 553 1052; x_wconf 82' lang='lat' dir='ltr'><strong>acerba.</strong></span> <span class='ocrx_word' id='word_1_43' title='bbox 593 996 729 1065; x_wconf 83' lang='lat' dir='ltr'><strong>Quid</strong></span> <span class='ocrx_word' id='word_1_44' title='bbox 763 1008 845 1051; x_wconf 87' lang='lat' dir='ltr'><strong>est</strong></span> <span class='ocrx_word' id='word_1_45' title='bbox 870 1036 886 1062; x_wconf 93' lang='lat'><strong>,</strong></span> <span class='ocrx_word' id='word_1_46' title='bbox 935 993 1063 1049; x_wconf 84' lang='lat' dir='ltr'><strong>Voce</strong></span> <span class='ocrx_word' id='word_1_47' title='bbox 1089 1009 1274 1065; x_wconf 78' lang='lat' dir='ltr'><strong>magna</strong></span> <span class='ocrx_word' id='word_1_48' title='bbox 1302 1002 1348 1046; x_wconf 90' lang='lat' dir='ltr'><strong>et</strong></span> <span class='ocrx_word' id='word_1_49' title='bbox 1376 991 1595 1046; x_wconf 73' lang='lat' dir='ltr'><strong>acerba?</strong></span> <span class='ocrx_word' id='word_1_50' title='bbox 1629 988 1952 1059; x_wconf 83' lang='lat' dir='ltr'><strong>Indignatio-</strong></span> 
     </span>
    </p>
   </div>
   <div class='ocr_carea' id='block_1_8' title="bbox 352 1085 1953 1159">
    <p class='ocr_par' dir='ltr' id='par_1_8' title="bbox 352 1085 1953 1159">
     <span class='ocr_line' id='line_1_8' title="bbox 352 1085 1953 1159; baseline -0.009 -14"><span class='ocrx_word' id='word_1_51' title='bbox 352 1105 481 1145; x_wconf 89' lang='lat' dir='ltr'><strong>ncm</strong></span> <span class='ocrx_word' id='word_1_52' title='bbox 526 1088 846 1159; x_wconf 83' lang='lat' dir='ltr'><strong>significavit</strong></span> <span class='ocrx_word' id='word_1_53' title='bbox 889 1102 986 1157; x_wconf 88' lang='lat' dir='ltr'><strong>per</strong></span> <span class='ocrx_word' id='word_1_54' title='bbox 1026 1085 1268 1151; x_wconf 84' lang='lat' dir='ltr'><strong>verbum,</strong></span> <span class='ocrx_word' id='word_1_55' title='bbox 1296 1091 1353 1139; x_wconf 88' lang='lat' dir='ltr'><strong>et</strong></span> <span class='ocrx_word' id='word_1_56' title='bbox 1393 1085 1546 1138; x_wconf 62' lang='lat' dir='ltr'><strong>iram&#39;</strong></span> <span class='ocrx_word' id='word_1_57' title='bbox 1570 1096 1817 1151; x_wconf 76' lang='lat' dir='ltr'><strong>magnam</strong></span> <span class='ocrx_word' id='word_1_58' title='bbox 1848 1095 1953 1149; x_wconf 81' lang='lat' dir='ltr'><strong>qua</strong></span> 
     </span>
    </p>
   </div>
   <div class='ocr_carea' id='block_1_9' title="bbox 349 1169 1953 1235">
    <p class='ocr_par' dir='ltr' id='par_1_9' title="bbox 349 1169 1953 1235">
     <span class='ocr_line' id='line_1_9' title="bbox 349 1169 1953 1235; baseline -0.009 0"><span class='ocrx_word' id='word_1_59' title='bbox 349 1192 647 1235; x_wconf 85' lang='lat' dir='ltr'><strong>succensus</strong></span> <span class='ocrx_word' id='word_1_60' title='bbox 672 1188 755 1232; x_wconf 92' lang='lat' dir='ltr'><strong>est</strong></span> <span class='ocrx_word' id='word_1_61' title='bbox 794 1192 914 1232; x_wconf 91' lang='lat' dir='ltr'><strong>eum</strong></span> <span class='ocrx_word' id='word_1_62' title='bbox 948 1176 1062 1230; x_wconf 59' lang='lat' dir='ltr'><strong>haec</strong></span> <span class='ocrx_word' id='word_1_63' title='bbox 1088 1175 1383 1230; x_wconf 77' lang='lat' dir='ltr'><strong>didicisset.</strong></span> <span class='ocrx_word' id='word_1_64' title='bbox 1417 1169 1485 1227; x_wconf 81' lang='lat' dir='ltr'><strong>Et</strong></span> <span class='ocrx_word' id='word_1_65' title='bbox 1510 1173 1667 1235; x_wconf 73' lang='lat' dir='ltr'><strong>dixit,</strong></span> <span class='ocrx_word' id='word_1_66' title='bbox 1697 1170 1917 1224; x_wconf 80' lang='lat' dir='ltr'><strong>Benedic</strong></span> <span class='ocrx_word' id='word_1_67' title='bbox 1939 1209 1953 1232; x_wconf 91' lang='lat'><strong>,</strong></span> 
     </span>
    </p>
   </div>
   <div class='ocr_carea' id='block_1_10' title="bbox 352 1261 1956 1337">
    <p class='ocr_par' dir='ltr' id='par_1_10' title="bbox 352 1261 1956 1337">
     <span class='ocr_line' id='line_1_10' title="bbox 352 1261 1956 1337; baseline -0.007 -14"><span class='ocrx_word' id='word_1_68' title='bbox 352 1272 582 1336; x_wconf 78' lang='lat' dir='ltr'><strong>obsecro,</strong></span> <span class='ocrx_word' id='word_1_69' title='bbox 608 1279 655 1323; x_wconf 88' lang='lat' dir='ltr'><strong>et</strong></span> <span class='ocrx_word' id='word_1_70' title='bbox 681 1284 781 1333; x_wconf 87' lang='lat' dir='ltr'><strong>nte,</strong></span> <span class='ocrx_word' id='word_1_71' title='bbox 814 1278 979 1337; x_wconf 88' lang='lat' dir='ltr'><strong>pater.</strong></span> <span class='ocrx_word' id='word_1_72' title='bbox 1013 1265 1105 1322; x_wconf 78' lang='lat'><strong>55.</strong></span> <span class='ocrx_word' id='word_1_73' title='bbox 1146 1263 1291 1318; x_wconf 72' lang='lat' dir='ltr'><strong>Dixit</strong></span> <span class='ocrx_word' id='word_1_74' title='bbox 1316 1273 1483 1317; x_wconf 85' lang='lat' dir='ltr'><strong>autem</strong></span> <span class='ocrx_word' id='word_1_75' title='bbox 1515 1264 1599 1317; x_wconf 89' lang='lat' dir='ltr'><strong>ei:</strong></span> <span class='ocrx_word' id='word_1_76' title='bbox 1626 1261 1956 1316; x_wconf 79' lang='lat' dir='ltr'><strong>Fratertuns</strong></span> 
     </span>
    </p>
   </div>
   <div class='ocr_carea' id='block_1_11' title="bbox 354 1350 1946 1428">
    <p class='ocr_par' dir='ltr' id='par_1_11' title="bbox 354 1350 1946 1428">
     <span class='ocr_line' id='line_1_11' title="bbox 354 1350 1946 1428; baseline -0.006 -14"><span class='ocrx_word' id='word_1_77' title='bbox 354 1362 491 1415; x_wconf 76' lang='lat' dir='ltr'><strong>eenit</strong></span> <span class='ocrx_word' id='word_1_78' title='bbox 518 1378 631 1414; x_wconf 88' lang='lat' dir='ltr'><strong>cum</strong></span> <span class='ocrx_word' id='word_1_79' title='bbox 672 1361 811 1425; x_wconf 86' lang='lat' dir='ltr'><strong>dolo,</strong></span> <span class='ocrx_word' id='word_1_80' title='bbox 846 1367 894 1413; x_wconf 87' lang='lat' dir='ltr'><strong>et</strong></span> <span class='ocrx_word' id='word_1_81' title='bbox 934 1358 1124 1428; x_wconf 83' lang='lat' dir='ltr'><strong>accepit</strong></span> <span class='ocrx_word' id='word_1_82' title='bbox 1162 1354 1553 1412; x_wconf 75' lang='lat' dir='ltr'><strong>benedictionem</strong></span> <span class='ocrx_word' id='word_1_83' title='bbox 1584 1364 1745 1407; x_wconf 86' lang='lat' dir='ltr'><strong>tuam.</strong></span> <span class='ocrx_word' id='word_1_84' title='bbox 1776 1350 1946 1415; x_wconf 79' lang='lat' dir='ltr'><strong>Prior,</strong></span> 
     </span>
    </p>
   </div>
   <div class='ocr_carea' id='block_1_12' title="bbox 354 1442 1951 1521">
    <p class='ocr_par' dir='ltr' id='par_1_12' title="bbox 354 1442 1951 1521">
     <span class='ocr_line' id='line_1_12' title="bbox 354 1442 1951 1521; baseline -0.01 -12"><span class='ocrx_word' id='word_1_85' title='bbox 354 1449 549 1521; x_wconf 81' lang='lat' dir='ltr'><strong>lnqnit,</strong></span> <span class='ocrx_word' id='word_1_86' title='bbox 587 1450 751 1504; x_wconf 78' lang='lat' dir='ltr'><strong>frater</strong></span> <span class='ocrx_word' id='word_1_87' title='bbox 785 1458 906 1503; x_wconf 91' lang='lat' dir='ltr'><strong>tuus</strong></span> <span class='ocrx_word' id='word_1_88' title='bbox 940 1447 1365 1503; x_wconf 84' lang='lat' dir='ltr'><strong>benedictionem</strong></span> <span class='ocrx_word' id='word_1_89' title='bbox 1395 1460 1609 1501; x_wconf 88' lang='lat' dir='ltr'><strong>omnem</strong></span> <span class='ocrx_word' id='word_1_90' title='bbox 1638 1442 1867 1498; x_wconf 81' lang='lat' dir='ltr'><strong>ubertim</strong></span> <span class='ocrx_word' id='word_1_91' title='bbox 1897 1448 1951 1494; x_wconf 92' lang='lat' dir='ltr'><strong>et</strong></span> 
     </span>
    </p>
   </div>
   <div class='ocr_carea' id='block_1_13' title="bbox 352 1527 1952 1610">
    <p class='ocr_par' dir='ltr' id='par_1_13' title="bbox 352 1527 1952 1610">
     <span class='ocr_line' id='line_1_13' title="bbox 352 1527 1952 1610; baseline -0.006 -16"><span class='ocrx_word' id='word_1_92' title='bbox 352 1541 574 1610; x_wconf 78' lang='lat' dir='ltr'><strong>copiose</strong></span> <span class='ocrx_word' id='word_1_93' title='bbox 600 1539 847 1609; x_wconf 82' lang='lat' dir='ltr'><strong>abripuit.</strong></span> <span class='ocrx_word' id='word_1_94' title='bbox 881 1529 953 1593; x_wconf 82' lang='lat' dir='ltr'><strong>Et</strong></span> <span class='ocrx_word' id='word_1_95' title='bbox 974 1546 1030 1593; x_wconf 89' lang='lat' dir='ltr'><strong>ut</strong></span> <span class='ocrx_word' id='word_1_96' title='bbox 1047 1527 1736 1607; x_wconf 76' lang='lat' dir='ltr'><strong>sciassuperaamgratiam</strong></span> <span class='ocrx_word' id='word_1_97' title='bbox 1762 1532 1828 1586; x_wconf 91' lang='lat' dir='ltr'><strong>ad</strong></span> <span class='ocrx_word' id='word_1_98' title='bbox 1852 1531 1952 1585; x_wconf 88' lang='lat' dir='ltr'><strong>hoc</strong></span> 
     </span>
    </p>
   </div>
   <div class='ocr_carea' id='block_1_14' title="bbox 357 1622 1955 1697">
    <p class='ocr_par' dir='ltr' id='par_1_14' title="bbox 357 1622 1955 1697">
     <span class='ocr_line' id='line_1_14' title="bbox 357 1622 1955 1697; baseline -0.005 -16"><span class='ocrx_word' id='word_1_99' title='bbox 357 1629 523 1684; x_wconf 62' lang='lat' dir='ltr'><strong>fuisse</strong></span> <span class='ocrx_word' id='word_1_100' title='bbox 550 1638 887 1697; x_wconf 81' lang='lat' dir='ltr'><strong>eooperatatn</strong></span> <span class='ocrx_word' id='word_1_101' title='bbox 908 1669 923 1693; x_wconf 90' lang='lat'><strong>,</strong></span> <span class='ocrx_word' id='word_1_102' title='bbox 971 1637 1029 1680; x_wconf 93' lang='lat' dir='ltr'><strong>ut</strong></span> <span class='ocrx_word' id='word_1_103' title='bbox 1067 1627 1241 1694; x_wconf 88' lang='lat' dir='ltr'><strong>justus</strong></span> <span class='ocrx_word' id='word_1_104' title='bbox 1279 1626 1636 1694; x_wconf 88' lang='lat' dir='ltr'><strong>deciperetur,</strong></span> <span class='ocrx_word' id='word_1_105' title='bbox 1665 1622 1787 1676; x_wconf 89' lang='lat' dir='ltr'><strong>vide</strong></span> <span class='ocrx_word' id='word_1_106' title='bbox 1818 1636 1955 1691; x_wconf 84' lang='lat' dir='ltr'><strong>quo-</strong></span> 
     </span>
    </p>
   </div>
   <div class='ocr_carea' id='block_1_15' title="bbox 356 1714 1954 1786">
    <p class='ocr_par' dir='ltr' id='par_1_15' title="bbox 356 1714 1954 1786">
     <span class='ocr_line' id='line_1_15' title="bbox 356 1714 1954 1786; baseline -0.004 -15"><span class='ocrx_word' id='word_1_107' title='bbox 356 1717 523 1773; x_wconf 76' lang='lat' dir='ltr'><strong>snodo</strong></span> <span class='ocrx_word' id='word_1_108' title='bbox 551 1718 665 1786; x_wconf 85' lang='lat' dir='ltr'><strong>ipse</strong></span> <span class='ocrx_word' id='word_1_109' title='bbox 695 1717 796 1771; x_wconf 89' lang='lat' dir='ltr'><strong>hoc</strong></span> <span class='ocrx_word' id='word_1_110' title='bbox 821 1716 1049 1771; x_wconf 79' lang='lat' dir='ltr'><strong>fateatur</strong></span> <span class='ocrx_word' id='word_1_111' title='bbox 1073 1716 1257 1771; x_wconf 86' lang='lat' dir='ltr'><strong>dicens</strong></span> <span class='ocrx_word' id='word_1_112' title='bbox 1286 1732 1299 1769; x_wconf 89' lang='lat'><strong>:</strong></span> <span class='ocrx_word' id='word_1_113' title='bbox 1342 1714 1489 1769; x_wconf 78' lang='lat' dir='ltr'><strong>Venit</strong></span> <span class='ocrx_word' id='word_1_114' title='bbox 1520 1716 1678 1784; x_wconf 89' lang='lat' dir='ltr'><strong>frater</strong></span> <span class='ocrx_word' id='word_1_115' title='bbox 1699 1723 1817 1767; x_wconf 81' lang='lat' dir='ltr'><strong>tuus</strong></span> <span class='ocrx_word' id='word_1_116' title='bbox 1841 1728 1954 1765; x_wconf 87' lang='lat' dir='ltr'><strong>cum</strong></span> 
     </span>
    </p>
   </div>
   <div class='ocr_carea' id='block_1_16' title="bbox 358 1807 1957 1880">
    <p class='ocr_par' dir='ltr' id='par_1_16' title="bbox 358 1807 1957 1880">
     <span class='ocr_line' id='line_1_16' title="bbox 358 1807 1957 1880; baseline -0.002 -16"><span class='ocrx_word' id='word_1_117' title='bbox 358 1811 482 1864; x_wconf 82' lang='lat' dir='ltr'><strong>dolo</strong></span> <span class='ocrx_word' id='word_1_118' title='bbox 506 1826 523 1863; x_wconf 91' lang='lat'><strong><em>:</em></strong></span> <span class='ocrx_word' id='word_1_119' title='bbox 548 1809 698 1880; x_wconf 87' lang='lat' dir='ltr'><strong>quasi</strong></span> <span class='ocrx_word' id='word_1_120' title='bbox 727 1819 945 1865; x_wconf 76' lang='lat' dir='ltr'><strong>excuset</strong></span> <span class='ocrx_word' id='word_1_121' title='bbox 973 1825 1033 1864; x_wconf 88' lang='lat' dir='ltr'><strong>se</strong></span> <span class='ocrx_word' id='word_1_122' title='bbox 1061 1810 1203 1879; x_wconf 86' lang='lat' dir='ltr'><strong>apud</strong></span> <span class='ocrx_word' id='word_1_123' title='bbox 1239 1808 1403 1863; x_wconf 88' lang='lat' dir='ltr'><strong>lilium</strong></span> <span class='ocrx_word' id='word_1_124' title='bbox 1427 1850 1441 1875; x_wconf 96' lang='lat'><strong>,</strong></span> <span class='ocrx_word' id='word_1_125' title='bbox 1484 1818 1538 1862; x_wconf 91' lang='lat' dir='ltr'><strong>et</strong></span> <span class='ocrx_word' id='word_1_126' title='bbox 1581 1807 1728 1861; x_wconf 90' lang='lat' dir='ltr'><strong>illum</strong></span> <span class='ocrx_word' id='word_1_127' title='bbox 1768 1808 1957 1861; x_wconf 87' lang='lat' dir='ltr'><strong>doceat</strong></span> 
     </span>
    </p>
   </div>
   <div class='ocr_carea' id='block_1_17' title="bbox 360 1897 1955 1970">
    <p class='ocr_par' dir='ltr' id='par_1_17' title="bbox 360 1897 1955 1970">
     <span class='ocr_line' id='line_1_17' title="bbox 360 1897 1955 1970; baseline -0.004 -15"><span class='ocrx_word' id='word_1_128' title='bbox 360 1902 569 1965; x_wconf 82' lang='lat' dir='ltr'><strong>dicens,</strong></span> <span class='ocrx_word' id='word_1_129' title='bbox 612 1901 863 1970; x_wconf 85' lang='lat' dir='ltr'><strong>lgno&#39;rans</strong></span> <span class='ocrx_word' id='word_1_130' title='bbox 890 1899 963 1953; x_wconf 86' lang='lat' dir='ltr'><strong>illi</strong></span> <span class='ocrx_word' id='word_1_131' title='bbox 992 1899 1394 1955; x_wconf 83' lang='lat' dir='ltr'><strong>benedictiones</strong></span> <span class='ocrx_word' id='word_1_132' title='bbox 1423 1897 1680 1967; x_wconf 82' lang='lat' dir='ltr'><strong>impendi,</strong></span> <span class='ocrx_word' id='word_1_133' title='bbox 1707 1904 1760 1951; x_wconf 92' lang='lat' dir='ltr'><strong>et</strong></span> <span class='ocrx_word' id='word_1_134' title='bbox 1798 1910 1955 1964; x_wconf 80' lang='lat' dir='ltr'><strong>para-</strong></span> 
     </span>
    </p>
   </div>
   <div class='ocr_carea' id='block_1_18' title="bbox 362 1987 1958 2062">
    <p class='ocr_par' dir='ltr' id='par_1_18' title="bbox 362 1987 1958 2062">
     <span class='ocr_line' id='line_1_18' title="bbox 362 1987 1958 2062; baseline -0.003 -17"><span class='ocrx_word' id='word_1_135' title='bbox 362 2001 451 2048; x_wconf 80' lang='lat' dir='ltr'><strong>tus</strong></span> <span class='ocrx_word' id='word_1_136' title='bbox 476 2007 625 2046; x_wconf 89' lang='lat' dir='ltr'><strong>eram</strong></span> <span class='ocrx_word' id='word_1_137' title='bbox 668 1991 760 2045; x_wconf 89' lang='lat' dir='ltr'><strong>tibi</strong></span> <span class='ocrx_word' id='word_1_138' title='bbox 797 2006 890 2046; x_wconf 86' lang='lat' dir='ltr'><strong>eas</strong></span> <span class='ocrx_word' id='word_1_139' title='bbox 932 1991 1110 2062; x_wconf 89' lang='lat' dir='ltr'><strong>largiri</strong></span> <span class='ocrx_word' id='word_1_140' title='bbox 1141 2008 1157 2046; x_wconf 88' lang='lat'>:</span> <span class='ocrx_word' id='word_1_141' title='bbox 1184 1990 1279 2045; x_wconf 82' lang='lat' dir='ltr'><strong>sed</strong></span> <span class='ocrx_word' id='word_1_142' title='bbox 1304 1990 1396 2045; x_wconf 91' lang='lat' dir='ltr'><strong>ille</strong></span> <span class='ocrx_word' id='word_1_143' title='bbox 1434 1989 1576 2044; x_wconf 83' lang='lat' dir='ltr'><strong>Venit</strong></span> <span class='ocrx_word' id='word_1_144' title='bbox 1601 2005 1714 2042; x_wconf 72' lang='lat' dir='ltr'><strong>cum</strong></span> <span class='ocrx_word' id='word_1_145' title='bbox 1746 1987 1886 2052; x_wconf 86' lang='lat' dir='ltr'><strong>dolo,</strong></span> <span class='ocrx_word' id='word_1_146' title='bbox 1909 1996 1958 2041; x_wconf 88' lang='lat' dir='ltr'><strong>et</strong></span> 
     </span>
    </p>
   </div>
   <div class='ocr_carea' id='block_1_19' title="bbox 360 2068 1951 2153">
    <p class='ocr_par' dir='ltr' id='par_1_19' title="bbox 360 2068 1951 2153">
     <span class='ocr_line' id='line_1_19' title="bbox 360 2068 1951 2153; baseline -0.002 -17"><span class='ocrx_word' id='word_1_147' title='bbox 360 2068 559 2152; x_wconf 81' lang='lat' dir='ltr'><strong>accepit</strong></span> <span class='ocrx_word' id='word_1_148' title='bbox 585 2082 975 2137; x_wconf 80' lang='lat' dir='ltr'><strong>benedictionem</strong></span> <span class='ocrx_word' id='word_1_149' title='bbox 999 2093 1173 2149; x_wconf 81' lang='lat' dir='ltr'><strong>tuam;</strong></span> <span class='ocrx_word' id='word_1_150' title='bbox 1196 2098 1315 2153; x_wconf 79' lang='lat' dir='ltr'><strong>qua:</strong></span> <span class='ocrx_word' id='word_1_151' title='bbox 1336 2082 1429 2137; x_wconf 89' lang='lat' dir='ltr'><strong>tibi</strong></span> <span class='ocrx_word' id='word_1_152' title='bbox 1457 2090 1751 2152; x_wconf 72' lang='lat' dir='ltr'><strong>prmpamta</strong></span> <span class='ocrx_word' id='word_1_153' title='bbox 1780 2090 1951 2146; x_wconf 90' lang='lat' dir='ltr'><strong>erant,</strong></span> 
     </span>
    </p>
   </div>
   <div class='ocr_carea' id='block_1_20' title="bbox 362 2169 1956 2243">
    <p class='ocr_par' dir='ltr' id='par_1_20' title="bbox 362 2169 1956 2243">
     <span class='ocr_line' id='line_1_20' title="bbox 362 2169 1956 2243; baseline -0.001 -16"><span class='ocrx_word' id='word_1_154' title='bbox 362 2172 458 2228; x_wconf 86' lang='lat' dir='ltr'><strong>ille</strong></span> <span class='ocrx_word' id='word_1_155' title='bbox 483 2172 753 2243; x_wconf 65' lang='lat' dir='ltr'><strong>praeripuit</strong></span> <span class='ocrx_word' id='word_1_156' title='bbox 779 2190 794 2227; x_wconf 91' lang='lat'><strong>:</strong></span> <span class='ocrx_word' id='word_1_157' title='bbox 822 2188 928 2226; x_wconf 90' lang='lat' dir='ltr'><strong>non</strong></span> <span class='ocrx_word' id='word_1_158' title='bbox 957 2172 1060 2227; x_wconf 85' lang='lat' dir='ltr'><strong>hoc</strong></span> <span class='ocrx_word' id='word_1_159' title='bbox 1084 2188 1204 2227; x_wconf 86' lang='lat' dir='ltr'><strong>mea</strong></span> <span class='ocrx_word' id='word_1_160' title='bbox 1227 2173 1383 2243; x_wconf 91' lang='lat' dir='ltr'><strong>culpa</strong></span> <span class='ocrx_word' id='word_1_161' title='bbox 1413 2172 1609 2229; x_wconf 87' lang='lat' dir='ltr'><strong>factum</strong></span> <span class='ocrx_word' id='word_1_162' title='bbox 1635 2181 1738 2226; x_wconf 89' lang='lat' dir='ltr'><strong>est.</strong></span> <span class='ocrx_word' id='word_1_163' title='bbox 1766 2172 1855 2227; x_wconf 73' lang='lat'><strong>36.</strong></span> <span class='ocrx_word' id='word_1_164' title='bbox 1886 2169 1956 2225; x_wconf 82' lang='lat' dir='ltr'><strong>Et</strong></span> 
     </span>
    </p>
   </div>
   <div class='ocr_carea' id='block_1_21' title="bbox 361 2262 1962 2339">
    <p class='ocr_par' dir='ltr' id='par_1_21' title="bbox 361 2262 1962 2339">
     <span class='ocr_line' id='line_1_21' title="bbox 361 2262 1962 2339; baseline -0.004 -19"><span class='ocrx_word' id='word_1_165' title='bbox 361 2267 516 2333; x_wconf 72' lang='lat' dir='ltr'><strong>dixit,</strong></span> <span class='ocrx_word' id='word_1_166' title='bbox 545 2268 715 2339; x_wconf 86' lang='lat' dir='ltr'><strong>inquit</strong></span> <span class='ocrx_word' id='word_1_167' title='bbox 734 2309 751 2336; x_wconf 95' lang='lat'><strong>,</strong></span> <span class='ocrx_word' id='word_1_168' title='bbox 779 2264 924 2322; x_wconf 79' lang='lat' dir='ltr'><strong>Esait</strong></span> <span class='ocrx_word' id='word_1_169' title='bbox 950 2282 970 2321; x_wconf 89' lang='lat'><strong><em>:</em></strong></span> <span class='ocrx_word' id='word_1_170' title='bbox 996 2267 1151 2321; x_wconf 82' lang='lat' dir='ltr'><strong>Recte</strong></span> <span class='ocrx_word' id='word_1_171' title='bbox 1174 2276 1403 2320; x_wconf 74' lang='lat' dir='ltr'><strong>vocatam</strong></span> <span class='ocrx_word' id='word_1_172' title='bbox 1424 2273 1497 2319; x_wconf 85' lang='lat' dir='ltr'><strong>est</strong></span> <span class='ocrx_word' id='word_1_173' title='bbox 1525 2281 1706 2319; x_wconf 84' lang='lat' dir='ltr'><strong>nomen</strong></span> <span class='ocrx_word' id='word_1_174' title='bbox 1732 2270 1841 2331; x_wconf 80' lang='lat' dir='ltr'><strong>ejus</strong></span> <span class='ocrx_word' id='word_1_175' title='bbox 1865 2262 1962 2315; x_wconf 87' lang='lat' dir='ltr'><strong>Ja-</strong></span> 
     </span>
    </p>
   </div>
   <div class='ocr_carea' id='block_1_22' title="bbox 362 2355 1961 2429">
    <p class='ocr_par' dir='ltr' id='par_1_22' title="bbox 362 2355 1961 2429">
     <span class='ocr_line' id='line_1_22' title="bbox 362 2355 1961 2429; baseline -0.002 -18"><span class='ocrx_word' id='word_1_176' title='bbox 362 2357 490 2423; x_wconf 81' lang='lat' dir='ltr'><strong>cob;</strong></span> <span class='ocrx_word' id='word_1_177' title='bbox 510 2358 851 2429; x_wconf 71' lang='lat' dir='ltr'><strong>supplantavit</strong></span> <span class='ocrx_word' id='word_1_178' title='bbox 877 2358 1010 2411; x_wconf 84' lang='lat' dir='ltr'><strong>enim</strong></span> <span class='ocrx_word' id='word_1_179' title='bbox 1038 2373 1115 2411; x_wconf 81' lang='lat' dir='ltr'><strong>me</strong></span> <span class='ocrx_word' id='word_1_180' title='bbox 1131 2358 1248 2427; x_wconf 85' lang='lat' dir='ltr'><strong>jam</strong></span> <span class='ocrx_word' id='word_1_181' title='bbox 1271 2355 1491 2412; x_wconf 71' lang='lat' dir='ltr'><strong>secundo</strong></span> <span class='ocrx_word' id='word_1_182' title='bbox 1514 2371 1534 2410; x_wconf 89' lang='lat'><strong><em>:</em></strong></span> <span class='ocrx_word' id='word_1_183' title='bbox 1556 2364 1605 2411; x_wconf 87' lang='lat' dir='ltr'><strong>et</strong></span> <span class='ocrx_word' id='word_1_184' title='bbox 1626 2356 1961 2426; x_wconf 84' lang='lat' dir='ltr'><strong>primogenita</strong></span> 
     </span>
    </p>
   </div>
   <div class='ocr_carea' id='block_1_23' title="bbox 363 2446 1959 2518">
    <p class='ocr_par' dir='ltr' id='par_1_23' title="bbox 363 2446 1959 2518">
     <span class='ocr_line' id='line_1_23' title="bbox 363 2446 1959 2518; baseline -0.002 -14"><span class='ocrx_word' id='word_1_185' title='bbox 363 2466 480 2504; x_wconf 77' lang='lat' dir='ltr'><strong>mea</strong></span> <span class='ocrx_word' id='word_1_186' title='bbox 504 2450 722 2518; x_wconf 77' lang='lat' dir='ltr'><strong>tulerat,</strong></span> <span class='ocrx_word' id='word_1_187' title='bbox 747 2460 791 2505; x_wconf 88' lang='lat' dir='ltr'><strong>et</strong></span> <span class='ocrx_word' id='word_1_188' title='bbox 815 2467 948 2505; x_wconf 81' lang='lat' dir='ltr'><strong>nunc</strong></span> <span class='ocrx_word' id='word_1_189' title='bbox 972 2450 1164 2517; x_wconf 86' lang='lat' dir='ltr'><strong>accepit</strong></span> <span class='ocrx_word' id='word_1_190' title='bbox 1193 2448 1587 2503; x_wconf 81' lang='lat' dir='ltr'><strong>benedictionem</strong></span> <span class='ocrx_word' id='word_1_191' title='bbox 1618 2462 1800 2500; x_wconf 83' lang='lat' dir='ltr'><strong>meam.</strong></span> <span class='ocrx_word' id='word_1_192' title='bbox 1842 2446 1959 2501; x_wconf 84' lang='lat' dir='ltr'><strong>Non</strong></span> 
     </span>
    </p>
   </div>
   <div class='ocr_carea' id='block_1_24' title="bbox 366 2538 1962 2612">
    <p class='ocr_par' dir='ltr' id='par_1_24' title="bbox 366 2538 1962 2612">
     <span class='ocr_line' id='line_1_24' title="bbox 366 2538 1962 2612; baseline -0.002 -16"><span class='ocrx_word' id='word_1_193' title='bbox 366 2542 424 2596; x_wconf 89' lang='lat' dir='ltr'><strong>in</strong></span> <span class='ocrx_word' id='word_1_194' title='bbox 454 2556 670 2610; x_wconf 88' lang='lat' dir='ltr'><strong>vanum,</strong></span> <span class='ocrx_word' id='word_1_195' title='bbox 694 2541 883 2612; x_wconf 89' lang='lat' dir='ltr'><strong>inquit,</strong></span> <span class='ocrx_word' id='word_1_196' title='bbox 915 2557 1110 2597; x_wconf 89' lang='lat' dir='ltr'><strong>nomen</strong></span> <span class='ocrx_word' id='word_1_197' title='bbox 1142 2541 1243 2597; x_wconf 90' lang='lat' dir='ltr'><strong>hoc</strong></span> <span class='ocrx_word' id='word_1_198' title='bbox 1266 2540 1483 2595; x_wconf 89' lang='lat' dir='ltr'><strong>sortitus</strong></span> <span class='ocrx_word' id='word_1_199' title='bbox 1511 2549 1588 2595; x_wconf 90' lang='lat' dir='ltr'><strong>est</strong></span> <span class='ocrx_word' id='word_1_200' title='bbox 1618 2538 1962 2608; x_wconf 80' lang='lat' dir='ltr'><strong>:supplanta-</strong></span> 
     </span>
    </p>
   </div>
   <div class='ocr_carea' id='block_1_25' title="bbox 366 2629 1962 2705">
    <p class='ocr_par' dir='ltr' id='par_1_25' title="bbox 366 2629 1962 2705">
     <span class='ocr_line' id='line_1_25' title="bbox 366 2629 1962 2705; baseline -0.004 -15"><span class='ocrx_word' id='word_1_201' title='bbox 366 2634 568 2690; x_wconf 82' lang='lat' dir='ltr'><strong>tionem</strong></span> <span class='ocrx_word' id='word_1_202' title='bbox 585 2634 729 2691; x_wconf 88' lang='lat' dir='ltr'><strong>enim</strong></span> <span class='ocrx_word' id='word_1_203' title='bbox 749 2634 1157 2704; x_wconf 84' lang='lat' dir='ltr'><strong>interpretamur</strong></span> <span class='ocrx_word' id='word_1_204' title='bbox 1173 2648 1365 2688; x_wconf 89' lang='lat' dir='ltr'><strong>nomen</strong></span> <span class='ocrx_word' id='word_1_205' title='bbox 1388 2633 1503 2703; x_wconf 93' lang='lat' dir='ltr'><strong>ejus</strong></span> <span class='ocrx_word' id='word_1_206' title='bbox 1518 2630 1595 2705; x_wconf 83' lang='lat' dir='ltr'><strong>(a)</strong></span> <span class='ocrx_word' id='word_1_207' title='bbox 1613 2648 1626 2685; x_wconf 92' lang='lat'><strong>:</strong></span> <span class='ocrx_word' id='word_1_208' title='bbox 1654 2630 1705 2686; x_wconf 89' lang='lat' dir='ltr'><strong>id</strong></span> <span class='ocrx_word' id='word_1_209' title='bbox 1722 2630 1862 2700; x_wconf 88' lang='lat' dir='ltr'><strong>quod</strong></span> <span class='ocrx_word' id='word_1_210' title='bbox 1877 2629 1962 2684; x_wconf 87' lang='lat' dir='ltr'><strong>hic</strong></span> 
     </span>
    </p>
   </div>
   <div class='ocr_carea' id='block_1_26' title="bbox 367 2723 1961 2795">
    <p class='ocr_par' dir='ltr' id='par_1_26' title="bbox 367 2723 1961 2795">
     <span class='ocr_line' id='line_1_26' title="bbox 367 2723 1961 2795; baseline -0.003 -16"><span class='ocrx_word' id='word_1_211' title='bbox 367 2724 425 2779; x_wconf 87' lang='lat' dir='ltr'><strong>in</strong></span> <span class='ocrx_word' id='word_1_212' title='bbox 451 2738 535 2778; x_wconf 89' lang='lat' dir='ltr'><strong>me</strong></span> <span class='ocrx_word' id='word_1_213' title='bbox 554 2724 861 2789; x_wconf 86' lang='lat' dir='ltr'><strong>declara&#39;vit,</strong></span> <span class='ocrx_word' id='word_1_214' title='bbox 887 2735 939 2780; x_wconf 91' lang='lat' dir='ltr'><strong>et</strong></span> <span class='ocrx_word' id='word_1_215' title='bbox 963 2726 1379 2795; x_wconf 78' lang='lat' dir='ltr'><strong>primogenitum</strong></span> <span class='ocrx_word' id='word_1_216' title='bbox 1403 2734 1457 2778; x_wconf 90' lang='lat' dir='ltr'><strong>et</strong></span> <span class='ocrx_word' id='word_1_217' title='bbox 1477 2723 1849 2777; x_wconf 90' lang='lat' dir='ltr'><strong>benedictione</strong></span> <span class='ocrx_word' id='word_1_218' title='bbox 1874 2736 1961 2775; x_wconf 90' lang='lat' dir='ltr'><strong>me</strong></span> 
     </span>
    </p>
   </div>
   <div class='ocr_carea' id='block_1_27' title="bbox 369 2813 1961 2886">
    <p class='ocr_par' dir='ltr' id='par_1_27' title="bbox 369 2813 1961 2886">
     <span class='ocr_line' id='line_1_27' title="bbox 369 2813 1961 2886; baseline -0.003 -16"><span class='ocrx_word' id='word_1_219' title='bbox 369 2815 607 2885; x_wconf 79' lang='lat' dir='ltr'><strong>privans.</strong></span> <span class='ocrx_word' id='word_1_220' title='bbox 645 2815 781 2881; x_wconf 86' lang='lat' dir='ltr'><strong>Quid</strong></span> <span class='ocrx_word' id='word_1_221' title='bbox 814 2816 971 2886; x_wconf 82' lang='lat' dir='ltr'><strong>igitur</strong></span> <span class='ocrx_word' id='word_1_222' title='bbox 988 2816 1055 2870; x_wconf 86' lang='lat' dir='ltr'><strong>ad</strong></span> <span class='ocrx_word' id='word_1_223' title='bbox 1088 2815 1235 2870; x_wconf 85' lang='lat' dir='ltr'><strong>Isaac</strong></span> <span class='ocrx_word' id='word_1_224' title='bbox 1255 2815 1405 2870; x_wconf 71' lang='lat' dir='ltr'><strong>Esaia</strong></span> <span class='ocrx_word' id='word_1_225' title='bbox 1432 2832 1445 2867; x_wconf 90' lang='lat'><strong>:</strong></span> <span class='ocrx_word' id='word_1_226' title='bbox 1475 2813 1598 2868; x_wconf 86' lang='lat' dir='ltr'><strong>Non</strong></span> <span class='ocrx_word' id='word_1_227' title='bbox 1626 2814 1889 2868; x_wconf 81' lang='lat' dir='ltr'><strong>reservain</strong></span> <span class='ocrx_word' id='word_1_228' title='bbox 1914 2824 1961 2866; x_wconf 88' lang='lat' dir='ltr'><strong>et</strong></span> 
     </span>
    </p>
   </div>
   <div class='ocr_carea' id='block_1_28' title="bbox 368 2902 1959 2976">
    <p class='ocr_par' dir='ltr' id='par_1_28' title="bbox 368 2902 1959 2976">
     <span class='ocr_line' id='line_1_28' title="bbox 368 2902 1959 2976; baseline -0.003 -18"><span class='ocrx_word' id='word_1_229' title='bbox 368 2906 499 2959; x_wconf 76' lang='lat' dir='ltr'><strong>milii</strong></span> <span class='ocrx_word' id='word_1_230' title='bbox 524 2905 934 2973; x_wconf 80' lang='lat' dir='ltr'><strong>benedictionem,</strong></span> <span class='ocrx_word' id='word_1_231' title='bbox 958 2907 1136 2976; x_wconf 77' lang='lat' dir='ltr'><strong>pater?</strong></span> <span class='ocrx_word' id='word_1_232' title='bbox 1158 2906 1248 2960; x_wconf 75' lang='lat'><strong>37.</strong></span> <span class='ocrx_word' id='word_1_233' title='bbox 1274 2905 1554 2974; x_wconf 73' lang='lat' dir='ltr'><strong>Respondit</strong></span> <span class='ocrx_word' id='word_1_234' title='bbox 1589 2915 1757 2957; x_wconf 86' lang='lat' dir='ltr'><strong>autem</strong></span> <span class='ocrx_word' id='word_1_235' title='bbox 1785 2902 1959 2965; x_wconf 82' lang='lat' dir='ltr'><strong>Isaac,</strong></span> 
     </span>
    </p>
   </div>
   <div class='ocr_carea' id='block_1_29' title="bbox 368 2994 1963 3067">
    <p class='ocr_par' dir='ltr' id='par_1_29' title="bbox 368 2994 1963 3067">
     <span class='ocr_line' id='line_1_29' title="bbox 368 2994 1963 3067; baseline -0.001 -18"><span class='ocrx_word' id='word_1_236' title='bbox 368 3006 416 3050; x_wconf 81' lang='lat' dir='ltr'><strong>et</strong></span> <span class='ocrx_word' id='word_1_237' title='bbox 444 2997 573 3050; x_wconf 67' lang='lat' dir='ltr'><strong>dixit</strong></span> <span class='ocrx_word' id='word_1_238' title='bbox 602 2995 739 3051; x_wconf 74' lang='lat' dir='ltr'><strong>Esai</strong></span> <span class='ocrx_word' id='word_1_239' title='bbox 766 3014 783 3050; x_wconf 91' lang='lat'><strong><em>:</em></strong></span> <span class='ocrx_word' id='word_1_240' title='bbox 813 2998 986 3060; x_wconf 83' lang='lat' dir='ltr'><strong>Disce,</strong></span> <span class='ocrx_word' id='word_1_241' title='bbox 1015 2999 1203 3067; x_wconf 86' lang='lat' dir='ltr'><strong>inquit,</strong></span> <span class='ocrx_word' id='word_1_242' title='bbox 1232 2997 1373 3067; x_wconf 87' lang='lat' dir='ltr'><strong>quod</strong></span> <span class='ocrx_word' id='word_1_243' title='bbox 1410 3011 1598 3051; x_wconf 90' lang='lat' dir='ltr'><strong>omnes</strong></span> <span class='ocrx_word' id='word_1_244' title='bbox 1635 2994 1963 3049; x_wconf 85' lang='lat' dir='ltr'><strong>benedictio-</strong></span> 
     </span>
    </p>
   </div>
   <div class='ocr_carea' id='block_1_30' title="bbox 372 3086 1959 3158">
    <p class='ocr_par' dir='ltr' id='par_1_30' title="bbox 372 3086 1959 3158">
     <span class='ocr_line' id='line_1_30' title="bbox 372 3086 1959 3158; baseline -0.004 -16"><span class='ocrx_word' id='word_1_245' title='bbox 372 3102 471 3142; x_wconf 86' lang='lat' dir='ltr'><strong>Itcs</strong></span> <span class='ocrx_word' id='word_1_246' title='bbox 503 3087 555 3141; x_wconf 89' lang='lat' dir='ltr'><strong>in</strong></span> <span class='ocrx_word' id='word_1_247' title='bbox 586 3102 708 3141; x_wconf 87' lang='lat' dir='ltr'><strong>eum</strong></span> <span class='ocrx_word' id='word_1_248' title='bbox 735 3086 918 3151; x_wconf 74' lang='lat' dir='ltr'><strong>effudi,</strong></span> <span class='ocrx_word' id='word_1_249' title='bbox 947 3086 1073 3142; x_wconf 79' lang='lat' dir='ltr'><strong>Cum</strong></span> <span class='ocrx_word' id='word_1_250' title='bbox 1111 3104 1225 3140; x_wconf 87' lang='lat' dir='ltr'><strong>eum</strong></span> <span class='ocrx_word' id='word_1_251' title='bbox 1264 3086 1466 3158; x_wconf 72' lang='lat' dir='ltr'><strong>fecerim</strong></span> <span class='ocrx_word' id='word_1_252' title='bbox 1504 3086 1768 3138; x_wconf 84' lang='lat' dir='ltr'><strong>dominum</strong></span> <span class='ocrx_word' id='word_1_253' title='bbox 1797 3095 1959 3137; x_wconf 83' lang='lat' dir='ltr'><strong>tuum.</strong></span> 
     </span>
    </p>
   </div>
   <div class='ocr_carea' id='block_1_31' title="bbox 372 3173 1962 3247">
    <p class='ocr_par' dir='ltr' id='par_1_31' title="bbox 372 3173 1962 3247">
     <span class='ocr_line' id='line_1_31' title="bbox 372 3173 1962 3247; baseline -0.001 -18"><span class='ocrx_word' id='word_1_254' title='bbox 372 3176 512 3233; x_wconf 72' lang='lat' dir='ltr'><strong>Vide</strong></span> <span class='ocrx_word' id='word_1_255' title='bbox 529 3176 795 3247; x_wconf 88' lang='lat' dir='ltr'><strong>quomodo</strong></span> <span class='ocrx_word' id='word_1_256' title='bbox 823 3180 1000 3231; x_wconf 81' lang='lat' dir='ltr'><strong>statim</strong></span> <span class='ocrx_word' id='word_1_257' title='bbox 1028 3179 1094 3231; x_wconf 88' lang='lat' dir='ltr'><strong>ab</strong></span> <span class='ocrx_word' id='word_1_258' title='bbox 1124 3178 1226 3231; x_wconf 91' lang='lat' dir='ltr'><strong>hoc</strong></span> <span class='ocrx_word' id='word_1_259' title='bbox 1253 3177 1547 3239; x_wconf 76' lang='lat' dir='ltr'><strong>exorditur,</strong></span> <span class='ocrx_word' id='word_1_260' title='bbox 1575 3186 1629 3230; x_wconf 90' lang='lat' dir='ltr'><strong>et</strong></span> <span class='ocrx_word' id='word_1_261' title='bbox 1657 3175 1790 3229; x_wconf 83' lang='lat' dir='ltr'><strong>nihil</strong></span> <span class='ocrx_word' id='word_1_262' title='bbox 1818 3173 1962 3228; x_wconf 87' lang='lat' dir='ltr'><strong>aliud</strong></span> 
     </span>
    </p>
   </div>
   <div class='ocr_carea' id='block_1_32' title="bbox 369 3260 1966 3339">
    <p class='ocr_par' dir='ltr' id='par_1_32' title="bbox 369 3260 1966 3339">
     <span class='ocr_line' id='line_1_32' title="bbox 369 3260 1966 3339; baseline -0.004 -15"><span class='ocrx_word' id='word_1_263' title='bbox 369 3269 430 3324; x_wconf 73' lang='lat' dir='ltr'><strong>ei</strong></span> <span class='ocrx_word' id='word_1_264' title='bbox 450 3284 609 3339; x_wconf 90' lang='lat' dir='ltr'><strong>quam</strong></span> <span class='ocrx_word' id='word_1_265' title='bbox 636 3269 943 3323; x_wconf 84' lang='lat' dir='ltr'><strong>servitutem</strong></span> <span class='ocrx_word' id='word_1_266' title='bbox 974 3268 1232 3338; x_wconf 74' lang='lat' dir='ltr'><strong>significat</strong></span> <span class='ocrx_word' id='word_1_267' title='bbox 1262 3279 1316 3323; x_wconf 90' lang='lat' dir='ltr'><strong>et</strong></span> <span class='ocrx_word' id='word_1_268' title='bbox 1341 3260 1725 3336; x_wconf 71' lang='lat' dir='ltr'><strong>subiectionem</strong></span> <span class='ocrx_word' id='word_1_269' title='bbox 1753 3285 1764 3319; x_wconf 91' lang='lat'><strong>:</strong></span> <span class='ocrx_word' id='word_1_270' title='bbox 1794 3282 1858 3320; x_wconf 90' lang='lat' dir='ltr'><strong>ac</strong></span> <span class='ocrx_word' id='word_1_271' title='bbox 1884 3265 1966 3319; x_wconf 86' lang='lat' dir='ltr'><strong>di-</strong></span> 
     </span>
    </p>
   </div>
   <div class='ocr_carea' id='block_1_33' title="bbox 371 3360 1964 3430">
    <p class='ocr_par' dir='ltr' id='par_1_33' title="bbox 371 3360 1964 3430">
     <span class='ocr_line' id='line_1_33' title="bbox 371 3360 1964 3430; baseline -0.003 -17"><span class='ocrx_word' id='word_1_272' title='bbox 371 3360 448 3413; x_wconf 81' lang='lat' dir='ltr'><strong>cit</strong></span> <span class='ocrx_word' id='word_1_273' title='bbox 474 3378 486 3412; x_wconf 89' lang='lat'>:</span> <span class='ocrx_word' id='word_1_274' title='bbox 511 3360 571 3412; x_wconf 82' lang='lat' dir='ltr'><strong>Si</strong></span> <span class='ocrx_word' id='word_1_275' title='bbox 595 3376 707 3411; x_wconf 83' lang='lat' dir='ltr'><strong>cum</strong></span> <span class='ocrx_word' id='word_1_276' title='bbox 748 3360 844 3430; x_wconf 87' lang='lat' dir='ltr'><strong>feci</strong></span> <span class='ocrx_word' id='word_1_277' title='bbox 884 3362 1141 3413; x_wconf 83' lang='lat' dir='ltr'><strong>dominum</strong></span> <span class='ocrx_word' id='word_1_278' title='bbox 1179 3373 1335 3425; x_wconf 81' lang='lat' dir='ltr'><strong>tuum,</strong></span> <span class='ocrx_word' id='word_1_279' title='bbox 1366 3370 1411 3411; x_wconf 78' lang='grc' dir='ltr'><strong>ιι</strong></span> <span class='ocrx_word' id='word_1_280' title='bbox 1438 3376 1611 3412; x_wconf 74' lang='lat' dir='ltr'><strong>attines</strong></span> <span class='ocrx_word' id='word_1_281' title='bbox 1644 3364 1827 3429; x_wconf 75' lang='lat' dir='ltr'><strong>fratres</strong></span> <span class='ocrx_word' id='word_1_282' title='bbox 1853 3360 1964 3427; x_wconf 83' lang='lat' dir='ltr'><strong>ejus</strong></span> 
     </span>
    </p>
   </div>
   <div class='ocr_carea' id='block_1_34' title="bbox 371 3448 1965 3517">
    <p class='ocr_par' dir='ltr' id='par_1_34' title="bbox 371 3448 1965 3517">
     <span class='ocr_line' id='line_1_34' title="bbox 371 3448 1965 3517; baseline -0.001 -14"><span class='ocrx_word' id='word_1_283' title='bbox 371 3464 560 3513; x_wconf 70' lang='lat' dir='ltr'><strong>unos,</strong></span> <span class='ocrx_word' id='word_1_284' title='bbox 584 3449 830 3516; x_wconf 85' lang='lat' dir='ltr'><strong>frumento</strong></span> <span class='ocrx_word' id='word_1_285' title='bbox 868 3459 912 3501; x_wconf 89' lang='lat' dir='ltr'><strong>et</strong></span> <span class='ocrx_word' id='word_1_286' title='bbox 947 3450 1061 3502; x_wconf 79' lang='lat' dir='ltr'><strong>vino</strong></span> <span class='ocrx_word' id='word_1_287' title='bbox 1090 3450 1304 3502; x_wconf 71' lang='lat' dir='ltr'><strong>stabiliri</strong></span> <span class='ocrx_word' id='word_1_288' title='bbox 1341 3466 1455 3501; x_wconf 85' lang='lat' dir='ltr'><strong>eum</strong></span> <span class='ocrx_word' id='word_1_289' title='bbox 1479 3466 1497 3503; x_wconf 90' lang='lat'><strong><em>:</em></strong></span> <span class='ocrx_word' id='word_1_290' title='bbox 1524 3450 1612 3502; x_wconf 85' lang='lat' dir='ltr'><strong>tibi</strong></span> <span class='ocrx_word' id='word_1_291' title='bbox 1649 3461 1815 3502; x_wconf 84' lang='lat' dir='ltr'><strong>autem</strong></span> <span class='ocrx_word' id='word_1_292' title='bbox 1844 3448 1965 3517; x_wconf 81' lang='lat' dir='ltr'><strong>quid</strong></span> 
     </span>
    </p>
   </div>
   <div class='ocr_carea' id='block_1_35' title="bbox 375 3535 1967 3611">
    <p class='ocr_par' dir='ltr' id='par_1_35' title="bbox 375 3535 1967 3611">
     <span class='ocr_line' id='line_1_35' title="bbox 375 3535 1967 3611; baseline -0.001 -18"><span class='ocrx_word' id='word_1_293' title='bbox 375 3541 583 3611; x_wconf 82' lang='lat' dir='ltr'><strong>faciam,</strong></span> <span class='ocrx_word' id='word_1_294' title='bbox 609 3541 721 3608; x_wconf 64' lang='lat' dir='ltr'><strong>ﬁli?</strong></span> <span class='ocrx_word' id='word_1_295' title='bbox 744 3540 883 3594; x_wconf 80' lang='lat' dir='ltr'><strong>Nihil</strong></span> <span class='ocrx_word' id='word_1_296' title='bbox 913 3535 1051 3593; x_wconf 83' lang='lat' dir='ltr'><strong>aliud</strong></span> <span class='ocrx_word' id='word_1_297' title='bbox 1080 3541 1215 3595; x_wconf 86' lang='lat' dir='ltr'><strong>ultra</strong></span> <span class='ocrx_word' id='word_1_298' title='bbox 1243 3541 1481 3594; x_wconf 85' lang='lat' dir='ltr'><strong>relictum</strong></span> <span class='ocrx_word' id='word_1_299' title='bbox 1506 3550 1586 3594; x_wconf 82' lang='lat' dir='ltr'><strong>est</strong></span> <span class='ocrx_word' id='word_1_300' title='bbox 1610 3558 1623 3595; x_wconf 89' lang='lat'><strong>:</strong></span> <span class='ocrx_word' id='word_1_301' title='bbox 1647 3557 1768 3594; x_wconf 87' lang='lat' dir='ltr'><strong>cum</strong></span> <span class='ocrx_word' id='word_1_302' title='bbox 1791 3539 1967 3593; x_wconf 80' lang='lat' dir='ltr'><strong>donti-</strong></span> 
     </span>
    </p>
   </div>
   <div class='ocr_carea' id='block_1_36' title="bbox 373 3632 1967 3699">
    <p class='ocr_par' dir='ltr' id='par_1_36' title="bbox 373 3632 1967 3699">
     <span class='ocr_line' id='line_1_36' title="bbox 373 3632 1967 3699; baseline -0.001 -12"><span class='ocrx_word' id='word_1_303' title='bbox 373 3648 502 3687; x_wconf 78' lang='lat' dir='ltr'><strong>unm</strong></span> <span class='ocrx_word' id='word_1_304' title='bbox 530 3648 651 3687; x_wconf 90' lang='lat' dir='ltr'><strong>cum</strong></span> <span class='ocrx_word' id='word_1_305' title='bbox 682 3633 893 3687; x_wconf 85' lang='lat' dir='ltr'><strong>fccerim</strong></span> <span class='ocrx_word' id='word_1_306' title='bbox 921 3640 1090 3697; x_wconf 91' lang='lat' dir='ltr'><strong>tuum,</strong></span> <span class='ocrx_word' id='word_1_307' title='bbox 1120 3645 1172 3688; x_wconf 92' lang='lat' dir='ltr'><strong>et</strong></span> <span class='ocrx_word' id='word_1_308' title='bbox 1200 3648 1386 3688; x_wconf 89' lang='lat' dir='ltr'><strong>omnes</strong></span> <span class='ocrx_word' id='word_1_309' title='bbox 1410 3632 1603 3688; x_wconf 87' lang='lat' dir='ltr'><strong>fratres</strong></span> <span class='ocrx_word' id='word_1_310' title='bbox 1632 3633 1877 3699; x_wconf 79' lang='lat' dir='ltr'><strong>famulos,</strong></span> <span class='ocrx_word' id='word_1_311' title='bbox 1912 3642 1967 3687; x_wconf 90' lang='lat' dir='ltr'><strong>et</strong></span> 
     </span>
    </p>
   </div>
   <div class='ocr_carea' id='block_1_37' title="bbox 374 3725 1964 3795">
    <p class='ocr_par' dir='ltr' id='par_1_37' title="bbox 374 3725 1964 3795">
     <span class='ocr_line' id='line_1_37' title="bbox 374 3725 1964 3795; baseline 0.002 -18"><span class='ocrx_word' id='word_1_312' title='bbox 374 3739 556 3777; x_wconf 87' lang='lat' dir='ltr'><strong>rerum</strong></span> <span class='ocrx_word' id='word_1_313' title='bbox 582 3737 998 3778; x_wconf 76' lang='lat' dir='ltr'><strong>necessariarum</strong></span> <span class='ocrx_word' id='word_1_314' title='bbox 1027 3725 1321 3779; x_wconf 81' lang='lat' dir='ltr'><strong>ubertatem</strong></span> <span class='ocrx_word' id='word_1_315' title='bbox 1352 3735 1598 3793; x_wconf 90' lang='lat' dir='ltr'><strong>precatus</strong></span> <span class='ocrx_word' id='word_1_316' title='bbox 1619 3726 1665 3780; x_wconf 90' lang='lat' dir='ltr'><strong>ei</strong></span> <span class='ocrx_word' id='word_1_317' title='bbox 1694 3726 1817 3793; x_wconf 89' lang='lat' dir='ltr'><strong>sim,</strong></span> <span class='ocrx_word' id='word_1_318' title='bbox 1836 3726 1964 3795; x_wconf 89' lang='lat' dir='ltr'><strong>quid</strong></span> 
     </span>
    </p>
   </div>
   <div class='ocr_carea' id='block_1_38' title="bbox 372 3814 1965 3887">
    <p class='ocr_par' dir='ltr' id='par_1_38' title="bbox 372 3814 1965 3887">
     <span class='ocr_line' id='line_1_38' title="bbox 372 3814 1965 3887; baseline 0.001 -19"><span class='ocrx_word' id='word_1_319' title='bbox 372 3814 520 3868; x_wconf 81' lang='lat' dir='ltr'><strong>aliud</strong></span> <span class='ocrx_word' id='word_1_320' title='bbox 544 3814 680 3868; x_wconf 81' lang='lat' dir='ltr'><strong>ultra</strong></span> <span class='ocrx_word' id='word_1_321' title='bbox 709 3815 950 3869; x_wconf 85' lang='lat' dir='ltr'><strong>relictum</strong></span> <span class='ocrx_word' id='word_1_322' title='bbox 979 3815 1098 3869; x_wconf 83' lang='lat' dir='ltr'><strong>est?</strong></span> <span class='ocrx_word' id='word_1_323' title='bbox 1127 3816 1215 3870; x_wconf 80' lang='lat'><strong>58.</strong></span> <span class='ocrx_word' id='word_1_324' title='bbox 1238 3815 1381 3869; x_wconf 62' lang='lat' dir='ltr'><strong>Dia‘it</strong></span> <span class='ocrx_word' id='word_1_325' title='bbox 1406 3826 1569 3869; x_wconf 74' lang='lat' dir='ltr'><strong>niuem</strong></span> <span class='ocrx_word' id='word_1_326' title='bbox 1610 3815 1750 3870; x_wconf 63' lang='lat' dir='ltr'><strong>Esau</strong></span> <span class='ocrx_word' id='word_1_327' title='bbox 1778 3818 1845 3869; x_wconf 84' lang='lat' dir='ltr'><strong>ad</strong></span> <span class='ocrx_word' id='word_1_328' title='bbox 1873 3834 1965 3887; x_wconf 37' lang='lat' dir='ltr'><strong>pas</strong></span> 
     </span>
    </p>
   </div>
   <div class='ocr_carea' id='block_1_39' title="bbox 374 3906 1963 3978">
    <p class='ocr_par' dir='ltr' id='par_1_39' title="bbox 374 3906 1963 3978">
     <span class='ocr_line' id='line_1_39' title="bbox 374 3906 1963 3978; baseline 0.001 -18"><span class='ocrx_word' id='word_1_329' title='bbox 374 3918 500 3962; x_wconf 85' lang='lat' dir='ltr'><strong>trem</strong></span> <span class='ocrx_word' id='word_1_330' title='bbox 524 3924 671 3961; x_wconf 76' lang='lat' dir='ltr'><strong>suum</strong></span> <span class='ocrx_word' id='word_1_331' title='bbox 693 3922 711 3961; x_wconf 89' lang='lat'><strong><em>:</em></strong></span> <span class='ocrx_word' id='word_1_332' title='bbox 733 3906 873 3961; x_wconf 85' lang='lat' dir='ltr'><strong>Nunt</strong></span> <span class='ocrx_word' id='word_1_333' title='bbox 907 3908 1181 3963; x_wconf 86' lang='lat' dir='ltr'><strong>benedictio</strong></span> <span class='ocrx_word' id='word_1_334' title='bbox 1209 3926 1310 3962; x_wconf 82' lang='lat' dir='ltr'><strong>una</strong></span> <span class='ocrx_word' id='word_1_335' title='bbox 1344 3909 1432 3962; x_wconf 85' lang='lat' dir='ltr'><strong>tibi</strong></span> <span class='ocrx_word' id='word_1_336' title='bbox 1459 3921 1553 3974; x_wconf 86' lang='lat' dir='ltr'><strong>cst,</strong></span> <span class='ocrx_word' id='word_1_337' title='bbox 1582 3910 1759 3978; x_wconf 80' lang='lat' dir='ltr'><strong>pater?</strong></span> <span class='ocrx_word' id='word_1_338' title='bbox 1795 3908 1963 3963; x_wconf 86' lang='lat' dir='ltr'><strong>Bene-</strong></span> 
     </span>
    </p>
   </div>
   <div class='ocr_carea' id='block_1_40' title="bbox 373 3998 1959 4068">
    <p class='ocr_par' dir='ltr' id='par_1_40' title="bbox 373 3998 1959 4068">
     <span class='ocr_line' id='line_1_40' title="bbox 373 3998 1959 4068; baseline 0.001 -17"><span class='ocrx_word' id='word_1_339' title='bbox 373 3998 477 4063; x_wconf 74' lang='lat' dir='ltr'><strong>dic,</strong></span> <span class='ocrx_word' id='word_1_340' title='bbox 497 3999 719 4066; x_wconf 87' lang='lat' dir='ltr'><strong>obsecro,</strong></span> <span class='ocrx_word' id='word_1_341' title='bbox 742 4008 787 4053; x_wconf 92' lang='lat' dir='ltr'><strong>et</strong></span> <span class='ocrx_word' id='word_1_342' title='bbox 809 4017 907 4053; x_wconf 88' lang='lat' dir='ltr'><strong>me.</strong></span> <span class='ocrx_word' id='word_1_343' title='bbox 931 3999 1192 4066; x_wconf 88' lang='lat' dir='ltr'><strong>Quoniam</strong></span> <span class='ocrx_word' id='word_1_344' title='bbox 1216 3999 1413 4053; x_wconf 88' lang='lat' dir='ltr'><strong>audivit</strong></span> <span class='ocrx_word' id='word_1_345' title='bbox 1435 4011 1634 4068; x_wconf 85' lang='lat' dir='ltr'><strong>patrem</strong></span> <span class='ocrx_word' id='word_1_346' title='bbox 1656 4002 1920 4054; x_wconf 81' lang='lat' dir='ltr'><strong>dicentem</strong></span> <span class='ocrx_word' id='word_1_347' title='bbox 1947 4018 1959 4053; x_wconf 94' lang='lat'>:</span> 
     </span>
    </p>
   </div>
   <div class='ocr_carea' id='block_1_41' title="bbox 376 4089 1961 4161">
    <p class='ocr_par' dir='ltr' id='par_1_41' title="bbox 376 4089 1961 4161">
     <span class='ocr_line' id='line_1_41' title="bbox 376 4089 1961 4161; baseline -0.001 -16"><span class='ocrx_word' id='word_1_348' title='bbox 376 4089 445 4145; x_wconf 74' lang='lat' dir='ltr'><strong>Et</strong></span> <span class='ocrx_word' id='word_1_349' title='bbox 479 4090 707 4146; x_wconf 75' lang='lat' dir='ltr'><strong>benedixi</strong></span> <span class='ocrx_word' id='word_1_350' title='bbox 740 4107 873 4156; x_wconf 86' lang='lat' dir='ltr'><strong>cunt,</strong></span> <span class='ocrx_word' id='word_1_351' title='bbox 899 4101 945 4145; x_wconf 92' lang='lat' dir='ltr'><strong>et</strong></span> <span class='ocrx_word' id='word_1_352' title='bbox 984 4092 1269 4145; x_wconf 87' lang='lat' dir='ltr'><strong>benedictus</strong></span> <span class='ocrx_word' id='word_1_353' title='bbox 1295 4092 1407 4156; x_wconf 84' lang='lat' dir='ltr'><strong>erit,</strong></span> <span class='ocrx_word' id='word_1_354' title='bbox 1437 4102 1598 4161; x_wconf 86' lang='lat' dir='ltr'><strong>atque</strong></span> <span class='ocrx_word' id='word_1_355' title='bbox 1634 4107 1847 4145; x_wconf 81' lang='lat' dir='ltr'><strong>oiunctn</strong></span> <span class='ocrx_word' id='word_1_356' title='bbox 1890 4092 1961 4145; x_wconf 76' lang='lat' dir='ltr'><strong>illi</strong></span> 
     </span>
    </p>
   </div>
   <div class='ocr_carea' id='block_1_42' title="bbox 373 4181 1963 4252">
    <p class='ocr_par' dir='ltr' id='par_1_42' title="bbox 373 4181 1963 4252">
     <span class='ocr_line' id='line_1_42' title="bbox 373 4181 1963 4252; baseline 0 -15"><span class='ocrx_word' id='word_1_357' title='bbox 373 4183 568 4238; x_wconf 83' lang='lat' dir='ltr'><strong>deinde</strong></span> <span class='ocrx_word' id='word_1_358' title='bbox 596 4183 1016 4238; x_wconf 87' lang='lat' dir='ltr'><strong>benedictionem</strong></span> <span class='ocrx_word' id='word_1_359' title='bbox 1046 4181 1404 4238; x_wconf 80' lang='lat' dir='ltr'><strong>manifestavit</strong></span> <span class='ocrx_word' id='word_1_360' title='bbox 1434 4201 1448 4237; x_wconf 91' lang='lat'><strong>:</strong></span> <span class='ocrx_word' id='word_1_361' title='bbox 1485 4194 1608 4236; x_wconf 88' lang='lat' dir='ltr'><strong>tunc</strong></span> <span class='ocrx_word' id='word_1_362' title='bbox 1645 4184 1832 4252; x_wconf 84' lang='lat' dir='ltr'><strong>inquit,</strong></span> <span class='ocrx_word' id='word_1_363' title='bbox 1860 4182 1963 4237; x_wconf 86' lang='lat' dir='ltr'><strong>Be-</strong></span> 
     </span>
    </p>
   </div>
   <div class='ocr_carea' id='block_1_43' title="bbox 375 4276 1964 4345">
    <p class='ocr_par' dir='ltr' id='par_1_43' title="bbox 375 4276 1964 4345">
     <span class='ocr_line' id='line_1_43' title="bbox 375 4276 1964 4345; baseline -0.001 -15"><span class='ocrx_word' id='word_1_364' title='bbox 375 4276 543 4340; x_wconf 69' lang='lat' dir='ltr'><strong>nedic,</strong></span> <span class='ocrx_word' id='word_1_365' title='bbox 565 4277 839 4342; x_wconf 87' lang='lat' dir='ltr'><strong>obsecro,et</strong></span> <span class='ocrx_word' id='word_1_366' title='bbox 857 4295 958 4343; x_wconf 88' lang='lat' dir='ltr'><strong>me,</strong></span> <span class='ocrx_word' id='word_1_367' title='bbox 971 4286 1111 4345; x_wconf 89' lang='lat' dir='ltr'><strong>pater</strong></span> <span class='ocrx_word' id='word_1_368' title='bbox 1133 4293 1153 4330; x_wconf 90' lang='lat'><strong><em>:</em></strong></span> <span class='ocrx_word' id='word_1_369' title='bbox 1170 4292 1289 4329; x_wconf 84' lang='lat' dir='ltr'><strong>nunt</strong></span> <span class='ocrx_word' id='word_1_370' title='bbox 1315 4293 1419 4329; x_wconf 83' lang='lat' dir='ltr'><strong>una</strong></span> <span class='ocrx_word' id='word_1_371' title='bbox 1450 4276 1534 4328; x_wconf 85' lang='lat' dir='ltr'><strong>tibi</strong></span> <span class='ocrx_word' id='word_1_372' title='bbox 1552 4276 1827 4329; x_wconf 86' lang='lat' dir='ltr'><strong>benedictio</strong></span> <span class='ocrx_word' id='word_1_373' title='bbox 1848 4286 1920 4330; x_wconf 82' lang='lat' dir='ltr'><strong>est</strong></span> <span class='ocrx_word' id='word_1_374' title='bbox 1938 4276 1964 4328; x_wconf 72' lang='grc' dir='ltr'><em>γ</em></span> 
     </span>
    </p>
   </div>
   <div class='ocr_carea' id='block_1_44' title="bbox 374 4366 1960 4438">
    <p class='ocr_par' dir='ltr' id='par_1_44' title="bbox 374 4366 1960 4438">
     <span class='ocr_line' id='line_1_44' title="bbox 374 4366 1960 4438; baseline 0 -15"><span class='ocrx_word' id='word_1_375' title='bbox 374 4366 491 4423; x_wconf 68' lang='lat' dir='ltr'><strong>Non</strong></span> <span class='ocrx_word' id='word_1_376' title='bbox 522 4378 671 4437; x_wconf 87' lang='lat' dir='ltr'><strong>potes</strong></span> <span class='ocrx_word' id='word_1_377' title='bbox 696 4378 749 4423; x_wconf 90' lang='lat' dir='ltr'><strong>et</strong></span> <span class='ocrx_word' id='word_1_378' title='bbox 772 4368 901 4422; x_wconf 90' lang='lat' dir='ltr'><strong>mihi</strong></span> <span class='ocrx_word' id='word_1_379' title='bbox 936 4376 1078 4422; x_wconf 88' lang='lat' dir='ltr'><strong>tuam</strong></span> <span class='ocrx_word' id='word_1_380' title='bbox 1110 4368 1531 4423; x_wconf 88' lang='lat' dir='ltr'><strong>benedictionem</strong></span> <span class='ocrx_word' id='word_1_381' title='bbox 1564 4369 1839 4437; x_wconf 85' lang='lat' dir='ltr'><strong>impartiri,</strong></span> <span class='ocrx_word' id='word_1_382' title='bbox 1872 4370 1960 4438; x_wconf 82' lang='lat' dir='ltr'><strong>qui</strong></span> 
     </span>
    </p>
   </div>
   <div class='ocr_carea' id='block_1_45' title="bbox 373 4459 1961 4530">
    <p class='ocr_par' dir='ltr' id='par_1_45' title="bbox 373 4459 1961 4530">
     <span class='ocr_line' id='line_1_45' title="bbox 373 4459 1961 4530; baseline 0.001 -19"><span class='ocrx_word' id='word_1_383' title='bbox 373 4459 442 4511; x_wconf 75' lang='lat' dir='ltr'><strong>ita</strong></span> <span class='ocrx_word' id='word_1_384' title='bbox 467 4474 497 4513; x_wconf 89' lang='lat' dir='ltr'><strong>a</strong></span> <span class='ocrx_word' id='word_1_385' title='bbox 521 4468 572 4513; x_wconf 90' lang='lat' dir='ltr'><strong>te</strong></span> <span class='ocrx_word' id='word_1_386' title='bbox 593 4459 803 4530; x_wconf 89' lang='lat' dir='ltr'><strong>diligor,</strong></span> <span class='ocrx_word' id='word_1_387' title='bbox 832 4460 919 4528; x_wconf 91' lang='lat' dir='ltr'><strong>qui</strong></span> <span class='ocrx_word' id='word_1_388' title='bbox 953 4460 1353 4529; x_wconf 82' lang='lat' dir='ltr'><strong>primogenitus,</strong></span> <span class='ocrx_word' id='word_1_389' title='bbox 1377 4461 1463 4530; x_wconf 87' lang='lat' dir='ltr'><strong>qui</strong></span> <span class='ocrx_word' id='word_1_390' title='bbox 1498 4477 1524 4512; x_wconf 75' lang='grc' dir='ltr'><strong>ιι</strong></span> <span class='ocrx_word' id='word_1_391' title='bbox 1560 4468 1608 4514; x_wconf 90' lang='lat' dir='ltr'><strong>te</strong></span> <span class='ocrx_word' id='word_1_392' title='bbox 1640 4461 1691 4513; x_wconf 90' lang='lat' dir='ltr'><strong>in</strong></span> <span class='ocrx_word' id='word_1_393' title='bbox 1719 4462 1961 4514; x_wconf 77' lang='lat' dir='ltr'><strong>venatio-</strong></span> 
     </span>
    </p>
   </div>
   <div class='ocr_carea' id='block_1_46' title="bbox 375 4548 1964 4620">
    <p class='ocr_par' dir='ltr' id='par_1_46' title="bbox 375 4548 1964 4620">
     <span class='ocr_line' id='line_1_46' title="bbox 375 4548 1964 4620; baseline 0.002 -19"><span class='ocrx_word' id='word_1_394' title='bbox 375 4564 497 4601; x_wconf 78' lang='grc' dir='ltr'>ιιι-ιη</span> <span class='ocrx_word' id='word_1_395' title='bbox 542 4548 735 4605; x_wconf 86' lang='lat' dir='ltr'><strong>missus</strong></span> <span class='ocrx_word' id='word_1_396' title='bbox 769 4551 926 4604; x_wconf 87' lang='lat' dir='ltr'><strong>sum?</strong></span> <span class='ocrx_word' id='word_1_397' title='bbox 965 4550 1321 4605; x_wconf 84' lang='lat' dir='ltr'><strong>Conturbavit</strong></span> <span class='ocrx_word' id='word_1_398' title='bbox 1360 4564 1562 4620; x_wconf 57' lang='lat' dir='ltr'><strong>pati-cm</strong></span> <span class='ocrx_word' id='word_1_399' title='bbox 1592 4552 1784 4607; x_wconf 80' lang='lat' dir='ltr'><strong>verbis.</strong></span> <span class='ocrx_word' id='word_1_400' title='bbox 1814 4552 1964 4606; x_wconf 78' lang='lat' dir='ltr'><strong>Coni-</strong></span> 
     </span>
    </p>
   </div>
   <div class='ocr_carea' id='block_1_47' title="bbox 374 4640 1957 4715">
    <p class='ocr_par' dir='ltr' id='par_1_47' title="bbox 374 4640 1957 4715">
     <span class='ocr_line' id='line_1_47' title="bbox 374 4640 1957 4715; baseline 0.004 -25"><span class='ocrx_word' id='word_1_401' title='bbox 374 4649 558 4707; x_wconf 78' lang='lat' dir='ltr'><strong>puncto</strong></span> <span class='ocrx_word' id='word_1_402' title='bbox 583 4651 748 4695; x_wconf 85' lang='lat' dir='ltr'><strong>autem</strong></span> <span class='ocrx_word' id='word_1_403' title='bbox 774 4640 944 4708; x_wconf 83' lang='lat' dir='ltr'><strong>Isaac,</strong></span> <span class='ocrx_word' id='word_1_404' title='bbox 972 4642 1158 4710; x_wconf 79' lang='lat' dir='ltr'><strong>inquit,</strong></span> <span class='ocrx_word' id='word_1_405' title='bbox 1177 4644 1408 4696; x_wconf 81' lang='lat' dir='ltr'><strong>clamavit</strong></span> <span class='ocrx_word' id='word_1_406' title='bbox 1437 4659 1553 4696; x_wconf 87' lang='lat' dir='ltr'><strong>voce</strong></span> <span class='ocrx_word' id='word_1_407' title='bbox 1579 4661 1763 4715; x_wconf 85' lang='lat' dir='ltr'><strong>magna</strong></span> <span class='ocrx_word' id='word_1_408' title='bbox 1794 4644 1957 4707; x_wconf 75' lang='lat' dir='ltr'><strong>Esai&#39;t,</strong></span> 
     </span>
    </p>
   </div>
   <div class='ocr_carea' id='block_1_48' title="bbox 372 4734 1959 4804">
    <p class='ocr_par' dir='ltr' id='par_1_48' title="bbox 372 4734 1959 4804">
     <span class='ocr_line' id='line_1_48' title="bbox 372 4734 1959 4804; baseline 0.001 -14"><span class='ocrx_word' id='word_1_409' title='bbox 372 4746 418 4790; x_wconf 87' lang='lat' dir='ltr'><strong>ct</strong></span> <span class='ocrx_word' id='word_1_410' title='bbox 465 4735 621 4804; x_wconf 71' lang='lat' dir='ltr'><strong>ﬂevit.</strong></span> <span class='ocrx_word' id='word_1_411' title='bbox 666 4734 809 4789; x_wconf 74' lang='lat' dir='ltr'><strong>Vidit</strong></span> <span class='ocrx_word' id='word_1_412' title='bbox 854 4746 1055 4803; x_wconf 89' lang='lat' dir='ltr'><strong>patrem</strong></span> <span class='ocrx_word' id='word_1_413' title='bbox 1094 4737 1317 4791; x_wconf 77' lang='lat' dir='ltr'><strong>Consilio</strong></span> <span class='ocrx_word' id='word_1_414' title='bbox 1358 4737 1425 4790; x_wconf 88' lang='lat' dir='ltr'><strong>de</strong></span> <span class='ocrx_word' id='word_1_415' title='bbox 1460 4737 1667 4791; x_wconf 75' lang='lat' dir='ltr'><strong>titulum</strong></span> <span class='ocrx_word' id='word_1_416' title='bbox 1694 4779 1711 4804; x_wconf 93' lang='lat'><strong>,</strong></span> <span class='ocrx_word' id='word_1_417' title='bbox 1758 4748 1811 4792; x_wconf 89' lang='lat' dir='ltr'><strong>et</strong></span> <span class='ocrx_word' id='word_1_418' title='bbox 1854 4754 1959 4792; x_wconf 91' lang='lat' dir='ltr'><strong>non</strong></span> 
     </span>
    </p>
   </div>
   <div class='ocr_carea' id='block_1_49' title="bbox 374 4826 1958 4897">
    <p class='ocr_par' dir='ltr' id='par_1_49' title="bbox 374 4826 1958 4897">
     <span class='ocr_line' id='line_1_49' title="bbox 374 4826 1958 4897; baseline 0.004 -20"><span class='ocrx_word' id='word_1_419' title='bbox 374 4841 549 4895; x_wconf 83' lang='lat' dir='ltr'><strong>posse,</strong></span> <span class='ocrx_word' id='word_1_420' title='bbox 585 4841 756 4895; x_wconf 87' lang='lat' dir='ltr'><strong>neque</strong></span> <span class='ocrx_word' id='word_1_421' title='bbox 795 4826 932 4882; x_wconf 84' lang='lat' dir='ltr'><strong>velle</strong></span> <span class='ocrx_word' id='word_1_422' title='bbox 970 4842 1222 4882; x_wconf 76' lang='lat' dir='ltr'><strong>remeare</strong></span> <span class='ocrx_word' id='word_1_423' title='bbox 1251 4844 1368 4897; x_wconf 74' lang='lat' dir='ltr'><strong>qui:</strong></span> <span class='ocrx_word' id='word_1_424' title='bbox 1397 4828 1528 4882; x_wconf 74' lang='lat' dir='ltr'><strong>faeta</strong></span> <span class='ocrx_word' id='word_1_425' title='bbox 1556 4840 1680 4882; x_wconf 90' lang='lat' dir='ltr'><strong>sunt</strong></span> <span class='ocrx_word' id='word_1_426' title='bbox 1711 4847 1724 4882; x_wconf 90' lang='lat'>:</span> <span class='ocrx_word' id='word_1_427' title='bbox 1754 4839 1807 4883; x_wconf 91' lang='lat' dir='ltr'><strong>et</strong></span> <span class='ocrx_word' id='word_1_428' title='bbox 1846 4831 1958 4883; x_wconf 84' lang='lat' dir='ltr'><strong>cla-</strong></span> 
     </span>
    </p>
   </div>
   <div class='ocr_carea' id='block_1_50' title="bbox 374 4916 1956 4987">
    <p class='ocr_par' dir='ltr' id='par_1_50' title="bbox 374 4916 1956 4987">
     <span class='ocr_line' id='line_1_50' title="bbox 374 4916 1956 4987; baseline 0.003 -18"><span class='ocrx_word' id='word_1_429' title='bbox 374 4917 509 4969; x_wconf 86' lang='lat' dir='ltr'><strong>mori</strong></span> <span class='ocrx_word' id='word_1_430' title='bbox 536 4916 695 4969; x_wconf 87' lang='lat' dir='ltr'><strong>etiam</strong></span> <span class='ocrx_word' id='word_1_431' title='bbox 722 4916 917 4985; x_wconf 85' lang='lat' dir='ltr'><strong>adjecit</strong></span> <span class='ocrx_word' id='word_1_432' title='bbox 951 4917 1243 4986; x_wconf 85' lang='lat' dir='ltr'><strong>ploratum,</strong></span> <span class='ocrx_word' id='word_1_433' title='bbox 1275 4930 1330 4971; x_wconf 93' lang='grc' dir='ltr'><strong>ιιι</strong></span> <span class='ocrx_word' id='word_1_434' title='bbox 1354 4920 1419 4971; x_wconf 85' lang='lat' dir='ltr'><strong>ad</strong></span> <span class='ocrx_word' id='word_1_435' title='bbox 1449 4920 1701 4987; x_wconf 85' lang='lat' dir='ltr'><strong>majorem</strong></span> <span class='ocrx_word' id='word_1_436' title='bbox 1732 4920 1956 4975; x_wconf 86' lang='lat' dir='ltr'><strong>commi-</strong></span> 
     </span>
    </p>
   </div>
   <div class='ocr_carea' id='block_1_51' title="bbox 371 5007 1956 5081">
    <p class='ocr_par' dir='ltr' id='par_1_51' title="bbox 371 5007 1956 5081">
     <span class='ocr_line' id='line_1_51' title="bbox 371 5007 1956 5081; baseline 0.003 -20"><span class='ocrx_word' id='word_1_437' title='bbox 371 5007 694 5061; x_wconf 86' lang='lat' dir='ltr'><strong>serationem</strong></span> <span class='ocrx_word' id='word_1_438' title='bbox 751 5020 954 5076; x_wconf 83' lang='lat' dir='ltr'><strong>patrem</strong></span> <span class='ocrx_word' id='word_1_439' title='bbox 1010 5008 1266 5063; x_wconf 88' lang='lat' dir='ltr'><strong>ﬂecteret.</strong></span> <span class='ocrx_word' id='word_1_440' title='bbox 1319 5010 1565 5064; x_wconf 75' lang='lat' dir='ltr'><strong>Miserius</strong></span> <span class='ocrx_word' id='word_1_441' title='bbox 1620 5012 1796 5080; x_wconf 81' lang='lat' dir='ltr'><strong>itaque</strong></span> <span class='ocrx_word' id='word_1_442' title='bbox 1842 5013 1956 5081; x_wconf 74' lang='lat' dir='ltr'><strong>ejus</strong></span> 
     </span>
    </p>
   </div>
   <div class='ocr_carea' id='block_1_52' title="bbox 374 5096 1962 5171">
    <p class='ocr_par' dir='ltr' id='par_1_52' title="bbox 374 5096 1962 5171">
     <span class='ocr_line' id='line_1_52' title="bbox 374 5096 1962 5171; baseline 0.003 -18"><span class='ocrx_word' id='word_1_443' title='bbox 374 5096 519 5153; x_wconf 73' lang='lat' dir='ltr'><strong>Isaac</strong></span> <span class='ocrx_word' id='word_1_444' title='bbox 545 5097 676 5151; x_wconf 81' lang='lat' dir='ltr'><strong>dixit</strong></span> <span class='ocrx_word' id='word_1_445' title='bbox 706 5099 753 5151; x_wconf 87' lang='lat' dir='ltr'><strong>ei</strong></span> <span class='ocrx_word' id='word_1_446' title='bbox 789 5116 801 5151; x_wconf 95' lang='lat'>:</span> <span class='ocrx_word' id='word_1_447' title='bbox 830 5098 917 5153; x_wconf 81' lang='lat'><strong>59.</strong></span> <span class='ocrx_word' id='word_1_448' title='bbox 953 5099 1080 5153; x_wconf 83' lang='lat' dir='ltr'><strong>Ecce</strong></span> <span class='ocrx_word' id='word_1_449' title='bbox 1110 5099 1171 5153; x_wconf 88' lang='lat' dir='ltr'><strong>de</strong></span> <span class='ocrx_word' id='word_1_450' title='bbox 1200 5096 1503 5171; x_wconf 82' lang='lat' dir='ltr'><strong>pingtiedine</strong></span> <span class='ocrx_word' id='word_1_451' title='bbox 1527 5112 1670 5156; x_wconf 79' lang='lat' dir='ltr'><strong>terra:</strong></span> <span class='ocrx_word' id='word_1_452' title='bbox 1698 5105 1789 5157; x_wconf 87' lang='lat' dir='ltr'><strong>crit</strong></span> <span class='ocrx_word' id='word_1_453' title='bbox 1819 5105 1962 5158; x_wconf 83' lang='lat' dir='ltr'><strong>habi-</strong></span> 
     </span>
    </p>
   </div>
   <div class='ocr_carea' id='block_1_53' title="bbox 372 5190 1960 5265">
    <p class='ocr_par' dir='ltr' id='par_1_53' title="bbox 372 5190 1960 5265">
     <span class='ocr_line' id='line_1_53' title="bbox 372 5190 1960 5265; baseline 0.004 -21"><span class='ocrx_word' id='word_1_454' title='bbox 372 5190 499 5245; x_wconf 82' lang='lat' dir='ltr'><strong>tatio</strong></span> <span class='ocrx_word' id='word_1_455' title='bbox 533 5199 640 5256; x_wconf 75' lang='lat' dir='ltr'><strong>tua,</strong></span> <span class='ocrx_word' id='word_1_456' title='bbox 675 5200 721 5243; x_wconf 84' lang='lat' dir='ltr'><strong>ct</strong></span> <span class='ocrx_word' id='word_1_457' title='bbox 760 5190 821 5243; x_wconf 87' lang='lat' dir='ltr'><strong>de</strong></span> <span class='ocrx_word' id='word_1_458' title='bbox 859 5207 972 5244; x_wconf 86' lang='lat' dir='ltr'><strong>rore</strong></span> <span class='ocrx_word' id='word_1_459' title='bbox 1009 5193 1119 5245; x_wconf 71' lang='lat' dir='ltr'><strong>caeli</strong></span> <span class='ocrx_word' id='word_1_460' title='bbox 1154 5195 1387 5262; x_wconf 83' lang='lat' dir='ltr'><strong>desuper,</strong></span> <span class='ocrx_word' id='word_1_461' title='bbox 1411 5193 1499 5248; x_wconf 77' lang='grc' dir='ltr'><strong>ιο.</strong></span> <span class='ocrx_word' id='word_1_462' title='bbox 1525 5205 1569 5247; x_wconf 82' lang='grc' dir='ltr'>ει</span> <span class='ocrx_word' id='word_1_463' title='bbox 1596 5199 1648 5248; x_wconf 92' lang='lat' dir='ltr'><strong>in</strong></span> <span class='ocrx_word' id='word_1_464' title='bbox 1674 5196 1845 5265; x_wconf 77' lang='lat' dir='ltr'><strong>gladio</strong></span> <span class='ocrx_word' id='word_1_465' title='bbox 1874 5208 1960 5251; x_wconf 87' lang='lat' dir='ltr'><strong>tuo</strong></span> 
     </span>
    </p>
   </div>
   <div class='ocr_carea' id='block_1_54' title="bbox 370 5281 1961 5355">
    <p class='ocr_par' dir='ltr' id='par_1_54' title="bbox 370 5281 1961 5355">
     <span class='ocr_line' id='line_1_54' title="bbox 370 5281 1961 5355; baseline 0.003 -20"><span class='ocrx_word' id='word_1_466' title='bbox 370 5281 524 5347; x_wconf 69' lang='lat' dir='ltr'><strong>vim,</strong></span> <span class='ocrx_word' id='word_1_467' title='bbox 557 5291 603 5334; x_wconf 80' lang='lat' dir='ltr'><strong>et</strong></span> <span class='ocrx_word' id='word_1_468' title='bbox 647 5281 794 5351; x_wconf 69' lang='lat' dir='ltr'><strong>fratri</strong></span> <span class='ocrx_word' id='word_1_469' title='bbox 824 5291 908 5334; x_wconf 81' lang='lat' dir='ltr'><strong>tuo</strong></span> <span class='ocrx_word' id='word_1_470' title='bbox 937 5282 1118 5335; x_wconf 77' lang='lat' dir='ltr'><strong>servies</strong></span> <span class='ocrx_word' id='word_1_471' title='bbox 1149 5297 1167 5334; x_wconf 88' lang='lat'><strong><em>:</em></strong></span> <span class='ocrx_word' id='word_1_472' title='bbox 1194 5284 1283 5335; x_wconf 82' lang='lat' dir='ltr'><strong>erit</strong></span> <span class='ocrx_word' id='word_1_473' title='bbox 1313 5292 1483 5336; x_wconf 84' lang='lat' dir='ltr'><strong>autent</strong></span> <span class='ocrx_word' id='word_1_474' title='bbox 1510 5287 1711 5353; x_wconf 83' lang='lat' dir='ltr'><strong>quando</strong></span> <span class='ocrx_word' id='word_1_475' title='bbox 1740 5286 1961 5355; x_wconf 85' lang='lat' dir='ltr'><strong>depones</strong></span> 
     </span>
    </p>
   </div>
   <div class='ocr_carea' id='block_1_55' title="bbox 370 5370 1961 5446">
    <p class='ocr_par' dir='ltr' id='par_1_55' title="bbox 370 5370 1961 5446">
     <span class='ocr_line' id='line_1_55' title="bbox 370 5370 1961 5446; baseline 0.004 -22"><span class='ocrx_word' id='word_1_476' title='bbox 370 5380 420 5424; x_wconf 84' lang='lat' dir='ltr'><strong>et</strong></span> <span class='ocrx_word' id='word_1_477' title='bbox 443 5370 667 5426; x_wconf 65' lang='lat' dir='ltr'><strong>molae:</strong></span> <span class='ocrx_word' id='word_1_478' title='bbox 684 5372 868 5442; x_wconf 81' lang='lat' dir='ltr'><strong>jugum</strong></span> <span class='ocrx_word' id='word_1_479' title='bbox 892 5372 1005 5441; x_wconf 81' lang='lat' dir='ltr'><strong>ejus</strong></span> <span class='ocrx_word' id='word_1_480' title='bbox 1030 5388 1059 5424; x_wconf 88' lang='lat' dir='ltr'><strong>a</strong></span> <span class='ocrx_word' id='word_1_481' title='bbox 1082 5374 1213 5425; x_wconf 84' lang='lat' dir='ltr'><strong>collo</strong></span> <span class='ocrx_word' id='word_1_482' title='bbox 1240 5382 1343 5426; x_wconf 78' lang='lat' dir='ltr'><strong>tuo.</strong></span> <span class='ocrx_word' id='word_1_483' title='bbox 1373 5374 1654 5439; x_wconf 86' lang='lat' dir='ltr'><strong>Quoniam,</strong></span> <span class='ocrx_word' id='word_1_484' title='bbox 1688 5376 1873 5446; x_wconf 87' lang='lat' dir='ltr'><strong>inquit,</strong></span> <span class='ocrx_word' id='word_1_485' title='bbox 1906 5386 1961 5431; x_wconf 89' lang='lat' dir='ltr'><strong>et</strong></span> 
     </span>
    </p>
   </div>
   <div class='ocr_carea' id='block_1_56' title="bbox 376 5462 1960 5531">
    <p class='ocr_par' dir='ltr' id='par_1_56' title="bbox 376 5462 1960 5531">
     <span class='ocr_line' id='line_1_56' title="bbox 376 5462 1960 5531; baseline 0.005 -14"><span class='ocrx_word' id='word_1_486' title='bbox 376 5462 492 5531; x_wconf 83' lang='lat' dir='ltr'><strong>ipse</strong></span> <span class='ocrx_word' id='word_1_487' title='bbox 519 5477 691 5518; x_wconf 86' lang='lat' dir='ltr'><strong>meam</strong></span> <span class='ocrx_word' id='word_1_488' title='bbox 720 5463 1141 5520; x_wconf 87' lang='lat' dir='ltr'><strong>benedictionem</strong></span> <span class='ocrx_word' id='word_1_489' title='bbox 1170 5466 1462 5530; x_wconf 84' lang='lat' dir='ltr'><strong>desideras,</strong></span> <span class='ocrx_word' id='word_1_490' title='bbox 1505 5468 1648 5523; x_wconf 88' lang='lat' dir='ltr'><strong>disce</strong></span> <span class='ocrx_word' id='word_1_491' title='bbox 1692 5486 1796 5523; x_wconf 92' lang='lat' dir='ltr'><strong>non</strong></span> <span class='ocrx_word' id='word_1_492' title='bbox 1840 5486 1960 5526; x_wconf 84' lang='lat' dir='ltr'><strong>esse</strong></span> 
     </span>
    </p>
   </div>
   <div class='ocr_carea' id='block_1_57' title="bbox 373 5553 1955 5627">
    <p class='ocr_par' dir='ltr' id='par_1_57' title="bbox 373 5553 1955 5627">
     <span class='ocr_line' id='line_1_57' title="bbox 373 5553 1955 5627; baseline 0.004 -19"><span class='ocrx_word' id='word_1_493' title='bbox 373 5553 625 5622; x_wconf 83' lang='lat' dir='ltr'><strong>possibile</strong></span> <span class='ocrx_word' id='word_1_494' title='bbox 655 5564 712 5608; x_wconf 92' lang='lat' dir='ltr'><strong>ut</strong></span> <span class='ocrx_word' id='word_1_495' title='bbox 738 5569 889 5626; x_wconf 87' lang='lat' dir='ltr'><strong>agam</strong></span> <span class='ocrx_word' id='word_1_496' title='bbox 915 5572 1033 5625; x_wconf 77' lang='lat' dir='ltr'><strong>quzc</strong></span> <span class='ocrx_word' id='word_1_497' title='bbox 1057 5556 1247 5611; x_wconf 69' lang='lat' dir='ltr'><strong>divina:</strong></span> <span class='ocrx_word' id='word_1_498' title='bbox 1273 5560 1526 5612; x_wconf 81' lang='lat' dir='ltr'><strong>voluntati</strong></span> <span class='ocrx_word' id='word_1_499' title='bbox 1554 5560 1777 5615; x_wconf 85' lang='lat' dir='ltr'><strong>adversa</strong></span> <span class='ocrx_word' id='word_1_500' title='bbox 1804 5572 1955 5627; x_wconf 87' lang='lat' dir='ltr'><strong>sunt;</strong></span> 
     </span>
    </p>
   </div>
   <div class='ocr_carea' id='block_1_58' title="bbox 370 5642 1958 5717">
    <p class='ocr_par' dir='ltr' id='par_1_58' title="bbox 370 5642 1958 5717">
     <span class='ocr_line' id='line_1_58' title="bbox 370 5642 1958 5717; baseline 0.007 -19"><span class='ocrx_word' id='word_1_501' title='bbox 370 5642 466 5698; x_wconf 83' lang='lat' dir='ltr'><strong>sed</strong></span> <span class='ocrx_word' id='word_1_502' title='bbox 486 5650 540 5697; x_wconf 92' lang='lat' dir='ltr'><strong>ct</strong></span> <span class='ocrx_word' id='word_1_503' title='bbox 566 5642 656 5697; x_wconf 87' lang='lat' dir='ltr'><strong>tibi</strong></span> <span class='ocrx_word' id='word_1_504' title='bbox 681 5645 894 5715; x_wconf 87' lang='lat' dir='ltr'><strong>quidem</strong></span> <span class='ocrx_word' id='word_1_505' title='bbox 917 5661 1194 5717; x_wconf 87' lang='lat' dir='ltr'><strong>apprecor,</strong></span> <span class='ocrx_word' id='word_1_506' title='bbox 1210 5658 1267 5703; x_wconf 92' lang='lat' dir='ltr'><strong>ut</strong></span> <span class='ocrx_word' id='word_1_507' title='bbox 1289 5665 1407 5705; x_wconf 89' lang='lat' dir='ltr'><strong>rore</strong></span> <span class='ocrx_word' id='word_1_508' title='bbox 1428 5651 1541 5705; x_wconf 63' lang='lat' dir='ltr'><strong>cst-li</strong></span> <span class='ocrx_word' id='word_1_509' title='bbox 1569 5650 1760 5706; x_wconf 84' lang='lat' dir='ltr'><strong>fruaris</strong></span> <span class='ocrx_word' id='word_1_510' title='bbox 1785 5670 1798 5707; x_wconf 90' lang='lat'><strong>:</strong></span> <span class='ocrx_word' id='word_1_511' title='bbox 1820 5654 1958 5709; x_wconf 88' lang='lat' dir='ltr'><strong>scias</strong></span> 
     </span>
    </p>
   </div>
   <div class='ocr_carea' id='block_1_59' title="bbox 443 5757 1953 5842">
    <p class='ocr_par' dir='ltr' id='par_1_59' title="bbox 443 5757 1953 5842">
     <span class='ocr_line' id='line_1_59' title="bbox 443 5757 1953 5842; baseline 0.015 -35"><span class='ocrx_word' id='word_1_512' title='bbox 443 5757 518 5828; x_wconf 78' lang='grc' dir='ltr'><strong>(η)</strong></span> <span class='ocrx_word' id='word_1_513' title='bbox 556 5761 673 5842; x_wconf 45' lang='lat' dir='ltr'><strong>aia:</strong></span> <span class='ocrx_word' id='word_1_514' title='bbox 709 5765 833 5842; x_wconf 76' lang='lat' dir='ltr'><strong>Ekeb</strong></span> <span class='ocrx_word' id='word_1_515' title='bbox 852 5770 1164 5842; x_wconf 52' lang='lat' dir='ltr'><strong>“ebrietates:</strong></span> <span class='ocrx_word' id='word_1_516' title='bbox 1180 5770 1521 5837; x_wconf 71' lang='lat' dir='ltr'><strong>ptantapedis,</strong></span> <span class='ocrx_word' id='word_1_517' title='bbox 1545 5774 1651 5825; x_wconf 75' lang='lat' dir='ltr'><strong>sive</strong></span> <span class='ocrx_word' id='word_1_518' title='bbox 1679 5776 1825 5827; x_wconf 85' lang='lat' dir='ltr'><strong>etiam</strong></span> <span class='ocrx_word' id='word_1_519' title='bbox 1843 5789 1953 5842; x_wconf 82' lang='lat' dir='ltr'><strong>sup-</strong></span> 
     </span>
    </p>
   </div>
   <div class='ocr_carea' id='block_1_60' title="bbox 368 5838 1117 5920">
    <p class='ocr_par' dir='ltr' id='par_1_60' title="bbox 368 5838 1117 5920">
     <span class='ocr_line' id='line_1_60' title="bbox 368 5838 1117 5920; baseline -0.003 -29"><span class='ocrx_word' id='word_1_520' title='bbox 368 5840 617 5901; x_wconf 69' lang='lat' dir='ltr'><strong>stautatio,</strong></span> <span class='ocrx_word' id='word_1_521' title='bbox 630 5842 760 5893; x_wconf 78' lang='lat' dir='ltr'><strong>unde</strong></span> <span class='ocrx_word' id='word_1_522' title='bbox 772 5840 946 5894; x_wconf 81' lang='lat' dir='ltr'><strong>factum</strong></span> <span class='ocrx_word' id='word_1_523' title='bbox 963 5838 1117 5920; x_wconf 51' lang='lat' dir='ltr'><strong>3px”.</strong></span> 
     </span>
    </p>
   </div>
   <div class='ocr_carea' id='block_1_61' title="bbox 1356 412 2604 477">
    <p class='ocr_par' dir='ltr' id='par_1_61' title="bbox 1356 412 2604 477">
     <span class='ocr_line' id='line_1_61' title="bbox 1356 412 2604 477; baseline -0.008 0"><span class='ocrx_word' id='word_1_524' title='bbox 1356 418 1422 476; x_wconf 66' lang='lat' dir='ltr'><strong>IN</strong></span> <span class='ocrx_word' id='word_1_525' title='bbox 1460 416 1613 477; x_wconf 71' lang='lat' dir='ltr'><strong>CAP.</strong></span> <span class='ocrx_word' id='word_1_526' title='bbox 1652 415 1867 476; x_wconf 73' lang='lat' dir='ltr'><strong>XXV“.</strong></span> <span class='ocrx_word' id='word_1_527' title='bbox 1909 415 2158 477; x_wconf 78' lang='lat' dir='ltr'><strong>GENES.</strong></span> <span class='ocrx_word' id='word_1_528' title='bbox 2195 414 2429 474; x_wconf 69' lang='lat' dir='ltr'><strong>ROHIL.</strong></span> <span class='ocrx_word' id='word_1_529' title='bbox 2470 412 2604 471; x_wconf 82' lang='lat' dir='ltr'><strong>Llll.</strong></span> 
     </span>
    </p>
   </div>
   <div class='ocr_carea' id='block_1_62' title="bbox 3557 400 3665 457">
    <p class='ocr_par' dir='ltr' id='par_1_62' title="bbox 3557 400 3665 457">
     <span class='ocr_line' id='line_1_62' title="bbox 3557 400 3665 457; baseline 0.009 -3"><span class='ocrx_word' id='word_1_530' title='bbox 3557 400 3665 457; x_wconf 74' lang='grc' dir='ltr'><strong>ιτσ</strong></span> 
     </span>
    </p>
   </div>
   <div class='ocr_carea' id='block_1_63' title="bbox 2056 514 3664 589">
    <p class='ocr_par' dir='ltr' id='par_1_63' title="bbox 2056 514 3664 589">
     <span class='ocr_line' id='line_1_63' title="bbox 2056 514 3664 589; baseline -0.009 -5"><span class='ocrx_word' id='word_1_531' title='bbox 2056 540 2237 586; x_wconf 84' lang='lat' dir='ltr'><strong>autem</strong></span> <span class='ocrx_word' id='word_1_532' title='bbox 2268 538 2319 585; x_wconf 86' lang='lat' dir='ltr'><strong>te</strong></span> <span class='ocrx_word' id='word_1_533' title='bbox 2347 528 2632 583; x_wconf 84' lang='lat' dir='ltr'><strong>militarem</strong></span> <span class='ocrx_word' id='word_1_534' title='bbox 2657 524 2820 580; x_wconf 87' lang='lat' dir='ltr'><strong>vitam</strong></span> <span class='ocrx_word' id='word_1_535' title='bbox 2847 529 3092 578; x_wconf 88' lang='lat' dir='ltr'><strong>acturum</strong></span> <span class='ocrx_word' id='word_1_536' title='bbox 3124 532 3247 576; x_wconf 81' lang='lat' dir='ltr'><strong>esse</strong></span> <span class='ocrx_word' id='word_1_537' title='bbox 3270 534 3286 575; x_wconf 90' lang='lat'><strong>:</strong></span> <span class='ocrx_word' id='word_1_538' title='bbox 3312 532 3435 574; x_wconf 90' lang='lat' dir='ltr'><strong>nam</strong></span> <span class='ocrx_word' id='word_1_539' title='bbox 3466 514 3527 572; x_wconf 85' lang='lat' dir='ltr'><strong>lu</strong></span> <span class='ocrx_word' id='word_1_540' title='bbox 3547 523 3664 589; x_wconf 66' lang='grc' dir='ltr'><strong>θια-</strong></span> 
     </span>
    </p>
   </div>
   <div class='ocr_carea' id='block_1_64' title="bbox 2057 613 3003 688">
    <p class='ocr_par' dir='ltr' id='par_1_64' title="bbox 2057 613 3003 688">
     <span class='ocr_line' id='line_1_64' title="bbox 2057 613 3003 688; baseline -0.008 -14"><span class='ocrx_word' id='word_1_541' title='bbox 2057 622 2141 675; x_wconf 87' lang='lat' dir='ltr'><strong>dio</strong></span> <span class='ocrx_word' id='word_1_542' title='bbox 2169 630 2253 675; x_wconf 85' lang='lat' dir='ltr'><strong>tuo</strong></span> <span class='ocrx_word' id='word_1_543' title='bbox 2274 619 2424 682; x_wconf 75' lang='lat' dir='ltr'><strong>vises,</strong></span> <span class='ocrx_word' id='word_1_544' title='bbox 2447 628 2493 672; x_wconf 77' lang='lat' dir='ltr'><strong>et</strong></span> <span class='ocrx_word' id='word_1_545' title='bbox 2517 615 2669 688; x_wconf 79' lang='lat' dir='ltr'><strong>fratri</strong></span> <span class='ocrx_word' id='word_1_546' title='bbox 2692 623 2779 669; x_wconf 84' lang='lat' dir='ltr'><strong>tuo</strong></span> <span class='ocrx_word' id='word_1_547' title='bbox 2801 613 3003 668; x_wconf 75' lang='lat' dir='ltr'><strong>servies.</strong></span> 
     </span>
    </p>
   </div>
   <div class='ocr_carea' id='block_1_65' title="bbox 2127 696 3662 766">
    <p class='ocr_par' dir='ltr' id='par_1_65' title="bbox 2127 696 3662 766">
     <span class='ocr_line' id='line_1_65' title="bbox 2127 696 3662 766; baseline -0.01 0"><span class='ocrx_word' id='word_1_548' title='bbox 2127 712 2181 766; x_wconf 91' lang='lat'><strong>5.</strong></span> <span class='ocrx_word' id='word_1_549' title='bbox 2223 708 2492 765; x_wconf 56' lang='lat' dir='ltr'><strong>(laterum</strong></span> <span class='ocrx_word' id='word_1_550' title='bbox 2533 707 2709 762; x_wconf 87' lang='lat' dir='ltr'><strong>nullus</strong></span> <span class='ocrx_word' id='word_1_551' title='bbox 2749 705 2867 759; x_wconf 76' lang='lat' dir='ltr'><strong>bzec</strong></span> <span class='ocrx_word' id='word_1_552' title='bbox 2908 703 3133 759; x_wconf 87' lang='lat' dir='ltr'><strong>audiens</strong></span> <span class='ocrx_word' id='word_1_553' title='bbox 3178 702 3422 766; x_wconf 88' lang='lat' dir='ltr'><strong>miretur,</strong></span> <span class='ocrx_word' id='word_1_554' title='bbox 3467 696 3662 754; x_wconf 69' lang='lat' dir='ltr'><strong>vidi-ns</strong></span> 
     </span>
    </p>
   </div>
   <div class='ocr_carea' id='block_1_66' title="bbox 2058 792 3659 872">
    <p class='ocr_par' dir='ltr' id='par_1_66' title="bbox 2058 792 3659 872">
     <span class='ocr_line' id='line_1_66' title="bbox 2058 792 3659 872; baseline -0.006 -16"><span class='ocrx_word' id='word_1_555' title='bbox 2058 812 2181 872; x_wconf 80' lang='lat' dir='ltr'><strong>post</strong></span> <span class='ocrx_word' id='word_1_556' title='bbox 2210 800 2325 856; x_wconf 70' lang='lat' dir='ltr'><strong>haec</strong></span> <span class='ocrx_word' id='word_1_557' title='bbox 2355 800 2577 855; x_wconf 86' lang='lat' dir='ltr'><strong>fratrem</strong></span> <span class='ocrx_word' id='word_1_558' title='bbox 2606 798 2724 868; x_wconf 84' lang='lat' dir='ltr'><strong>ejus</strong></span> <span class='ocrx_word' id='word_1_559' title='bbox 2748 804 3029 867; x_wconf 77' lang='lat' dir='ltr'><strong>vagantem</strong></span> <span class='ocrx_word' id='word_1_560' title='bbox 3059 793 3130 849; x_wconf 90' lang='lat' dir='ltr'><strong>ob</strong></span> <span class='ocrx_word' id='word_1_561' title='bbox 3156 792 3301 847; x_wconf 87' lang='lat' dir='ltr'><strong>illius</strong></span> <span class='ocrx_word' id='word_1_562' title='bbox 3328 799 3529 846; x_wconf 88' lang='lat' dir='ltr'><strong>metum</strong></span> <span class='ocrx_word' id='word_1_563' title='bbox 3556 831 3572 856; x_wconf 87' lang='lat'><strong>,</strong></span> <span class='ocrx_word' id='word_1_564' title='bbox 3602 801 3659 846; x_wconf 87' lang='lat' dir='ltr'><strong>et</strong></span> 
     </span>
    </p>
   </div>
   <div class='ocr_carea' id='block_1_67' title="bbox 2057 882 3666 953">
    <p class='ocr_par' dir='ltr' id='par_1_67' title="bbox 2057 882 3666 953">
     <span class='ocr_line' id='line_1_67' title="bbox 2057 882 3666 953; baseline -0.009 -3"><span class='ocrx_word' id='word_1_565' title='bbox 2057 895 2109 950; x_wconf 92' lang='lat' dir='ltr'><strong>in</strong></span> <span class='ocrx_word' id='word_1_566' title='bbox 2142 905 2339 949; x_wconf 88' lang='lat' dir='ltr'><strong>terram</strong></span> <span class='ocrx_word' id='word_1_567' title='bbox 2367 892 2597 947; x_wconf 89' lang='lat' dir='ltr'><strong>alienam</strong></span> <span class='ocrx_word' id='word_1_568' title='bbox 2626 887 3039 944; x_wconf 84' lang='lat' dir='ltr'><strong>contendentem</strong></span> <span class='ocrx_word' id='word_1_569' title='bbox 3068 904 3081 940; x_wconf 88' lang='lat'><strong>:</strong></span> <span class='ocrx_word' id='word_1_570' title='bbox 3114 899 3289 953; x_wconf 87' lang='lat' dir='ltr'><strong>neque</strong></span> <span class='ocrx_word' id='word_1_571' title='bbox 3313 882 3464 937; x_wconf 75' lang='lat' dir='ltr'><strong>initia</strong></span> <span class='ocrx_word' id='word_1_572' title='bbox 3489 890 3666 938; x_wconf 83' lang='lat' dir='ltr'><strong>atten-</strong></span> 
     </span>
    </p>
   </div>
   <div class='ocr_carea' id='block_1_68' title="bbox 2057 972 3666 1048">
    <p class='ocr_par' dir='ltr' id='par_1_68' title="bbox 2057 972 3666 1048">
     <span class='ocr_line' id='line_1_68' title="bbox 2057 972 3666 1048; baseline -0.008 -10"><span class='ocrx_word' id='word_1_573' title='bbox 2057 986 2210 1048; x_wconf 88' lang='lat' dir='ltr'><strong>deus,</strong></span> <span class='ocrx_word' id='word_1_574' title='bbox 2234 978 2505 1038; x_wconf 82' lang='lat' dir='ltr'><strong>existimet</strong></span> <span class='ocrx_word' id='word_1_575' title='bbox 2521 980 2830 1035; x_wconf 87' lang='lat' dir='ltr'><strong>vaticinium</strong></span> <span class='ocrx_word' id='word_1_576' title='bbox 2848 977 3123 1034; x_wconf 76' lang='lat' dir='ltr'><strong>excidere.</strong></span> <span class='ocrx_word' id='word_1_577' title='bbox 3152 974 3285 1031; x_wconf 82' lang='lat' dir='ltr'><strong>Nam</strong></span> <span class='ocrx_word' id='word_1_578' title='bbox 3314 972 3530 1045; x_wconf 78' lang='lat' dir='ltr'><strong>quando</strong></span> <span class='ocrx_word' id='word_1_579' title='bbox 3562 972 3666 1027; x_wconf 74' lang='lat' dir='ltr'><strong>llo-</strong></span> 
     </span>
    </p>
   </div>
   <div class='ocr_carea' id='block_1_69' title="bbox 2056 1062 3666 1142">
    <p class='ocr_par' dir='ltr' id='par_1_69' title="bbox 2056 1062 3666 1142">
     <span class='ocr_line' id='line_1_69' title="bbox 2056 1062 3666 1142; baseline -0.008 -12"><span class='ocrx_word' id='word_1_580' title='bbox 2056 1076 2237 1130; x_wconf 86' lang='lat' dir='ltr'><strong>minns</strong></span> <span class='ocrx_word' id='word_1_581' title='bbox 2266 1072 2466 1142; x_wconf 85' lang='lat' dir='ltr'><strong>aliquid</strong></span> <span class='ocrx_word' id='word_1_582' title='bbox 2496 1071 2775 1141; x_wconf 89' lang='lat' dir='ltr'><strong>pollicetur</strong></span> <span class='ocrx_word' id='word_1_583' title='bbox 2794 1110 2809 1135; x_wconf 93' lang='lat'><strong>,</strong></span> <span class='ocrx_word' id='word_1_584' title='bbox 2838 1068 2941 1125; x_wconf 88' lang='lat' dir='ltr'><strong>etsi</strong></span> <span class='ocrx_word' id='word_1_585' title='bbox 2968 1066 3237 1122; x_wconf 87' lang='lat' dir='ltr'><strong>contraria</strong></span> <span class='ocrx_word' id='word_1_586' title='bbox 3266 1066 3330 1120; x_wconf 91' lang='lat' dir='ltr'><strong>iis</strong></span> <span class='ocrx_word' id='word_1_587' title='bbox 3358 1080 3479 1135; x_wconf 67' lang='lat' dir='ltr'><strong>quin</strong></span> <span class='ocrx_word' id='word_1_588' title='bbox 3508 1062 3666 1133; x_wconf 88' lang='lat' dir='ltr'><strong>polli-</strong></span> 
     </span>
    </p>
   </div>
   <div class='ocr_carea' id='block_1_70' title="bbox 2057 1156 3662 1230">
    <p class='ocr_par' dir='ltr' id='par_1_70' title="bbox 2057 1156 3662 1230">
     <span class='ocr_line' id='line_1_70' title="bbox 2057 1156 3662 1230; baseline -0.008 -9"><span class='ocrx_word' id='word_1_589' title='bbox 2057 1178 2207 1221; x_wconf 85' lang='lat' dir='ltr'><strong>cetur</strong></span> <span class='ocrx_word' id='word_1_590' title='bbox 2234 1162 2508 1218; x_wconf 86' lang='lat' dir='ltr'><strong>videamus</strong></span> <span class='ocrx_word' id='word_1_591' title='bbox 2543 1162 2594 1215; x_wconf 91' lang='lat' dir='ltr'><strong>in</strong></span> <span class='ocrx_word' id='word_1_592' title='bbox 2627 1160 2889 1230; x_wconf 89' lang='lat' dir='ltr'><strong>principio</strong></span> <span class='ocrx_word' id='word_1_593' title='bbox 2918 1158 3168 1220; x_wconf 81' lang='lat' dir='ltr'><strong>evenire,</strong></span> <span class='ocrx_word' id='word_1_594' title='bbox 3199 1171 3305 1212; x_wconf 92' lang='lat' dir='ltr'><strong>non</strong></span> <span class='ocrx_word' id='word_1_595' title='bbox 3338 1156 3614 1211; x_wconf 84' lang='lat' dir='ltr'><strong>turbentur</strong></span> <span class='ocrx_word' id='word_1_596' title='bbox 3649 1176 3662 1208; x_wconf 89' lang='lat'><strong>:</strong></span> 
     </span>
    </p>
   </div>
   <div class='ocr_carea' id='block_1_71' title="bbox 2059 1245 3661 1324">
    <p class='ocr_par' dir='ltr' id='par_1_71' title="bbox 2059 1245 3661 1324">
     <span class='ocr_line' id='line_1_71' title="bbox 2059 1245 3661 1324; baseline -0.007 -13"><span class='ocrx_word' id='word_1_597' title='bbox 2059 1270 2233 1324; x_wconf 64' lang='lat' dir='ltr'><strong>neque</strong></span> <span class='ocrx_word' id='word_1_598' title='bbox 2262 1256 2406 1309; x_wconf 89' lang='lat' dir='ltr'><strong>enim</strong></span> <span class='ocrx_word' id='word_1_599' title='bbox 2441 1252 2691 1324; x_wconf 89' lang='lat' dir='ltr'><strong>possibile</strong></span> <span class='ocrx_word' id='word_1_600' title='bbox 2720 1258 2805 1307; x_wconf 91' lang='lat' dir='ltr'><strong>est</strong></span> <span class='ocrx_word' id='word_1_601' title='bbox 2834 1261 2891 1305; x_wconf 90' lang='lat' dir='ltr'><strong>ut</strong></span> <span class='ocrx_word' id='word_1_602' title='bbox 2918 1250 2985 1305; x_wconf 89' lang='lat' dir='ltr'><strong>ad</strong></span> <span class='ocrx_word' id='word_1_603' title='bbox 3011 1249 3170 1304; x_wconf 85' lang='lat' dir='ltr'><strong>finem</strong></span> <span class='ocrx_word' id='word_1_604' title='bbox 3196 1262 3365 1318; x_wconf 87' lang='lat' dir='ltr'><strong>usque</strong></span> <span class='ocrx_word' id='word_1_605' title='bbox 3394 1245 3661 1322; x_wconf 73' lang='lat' dir='ltr'><strong>promissa</strong></span> 
     </span>
    </p>
   </div>
   <div class='ocr_carea' id='block_1_72' title="bbox 2058 1334 3666 1410">
    <p class='ocr_par' dir='ltr' id='par_1_72' title="bbox 2058 1334 3666 1410">
     <span class='ocr_line' id='line_1_72' title="bbox 2058 1334 3666 1410; baseline -0.007 -7"><span class='ocrx_word' id='word_1_606' title='bbox 2058 1348 2329 1403; x_wconf 79' lang='lat' dir='ltr'><strong>excidant.</strong></span> <span class='ocrx_word' id='word_1_607' title='bbox 2366 1345 2479 1399; x_wconf 89' lang='lat' dir='ltr'><strong>lloc</strong></span> <span class='ocrx_word' id='word_1_608' title='bbox 2502 1353 2682 1399; x_wconf 87' lang='lat' dir='ltr'><strong>autem</strong></span> <span class='ocrx_word' id='word_1_609' title='bbox 2714 1342 2804 1409; x_wconf 78' lang='grc' dir='ltr'>ιιι,</span> <span class='ocrx_word' id='word_1_610' title='bbox 2837 1351 2894 1397; x_wconf 85' lang='grc' dir='ltr'><strong>ιιι</strong></span> <span class='ocrx_word' id='word_1_611' title='bbox 2922 1341 3049 1396; x_wconf 90' lang='lat' dir='ltr'><strong>dum</strong></span> <span class='ocrx_word' id='word_1_612' title='bbox 3074 1340 3198 1410; x_wconf 83' lang='lat' dir='ltr'><strong>justi</strong></span> <span class='ocrx_word' id='word_1_613' title='bbox 3228 1354 3324 1409; x_wconf 88' lang='lat' dir='ltr'><strong>per</strong></span> <span class='ocrx_word' id='word_1_614' title='bbox 3352 1337 3529 1393; x_wconf 88' lang='lat' dir='ltr'><strong>omnia</strong></span> <span class='ocrx_word' id='word_1_615' title='bbox 3558 1334 3666 1392; x_wconf 55' lang='lat' dir='ltr'><strong>ful-’</strong></span> 
     </span>
    </p>
   </div>
   <div class='ocr_carea' id='block_1_73' title="bbox 2058 1425 3661 1511">
    <p class='ocr_par' dir='ltr' id='par_1_73' title="bbox 2058 1425 3661 1511">
     <span class='ocr_line' id='line_1_73' title="bbox 2058 1425 3661 1511; baseline -0.004 -19"><span class='ocrx_word' id='word_1_616' title='bbox 2058 1440 2291 1511; x_wconf 87' lang='lat' dir='ltr'><strong>gidiores</strong></span> <span class='ocrx_word' id='word_1_617' title='bbox 2315 1436 2612 1493; x_wconf 82' lang='lat' dir='ltr'><strong>redduntur</strong></span> <span class='ocrx_word' id='word_1_618' title='bbox 2629 1478 2643 1499; x_wconf 89' lang='lat'><strong>,</strong></span> <span class='ocrx_word' id='word_1_619' title='bbox 2670 1433 3050 1489; x_wconf 83' lang='lat' dir='ltr'><strong>abundantiam</strong></span> <span class='ocrx_word' id='word_1_620' title='bbox 3072 1432 3284 1487; x_wconf 88' lang='lat' dir='ltr'><strong>virtutis</strong></span> <span class='ocrx_word' id='word_1_621' title='bbox 3312 1429 3405 1484; x_wconf 88' lang='lat' dir='ltr'><strong>Dei</strong></span> <span class='ocrx_word' id='word_1_622' title='bbox 3432 1444 3486 1483; x_wconf 92' lang='lat' dir='ltr'><strong>m</strong></span> <span class='ocrx_word' id='word_1_623' title='bbox 3504 1425 3661 1485; x_wconf 66' lang='grc' dir='ltr'><strong>νηπο-</strong></span> 
     </span>
    </p>
   </div>
   <div class='ocr_carea' id='block_1_74' title="bbox 2060 1520 3661 1591">
    <p class='ocr_par' dir='ltr' id='par_1_74' title="bbox 2060 1520 3661 1591">
     <span class='ocr_line' id='line_1_74' title="bbox 2060 1520 3661 1591; baseline -0.007 -6"><span class='ocrx_word' id='word_1_624' title='bbox 2060 1540 2197 1585; x_wconf 86' lang='lat' dir='ltr'><strong>stam</strong></span> <span class='ocrx_word' id='word_1_625' title='bbox 2216 1529 2371 1585; x_wconf 87' lang='lat' dir='ltr'><strong>nobis</strong></span> <span class='ocrx_word' id='word_1_626' title='bbox 2392 1529 2636 1583; x_wconf 76' lang='lat' dir='ltr'><strong>omnibus</strong></span> <span class='ocrx_word' id='word_1_627' title='bbox 2655 1527 2867 1580; x_wconf 84' lang='lat' dir='ltr'><strong>faciant.</strong></span> <span class='ocrx_word' id='word_1_628' title='bbox 2898 1524 2965 1578; x_wconf 84' lang='lat' dir='ltr'><strong>Et</strong></span> <span class='ocrx_word' id='word_1_629' title='bbox 2988 1525 3376 1591; x_wconf 83' lang='lat' dir='ltr'><strong>inunoquoquc</strong></span> <span class='ocrx_word' id='word_1_630' title='bbox 3392 1520 3661 1590; x_wconf 79' lang='lat' dir='ltr'><strong>iustorum</strong></span> 
     </span>
    </p>
   </div>
   <div class='ocr_carea' id='block_1_75' title="bbox 2062 1609 3669 1683">
    <p class='ocr_par' dir='ltr' id='par_1_75' title="bbox 2062 1609 3669 1683">
     <span class='ocr_line' id='line_1_75' title="bbox 2062 1609 3669 1683; baseline -0.008 -8"><span class='ocrx_word' id='word_1_631' title='bbox 2062 1621 2167 1676; x_wconf 90' lang='lat' dir='ltr'><strong>hoc</strong></span> <span class='ocrx_word' id='word_1_632' title='bbox 2198 1622 2436 1675; x_wconf 80' lang='lat' dir='ltr'><strong>invenies</strong></span> <span class='ocrx_word' id='word_1_633' title='bbox 2455 1661 2469 1683; x_wconf 87' lang='lat'><strong>,</strong></span> <span class='ocrx_word' id='word_1_634' title='bbox 2500 1621 2545 1674; x_wconf 89' lang='lat' dir='ltr'><strong>si</strong></span> <span class='ocrx_word' id='word_1_635' title='bbox 2574 1618 2803 1673; x_wconf 82' lang='lat' dir='ltr'><strong>volueris</strong></span> <span class='ocrx_word' id='word_1_636' title='bbox 2838 1616 3089 1670; x_wconf 82' lang='lat' dir='ltr'><strong>historias</strong></span> <span class='ocrx_word' id='word_1_637' title='bbox 3114 1614 3350 1683; x_wconf 78' lang='lat' dir='ltr'><strong>singulas</strong></span> <span class='ocrx_word' id='word_1_638' title='bbox 3379 1609 3669 1681; x_wconf 80' lang='lat' dir='ltr'><strong>diligenter</strong></span> 
     </span>
    </p>
   </div>
   <div class='ocr_carea' id='block_1_76' title="bbox 2058 1704 3662 1779">
    <p class='ocr_par' dir='ltr' id='par_1_76' title="bbox 2058 1704 3662 1779">
     <span class='ocr_line' id='line_1_76' title="bbox 2058 1704 3662 1779; baseline -0.007 -14"><span class='ocrx_word' id='word_1_639' title='bbox 2058 1713 2509 1777; x_wconf 82' lang='lat' dir='ltr'><strong>animadvertere,</strong></span> <span class='ocrx_word' id='word_1_640' title='bbox 2540 1709 2681 1779; x_wconf 87' lang='lat' dir='ltr'><strong>quod</strong></span> <span class='ocrx_word' id='word_1_641' title='bbox 2728 1724 2857 1763; x_wconf 82' lang='lat' dir='ltr'><strong>sane</strong></span> <span class='ocrx_word' id='word_1_642' title='bbox 2900 1721 3042 1760; x_wconf 85' lang='lat' dir='ltr'><strong>nunc</strong></span> <span class='ocrx_word' id='word_1_643' title='bbox 3083 1718 3295 1774; x_wconf 86' lang='lat' dir='ltr'><strong>quoque</strong></span> <span class='ocrx_word' id='word_1_644' title='bbox 3332 1704 3530 1756; x_wconf 84' lang='lat' dir='ltr'><strong>factum</strong></span> <span class='ocrx_word' id='word_1_645' title='bbox 3555 1708 3662 1756; x_wconf 84' lang='lat' dir='ltr'><strong>est.</strong></span> 
     </span>
    </p>
   </div>
   <div class='ocr_carea' id='block_1_77' title="bbox 2059 1794 3665 1871">
    <p class='ocr_par' dir='ltr' id='par_1_77' title="bbox 2059 1794 3665 1871">
     <span class='ocr_line' id='line_1_77' title="bbox 2059 1794 3665 1871; baseline -0.009 -11"><span class='ocrx_word' id='word_1_646' title='bbox 2059 1805 2138 1860; x_wconf 88' lang='lat' dir='ltr'><strong>Ne</strong></span> <span class='ocrx_word' id='word_1_647' title='bbox 2169 1804 2269 1859; x_wconf 88' lang='lat' dir='ltr'><strong>hoc</strong></span> <span class='ocrx_word' id='word_1_648' title='bbox 2290 1803 2555 1865; x_wconf 87' lang='lat' dir='ltr'><strong>attendas,</strong></span> <span class='ocrx_word' id='word_1_649' title='bbox 2580 1800 2723 1871; x_wconf 85' lang='lat' dir='ltr'><strong>quod</strong></span> <span class='ocrx_word' id='word_1_650' title='bbox 2755 1816 2895 1854; x_wconf 90' lang='lat' dir='ltr'><strong>nunc</strong></span> <span class='ocrx_word' id='word_1_651' title='bbox 2916 1798 3094 1852; x_wconf 87' lang='lat' dir='ltr'><strong>statim</strong></span> <span class='ocrx_word' id='word_1_652' title='bbox 3127 1794 3385 1867; x_wconf 79' lang='lat' dir='ltr'><strong>profugus</strong></span> <span class='ocrx_word' id='word_1_653' title='bbox 3413 1794 3485 1849; x_wconf 88' lang='lat' dir='ltr'><strong>sit</strong></span> <span class='ocrx_word' id='word_1_654' title='bbox 3506 1834 3522 1860; x_wconf 91' lang='lat'><strong>,</strong></span> <span class='ocrx_word' id='word_1_655' title='bbox 3567 1794 3665 1848; x_wconf 87' lang='lat' dir='ltr'><strong>sed</strong></span> 
     </span>
    </p>
   </div>
   <div class='ocr_carea' id='block_1_78' title="bbox 2059 1885 3668 1967">
    <p class='ocr_par' dir='ltr' id='par_1_78' title="bbox 2059 1885 3668 1967">
     <span class='ocr_line' id='line_1_78' title="bbox 2059 1885 3668 1967; baseline -0.007 -15"><span class='ocrx_word' id='word_1_656' title='bbox 2059 1898 2232 1967; x_wconf 75' lang='lat' dir='ltr'><strong>cogita</strong></span> <span class='ocrx_word' id='word_1_657' title='bbox 2280 1896 2507 1967; x_wconf 77' lang='lat' dir='ltr'><strong>gloriam</strong></span> <span class='ocrx_word' id='word_1_658' title='bbox 2544 1909 2665 1965; x_wconf 73' lang='lat' dir='ltr'><strong>qua:</strong></span> <span class='ocrx_word' id='word_1_659' title='bbox 2694 1893 2917 1963; x_wconf 85' lang='lat' dir='ltr'><strong>posthac</strong></span> <span class='ocrx_word' id='word_1_660' title='bbox 2952 1898 3238 1961; x_wconf 85' lang='lat' dir='ltr'><strong>sequetur;</strong></span> <span class='ocrx_word' id='word_1_661' title='bbox 3290 1896 3351 1943; x_wconf 93' lang='lat' dir='ltr'><strong>ut</strong></span> <span class='ocrx_word' id='word_1_662' title='bbox 3395 1885 3668 1958; x_wconf 88' lang='lat' dir='ltr'><strong>quomodo</strong></span> 
     </span>
    </p>
   </div>
   <div class='ocr_carea' id='block_1_79' title="bbox 2062 1968 3666 2059">
    <p class='ocr_par' dir='ltr' id='par_1_79' title="bbox 2062 1968 3666 2059">
     <span class='ocr_line' id='line_1_79' title="bbox 2062 1968 3666 2059; baseline -0.009 -16"><span class='ocrx_word' id='word_1_663' title='bbox 2062 1968 2319 2059; x_wconf 81' lang='lat' dir='ltr'><strong>temporis</strong></span> <span class='ocrx_word' id='word_1_664' title='bbox 2362 2001 2615 2058; x_wconf 82' lang='lat' dir='ltr'><strong>processu</strong></span> <span class='ocrx_word' id='word_1_665' title='bbox 2664 1985 2752 2039; x_wconf 90' lang='lat' dir='ltr'><strong>hic</strong></span> <span class='ocrx_word' id='word_1_666' title='bbox 2791 1984 2906 2054; x_wconf 87' lang='lat' dir='ltr'><strong>ipse</strong></span> <span class='ocrx_word' id='word_1_667' title='bbox 2952 1985 3032 2037; x_wconf 87' lang='lat' dir='ltr'><strong>sic</strong></span> <span class='ocrx_word' id='word_1_668' title='bbox 3074 1979 3329 2036; x_wconf 87' lang='lat' dir='ltr'><strong>terribilis</strong></span> <span class='ocrx_word' id='word_1_669' title='bbox 3365 1978 3439 2033; x_wconf 90' lang='lat' dir='ltr'><strong>illi</strong></span> <span class='ocrx_word' id='word_1_670' title='bbox 3475 1978 3666 2042; x_wconf 82' lang='lat' dir='ltr'><strong>factus,</strong></span> 
     </span>
    </p>
   </div>
   <div class='ocr_carea' id='block_1_80' title="bbox 2060 2066 3670 2149">
    <p class='ocr_par' dir='ltr' id='par_1_80' title="bbox 2060 2066 3670 2149">
     <span class='ocr_line' id='line_1_80' title="bbox 2060 2066 3670 2149; baseline -0.009 -14"><span class='ocrx_word' id='word_1_671' title='bbox 2060 2090 2265 2135; x_wconf 87' lang='lat' dir='ltr'><strong>tantam</strong></span> <span class='ocrx_word' id='word_1_672' title='bbox 2308 2095 2431 2149; x_wconf 84' lang='lat' dir='ltr'><strong>erga</strong></span> <span class='ocrx_word' id='word_1_673' title='bbox 2478 2092 2601 2133; x_wconf 90' lang='lat' dir='ltr'><strong>eum</strong></span> <span class='ocrx_word' id='word_1_674' title='bbox 2641 2075 2875 2131; x_wconf 84' lang='lat' dir='ltr'><strong>declaret</strong></span> <span class='ocrx_word' id='word_1_675' title='bbox 2920 2071 3285 2129; x_wconf 87' lang='lat' dir='ltr'><strong>reverentiam</strong></span> <span class='ocrx_word' id='word_1_676' title='bbox 3333 2087 3347 2124; x_wconf 93' lang='lat'><strong>:</strong></span> <span class='ocrx_word' id='word_1_677' title='bbox 3396 2066 3670 2139; x_wconf 89' lang='lat' dir='ltr'><strong>quomodo</strong></span> 
     </span>
    </p>
   </div>
   <div class='ocr_carea' id='block_1_81' title="bbox 2063 2159 3665 2239">
    <p class='ocr_par' dir='ltr' id='par_1_81' title="bbox 2063 2159 3665 2239">
     <span class='ocr_line' id='line_1_81' title="bbox 2063 2159 3665 2239; baseline -0.01 -11"><span class='ocrx_word' id='word_1_678' title='bbox 2063 2174 2190 2229; x_wconf 88' lang='lat' dir='ltr'><strong>item</strong></span> <span class='ocrx_word' id='word_1_679' title='bbox 2212 2172 2264 2226; x_wconf 91' lang='lat' dir='ltr'><strong>in</strong></span> <span class='ocrx_word' id='word_1_680' title='bbox 2294 2180 2496 2226; x_wconf 90' lang='lat' dir='ltr'><strong>tantam</strong></span> <span class='ocrx_word' id='word_1_681' title='bbox 2518 2167 2721 2224; x_wconf 81' lang='lat' dir='ltr'><strong>venerit</strong></span> <span class='ocrx_word' id='word_1_682' title='bbox 2749 2167 2975 2239; x_wconf 84' lang='lat' dir='ltr'><strong>gloriam</strong></span> <span class='ocrx_word' id='word_1_683' title='bbox 2999 2172 3122 2236; x_wconf 89' lang='lat' dir='ltr'><strong>post</strong></span> <span class='ocrx_word' id='word_1_684' title='bbox 3146 2175 3432 2227; x_wconf 66' lang='lat' dir='ltr'><strong>aerumnas,</strong></span> <span class='ocrx_word' id='word_1_685' title='bbox 3454 2174 3589 2231; x_wconf 87' lang='lat' dir='ltr'><strong>quas</strong></span> <span class='ocrx_word' id='word_1_686' title='bbox 3611 2159 3665 2213; x_wconf 93' lang='lat' dir='ltr'><strong>in</strong></span> 
     </span>
    </p>
   </div>
   <div class='ocr_carea' id='block_1_82' title="bbox 2064 2252 3667 2332">
    <p class='ocr_par' dir='ltr' id='par_1_82' title="bbox 2064 2252 3667 2332">
     <span class='ocr_line' id='line_1_82' title="bbox 2064 2252 3667 2332; baseline -0.01 -11"><span class='ocrx_word' id='word_1_687' title='bbox 2064 2277 2207 2323; x_wconf 86' lang='lat' dir='ltr'><strong>terra</strong></span> <span class='ocrx_word' id='word_1_688' title='bbox 2235 2265 2405 2319; x_wconf 87' lang='lat' dir='ltr'><strong>aliena</strong></span> <span class='ocrx_word' id='word_1_689' title='bbox 2429 2263 2571 2327; x_wconf 92' lang='lat' dir='ltr'><strong>tulit,</strong></span> <span class='ocrx_word' id='word_1_690' title='bbox 2600 2270 2659 2317; x_wconf 91' lang='lat' dir='ltr'><strong>ut</strong></span> <span class='ocrx_word' id='word_1_691' title='bbox 2686 2261 2776 2332; x_wconf 90' lang='lat' dir='ltr'><strong>qui</strong></span> <span class='ocrx_word' id='word_1_692' title='bbox 2802 2275 2868 2315; x_wconf 80' lang='lat' dir='ltr'><strong>ex</strong></span> <span class='ocrx_word' id='word_1_693' title='bbox 2896 2258 3013 2327; x_wconf 89' lang='lat' dir='ltr'><strong>ipso</strong></span> <span class='ocrx_word' id='word_1_694' title='bbox 3042 2256 3151 2312; x_wconf 90' lang='lat' dir='ltr'><strong>nati</strong></span> <span class='ocrx_word' id='word_1_695' title='bbox 3178 2264 3324 2319; x_wconf 85' lang='lat' dir='ltr'><strong>sunt,</strong></span> <span class='ocrx_word' id='word_1_696' title='bbox 3348 2253 3402 2308; x_wconf 90' lang='lat' dir='ltr'><strong>in</strong></span> <span class='ocrx_word' id='word_1_697' title='bbox 3435 2252 3667 2308; x_wconf 81' lang='lat' dir='ltr'><strong>immen-</strong></span> 
     </span>
    </p>
   </div>
   <div class='ocr_carea' id='block_1_83' title="bbox 2063 2343 3665 2424">
    <p class='ocr_par' dir='ltr' id='par_1_83' title="bbox 2063 2343 3665 2424">
     <span class='ocr_line' id='line_1_83' title="bbox 2063 2343 3665 2424; baseline -0.011 -11"><span class='ocrx_word' id='word_1_698' title='bbox 2063 2373 2180 2413; x_wconf 88' lang='lat' dir='ltr'><strong>sam</strong></span> <span class='ocrx_word' id='word_1_699' title='bbox 2204 2354 2601 2412; x_wconf 87' lang='lat' dir='ltr'><strong>multitudinem</strong></span> <span class='ocrx_word' id='word_1_700' title='bbox 2642 2358 3006 2424; x_wconf 86' lang='lat' dir='ltr'><strong>propagentur</strong></span> <span class='ocrx_word' id='word_1_701' title='bbox 3028 2388 3045 2416; x_wconf 93' lang='lat'><strong>,</strong></span> <span class='ocrx_word' id='word_1_702' title='bbox 3077 2356 3134 2403; x_wconf 89' lang='lat' dir='ltr'><strong>et</strong></span> <span class='ocrx_word' id='word_1_703' title='bbox 3161 2346 3279 2417; x_wconf 88' lang='lat' dir='ltr'><strong>ejus</strong></span> <span class='ocrx_word' id='word_1_704' title='bbox 3306 2343 3527 2400; x_wconf 89' lang='lat' dir='ltr'><strong>nomine</strong></span> <span class='ocrx_word' id='word_1_705' title='bbox 3554 2352 3665 2401; x_wconf 85' lang='lat' dir='ltr'><strong>tota</strong></span> 
     </span>
    </p>
   </div>
   <div class='ocr_carea' id='block_1_84' title="bbox 2062 2436 3669 2521">
    <p class='ocr_par' dir='ltr' id='par_1_84' title="bbox 2062 2436 3669 2521">
     <span class='ocr_line' id='line_1_84' title="bbox 2062 2436 3669 2521; baseline -0.01 -17"><span class='ocrx_word' id='word_1_706' title='bbox 2062 2465 2195 2521; x_wconf 86' lang='lat' dir='ltr'><strong>gens</strong></span> <span class='ocrx_word' id='word_1_707' title='bbox 2222 2445 2627 2518; x_wconf 78' lang='lat' dir='ltr'><strong>cognominatur</strong></span> <span class='ocrx_word' id='word_1_708' title='bbox 2646 2453 2701 2499; x_wconf 91' lang='lat' dir='ltr'><strong>et</strong></span> <span class='ocrx_word' id='word_1_709' title='bbox 2721 2442 3055 2513; x_wconf 82' lang='lat' dir='ltr'><strong>insigniatur.</strong></span> <span class='ocrx_word' id='word_1_710' title='bbox 3088 2439 3238 2495; x_wconf 84' lang='lat' dir='ltr'><strong>Nunc</strong></span> <span class='ocrx_word' id='word_1_711' title='bbox 3265 2447 3444 2492; x_wconf 84' lang='lat' dir='ltr'><strong>autem</strong></span> <span class='ocrx_word' id='word_1_712' title='bbox 3469 2436 3669 2493; x_wconf 82' lang='lat' dir='ltr'><strong>docens</strong></span> 
     </span>
    </p>
   </div>
   <div class='ocr_carea' id='block_1_85' title="bbox 2064 2528 3668 2607">
    <p class='ocr_par' dir='ltr' id='par_1_85' title="bbox 2064 2528 3668 2607">
     <span class='ocr_line' id='line_1_85' title="bbox 2064 2528 3668 2607; baseline -0.009 -12"><span class='ocrx_word' id='word_1_713' title='bbox 2064 2557 2162 2595; x_wconf 85' lang='lat' dir='ltr'><strong>nos</strong></span> <span class='ocrx_word' id='word_1_714' title='bbox 2200 2540 2379 2595; x_wconf 86' lang='lat' dir='ltr'><strong>divina</strong></span> <span class='ocrx_word' id='word_1_715' title='bbox 2418 2537 2695 2607; x_wconf 87' lang='lat' dir='ltr'><strong>Scriptura</strong></span> <span class='ocrx_word' id='word_1_716' title='bbox 2744 2535 2923 2590; x_wconf 88' lang='lat' dir='ltr'><strong>fratris</strong></span> <span class='ocrx_word' id='word_1_717' title='bbox 2956 2532 3411 2602; x_wconf 87' lang='lat' dir='ltr'><strong>indignationem,</strong></span> <span class='ocrx_word' id='word_1_718' title='bbox 3456 2543 3562 2601; x_wconf 87' lang='lat' dir='ltr'><strong>qua</strong></span> <span class='ocrx_word' id='word_1_719' title='bbox 3600 2528 3668 2584; x_wconf 87' lang='lat' dir='ltr'><strong>ad</strong></span> 
     </span>
    </p>
   </div>
   <div class='ocr_carea' id='block_1_86' title="bbox 2065 2623 3672 2701">
    <p class='ocr_par' dir='ltr' id='par_1_86' title="bbox 2065 2623 3672 2701">
     <span class='ocr_line' id='line_1_86' title="bbox 2065 2623 3672 2701; baseline -0.01 -12"><span class='ocrx_word' id='word_1_720' title='bbox 2065 2633 2411 2689; x_wconf 88' lang='lat' dir='ltr'><strong>homicidium</strong></span> <span class='ocrx_word' id='word_1_721' title='bbox 2446 2630 2749 2701; x_wconf 86' lang='lat' dir='ltr'><strong>spectabat,</strong></span> <span class='ocrx_word' id='word_1_722' title='bbox 2784 2627 2958 2698; x_wconf 86' lang='lat' dir='ltr'><strong>inquit</strong></span> <span class='ocrx_word' id='word_1_723' title='bbox 2990 2645 3003 2680; x_wconf 86' lang='lat'><strong>:</strong></span> <span class='ocrx_word' id='word_1_724' title='bbox 3036 2628 3124 2681; x_wconf 72' lang='grc'><strong>41.</strong></span> <span class='ocrx_word' id='word_1_725' title='bbox 3154 2624 3223 2678; x_wconf 83' lang='lat' dir='ltr'><strong>Et</strong></span> <span class='ocrx_word' id='word_1_726' title='bbox 3246 2625 3363 2678; x_wconf 88' lang='lat' dir='ltr'><strong>odio</strong></span> <span class='ocrx_word' id='word_1_727' title='bbox 3384 2623 3527 2695; x_wconf 74' lang='lat' dir='ltr'><strong>grani</strong></span> <span class='ocrx_word' id='word_1_728' title='bbox 3548 2637 3672 2693; x_wconf 77' lang='lat' dir='ltr'><strong>pro-</strong></span> 
     </span>
    </p>
   </div>
   <div class='ocr_carea' id='block_1_87' title="bbox 2063 2716 3670 2797">
    <p class='ocr_par' dir='ltr' id='par_1_87' title="bbox 2063 2716 3670 2797">
     <span class='ocr_line' id='line_1_87' title="bbox 2063 2716 3670 2797; baseline -0.006 -16"><span class='ocrx_word' id='word_1_729' title='bbox 2063 2727 2363 2797; x_wconf 81' lang='lat' dir='ltr'><strong>sequebatur</strong></span> <span class='ocrx_word' id='word_1_730' title='bbox 2400 2724 2543 2779; x_wconf 82' lang='lat' dir='ltr'><strong>Esm&#39;t</strong></span> <span class='ocrx_word' id='word_1_731' title='bbox 2582 2722 2744 2778; x_wconf 69' lang='lat' dir='ltr'><strong>Iacob</strong></span> <span class='ocrx_word' id='word_1_732' title='bbox 2780 2731 2986 2793; x_wconf 85' lang='lat' dir='ltr'><strong>propter</strong></span> <span class='ocrx_word' id='word_1_733' title='bbox 3012 2719 3432 2780; x_wconf 87' lang='lat' dir='ltr'><strong>benedictionem,</strong></span> <span class='ocrx_word' id='word_1_734' title='bbox 3456 2733 3556 2789; x_wconf 82' lang='lat' dir='ltr'><strong>qun</strong></span> <span class='ocrx_word' id='word_1_735' title='bbox 3582 2716 3670 2772; x_wconf 75' lang='lat' dir='ltr'><strong>bc-</strong></span> 
     </span>
    </p>
   </div>
   <div class='ocr_carea' id='block_1_88' title="bbox 2064 2808 3671 2887">
    <p class='ocr_par' dir='ltr' id='par_1_88' title="bbox 2064 2808 3671 2887">
     <span class='ocr_line' id='line_1_88' title="bbox 2064 2808 3671 2887; baseline -0.006 -12"><span class='ocrx_word' id='word_1_736' title='bbox 2064 2822 2327 2875; x_wconf 76' lang='lat' dir='ltr'><strong>nedixerat</strong></span> <span class='ocrx_word' id='word_1_737' title='bbox 2368 2835 2481 2872; x_wconf 87' lang='lat' dir='ltr'><strong>eum</strong></span> <span class='ocrx_word' id='word_1_738' title='bbox 2520 2827 2661 2887; x_wconf 88' lang='lat' dir='ltr'><strong>pater</strong></span> <span class='ocrx_word' id='word_1_739' title='bbox 2701 2833 2845 2871; x_wconf 84' lang='lat' dir='ltr'><strong>suus.</strong></span> <span class='ocrx_word' id='word_1_740' title='bbox 2889 2815 2956 2869; x_wconf 81' lang='lat' dir='ltr'><strong>Et</strong></span> <span class='ocrx_word' id='word_1_741' title='bbox 2996 2823 3054 2868; x_wconf 89' lang='lat' dir='ltr'><strong>ut</strong></span> <span class='ocrx_word' id='word_1_742' title='bbox 3096 2813 3329 2868; x_wconf 86' lang='lat' dir='ltr'><strong>sciamus</strong></span> <span class='ocrx_word' id='word_1_743' title='bbox 3360 2826 3465 2864; x_wconf 88' lang='lat' dir='ltr'><strong>non</strong></span> <span class='ocrx_word' id='word_1_744' title='bbox 3507 2808 3671 2865; x_wconf 72' lang='lat' dir='ltr'><strong>luisse</strong></span> 
     </span>
    </p>
   </div>
   <div class='ocr_carea' id='block_1_89' title="bbox 2064 2900 3670 2981">
    <p class='ocr_par' dir='ltr' id='par_1_89' title="bbox 2064 2900 3670 2981">
     <span class='ocr_line' id='line_1_89' title="bbox 2064 2900 3670 2981; baseline -0.009 -15"><span class='ocrx_word' id='word_1_745' title='bbox 2064 2912 2363 2981; x_wconf 77' lang='lat' dir='ltr'><strong>simplicem</strong></span> <span class='ocrx_word' id='word_1_746' title='bbox 2395 2908 2730 2965; x_wconf 84' lang='lat' dir='ltr'><strong>subitancam</strong></span> <span class='ocrx_word' id='word_1_747' title='bbox 2766 2907 2933 2971; x_wconf 88' lang='lat' dir='ltr'><strong>iram,</strong></span> <span class='ocrx_word' id='word_1_748' title='bbox 2965 2919 3063 2975; x_wconf 85' lang='lat' dir='ltr'><strong>per</strong></span> <span class='ocrx_word' id='word_1_749' title='bbox 3090 2903 3381 2959; x_wconf 87' lang='lat' dir='ltr'><strong>dictionem</strong></span> <span class='ocrx_word' id='word_1_750' title='bbox 3414 2901 3569 2958; x_wconf 78' lang='lat' dir='ltr'><strong>nobis</strong></span> <span class='ocrx_word' id='word_1_751' title='bbox 3592 2900 3636 2955; x_wconf 82' lang='lat' dir='ltr'><strong>si</strong></span> <span class='ocrx_word' id='word_1_752' title='bbox 3662 2934 3670 2941; x_wconf 81' lang='lat'><strong>-</strong></span> 
     </span>
    </p>
   </div>
   <div class='ocr_carea' id='block_1_90' title="bbox 2064 2993 3672 3072">
    <p class='ocr_par' dir='ltr' id='par_1_90' title="bbox 2064 2993 3672 3072">
     <span class='ocr_line' id='line_1_90' title="bbox 2064 2993 3672 3072; baseline -0.007 -16"><span class='ocrx_word' id='word_1_753' title='bbox 2064 3004 2335 3072; x_wconf 82' lang='lat' dir='ltr'><strong>gnilieavit</strong></span> <span class='ocrx_word' id='word_1_754' title='bbox 2359 3000 2576 3054; x_wconf 77' lang='lat' dir='ltr'><strong>malitia:</strong></span> <span class='ocrx_word' id='word_1_755' title='bbox 2604 2998 2720 3067; x_wconf 87' lang='lat' dir='ltr'><strong>ejus</strong></span> <span class='ocrx_word' id='word_1_756' title='bbox 2747 3010 3049 3051; x_wconf 79' lang='lat' dir='ltr'><strong>excessum.</strong></span> <span class='ocrx_word' id='word_1_757' title='bbox 3081 2993 3238 3049; x_wconf 72' lang='lat' dir='ltr'><strong>Gravi</strong></span> <span class='ocrx_word' id='word_1_758' title='bbox 3257 2995 3374 3047; x_wconf 91' lang='lat' dir='ltr'><strong>odio</strong></span> <span class='ocrx_word' id='word_1_759' title='bbox 3406 3007 3672 3063; x_wconf 70' lang='lat' dir='ltr'><strong>proseque-</strong></span> 
     </span>
    </p>
   </div>
   <div class='ocr_carea' id='block_1_91' title="bbox 2066 3081 3666 3157">
    <p class='ocr_par' dir='ltr' id='par_1_91' title="bbox 2066 3081 3666 3157">
     <span class='ocr_line' id='line_1_91' title="bbox 2066 3081 3666 3157; baseline -0.006 -12"><span class='ocrx_word' id='word_1_760' title='bbox 2066 3092 2234 3157; x_wconf 82' lang='lat' dir='ltr'><strong>batur,</strong></span> <span class='ocrx_word' id='word_1_761' title='bbox 2265 3092 2392 3144; x_wconf 85' lang='lat' dir='ltr'><strong>uicit</strong></span> <span class='ocrx_word' id='word_1_762' title='bbox 2423 3088 2567 3142; x_wconf 90' lang='lat' dir='ltr'><strong>:-hoe</strong></span> <span class='ocrx_word' id='word_1_763' title='bbox 2587 3097 2689 3153; x_wconf 90' lang='lat' dir='ltr'><strong>est,</strong></span> <span class='ocrx_word' id='word_1_764' title='bbox 2720 3087 2951 3141; x_wconf 86' lang='lat' dir='ltr'><strong>instabat</strong></span> <span class='ocrx_word' id='word_1_765' title='bbox 2972 3092 3029 3141; x_wconf 85' lang='lat' dir='ltr'><strong>et</strong></span> <span class='ocrx_word' id='word_1_766' title='bbox 3055 3084 3436 3154; x_wconf 89' lang='lat' dir='ltr'><strong>perseverabat</strong></span> <span class='ocrx_word' id='word_1_767' title='bbox 3460 3081 3666 3142; x_wconf 89' lang='lat' dir='ltr'><strong>odium.</strong></span> 
     </span>
    </p>
   </div>
   <div class='ocr_carea' id='block_1_92' title="bbox 2069 3173 3672 3249">
    <p class='ocr_par' dir='ltr' id='par_1_92' title="bbox 2069 3173 3672 3249">
     <span class='ocr_line' id='line_1_92' title="bbox 2069 3173 3672 3249; baseline -0.007 -11"><span class='ocrx_word' id='word_1_768' title='bbox 2069 3188 2137 3238; x_wconf 79' lang='lat' dir='ltr'><strong>ita</strong></span> <span class='ocrx_word' id='word_1_769' title='bbox 2171 3195 2224 3239; x_wconf 87' lang='lat' dir='ltr'><strong>ut</strong></span> <span class='ocrx_word' id='word_1_770' title='bbox 2254 3192 2311 3238; x_wconf 91' lang='lat' dir='ltr'><strong>et</strong></span> <span class='ocrx_word' id='word_1_771' title='bbox 2336 3189 2573 3237; x_wconf 86' lang='lat' dir='ltr'><strong>mentem</strong></span> <span class='ocrx_word' id='word_1_772' title='bbox 2598 3183 2649 3233; x_wconf 90' lang='lat' dir='ltr'><strong>in</strong></span> <span class='ocrx_word' id='word_1_773' title='bbox 2679 3176 2943 3249; x_wconf 87' lang='lat' dir='ltr'><strong>profundo</strong></span> <span class='ocrx_word' id='word_1_774' title='bbox 2984 3177 3239 3233; x_wconf 83' lang='lat' dir='ltr'><strong>latentem</strong></span> <span class='ocrx_word' id='word_1_775' title='bbox 3277 3190 3373 3246; x_wconf 90' lang='lat' dir='ltr'><strong>per</strong></span> <span class='ocrx_word' id='word_1_776' title='bbox 3396 3173 3557 3229; x_wconf 87' lang='lat' dir='ltr'><strong>verba</strong></span> <span class='ocrx_word' id='word_1_777' title='bbox 3599 3174 3672 3228; x_wconf 88' lang='lat' dir='ltr'><strong>si-</strong></span> 
     </span>
    </p>
   </div>
   <div class='ocr_carea' id='block_1_93' title="bbox 2066 3266 3670 3347">
    <p class='ocr_par' dir='ltr' id='par_1_93' title="bbox 2066 3266 3670 3347">
     <span class='ocr_line' id='line_1_93' title="bbox 2066 3266 3670 3347; baseline -0.007 -18"><span class='ocrx_word' id='word_1_778' title='bbox 2066 3277 2365 3347; x_wconf 85' lang='lat' dir='ltr'><strong>gnificaret.</strong></span> <span class='ocrx_word' id='word_1_779' title='bbox 2397 3273 2541 3328; x_wconf 79' lang='lat' dir='ltr'><strong>Dixit</strong></span> <span class='ocrx_word' id='word_1_780' title='bbox 2563 3273 2696 3327; x_wconf 87' lang='lat' dir='ltr'><strong>enim</strong></span> <span class='ocrx_word' id='word_1_781' title='bbox 2725 3273 2779 3326; x_wconf 89' lang='lat' dir='ltr'><strong>in</strong></span> <span class='ocrx_word' id='word_1_782' title='bbox 2804 3271 2955 3325; x_wconf 88' lang='lat' dir='ltr'><strong>corde</strong></span> <span class='ocrx_word' id='word_1_783' title='bbox 2973 3286 3065 3325; x_wconf 85' lang='lat' dir='ltr'><strong>suo</strong></span> <span class='ocrx_word' id='word_1_784' title='bbox 3086 3284 3106 3324; x_wconf 89' lang='lat'><strong><em>:</em></strong></span> <span class='ocrx_word' id='word_1_785' title='bbox 3124 3268 3542 3340; x_wconf 78' lang='lat' dir='ltr'><strong>Appropinqnent</strong></span> <span class='ocrx_word' id='word_1_786' title='bbox 3562 3266 3670 3321; x_wconf 68' lang='lat' dir='ltr'><strong>dies</strong></span> 
     </span>
    </p>
   </div>
   <div class='ocr_carea' id='block_1_94' title="bbox 2068 3360 3665 3436">
    <p class='ocr_par' dir='ltr' id='par_1_94' title="bbox 2068 3360 3665 3436">
     <span class='ocr_line' id='line_1_94' title="bbox 2068 3360 3665 3436; baseline -0.008 -14"><span class='ocrx_word' id='word_1_787' title='bbox 2068 3370 2234 3423; x_wconf 81' lang='lat' dir='ltr'><strong>luctus</strong></span> <span class='ocrx_word' id='word_1_788' title='bbox 2279 3367 2437 3436; x_wconf 87' lang='lat' dir='ltr'><strong>patris</strong></span> <span class='ocrx_word' id='word_1_789' title='bbox 2479 3365 2604 3430; x_wconf 91' lang='lat' dir='ltr'><strong>mei,</strong></span> <span class='ocrx_word' id='word_1_790' title='bbox 2643 3373 2698 3417; x_wconf 86' lang='lat' dir='ltr'><strong>ut</strong></span> <span class='ocrx_word' id='word_1_791' title='bbox 2744 3363 2973 3416; x_wconf 88' lang='lat' dir='ltr'><strong>occidam</strong></span> <span class='ocrx_word' id='word_1_792' title='bbox 3018 3360 3179 3415; x_wconf 73' lang='lat' dir='ltr'><strong>Iacob</strong></span> <span class='ocrx_word' id='word_1_793' title='bbox 3224 3360 3432 3430; x_wconf 79' lang='lat' dir='ltr'><strong>fratrem</strong></span> <span class='ocrx_word' id='word_1_794' title='bbox 3481 3373 3665 3413; x_wconf 75' lang='lat' dir='ltr'><strong>meum.</strong></span> 
     </span>
    </p>
   </div>
   <div class='ocr_carea' id='block_1_95' title="bbox 2068 3448 3668 3525">
    <p class='ocr_par' dir='ltr' id='par_1_95' title="bbox 2068 3448 3668 3525">
     <span class='ocr_line' id='line_1_95' title="bbox 2068 3448 3668 3525; baseline -0.009 -12"><span class='ocrx_word' id='word_1_795' title='bbox 2068 3458 2206 3513; x_wconf 77' lang='lat' dir='ltr'><strong>Vere</strong></span> <span class='ocrx_word' id='word_1_796' title='bbox 2232 3458 2449 3511; x_wconf 89' lang='lat' dir='ltr'><strong>omnino</strong></span> <span class='ocrx_word' id='word_1_797' title='bbox 2481 3457 2525 3510; x_wconf 90' lang='lat' dir='ltr'><strong>is</strong></span> <span class='ocrx_word' id='word_1_798' title='bbox 2559 3455 2647 3525; x_wconf 91' lang='lat' dir='ltr'><strong>qui</strong></span> <span class='ocrx_word' id='word_1_799' title='bbox 2684 3454 2931 3509; x_wconf 86' lang='lat' dir='ltr'><strong>irascitur</strong></span> <span class='ocrx_word' id='word_1_800' title='bbox 2973 3467 3079 3507; x_wconf 83' lang='lat' dir='ltr'><strong>non</strong></span> <span class='ocrx_word' id='word_1_801' title='bbox 3126 3450 3303 3505; x_wconf 87' lang='lat' dir='ltr'><strong>minus</strong></span> <span class='ocrx_word' id='word_1_802' title='bbox 3330 3465 3491 3519; x_wconf 89' lang='lat' dir='ltr'><strong>quam</strong></span> <span class='ocrx_word' id='word_1_803' title='bbox 3519 3449 3552 3504; x_wconf 90' lang='lat' dir='ltr'><strong>ii</strong></span> <span class='ocrx_word' id='word_1_804' title='bbox 3578 3448 3668 3519; x_wconf 85' lang='lat' dir='ltr'><strong>qui</strong></span> 
     </span>
    </p>
   </div>
   <div class='ocr_carea' id='block_1_96' title="bbox 2068 3540 3667 3612">
    <p class='ocr_par' dir='ltr' id='par_1_96' title="bbox 2068 3540 3667 3612">
     <span class='ocr_line' id='line_1_96' title="bbox 2068 3540 3667 3612; baseline -0.008 -6"><span class='ocrx_word' id='word_1_805' title='bbox 2068 3549 2254 3606; x_wconf 86' lang='lat' dir='ltr'><strong>furiosi</strong></span> <span class='ocrx_word' id='word_1_806' title='bbox 2280 3558 2426 3611; x_wconf 89' lang='lat' dir='ltr'><strong>sunt,</strong></span> <span class='ocrx_word' id='word_1_807' title='bbox 2446 3547 2659 3601; x_wconf 84' lang='lat' dir='ltr'><strong>insanit.</strong></span> <span class='ocrx_word' id='word_1_808' title='bbox 2689 3544 2980 3601; x_wconf 85' lang='lat' dir='ltr'><strong>Considera</strong></span> <span class='ocrx_word' id='word_1_809' title='bbox 3002 3543 3147 3598; x_wconf 88' lang='lat' dir='ltr'><strong>enim</strong></span> <span class='ocrx_word' id='word_1_810' title='bbox 3167 3541 3437 3612; x_wconf 89' lang='lat' dir='ltr'><strong>quomodo</strong></span> <span class='ocrx_word' id='word_1_811' title='bbox 3458 3540 3667 3595; x_wconf 65' lang='lat' dir='ltr'><strong>dictum:</strong></span> 
     </span>
    </p>
   </div>
   <div class='ocr_carea' id='block_1_97' title="bbox 2070 3632 3673 3706">
    <p class='ocr_par' dir='ltr' id='par_1_97' title="bbox 2070 3632 3673 3706">
     <span class='ocr_line' id='line_1_97' title="bbox 2070 3632 3673 3706; baseline -0.009 -9"><span class='ocrx_word' id='word_1_812' title='bbox 2070 3643 2162 3698; x_wconf 88' lang='lat' dir='ltr'><strong>ille</strong></span> <span class='ocrx_word' id='word_1_813' title='bbox 2207 3641 2345 3696; x_wconf 90' lang='lat' dir='ltr'><strong>sicut</strong></span> <span class='ocrx_word' id='word_1_814' title='bbox 2386 3641 2712 3694; x_wconf 89' lang='lat' dir='ltr'><strong>insanientes</strong></span> <span class='ocrx_word' id='word_1_815' title='bbox 2758 3637 3168 3706; x_wconf 89' lang='lat' dir='ltr'><strong>subingressus,</strong></span> <span class='ocrx_word' id='word_1_816' title='bbox 3210 3644 3389 3689; x_wconf 86' lang='lat' dir='ltr'><strong>mente</strong></span> <span class='ocrx_word' id='word_1_817' title='bbox 3431 3632 3673 3685; x_wconf 68' lang='lat' dir='ltr'><strong>destituit.</strong></span> 
     </span>
    </p>
   </div>
   <div class='ocr_carea' id='block_1_98' title="bbox 2069 3724 3671 3805">
    <p class='ocr_par' dir='ltr' id='par_1_98' title="bbox 2069 3724 3671 3805">
     <span class='ocr_line' id='line_1_98' title="bbox 2069 3724 3671 3805; baseline -0.007 -16"><span class='ocrx_word' id='word_1_818' title='bbox 2069 3750 2203 3805; x_wconf 88' lang='lat' dir='ltr'><strong>quos</strong></span> <span class='ocrx_word' id='word_1_819' title='bbox 2227 3733 2483 3802; x_wconf 89' lang='lat' dir='ltr'><strong>corripit,</strong></span> <span class='ocrx_word' id='word_1_820' title='bbox 2512 3741 2567 3787; x_wconf 92' lang='lat' dir='ltr'><strong>et</strong></span> <span class='ocrx_word' id='word_1_821' title='bbox 2592 3730 2781 3786; x_wconf 88' lang='lat' dir='ltr'><strong>suadet</strong></span> <span class='ocrx_word' id='word_1_822' title='bbox 2807 3738 2864 3783; x_wconf 91' lang='lat' dir='ltr'><strong>ut</strong></span> <span class='ocrx_word' id='word_1_823' title='bbox 2893 3730 3050 3798; x_wconf 76' lang='lat' dir='ltr'><strong>plane</strong></span> <span class='ocrx_word' id='word_1_824' title='bbox 3083 3726 3352 3781; x_wconf 89' lang='lat' dir='ltr'><strong>contraria</strong></span> <span class='ocrx_word' id='word_1_825' title='bbox 3384 3724 3577 3779; x_wconf 79' lang='lat' dir='ltr'><strong>faciant</strong></span> <span class='ocrx_word' id='word_1_826' title='bbox 3607 3725 3671 3777; x_wconf 73' lang='lat' dir='ltr'><strong>iis</strong></span> 
     </span>
    </p>
   </div>
   <div class='ocr_carea' id='block_1_99' title="bbox 2068 3814 3668 3896">
    <p class='ocr_par' dir='ltr' id='par_1_99' title="bbox 2068 3814 3668 3896">
     <span class='ocr_line' id='line_1_99' title="bbox 2068 3814 3668 3896; baseline -0.011 -16"><span class='ocrx_word' id='word_1_827' title='bbox 2068 3841 2187 3896; x_wconf 73' lang='lat' dir='ltr'><strong>qua:</strong></span> <span class='ocrx_word' id='word_1_828' title='bbox 2225 3823 2394 3878; x_wconf 88' lang='lat' dir='ltr'><strong>oculis</strong></span> <span class='ocrx_word' id='word_1_829' title='bbox 2439 3822 2707 3878; x_wconf 90' lang='lat' dir='ltr'><strong>videntur.</strong></span> <span class='ocrx_word' id='word_1_830' title='bbox 2754 3820 2937 3889; x_wconf 84' lang='lat' dir='ltr'><strong>Neque</strong></span> <span class='ocrx_word' id='word_1_831' title='bbox 2981 3819 3122 3874; x_wconf 91' lang='lat' dir='ltr'><strong>enim</strong></span> <span class='ocrx_word' id='word_1_832' title='bbox 3169 3826 3312 3872; x_wconf 87' lang='lat' dir='ltr'><strong>recte</strong></span> <span class='ocrx_word' id='word_1_833' title='bbox 3338 3816 3521 3870; x_wconf 69' lang='lat' dir='ltr'><strong>vident</strong></span> <span class='ocrx_word' id='word_1_834' title='bbox 3559 3814 3668 3876; x_wconf 57' lang='lat' dir='ltr'><strong>itii,</strong></span> 
     </span>
    </p>
   </div>
   <div class='ocr_carea' id='block_1_100' title="bbox 2070 3905 3669 3985">
    <p class='ocr_par' dir='ltr' id='par_1_100' title="bbox 2070 3905 3669 3985">
     <span class='ocr_line' id='line_1_100' title="bbox 2070 3905 3669 3985; baseline -0.009 -15"><span class='ocrx_word' id='word_1_835' title='bbox 2070 3930 2246 3985; x_wconf 88' lang='lat' dir='ltr'><strong>neque</strong></span> <span class='ocrx_word' id='word_1_836' title='bbox 2294 3913 2436 3967; x_wconf 90' lang='lat' dir='ltr'><strong>aliud</strong></span> <span class='ocrx_word' id='word_1_837' title='bbox 2480 3910 2731 3983; x_wconf 88' lang='lat' dir='ltr'><strong>quiddam</strong></span> <span class='ocrx_word' id='word_1_838' title='bbox 2780 3908 2983 3964; x_wconf 84' lang='lat' dir='ltr'><strong>faciunt</strong></span> <span class='ocrx_word' id='word_1_839' title='bbox 3017 3926 3031 3963; x_wconf 87' lang='lat'><strong>:</strong></span> <span class='ocrx_word' id='word_1_840' title='bbox 3066 3907 3161 3963; x_wconf 89' lang='lat' dir='ltr'><strong>sed</strong></span> <span class='ocrx_word' id='word_1_841' title='bbox 3206 3906 3357 3976; x_wconf 86' lang='lat' dir='ltr'><strong>quasi</strong></span> <span class='ocrx_word' id='word_1_842' title='bbox 3405 3905 3669 3960; x_wconf 60' lang='lat' dir='ltr'><strong>hebetatis:</strong></span> 
     </span>
    </p>
   </div>
   <div class='ocr_carea' id='block_1_101' title="bbox 2069 3998 3697 4077">
    <p class='ocr_par' dir='ltr' id='par_1_101' title="bbox 2069 3998 3697 4077">
     <span class='ocr_line' id='line_1_101' title="bbox 2069 3998 3697 4077; baseline -0.009 -13"><span class='ocrx_word' id='word_1_843' title='bbox 2069 4010 2334 4072; x_wconf 88' lang='lat' dir='ltr'><strong>sensibus,</strong></span> <span class='ocrx_word' id='word_1_844' title='bbox 2376 4016 2432 4062; x_wconf 90' lang='lat' dir='ltr'><strong>et</strong></span> <span class='ocrx_word' id='word_1_845' title='bbox 2471 4006 2744 4077; x_wconf 68' lang='lat' dir='ltr'><strong>Iudicandi</strong></span> <span class='ocrx_word' id='word_1_846' title='bbox 2780 4005 2830 4059; x_wconf 88' lang='lat' dir='ltr'><strong>vi</strong></span> <span class='ocrx_word' id='word_1_847' title='bbox 2871 4004 3089 4067; x_wconf 88' lang='lat' dir='ltr'><strong>amissa,</strong></span> <span class='ocrx_word' id='word_1_848' title='bbox 3133 4001 3333 4057; x_wconf 87' lang='lat' dir='ltr'><strong>faciunt</strong></span> <span class='ocrx_word' id='word_1_849' title='bbox 3363 4000 3560 4056; x_wconf 68' lang='lat' dir='ltr'><strong>umida.</strong></span> <span class='ocrx_word' id='word_1_850' title='bbox 3595 3998 3697 4061; x_wconf 54' lang='lat' dir='ltr'><strong>lt.</strong></span> 
     </span>
    </p>
   </div>
   <div class='ocr_carea' id='block_1_102' title="bbox 2069 4100 3667 4172">
    <p class='ocr_par' dir='ltr' id='par_1_102' title="bbox 2069 4100 3667 4172">
     <span class='ocr_line' id='line_1_102' title="bbox 2069 4100 3667 4172; baseline -0.007 -16"><span class='ocrx_word' id='word_1_851' title='bbox 2069 4118 2198 4157; x_wconf 89' lang='lat' dir='ltr'><strong>sane</strong></span> <span class='ocrx_word' id='word_1_852' title='bbox 2223 4112 2278 4157; x_wconf 91' lang='lat' dir='ltr'><strong>et</strong></span> <span class='ocrx_word' id='word_1_853' title='bbox 2298 4100 2388 4172; x_wconf 89' lang='lat' dir='ltr'><strong>qui</strong></span> <span class='ocrx_word' id='word_1_854' title='bbox 2418 4101 2742 4166; x_wconf 88' lang='lat' dir='ltr'><strong>irascuntur,</strong></span> <span class='ocrx_word' id='word_1_855' title='bbox 2762 4114 2867 4153; x_wconf 90' lang='lat' dir='ltr'><strong>non</strong></span> <span class='ocrx_word' id='word_1_856' title='bbox 2897 4104 3192 4167; x_wconf 86' lang='lat' dir='ltr'><strong>agnoscunt</strong></span> <span class='ocrx_word' id='word_1_857' title='bbox 3221 4107 3536 4166; x_wconf 73' lang='lat' dir='ltr'><strong>prmseutes,</strong></span> <span class='ocrx_word' id='word_1_858' title='bbox 3562 4111 3667 4149; x_wconf 75' lang='lat' dir='ltr'><strong>non</strong></span> 
     </span>
    </p>
   </div>
   <div class='ocr_carea' id='block_1_103' title="bbox 2069 4190 3667 4262">
    <p class='ocr_par' dir='ltr' id='par_1_103' title="bbox 2069 4190 3667 4262">
     <span class='ocr_line' id='line_1_103' title="bbox 2069 4190 3667 4262; baseline -0.005 -11"><span class='ocrx_word' id='word_1_859' title='bbox 2069 4210 2340 4251; x_wconf 82' lang='lat' dir='ltr'><strong>memores</strong></span> <span class='ocrx_word' id='word_1_860' title='bbox 2376 4201 2502 4247; x_wconf 91' lang='lat' dir='ltr'><strong>sunt</strong></span> <span class='ocrx_word' id='word_1_861' title='bbox 2538 4191 2893 4262; x_wconf 86' lang='lat' dir='ltr'><strong>cognationis,</strong></span> <span class='ocrx_word' id='word_1_862' title='bbox 2919 4206 3025 4245; x_wconf 92' lang='lat' dir='ltr'><strong>non</strong></span> <span class='ocrx_word' id='word_1_863' title='bbox 3056 4190 3367 4254; x_wconf 87' lang='lat' dir='ltr'><strong>amicitiam,</strong></span> <span class='ocrx_word' id='word_1_864' title='bbox 3401 4203 3508 4243; x_wconf 92' lang='lat' dir='ltr'><strong>non</strong></span> <span class='ocrx_word' id='word_1_865' title='bbox 3535 4202 3667 4243; x_wconf 89' lang='lat' dir='ltr'><strong>eon-</strong></span> 
     </span>
    </p>
   </div>
   <div class='ocr_carea' id='block_1_104' title="bbox 2069 4278 3667 4353">
    <p class='ocr_par' dir='ltr' id='par_1_104' title="bbox 2069 4278 3667 4353">
     <span class='ocr_line' id='line_1_104' title="bbox 2069 4278 3667 4353; baseline -0.005 -12"><span class='ocrx_word' id='word_1_866' title='bbox 2069 4285 2427 4349; x_wconf 86' lang='lat' dir='ltr'><strong>suetudiuem,</strong></span> <span class='ocrx_word' id='word_1_867' title='bbox 2450 4298 2559 4338; x_wconf 92' lang='lat' dir='ltr'><strong>non</strong></span> <span class='ocrx_word' id='word_1_868' title='bbox 2585 4284 2919 4353; x_wconf 89' lang='lat' dir='ltr'><strong>dignitatem,</strong></span> <span class='ocrx_word' id='word_1_869' title='bbox 2942 4296 3115 4349; x_wconf 82' lang='lat' dir='ltr'><strong>nequc</strong></span> <span class='ocrx_word' id='word_1_870' title='bbox 3139 4278 3428 4350; x_wconf 74' lang='lat' dir='ltr'><strong>quidquam</strong></span> <span class='ocrx_word' id='word_1_871' title='bbox 3451 4280 3595 4335; x_wconf 86' lang='lat' dir='ltr'><strong>aliud</strong></span> <span class='ocrx_word' id='word_1_872' title='bbox 3617 4281 3667 4333; x_wconf 86' lang='lat' dir='ltr'><strong>iu</strong></span> 
     </span>
    </p>
   </div>
   <div class='ocr_carea' id='block_1_105' title="bbox 2066 4373 3670 4445">
    <p class='ocr_par' dir='ltr' id='par_1_105' title="bbox 2066 4373 3670 4445">
     <span class='ocr_line' id='line_1_105' title="bbox 2066 4373 3670 4445; baseline -0.006 -12"><span class='ocrx_word' id='word_1_873' title='bbox 2066 4388 2301 4433; x_wconf 89' lang='lat' dir='ltr'><strong>mentem</strong></span> <span class='ocrx_word' id='word_1_874' title='bbox 2328 4375 2643 4441; x_wconf 86' lang='lat' dir='ltr'><strong>admittunt,</strong></span> <span class='ocrx_word' id='word_1_875' title='bbox 2671 4374 2769 4431; x_wconf 84' lang='lat' dir='ltr'><strong>sed</strong></span> <span class='ocrx_word' id='word_1_876' title='bbox 2800 4374 2890 4426; x_wconf 72' lang='lat' dir='ltr'><strong>ira:</strong></span> <span class='ocrx_word' id='word_1_877' title='bbox 2918 4374 2965 4425; x_wconf 89' lang='lat' dir='ltr'><strong>vi</strong></span> <span class='ocrx_word' id='word_1_878' title='bbox 2996 4374 3186 4445; x_wconf 86' lang='lat' dir='ltr'><strong>pressi,</strong></span> <span class='ocrx_word' id='word_1_879' title='bbox 3219 4373 3268 4424; x_wconf 90' lang='lat' dir='ltr'><strong>in</strong></span> <span class='ocrx_word' id='word_1_880' title='bbox 3304 4386 3541 4441; x_wconf 64' lang='lat' dir='ltr'><strong>prweeps</strong></span> <span class='ocrx_word' id='word_1_881' title='bbox 3568 4373 3670 4428; x_wconf 57' lang='lat' dir='ltr'><strong>mi.</strong></span> 
     </span>
    </p>
   </div>
   <div class='ocr_carea' id='block_1_106' title="bbox 2067 4462 3667 4533">
    <p class='ocr_par' dir='ltr' id='par_1_106' title="bbox 2067 4462 3667 4533">
     <span class='ocr_line' id='line_1_106' title="bbox 2067 4462 3667 4533; baseline -0.004 -10"><span class='ocrx_word' id='word_1_882' title='bbox 2067 4468 2364 4523; x_wconf 88' lang='lat' dir='ltr'><strong>serabiliter</strong></span> <span class='ocrx_word' id='word_1_883' title='bbox 2390 4467 2649 4521; x_wconf 88' lang='lat' dir='ltr'><strong>feruntur.</strong></span> <span class='ocrx_word' id='word_1_884' title='bbox 2699 4463 2835 4532; x_wconf 85' lang='lat' dir='ltr'><strong>Quid</strong></span> <span class='ocrx_word' id='word_1_885' title='bbox 2867 4464 3026 4533; x_wconf 85' lang='lat' dir='ltr'><strong>igitur</strong></span> <span class='ocrx_word' id='word_1_886' title='bbox 3057 4464 3160 4516; x_wconf 88' lang='lat' dir='ltr'><strong>illis</strong></span> <span class='ocrx_word' id='word_1_887' title='bbox 3189 4463 3439 4518; x_wconf 84' lang='lat' dir='ltr'><strong>miserius</strong></span> <span class='ocrx_word' id='word_1_888' title='bbox 3468 4462 3630 4518; x_wconf 88' lang='lat' dir='ltr'><strong>fuerit</strong></span> <span class='ocrx_word' id='word_1_889' title='bbox 3654 4505 3667 4517; x_wconf 88' lang='lat'><strong>.</strong></span> 
     </span>
    </p>
   </div>
   <div class='ocr_carea' id='block_1_107' title="bbox 2067 4554 3669 4628">
    <p class='ocr_par' dir='ltr' id='par_1_107' title="bbox 2067 4554 3669 4628">
     <span class='ocr_line' id='line_1_107' title="bbox 2067 4554 3669 4628; baseline -0.003 -16"><span class='ocrx_word' id='word_1_890' title='bbox 2067 4560 2281 4628; x_wconf 87' lang='lat' dir='ltr'><strong>quando</strong></span> <span class='ocrx_word' id='word_1_891' title='bbox 2322 4559 2447 4613; x_wconf 89' lang='lat' dir='ltr'><strong>victi</strong></span> <span class='ocrx_word' id='word_1_892' title='bbox 2491 4566 2547 4612; x_wconf 89' lang='lat' dir='ltr'><strong>et</strong></span> <span class='ocrx_word' id='word_1_893' title='bbox 2588 4559 2727 4626; x_wconf 88' lang='lat' dir='ltr'><strong>capti</strong></span> <span class='ocrx_word' id='word_1_894' title='bbox 2770 4557 2837 4609; x_wconf 86' lang='lat' dir='ltr'><strong>ab</strong></span> <span class='ocrx_word' id='word_1_895' title='bbox 2877 4556 3189 4622; x_wconf 74' lang='lat' dir='ltr'><strong>agritudinc</strong></span> <span class='ocrx_word' id='word_1_896' title='bbox 3217 4556 3377 4608; x_wconf 88' lang='lat' dir='ltr'><strong>animi</strong></span> <span class='ocrx_word' id='word_1_897' title='bbox 3409 4554 3571 4609; x_wconf 85' lang='lat' dir='ltr'><strong>etiam</strong></span> <span class='ocrx_word' id='word_1_898' title='bbox 3599 4558 3669 4608; x_wconf 87' lang='lat' dir='ltr'><strong>ad</strong></span> 
     </span>
    </p>
   </div>
   <div class='ocr_carea' id='block_1_108' title="bbox 2069 4644 3636 4715">
    <p class='ocr_par' dir='ltr' id='par_1_108' title="bbox 2069 4644 3636 4715">
     <span class='ocr_line' id='line_1_108' title="bbox 2069 4644 3636 4715; baseline -0.006 -11"><span class='ocrx_word' id='word_1_899' title='bbox 2069 4649 2415 4705; x_wconf 89' lang='lat' dir='ltr'><strong>homicidium</strong></span> <span class='ocrx_word' id='word_1_900' title='bbox 2444 4648 2733 4702; x_wconf 84' lang='lat' dir='ltr'><strong>festinant?</strong></span> <span class='ocrx_word' id='word_1_901' title='bbox 2766 4647 3052 4715; x_wconf 78' lang='lat' dir='ltr'><strong>Propterea</strong></span> <span class='ocrx_word' id='word_1_902' title='bbox 3084 4648 3271 4699; x_wconf 75' lang='lat' dir='ltr'><strong>beatus</strong></span> <span class='ocrx_word' id='word_1_903' title='bbox 3300 4645 3496 4699; x_wconf 83' lang='lat' dir='ltr'><strong>I’aulns</strong></span> <span class='ocrx_word' id='word_1_904' title='bbox 3524 4644 3636 4700; x_wconf 87' lang='lat' dir='ltr'><strong>radi</strong></span> 
     </span>
    </p>
   </div>
   <div class='ocr_carea' id='block_1_109' title="bbox 2067 4736 3655 4809">
    <p class='ocr_par' dir='ltr' id='par_1_109' title="bbox 2067 4736 3655 4809">
     <span class='ocr_line' id='line_1_109' title="bbox 2067 4736 3655 4809; baseline -0.005 -13"><span class='ocrx_word' id='word_1_905' title='bbox 2067 4758 2181 4796; x_wconf 88' lang='lat' dir='ltr'><strong>cem</strong></span> <span class='ocrx_word' id='word_1_906' title='bbox 2210 4739 2367 4809; x_wconf 85' lang='lat' dir='ltr'><strong>hujus</strong></span> <span class='ocrx_word' id='word_1_907' title='bbox 2394 4739 2517 4793; x_wconf 85' lang='lat' dir='ltr'><strong>mali</strong></span> <span class='ocrx_word' id='word_1_908' title='bbox 2550 4739 2733 4793; x_wconf 88' lang='lat' dir='ltr'><strong>volens</strong></span> <span class='ocrx_word' id='word_1_909' title='bbox 2753 4738 3051 4805; x_wconf 73' lang='lat' dir='ltr'><strong>exstirpare</strong></span> <span class='ocrx_word' id='word_1_910' title='bbox 3075 4778 3087 4800; x_wconf 90' lang='lat'><strong>,</strong></span> <span class='ocrx_word' id='word_1_911' title='bbox 3121 4736 3389 4799; x_wconf 71' lang='lat' dir='ltr'><strong>admonet,</strong></span> <span class='ocrx_word' id='word_1_912' title='bbox 3426 4736 3502 4790; x_wconf 89' lang='lat' dir='ltr'><strong>sic</strong></span> <span class='ocrx_word' id='word_1_913' title='bbox 3526 4738 3655 4791; x_wconf 76' lang='lat' dir='ltr'><strong>seri-</strong></span> 
     </span>
    </p>
   </div>
   <div class='ocr_carea' id='block_1_110' title="bbox 2067 4822 3665 4899">
    <p class='ocr_par' dir='ltr' id='par_1_110' title="bbox 2067 4822 3665 4899">
     <span class='ocr_line' id='line_1_110' title="bbox 2067 4822 3665 4899; baseline -0.006 -12"><span class='ocrx_word' id='word_1_914' title='bbox 2067 4832 2237 4887; x_wconf 87' lang='lat' dir='ltr'><strong>bcns:</strong></span> <span class='ocrx_word' id='word_1_915' title='bbox 2272 4831 2451 4885; x_wconf 87' lang='lat' dir='ltr'><strong>Omnis</strong></span> <span class='ocrx_word' id='word_1_916' title='bbox 2478 4831 2557 4883; x_wconf 88' lang='lat' dir='ltr'><strong>ira</strong></span> <span class='ocrx_word' id='word_1_917' title='bbox 2591 4841 2637 4883; x_wconf 89' lang='lat' dir='ltr'><strong>et</strong></span> <span class='ocrx_word' id='word_1_918' title='bbox 2657 4822 2953 4899; x_wconf 78' lang='lat' dir='ltr'><strong>indignatio</strong></span> <span class='ocrx_word' id='word_1_919' title='bbox 2974 4870 2990 4894; x_wconf 93' lang='lat'><strong>,</strong></span> <span class='ocrx_word' id='word_1_920' title='bbox 3032 4838 3077 4881; x_wconf 91' lang='lat' dir='ltr'><strong>et</strong></span> <span class='ocrx_word' id='word_1_921' title='bbox 3120 4827 3312 4880; x_wconf 85' lang='lat' dir='ltr'><strong>clamor</strong></span> <span class='ocrx_word' id='word_1_922' title='bbox 3350 4828 3614 4897; x_wconf 82' lang='lat' dir='ltr'><strong>auferatur</strong></span> <span class='ocrx_word' id='word_1_923' title='bbox 3636 4848 3665 4877; x_wconf 71' lang='grc' dir='ltr'><strong>ιι</strong></span> 
     </span>
    </p>
   </div>
   <div class='ocr_carea' id='block_1_111' title="bbox 2065 4917 3665 4990">
    <p class='ocr_par' dir='ltr' id='par_1_111' title="bbox 2065 4917 3665 4990">
     <span class='ocr_line' id='line_1_111' title="bbox 2065 4917 3665 4990; baseline -0.005 -14"><span class='ocrx_word' id='word_1_924' title='bbox 2065 4923 2201 4976; x_wconf 77' lang='lat' dir='ltr'><strong>vobis</strong></span> <span class='ocrx_word' id='word_1_925' title='bbox 2225 4938 2337 4975; x_wconf 84' lang='lat' dir='ltr'><strong>cum</strong></span> <span class='ocrx_word' id='word_1_926' title='bbox 2367 4922 2502 4973; x_wconf 89' lang='lat' dir='ltr'><strong>omni</strong></span> <span class='ocrx_word' id='word_1_927' title='bbox 2532 4920 2725 4973; x_wconf 81' lang='lat' dir='ltr'><strong>malitia</strong></span> <span class='ocrx_word' id='word_1_928' title='bbox 2752 4918 2967 4990; x_wconf 78' lang='lat' dir='ltr'><strong>(Ep/tes.</strong></span> <span class='ocrx_word' id='word_1_929' title='bbox 2992 4918 3043 4973; x_wconf 78' lang='grc'><strong>4.</strong></span> <span class='ocrx_word' id='word_1_930' title='bbox 3075 4918 3187 4989; x_wconf 77' lang='grc'><strong>51).</strong></span> <span class='ocrx_word' id='word_1_931' title='bbox 3220 4917 3333 4971; x_wconf 73' lang='lat' dir='ltr'><strong>Non</strong></span> <span class='ocrx_word' id='word_1_932' title='bbox 3362 4918 3559 4985; x_wconf 89' lang='lat' dir='ltr'><strong>solum,</strong></span> <span class='ocrx_word' id='word_1_933' title='bbox 3585 4919 3665 4971; x_wconf 73' lang='lat' dir='ltr'><strong>it;—</strong></span> 
     </span>
    </p>
   </div>
   <div class='ocr_carea' id='block_1_112' title="bbox 2066 5008 3662 5083">
    <p class='ocr_par' dir='ltr' id='par_1_112' title="bbox 2066 5008 3662 5083">
     <span class='ocr_line' id='line_1_112' title="bbox 2066 5008 3662 5083; baseline -0.004 -17"><span class='ocrx_word' id='word_1_934' title='bbox 2066 5014 2199 5083; x_wconf 90' lang='lat' dir='ltr'><strong>quit,</strong></span> <span class='ocrx_word' id='word_1_935' title='bbox 2231 5014 2355 5067; x_wconf 86' lang='lat' dir='ltr'><strong>nolo</strong></span> <span class='ocrx_word' id='word_1_936' title='bbox 2385 5027 2481 5065; x_wconf 86' lang='lat' dir='ltr'><strong>vos</strong></span> <span class='ocrx_word' id='word_1_937' title='bbox 2516 5024 2834 5065; x_wconf 87' lang='lat' dir='ltr'><strong>succensere</strong></span> <span class='ocrx_word' id='word_1_938' title='bbox 2878 5018 2932 5063; x_wconf 89' lang='lat' dir='ltr'><strong>et</strong></span> <span class='ocrx_word' id='word_1_939' title='bbox 2972 5009 3253 5077; x_wconf 82' lang='lat' dir='ltr'><strong>indignari,</strong></span> <span class='ocrx_word' id='word_1_940' title='bbox 3285 5020 3337 5063; x_wconf 77' lang='lat' dir='ltr'><strong>et</strong></span> <span class='ocrx_word' id='word_1_941' title='bbox 3368 5008 3545 5075; x_wconf 85' lang='lat' dir='ltr'><strong>irasci,</strong></span> <span class='ocrx_word' id='word_1_942' title='bbox 3571 5014 3662 5064; x_wconf 66' lang='lat' dir='ltr'><strong>sui</strong></span> 
     </span>
    </p>
   </div>
   <div class='ocr_carea' id='block_1_113' title="bbox 2066 5100 3660 5172">
    <p class='ocr_par' dir='ltr' id='par_1_113' title="bbox 2066 5100 3660 5172">
     <span class='ocr_line' id='line_1_113' title="bbox 2066 5100 3660 5172; baseline -0.004 -13"><span class='ocrx_word' id='word_1_943' title='bbox 2066 5119 2239 5172; x_wconf 86' lang='lat' dir='ltr'><strong>neque</strong></span> <span class='ocrx_word' id='word_1_944' title='bbox 2258 5118 2377 5157; x_wconf 91' lang='lat' dir='ltr'><strong>cum</strong></span> <span class='ocrx_word' id='word_1_945' title='bbox 2402 5103 2635 5156; x_wconf 77' lang='lat' dir='ltr'><strong>clamore</strong></span> <span class='ocrx_word' id='word_1_946' title='bbox 2667 5101 2919 5169; x_wconf 81' lang='lat' dir='ltr'><strong>proximis</strong></span> <span class='ocrx_word' id='word_1_947' title='bbox 2945 5101 3083 5170; x_wconf 89' lang='lat' dir='ltr'><strong>loqui</strong></span> <span class='ocrx_word' id='word_1_948' title='bbox 3116 5117 3127 5153; x_wconf 76' lang='grc' dir='ltr'>ε</span> <span class='ocrx_word' id='word_1_949' title='bbox 3153 5102 3445 5155; x_wconf 79' lang='lat' dir='ltr'><strong>clamorem</strong></span> <span class='ocrx_word' id='word_1_950' title='bbox 3473 5100 3560 5153; x_wconf 88' lang='lat' dir='ltr'><strong>hic</strong></span> <span class='ocrx_word' id='word_1_951' title='bbox 3581 5100 3660 5155; x_wconf 84' lang='lat' dir='ltr'><strong>di-</strong></span> 
     </span>
    </p>
   </div>
   <div class='ocr_carea' id='block_1_114' title="bbox 2064 5191 3665 5263">
    <p class='ocr_par' dir='ltr' id='par_1_114' title="bbox 2064 5191 3665 5263">
     <span class='ocr_line' id='line_1_114' title="bbox 2064 5191 3665 5263; baseline -0.004 -12"><span class='ocrx_word' id='word_1_952' title='bbox 2064 5211 2193 5251; x_wconf 87' lang='lat' dir='ltr'><strong>cens</strong></span> <span class='ocrx_word' id='word_1_953' title='bbox 2214 5237 2229 5261; x_wconf 94' lang='lat'><strong>,</strong></span> <span class='ocrx_word' id='word_1_954' title='bbox 2266 5195 2353 5263; x_wconf 90' lang='lat' dir='ltr'><strong>qui</strong></span> <span class='ocrx_word' id='word_1_955' title='bbox 2387 5194 2455 5247; x_wconf 90' lang='lat' dir='ltr'><strong>ab</strong></span> <span class='ocrx_word' id='word_1_956' title='bbox 2494 5193 2569 5247; x_wconf 90' lang='lat' dir='ltr'><strong>ira</strong></span> <span class='ocrx_word' id='word_1_957' title='bbox 2615 5192 2869 5245; x_wconf 89' lang='lat' dir='ltr'><strong>nascitur.</strong></span> <span class='ocrx_word' id='word_1_958' title='bbox 2899 5191 3123 5258; x_wconf 86' lang='lat' dir='ltr'><strong>Quando</strong></span> <span class='ocrx_word' id='word_1_959' title='bbox 3150 5192 3291 5246; x_wconf 89' lang='lat' dir='ltr'><strong>enim</strong></span> <span class='ocrx_word' id='word_1_960' title='bbox 3324 5191 3545 5245; x_wconf 81' lang='lat' dir='ltr'><strong>morbus</strong></span> <span class='ocrx_word' id='word_1_961' title='bbox 3579 5191 3665 5245; x_wconf 58' lang='lat' dir='ltr'><strong>l2?»</strong></span> 
     </span>
    </p>
   </div>
   <div class='ocr_carea' id='block_1_115' title="bbox 2066 5282 3669 5352">
    <p class='ocr_par' dir='ltr' id='par_1_115' title="bbox 2066 5282 3669 5352">
     <span class='ocr_line' id='line_1_115' title="bbox 2066 5282 3669 5352; baseline -0.006 -9"><span class='ocrx_word' id='word_1_962' title='bbox 2066 5289 2387 5343; x_wconf 85' lang='lat' dir='ltr'><strong>intrinsecus</strong></span> <span class='ocrx_word' id='word_1_963' title='bbox 2427 5285 2688 5339; x_wconf 79' lang='lat' dir='ltr'><strong>excitatur</strong></span> <span class='ocrx_word' id='word_1_964' title='bbox 2730 5291 2783 5337; x_wconf 89' lang='lat' dir='ltr'><strong>et</strong></span> <span class='ocrx_word' id='word_1_965' title='bbox 2828 5297 2920 5337; x_wconf 90' lang='lat' dir='ltr'><strong>eor</strong></span> <span class='ocrx_word' id='word_1_966' title='bbox 2962 5292 3158 5346; x_wconf 86' lang='lat' dir='ltr'><strong>tumet,</strong></span> <span class='ocrx_word' id='word_1_967' title='bbox 3191 5298 3294 5335; x_wconf 76' lang='lat' dir='ltr'><strong>non</strong></span> <span class='ocrx_word' id='word_1_968' title='bbox 3318 5282 3426 5352; x_wconf 87' lang='lat' dir='ltr'><strong>jam</strong></span> <span class='ocrx_word' id='word_1_969' title='bbox 3456 5282 3583 5337; x_wconf 87' lang='lat' dir='ltr'><strong>sinit</strong></span> <span class='ocrx_word' id='word_1_970' title='bbox 3612 5294 3669 5335; x_wconf 77' lang='lat' dir='ltr'><strong>ut</strong></span> 
     </span>
    </p>
   </div>
   <div class='ocr_carea' id='block_1_116' title="bbox 2066 5374 3657 5450">
    <p class='ocr_par' dir='ltr' id='par_1_116' title="bbox 2066 5374 3657 5450">
     <span class='ocr_line' id='line_1_116' title="bbox 2066 5374 3657 5450; baseline -0.004 -15"><span class='ocrx_word' id='word_1_971' title='bbox 2066 5382 2241 5450; x_wconf 84' lang='lat' dir='ltr'><strong>lingua</strong></span> <span class='ocrx_word' id='word_1_972' title='bbox 2287 5377 2488 5448; x_wconf 81' lang='lat' dir='ltr'><strong>placide</strong></span> <span class='ocrx_word' id='word_1_973' title='bbox 2534 5377 2809 5445; x_wconf 88' lang='lat' dir='ltr'><strong>loquatur;</strong></span> <span class='ocrx_word' id='word_1_974' title='bbox 2858 5374 2951 5429; x_wconf 88' lang='lat' dir='ltr'><strong>sed</strong></span> <span class='ocrx_word' id='word_1_975' title='bbox 2988 5375 3326 5430; x_wconf 82' lang='lat' dir='ltr'><strong>affectionem</strong></span> <span class='ocrx_word' id='word_1_976' title='bbox 3357 5376 3536 5429; x_wconf 89' lang='lat' dir='ltr'><strong>cordis</strong></span> <span class='ocrx_word' id='word_1_977' title='bbox 3567 5375 3657 5431; x_wconf 70' lang='lat' dir='ltr'><strong>dt“</strong></span> 
     </span>
    </p>
   </div>
   <div class='ocr_carea' id='block_1_117' title="bbox 2068 5465 3655 5534">
    <p class='ocr_par' dir='ltr' id='par_1_117' title="bbox 2068 5465 3655 5534">
     <span class='ocr_line' id='line_1_117' title="bbox 2068 5465 3655 5534; baseline -0.006 -11"><span class='ocrx_word' id='word_1_978' title='bbox 2068 5479 2373 5524; x_wconf 88' lang='lat' dir='ltr'><strong>monstrans</strong></span> <span class='ocrx_word' id='word_1_979' title='bbox 2393 5509 2408 5531; x_wconf 95' lang='lat'><strong>,</strong></span> <span class='ocrx_word' id='word_1_980' title='bbox 2441 5467 2602 5521; x_wconf 85' lang='lat' dir='ltr'><strong>efficit</strong></span> <span class='ocrx_word' id='word_1_981' title='bbox 2626 5477 2681 5519; x_wconf 88' lang='lat' dir='ltr'><strong>ut</strong></span> <span class='ocrx_word' id='word_1_982' title='bbox 2709 5466 2947 5520; x_wconf 86' lang='lat' dir='ltr'><strong>clamose</strong></span> <span class='ocrx_word' id='word_1_983' title='bbox 2973 5479 3095 5519; x_wconf 89' lang='lat' dir='ltr'><strong>cum</strong></span> <span class='ocrx_word' id='word_1_984' title='bbox 3123 5466 3366 5534; x_wconf 82' lang='lat' dir='ltr'><strong>proximo</strong></span> <span class='ocrx_word' id='word_1_985' title='bbox 3392 5465 3655 5534; x_wconf 73' lang='lat' dir='ltr'><strong>loquatur.</strong></span> 
     </span>
    </p>
   </div>
   <div class='ocr_carea' id='block_1_118' title="bbox 2068 5558 3658 5629">
    <p class='ocr_par' dir='ltr' id='par_1_118' title="bbox 2068 5558 3658 5629">
     <span class='ocr_line' id='line_1_118' title="bbox 2068 5558 3658 5629; baseline -0.002 -18"><span class='ocrx_word' id='word_1_986' title='bbox 2068 5561 2264 5615; x_wconf 73' lang='lat' dir='ltr'><strong>Volens</strong></span> <span class='ocrx_word' id='word_1_987' title='bbox 2296 5560 2452 5629; x_wconf 82' lang='lat' dir='ltr'><strong>igitur</strong></span> <span class='ocrx_word' id='word_1_988' title='bbox 2478 5559 2664 5613; x_wconf 87' lang='lat' dir='ltr'><strong>beatus</strong></span> <span class='ocrx_word' id='word_1_989' title='bbox 2697 5558 2783 5611; x_wconf 92' lang='lat' dir='ltr'><strong>illc</strong></span> <span class='ocrx_word' id='word_1_990' title='bbox 2811 5558 2908 5611; x_wconf 87' lang='lat' dir='ltr'><strong>sibi</strong></span> <span class='ocrx_word' id='word_1_991' title='bbox 2940 5558 3373 5625; x_wconf 86' lang='lat' dir='ltr'><strong>obtemperantes</strong></span> <span class='ocrx_word' id='word_1_992' title='bbox 3400 5558 3449 5610; x_wconf 93' lang='lat' dir='ltr'><strong>in</strong></span> <span class='ocrx_word' id='word_1_993' title='bbox 3481 5573 3658 5626; x_wconf 53' lang='lat' dir='ltr'><strong>perp»</strong></span> 
     </span>
    </p>
   </div>
   <div class='ocr_carea' id='block_1_119' title="bbox 2068 5649 3660 5721">
    <p class='ocr_par' dir='ltr' id='par_1_119' title="bbox 2068 5649 3660 5721">
     <span class='ocr_line' id='line_1_119' title="bbox 2068 5649 3660 5721; baseline -0.002 -15"><span class='ocrx_word' id='word_1_994' title='bbox 2068 5661 2155 5707; x_wconf 89' lang='lat' dir='ltr'><strong>tua</strong></span> <span class='ocrx_word' id='word_1_995' title='bbox 2178 5652 2376 5706; x_wconf 83' lang='lat' dir='ltr'><strong>versari</strong></span> <span class='ocrx_word' id='word_1_996' title='bbox 2402 5650 2798 5721; x_wconf 87' lang='lat' dir='ltr'><strong>tranquillitate,</strong></span> <span class='ocrx_word' id='word_1_997' title='bbox 2830 5649 2964 5703; x_wconf 71' lang='lat' dir='ltr'><strong>dixit</strong></span> <span class='ocrx_word' id='word_1_998' title='bbox 2989 5668 3000 5703; x_wconf 89' lang='lat'>:</span> <span class='ocrx_word' id='word_1_999' title='bbox 3040 5650 3217 5703; x_wconf 81' lang='lat' dir='ltr'><strong>Omnis</strong></span> <span class='ocrx_word' id='word_1_1000' title='bbox 3243 5650 3321 5702; x_wconf 83' lang='lat' dir='ltr'><strong>ira</strong></span> <span class='ocrx_word' id='word_1_1001' title='bbox 3355 5652 3478 5719; x_wconf 89' lang='lat' dir='ltr'><strong>(hoc</strong></span> <span class='ocrx_word' id='word_1_1002' title='bbox 3503 5660 3604 5714; x_wconf 86' lang='lat' dir='ltr'><strong>est,</strong></span> <span class='ocrx_word' id='word_1_1003' title='bbox 3633 5667 3660 5703; x_wconf 71' lang='lat' dir='ltr'><strong>:i</strong></span> 
     </span>
    </p>
   </div>
   <div class='ocr_carea' id='block_1_120' title="bbox 2067 5742 3662 5815">
    <p class='ocr_par' dir='ltr' id='par_1_120' title="bbox 2067 5742 3662 5815">
     <span class='ocr_line' id='line_1_120' title="bbox 2067 5742 3662 5815; baseline -0.001 -15"><span class='ocrx_word' id='word_1_1004' title='bbox 2067 5746 2438 5815; x_wconf 87' lang='lat' dir='ltr'><strong>qualicumque</strong></span> <span class='ocrx_word' id='word_1_1005' title='bbox 2482 5759 2643 5799; x_wconf 88' lang='lat' dir='ltr'><strong>causa</strong></span> <span class='ocrx_word' id='word_1_1006' title='bbox 2684 5742 3005 5813; x_wconf 88' lang='lat' dir='ltr'><strong>moveatur),</strong></span> <span class='ocrx_word' id='word_1_1007' title='bbox 3034 5753 3079 5798; x_wconf 88' lang='lat' dir='ltr'><strong>et</strong></span> <span class='ocrx_word' id='word_1_1008' title='bbox 3103 5746 3277 5798; x_wconf 78' lang='lat' dir='ltr'><strong>oninis</strong></span> <span class='ocrx_word' id='word_1_1009' title='bbox 3304 5745 3587 5815; x_wconf 83' lang='lat' dir='ltr'><strong>indignatio</strong></span> <span class='ocrx_word' id='word_1_1010' title='bbox 3616 5754 3662 5794; x_wconf 60' lang='grc' dir='ltr'>ιε</span> 
     </span>
    </p>
   </div>
   <div class='ocr_carea' id='block_1_121' title="bbox 2066 5835 3652 5906">
    <p class='ocr_par' dir='ltr' id='par_1_121' title="bbox 2066 5835 3652 5906">
     <span class='ocr_line' id='line_1_121' title="bbox 2066 5835 3652 5906; baseline -0.006 -12"><span class='ocrx_word' id='word_1_1011' title='bbox 2066 5838 2241 5895; x_wconf 86' lang='lat' dir='ltr'><strong>omnis</strong></span> <span class='ocrx_word' id='word_1_1012' title='bbox 2278 5838 2470 5893; x_wconf 87' lang='lat' dir='ltr'><strong>clamor</strong></span> <span class='ocrx_word' id='word_1_1013' title='bbox 2516 5838 2722 5892; x_wconf 82' lang='lat' dir='ltr'><strong>tollatur</strong></span> <span class='ocrx_word' id='word_1_1014' title='bbox 2752 5853 2784 5890; x_wconf 89' lang='lat' dir='ltr'><strong>a</strong></span> <span class='ocrx_word' id='word_1_1015' title='bbox 2817 5836 2951 5897; x_wconf 83' lang='lat' dir='ltr'><strong>vobis</strong></span> <span class='ocrx_word' id='word_1_1016' title='bbox 2980 5835 3211 5897; x_wconf 84' lang='lat' dir='ltr'><strong>:deinde</strong></span> <span class='ocrx_word' id='word_1_1017' title='bbox 3238 5836 3471 5893; x_wconf 80' lang='lat' dir='ltr'><strong>radicem</strong></span> <span class='ocrx_word' id='word_1_1018' title='bbox 3502 5836 3652 5906; x_wconf 53' lang='lat' dir='ltr'><strong>huju-</strong></span> 
     </span>
    </p>
   </div>
  </div>
