4170 6478
614 457 712 514 ιῚΙ

612 569 737 625 mali
779 566 960 622 volens
1007 561 1293 624 areﬁicere,
1342 568 1396 614 et
1439 555 1677 611 inutilem
1725 549 1972 610 reddere,
2014 543 2188 600 dicit:

619 659 746 715 Cum
774 658 909 713 omni
942 656 1151 709 malitia.
1191 650 1325 707 Nam
1366 649 1455 720 qui
1499 647 1579 702 sic
1621 643 1869 706 afficitur,
1895 650 2108 707 semper
2137 634 2190 688 in

615 761 769 824 portu
800 749 950 804 sedet
969 764 1000 802 a
1021 744 1247 802 terrenis
1266 741 1512 797 ﬂuctibus
1534 737 1699 800 liber;
1727 743 1781 790 et
1799 744 1972 824 neque
1992 739 2194 798 tempe-

617 821 810 897 statem
836 841 1006 902 timet,
1035 850 1205 906 neque
1230 831 1596 902 naufragium;
1638 826 1730 882 sed
1769 822 1917 894 quasi
1959 821 2013 875 in
2044 827 2191 874 tran-

616 931 879 1002 quillitate
925 929 1176 996 navigans
1196 967 1212 993 ,
1242 926 1324 981 vel
1353 924 1404 978 in
1435 918 1640 992 placido
1668 924 1822 987 portu
1857 911 2049 969 sedens
2068 952 2082 976 ,
2119 909 2193 964 ita

621 1029 937 1090 praesentem
961 1019 1120 1072 vitam
1146 1014 1325 1080 trahit,
1352 1027 1456 1067 non
1482 1009 1655 1064 solum
1694 1005 1764 1061 ab
1798 1003 1942 1059 omni
1982 1009 2194 1069 pertur-

617 1111 837 1167 batione
863 1110 1019 1172 iiber,
1043 1108 1134 1162 sed
1159 1114 1213 1162 et
1238 1100 1610 1159 immortalium
1640 1106 1693 1155 et
1727 1093 2069 1153 ineffabilium
2097 1091 2194 1146 bo-

621 1216 810 1257 norum
836 1199 1035 1254 fructus
1069 1196 1168 1251 sibi
1213 1210 1308 1265 per
1345 1193 1522 1250 omnia
1548 1189 1838 1246 concilians
1869 1197 1882 1242 :
1913 1186 2002 1258 qui
2045 1183 2197 1240 nobis

621 1293 867 1348 omnibus
892 1289 1254 1345 concedantur
1272 1329 1288 1353 ,
1315 1287 1482 1357 gratia
1508 1293 1564 1340 et
1594 1279 1959 1339 misericordia
1987 1275 2197 1332 Domini

621 1382 786 1437 nostri
830 1381 955 1437 Jesu
993 1379 1208 1444 Christi,
1239 1378 1452 1449 quicum
1480 1375 1645 1441 Pam“,
1676 1383 1730 1430 et
1763 1378 1949 1430 sancto
1977 1366 2198 1440 Spiritui

620 1477 689 1528 sit
713 1473 877 1542 gloria
897 1513 912 1538 ,
958 1472 1163 1535 honor,
1204 1469 1480 1540 imperium
1498 1509 1516 1534 ,
1557 1481 1695 1521 nunc
1723 1474 1776 1521 et
1805 1476 2036 1532 semper,
2065 1469 2118 1515 et
2144 1459 2197 1512 in

620 1565 816 1621 secula
846 1564 1179 1618 saeculorum.
1208 1564 1399 1617 Amen.

1186 1690 1463 1748 HOMILIA
1503 1690 1635 1746 LIV.

767 1808 988 1861 Rebecca
1017 1817 1181 1860 autem
1207 1815 1379 1859 vocato
1409 1805 1516 1873 ﬁlio
1535 1819 1626 1857 suo
1639 1803 1845 1873 juniore
1866 1801 1993 1856 dixit
2012 1800 2058 1855 ci

1205 1895 1356 1967 (Gen.
1380 1895 1470 1949 τι.
1503 1894 1618 1965 te).

696 2011 749 2063 1.
779 2007 968 2063 Gratiae
989 2008 1170 2060 divinat
1192 2007 1458 2061 auxilium.
1493 2004 1808 2062 Conscientia
1827 2004 2074 2075 suﬁciens
2093 2018 2203 2056 ma-

624 2097 1090 2170 gister.—Vidistis
1112 2097 1222 2152 heri
1245 2097 1508 2168 publicani
1531 2096 1667 2152 bene
1686 2095 1930 2151 aﬂ'eCtum
1943 2095 2198 2161 animum,

627 2198 681 2242 et
702 2188 908 2243 Domini
931 2186 1246 2243 ineiIahilem
1260 2185 1698 2253 misericordiam,
1714 2185 2083 2241 etludaeorum
2099 2192 2205 2239 stu-

627 2278 900 2350 piditatem
923 2275 1233 2333 immensam
1257 2276 1331 2349 (a)
1346 2277 1370 2332 ἲ
1395 2277 1427 2332 γ
1439 2277 1608 2333 idistis
1627 2277 1893 2347 quomodo
1905 2291 2090 2333 omnes
2104 2290 2202 2332 nos

627 2371 881 2444 erudierit
907 2369 1091 2426 beatus
1109 2369 1405 2435 Matthteus,
1425 2369 1602 2426 statim
1625 2370 1900 2436 obediens,
1924 2379 1980 2427 et
2001 2379 2202 2426 tantam

628 2475 834 2516 morum
861 2460 1208 2516 mutationem
1231 2475 1341 2531 pra:
1366 2477 1427 2517 se
1455 2461 1630 2517 ferens
1660 2478 1673 2518 :
1701 2462 1824 2533 quia
1853 2463 1904 2516 in
1932 2462 2204 2517 voluntate

629 2563 836 2620 nostra,
864 2562 982 2623 post
1007 2569 1290 2624 supernam
1311 2556 1556 2626 gratiam,
1585 2555 1700 2611 sitm
1723 2564 1846 2611 sunt
1871 2565 1926 2612 et
1948 2557 2201 2623 virtutes,

630 2654 686 2698 et
715 2647 840 2700 vitia
865 2663 877 2699 :
909 2655 965 2701 et
990 2647 1114 2717 quia
1138 2647 1316 2702 studio
1344 2656 1527 2702 nostro
1551 2662 1832 2717 possumus
1855 2649 1967 2703 fieri
1999 2648 2206 2704 virtuti-

628 2737 730 2792 bus
757 2738 1058 2808 conspicui;
1090 2749 1141 2794 et
1167 2749 1351 2794 contra
1377 2740 1589 2797 desides
1614 2741 1758 2808 facti,
1780 2742 1828 2796 in
1851 2743 2052 2811 peccati
2078 2756 2206 2812 pra:-

628 2827 865 2897 eipitium
891 2827 1124 2884 deferri?
1163 2829 1273 2885 lioc
1311 2830 1453 2886 enim
1490 2841 1570 2887 est
1600 2847 1705 2902 quo
1730 2847 1760 2886 a
1791 2832 1960 2886 brutis
1998 2831 2203 2887 differi-

625 2938 766 2991 mus,
791 2909 908 2993 quia
939 2925 1142 2980 ratione
1163 2925 1392 2995 insigniti
1421 2941 1603 2981 sumus
1621 2941 1650 2978 a
1671 2925 1900 2995 benigno
1926 2925 2056 2991 Deo,
2075 2934 2129 2980 et
2151 2925 2202 2978 in

633 3026 816 3070 natura
845 3027 1026 3072 nostra
1055 3018 1210 3073 insita
1250 3029 1330 3074 est
1363 3018 1584 3074 scientia
1616 3019 1738 3074 boni
1761 3029 1816 3075 et
1843 3019 1988 3074 mali.
2019 3017 2204 3073 Nullus

627 3125 756 3179 ergo
780 3118 1062 3178 pra-texat.
1101 3125 1163 3165 se
1204 3125 1271 3164 ex
1314 3111 1607 3181 ignorantia
1637 3113 1882 3166 virtutem
1913 3112 2201 3182 negligere,

628 3200 713 3254 vel
736 3201 858 3270 quia
892 3201 1094 3256 nullum
1121 3200 1313 3256 habeat
1343 3203 1437 3256 via:
1467 3202 1654 3257 ducem
1682 3210 1735 3257 et
1757 3211 2205 3258 commonstrato-

630 3304 764 3344 rem.
784 3289 1144 3346 Sufficientem
1165 3295 1306 3346 enim
1328 3294 1636 3363 magistrum
1657 3291 1912 3349 habemus
1931 3294 2206 3349 conscien-

633 3381 778 3440 tiam.
801 3390 854 3434 et
883 3379 994 3435 fieri
1021 3394 1124 3436 non
1147 3391 1339 3449 potest,
1365 3390 1421 3437 ut
1447 3384 1564 3452 quis
1591 3384 1678 3437 iilo
1701 3382 2008 3453 adjumento
2030 3384 2204 3453 prive—

634 3482 736 3522 tur.
766 3468 895 3524 Nam
927 3471 1084 3525 simul
1110 3487 1231 3526 cum
1256 3471 1570 3528 formatione
1597 3473 1822 3528 hominis
1844 3475 1996 3529 insita
2024 3483 2103 3529 est
2127 3473 2204 3529 illi

628 3562 848 3616 scientia
869 3560 1252 3630 faciendorum,
1275 3573 1330 3618 ut
1349 3572 1550 3618 rectum
1577 3580 1730 3619 suum
1759 3565 1994 3620 animum
2023 3566 2202 3621 decia-

629 3667 753 3706 rans
781 3653 832 3705 in
859 3654 1104 3723 przesenti
1129 3655 1252 3720 vita,
1271 3655 1420 3724 quasi
1450 3655 1502 3709 in
1529 3655 1773 3726 palmstra
1799 3656 2022 3726 quadam
2051 3671 2205 3713 exer-

635 3744 827 3798 citatus
868 3743 932 3798 ad
974 3746 1223 3799 virtutum
1284 3745 1490 3802 labores
1519 3788 1534 3812 ,
1577 3747 1854 3817 probitatis
1890 3748 2205 3819 virtutisque

631 3837 845 3905 prmmia
875 3847 1111 3906 reportet
1133 3877 1146 3901 ,
1191 3848 1243 3893 et
1281 3839 1426 3893 brevi
1467 3851 1702 3910 tempore
1730 3842 1782 3895 in
1811 3842 2080 3898 laboribus
2105 3843 2204 3898 de-

626 3943 802 3990 curso,
830 3938 1109 3998 perpetuas
1129 3946 1354 3988 coronas
1383 3943 1666 4001 mercatur,
1687 3945 1844 4004 atque
1867 3935 1918 3990 in
1942 3935 2083 3990 fluxo
2105 3934 2206 3990 hoc

629 4021 823 4076 sarculo
844 4023 1094 4078 virtutem
1113 4025 1470 4092 amplexatus,
1497 4026 1710 4081 :rternis
1737 4027 1893 4083 bonis
1920 4027 1972 4083 in
2000 4028 2205 4083 infinita

629 4112 822 4164 smcula
849 4112 1069 4167 fruatur.
1113 4112 1167 4167 id
1195 4130 1324 4170 sane
1351 4120 1600 4180 scientes,
1631 4116 1837 4182 fratres,
1869 4128 2105 4174 nostram
2138 4135 2206 4176 ne

631 4202 914 4271 perdamus
937 4205 1294 4273 nobilitatem,
1329 4221 1396 4260 ne
1423 4208 1590 4262 simus
1623 4220 1739 4277 post
1766 4219 1963 4265 tantam
2003 4211 2204 4266 benefl-

631 4293 858 4347 ceatiam
905 4294 1117 4363 ingrati,
1160 4313 1226 4349 ne
1266 4307 1530 4352 sectemur
1577 4301 1888 4369 voluptates,
1938 4318 2058 4372 quae
2098 4312 2204 4358 tam

634 4384 778 4439 brevi
815 4394 1053 4454 tempore
1079 4387 1296 4453 durant,
1333 4401 1640 4458 perpetuum
1670 4391 1906 4449 dolorem
1938 4395 2090 4449 nobis
2113 4409 2204 4449 ac-

628 4483 897 4529 cersentes
928 4493 941 4529 :
973 4475 1067 4530 sed
1116 4486 1239 4532 ante
1286 4493 1381 4533 nos
1429 4494 1640 4550 semper
1686 4480 1949 4536 intuentes
1995 4487 2203 4538 oculum

630 4566 775 4619 illum
801 4565 892 4635 qui
919 4583 1205 4637 numquam
1232 4570 1467 4638 sortitur,
1497 4573 1584 4641 qui
1609 4581 1662 4626 et
1689 4572 1999 4629 abscondita
2030 4575 2206 4631 cordis

633 4663 799 4724 novit,
833 4679 915 4717 res
942 4675 1151 4719 nostras
1181 4666 1247 4718 ita
1282 4667 1615 4720 instituamus
1654 4679 1706 4722 et
1743 4671 2112 4734 moderemur,
2153 4678 2206 4724 et

635 4755 821 4808 muniti
845 4753 1008 4808 armis
1027 4754 1253 4824 Spiritus
1281 4757 1412 4811 bene
1437 4757 1680 4811 affectum
1703 4761 1935 4814 animum
1957 4761 2207 4814 exhibea-

635 4860 770 4910 mus,
803 4854 859 4899 ut
883 4860 1115 4915 superno
1147 4847 1378 4903 fruentes
1411 4850 1639 4916 auxilio,
1672 4851 1877 4904 devicto
1919 4851 2072 4906 hoste
2115 4853 2206 4906 illo

629 4948 681 4990 et
709 4937 1013 4992 adversario
1053 4950 1232 4995 nostro
1252 4981 1266 5006 ,
1301 4941 1519 5010 ejusque
1549 4942 1985 4998 machinamentis
2011 4945 2208 4998 inutili-

633 5033 730 5084 bus
771 5030 1007 5093 redditis.
1043 5033 1195 5088 bonis
1237 5033 1338 5086 illis
1379 5031 1480 5087 frui
1511 5035 1795 5098 valeamus,
1826 5051 1941 5103 qua:
1967 5037 2206 5103 promisit

634 5119 888 5173 Dominus
928 5120 1264 5188 diligentibus
1293 5137 1369 5174 se.
1408 5121 1482 5176 Nu
1508 5139 1631 5192 ergo
1660 5127 1777 5193 quis
1805 5136 2008 5192 spectet.
2034 5125 2096 5179 ad
2126 5129 2203 5178 la-

632 5212 812 5265 bot'ctt'.
855 5212 1140 5276 virtutum,
1177 5214 1268 5267 sed
1315 5215 1513 5268 lucrum
1558 5215 1676 5269 inde
1721 5227 1924 5283 partum
1969 5219 2208 5286 cogitans

633 5312 869 5368 ptumi-ie
904 5303 1107 5355 laboris
1138 5306 1407 5371 suscipiat.
1436 5305 1563 5358 Nam
1607 5308 1650 5360 si
1693 5309 1723 5361 ii
1764 5311 1850 5377 qui
1894 5312 1942 5363 in
1982 5322 2203 5364 terrenis

635 5402 910 5447 ναῖ’-μληιυΐ
941 5396 1178 5463 negotiis,
1212 5408 1264 5449 ci.
1293 5396 1358 5449 ad
1385 5396 1709 5466 colligendas
1739 5415 1866 5468 Opes
1901 5402 2163 5455 insaniunt
2189 5445 2202 5468 ,

692 5594 761 5644 Ir")
799 5594 879 5664 ιῖιῖκ)
914 5603 1310 5664 °°!“"'”—'“mmini”
1334 5594 1542 5664 bonum
1589 5597 1669 5647 ubi
1691 5607 1752 5646 υτ»
1783 5602 2029 5656 i'llitiiC'itsf.‘
2055 5608 2206 5664 tute-2.-

632 5660 645 5698 ξ
691 5670 786 5707 uir,
809 5657 863 5701 (it-
896 5655 1070 5700 ,ὶιιιῖίιπν
1090 5671 1162 5700 ῚιιῘ
1190 5661 1311 5715 ςιιιιιά
1334 5658 1482 5714 “IL-Li"
1503 5661 1663 5716 df-(lui‘
1682 5661 1880 5710 κατίετςῆ
1905 5683 1945 5716 ηρ
1968 5655 2099 5715 μψζῇ
2135 5684 2202 5716 ’0,

633 5731 666 5752 ιι
692 5718 735 5754 'i‘
760 5731 818 5762 ιιι.)
845 5719 1076 5768 aqu-imit“
1104 5732 1109 5762 ἲ
1139 5735 1194 5762 ιση
1227 5714 1340 5766 ΧριῸ
1369 5721 1466 5764 ’μιν
1493 5714 1680 5770 humilia
1702 5738 1761 5770 (ι),
1784 5714 2012 5773 ,ἎῘ-μΑιιίγι.
2036 5714 2158 5778 mihi"

631 5788 683 5819 7"
714 5782 781 5828 ’θῗι
811 5792 848 5816 ’⁸⁸
879 5815 898 5822 -ν
924 5789 1014 5822 ⁸¹¹⁹ί¹
1044 5794 1084 5821 ’δ’
1114 5779 1298 5837 ibi?”
1328 5789 1478 5841 :"Jibii
1509 5796 1602 5846 “1'55
1624 5788 1713 5835 iCCt'
1744 5796 1899 5834 {unum
1931 5804 1988 5838 vi.
2021 5805 2096 5838 tilia
2167 5813 2172 5822 -

639 5850 1004 5887 i'li'-it|i.'vts,t1
1025 5858 1091 5887 ρι’

1315 447 1373 502 S.
1416 440 1692 500 JOANNIS
1729 425 2208 494 CIIRYSOSTODII
2253 423 2567 480 ARCIIIEP.
2603 419 3136 480 CONSTANTINOP.

3759 414 3866 474 4η

2293 539 2468 596 omnia
2502 547 2742 609 prompte
2779 534 3076 603 suscipiunt
3105 529 3373 596 facienda;
3403 538 3456 584 et
3485 526 3720 599 pericula
3749 542 3864 584 ma-

2294 631 2385 692 ris,
2411 629 2702 698 naufragia,
2736 626 3024 696 piratarum
3067 619 3286 675 insidias
3327 617 3717 690 prospicientes
3756 631 3866 672 non

2294 722 2624 792 franguntur,
2647 732 2747 773 nec
2772 714 3048 786 segniores
3075 713 3226 779 fiunt,
3242 712 3483 780 quamvis
3502 709 3573 763 de
3598 710 3703 762 fine
3731 705 3869 762 nihil

2294 813 2425 868 certi
2456 811 2686 866 habeant
2708 826 2723 863 :
2745 809 2954 878 qualem
2986 817 3085 859 nos
3113 801 3344 858 habituri
3373 813 3561 855 sumus
3587 797 3870 853 defensio-

2298 919 2443 969 nem,
2467 903 2512 958 si
2543 916 2647 958 non
2674 902 2818 956 omni
2849 898 3030 954 studio
3055 905 3110 953 et
3131 894 3406 950 alacritate
3429 893 3773 961 accingamur
3801 889 3870 944 ad

2298 995 2549 1050 virtutum
2569 991 2742 1048 studia
2769 999 2825 1045 et
2847 1002 3068 1060 agenes,
3093 995 3313 1056 propter
3351 994 3549 1038 aeterna
3575 982 3664 1036 illa
3694 980 3872 1036 bona?

2296 1084 2474 1153 Quare
2501 1083 2572 1138 ita
2598 1081 2791 1152 ingrati
2825 1091 3011 1135 sumus
3031 1076 3356 1132 benefactori
3384 1087 3590 1138 nostro,
3610 1081 3671 1130 et
3697 1086 3874 1142 neque

2299 1194 2418 1251 qua
2438 1178 2544 1242 iam
2568 1177 2763 1233 donata
2781 1185 2904 1232 sunt
2917 1188 3194 1232 versamus
3208 1172 3409 1236 animo,
3423 1183 3595 1238 neque
3612 1163 3875 1235 promissa

2298 1269 2621 1341 cogitamus;
2647 1270 2741 1326 sed
2768 1269 3009 1324 omnium
3052 1263 3432 1335 propemodum
3477 1258 3651 1324 obliti,
3676 1256 3870 1315 frustra

2294 1369 2352 1418 et
2371 1361 2424 1414 in
2444 1373 2664 1421 vanum,
2685 1357 2837 1428 quasi
2861 1355 3114 1425 pecudes,
3133 1355 3292 1408 vitam
3315 1359 3478 1406 totam
3499 1345 3877 1416 transigimus:

2297 1441 2491 1496 animm
2517 1439 2732 1512 quidem
2762 1435 2964 1492 nullam
2987 1435 3246 1491 habentes
3273 1445 3456 1488 curam
3472 1471 3488 1495 ,
3520 1436 3766 1484 ventrem
3791 1441 3880 1480 aa-

2302 1541 2409 1586 tem
2456 1531 2631 1587 solum
2668 1530 3034 1600 dirumpentes
3073 1525 3227 1591 cibis,
3257 1535 3417 1594 atque
3457 1521 3618 1576 etiam
3663 1528 3883 1591 propter

2301 1620 2404 1677 hoc
2447 1621 2646 1677 misero
2687 1620 2899 1690 corpori
2938 1616 3229 1689 perniciem
3267 1622 3534 1686 parantes,
3564 1625 3629 1666 ac
3667 1617 3882 1680 propter

2301 1712 2763 1785 intemperantiam
2785 1721 2842 1766 et
2869 1709 3158 1781 ingluviem
3189 1708 3462 1761 innumera
3489 1701 3644 1757 nobis
3673 1701 3882 1772 negotia

2302 1805 2524 1862 facimus
2547 1813 2604 1860 et
2626 1803 2966 1868 accersimus,
2989 1801 3115 1855 dum
3138 1798 3368 1853 animam
3399 1795 3537 1849 fame
3557 1794 3731 1864 perire
3751 1791 3885 1847 sini-

2303 1898 2460 1952 mus?
2497 1895 2710 1952 tametsi
2741 1891 3078 1965 praestantior
3099 1890 3278 1945 anima
3299 1889 3366 1942 sit
3391 1901 3551 1957 quam
3572 1897 3768 1955 corpus
3785 1923 3802 1951 ,
3828 1891 3884 1939 et

2303 1989 2476 2044 ablata
2523 1987 2652 2053 illa,
2704 1987 2807 2042 hoc
2847 1992 3115 2041 mortuum
3158 1981 3508 2049 relinquatur.
3551 1977 3686 2033 Cum
3728 1969 3887 2046 igitur

2303 2086 2576 2150 oporteret
2615 2085 2671 2133 et
2707 2075 2831 2131 huic
2865 2084 3024 2145 atque
3060 2073 3138 2128 illi
3173 2086 3406 2141 congrua
3434 2079 3490 2126 et
3512 2065 3886 2124 convenientia

2304 2170 2545 2241 praebere
2570 2169 2840 2232 alimenta,
2869 2166 3083 2221 modum
3114 2178 3285 2234 neque
3309 2162 3417 2227 hic,
3443 2176 3614 2232 neque
3647 2159 3757 2214 illic
3780 2173 3887 2215 ser-

2303 2275 2508 2329 vantes,
2542 2262 2751 2331 utrique
2777 2273 3033 2315 uocemus
3065 2276 3080 2313 :
3105 2256 3208 2312 hoc
3237 2255 3354 2326 plus
3384 2269 3541 2324 quam
3571 2260 3784 2322 oportet
3809 2264 3888 2307 sa-

2301 2355 2545 2424 ginantes
2563 2393 2577 2417 ,
2609 2351 2752 2406 illam
2781 2361 2962 2404 autem
2991 2349 3130 2402 fame
3160 2345 3334 2418 perire
3355 2351 3626 2415 cogentes.
3657 2342 3716 2397 Id
3745 2340 3886 2412 quod

2301 2448 2680 2502 universorum
2731 2443 2989 2499 Dominus
3043 2441 3162 2497 loco
3214 2439 3460 2494 maxima:
3509 2436 3888 2509 indignationis

2303 2536 2591 2607 aliquando
2617 2535 2990 2590 interminatus
3008 2541 3093 2589 est
3113 2531 3420 2588 Judzeorum
3442 2529 3638 2600 pepqu
3665 2527 3888 2585 dicetis:

2301 2626 2449 2681 Dabo
2474 2627 2610 2681 vobis
2639 2643 2740 2681 non
2765 2630 2949 2697 famem
2980 2624 3148 2694 panis,
3174 2639 3334 2691 neque
3356 2621 3491 2680 sitim
3510 2637 3676 2691 aqua,
3698 2620 3790 2675 sed
3809 2623 3890 2691 [a-

2304 2734 2433 2773 mem
2452 2717 2690 2772 audiendi
2721 2731 3000 2771 sermonem
3018 2713 3224 2768 Domini
3250 2713 3428 2784 (Amos
3451 2711 3503 2766 8.
3531 2709 3656 2782 if);
3687 2709 3891 2767 docens

2305 2824 2423 2872 nos,
2450 2808 2594 2863 illam
2615 2807 2828 2879 quidem
2853 2806 3045 2862 famem
3066 2820 3261 2876 corpus
3281 2803 3620 2859 macilentum
3641 2801 3886 2868 reddere,

2303 2899 2444 2954 hanc
2466 2909 2643 2954 autem
2676 2899 2907 2954 animam
2943 2907 3221 2953 attenuare
3251 2913 3266 2950 :
3297 2895 3526 2965 idipsum
3547 2933 3564 2961 ,
3594 2892 3740 2964 quod
3782 2891 3891 2948 Do-

2303 2991 2482 3045 minus
2523 2999 2648 3045 tunc
2687 2989 2931 3060 supplicii
2967 2989 3083 3044 loco
3124 2987 3230 3042 illis
3266 2987 3588 3052 minabatur,
3617 3000 3760 3040 nunc
3791 2998 3890 3041 nos

2302 3089 2494 3151 sponte
2531 3079 2685 3136 nobis
2717 3079 3066 3145 attrahimus;
3099 3079 3258 3149 idque
3289 3088 3565 3148 postquam
3596 3075 3737 3130 Deus
3767 3084 3889 3130 tau-

2306 3180 2412 3226 tam
2443 3171 2612 3226 nosui
2639 3185 2822 3225 curam
2851 3162 3141 3225 declaravit
3163 3209 3180 3236 ,
3211 3177 3266 3224 et
3289 3167 3616 3237 dispensavit
3639 3205 3655 3232 ,
3688 3175 3744 3220 ut
3765 3181 3886 3220 cum

2306 3278 2576 3318 sacrarum
2600 3261 2994 3333 Seripturarum
3017 3261 3246 3316 lectione
3266 3260 3555 3316 habeamus
3576 3268 3630 3315 et
3652 3273 3682 3313 a
3705 3257 3888 3315 docto-

2306 3357 2454 3411 ribus
2479 3356 2891 3410 admonitiones.

2375 3447 2500 3502 Cum
2541 3446 2750 3503 lectione
2797 3447 3079 3518 Scriptura
3115 3445 3305 3499 monita
3343 3441 3644 3498 Doctorum.
3666 3472 3739 3484 —
3767 3442 3890 3500 ideo

2304 3553 2400 3594 orn
2426 3549 2656 3594 vestram
2683 3539 2982 3603 caritatem,
3010 3546 3069 3590 ut
3101 3549 3327 3590 excussa
3368 3533 3575 3591 desidia
3616 3534 3887 3604 paululum

2305 3630 2746 3700 expergiscamini
2775 3669 2790 3694 ,
2816 3639 2869 3684 et
2894 3628 3129 3683 studium
3158 3641 3316 3681 omne
3347 3626 3400 3679 in
3428 3625 3623 3679 animm
3662 3624 3886 3681 salutem

2307 3721 2654 3775 transferatis.
2696 3719 2784 3776 Sic
2825 3719 2969 3773 enim
2997 3729 3051 3774 et
3080 3733 3111 3772 a
3149 3718 3262 3773 Deo
3298 3717 3725 3772 benevolentiam
3759 3716 3888 3772 ube-

2305 3830 2419 3869 rem
2449 3811 2726 3868 attrahetis
2749 3854 2764 3879 ,
2805 3827 3011 3880 imaque
3049 3811 3335 3865 alacriores
3364 3809 3431 3863 ad
3460 3809 3767 3864 docendum
3793 3825 3885 3864 vos

2304 3908 2524 3973 erimus,
2555 3921 2688 3977 quos
2716 3904 3010 3960 videbimus
3036 3905 3260 3960 consilio
3293 3913 3477 3959 nostro
3505 3919 3712 3974 parere.
3745 3903 3887 3970 Quo-

2307 3999 2448 4052 niam
2475 4008 2528 4052 et
2554 3997 2804 4068 agricola,
2829 3997 3041 4066 quando
3063 3997 3208 4050 videt
3234 4006 3426 4050 terram
3455 3995 3755 4062 fecundam,
3783 3996 3888 4050 cul-

2308 4097 2443 4144 tura:
2485 4088 2729 4143 idoneam
2776 4088 3151 4156 fructuumque
3189 4085 3438 4148 feracem,
3469 4095 3619 4156 parat
3642 4101 3702 4141 se
3726 4087 3886 4141 etiam

2309 4181 2420 4249 ipse
2449 4191 2504 4234 ut
2531 4179 2718 4250 majori
2746 4180 2922 4234 studio
2943 4180 3084 4233 illam
3107 4180 3244 4233 colat
3269 4197 3283 4232 :
3310 4177 3498 4233 eodem
3527 4178 3686 4232 modo
3714 4187 3770 4234 et
3793 4192 3889 4233 nos

2305 4274 2347 4329 si
2379 4272 2668 4328 viderimus
2697 4283 2930 4328 vestrum
2960 4273 3011 4327 in
3041 4272 3234 4326 divinis
3266 4272 3589 4340 profectum,
3622 4279 3676 4324 et
3705 4286 3798 4325 vos
3826 4285 3887 4326 at

2304 4380 2422 4433 qum
2445 4379 2473 4416 a
2503 4363 2655 4418 nobis
2681 4362 2949 4429 dicuntur,
2986 4363 3138 4419 factis
3170 4361 3408 4418 studiose
3443 4363 3686 4430 implere,
3716 4359 3888 4429 majo-

2306 4470 2418 4508 rem
2444 4454 2668 4509 docendi
2701 4454 2936 4509 laborem
2963 4453 3332 4508 exhibebimus
3365 4469 3379 4506 :
3411 4460 3596 4520 utpote
3622 4453 3884 4515 scientes,

2308 4561 2404 4600 nos
2428 4561 2529 4600 non
2558 4547 2610 4600 in
2641 4546 2805 4616 petris
2825 4546 3112 4612 seminare,
3137 4544 3230 4600 sed
3259 4545 3309 4598 in
3339 4543 3514 4614 pingui
3541 4553 3595 4597 ct
3621 4541 3886 4612 profunda

2309 4650 2468 4694 terra.

2375 4734 2426 4786 ‘2.
2465 4731 2760 4796 Utilitatem,
2782 4748 2881 4785 non
2902 4732 3110 4802 plausus
3132 4733 3442 4796 auditorum,
3470 4733 3647 4801 quatrit
3671 4733 3886 4805 Chryso-

2306 4841 2514 4883 stomus.
2542 4829 2712 4883 Radix
2743 4831 3000 4884 homicidii
3036 4833 3315 4884 invidia...
3342 4832 3417 4888 Ea
3455 4835 3595 4887 enim
3633 4834 3702 4888 de
3732 4850 3886 4888 causa

2305 4919 2543 4988 quotidie
2572 4921 2722 4973 vobis
2746 4921 3151 4984 concionamur,
3206 4933 3261 4973 ut
3305 4922 3503 4991 aliquid
3547 4924 3678 4977 lucri
3727 4925 3888 4979 facia-

2308 5011 2401 5074 tis,
2432 5021 2485 5063 et
2513 5009 2738 5064 virtutes
2762 5022 2951 5065 vestrm
2980 5023 3221 5066 crescant
3246 5055 3256 5074 ,
3291 5029 3492 5082 nosque
3523 5015 3767 5070 hctemur
3795 5031 3884 5072 ve-

2306 5113 2472 5156 Strum
2515 5101 2756 5156 videntes
2789 5107 3100 5171 profectum.
3141 5105 3402 5174 Nutttqttid
3435 5110 3574 5162 enim
3608 5118 3809 5163 temere
3839 5117 3889 5163 et

2307 5192 2359 5246 in
2385 5208 2579 5246 vanum
2606 5193 2787 5248 dicere
2817 5196 3079 5260 volumus,
3111 5206 3168 5250 ut
3193 5212 3220 5248 ξι
3258 5197 3407 5249 vobis
3438 5198 3652 5251 laudum
3686 5201 3888 5254 fructus

2309 5285 2646 5353 recipiamus,
2677 5295 2730 5339 et
2759 5296 2812 5338 ut
2843 5287 3150 5355 plaudcntcs
3175 5289 3420 5342 munibus
3452 5290 3751 5342 terminus?
3778 5290 3884 5342 Non

2309 5378 2408 5432 hoc
2437 5389 2769 5446 spectamus;
2802 5377 2940 5432 absit
2974 5400 2982 5430 ;
3026 5382 3117 5433 δρα
3163 5391 3390 5434 vestram
3434 5381 3744 5434 utilitatem.
3777 5382 3884 5434 Mea

2312 5474 2537 5526 maxima
2576 5473 2688 5524 Ltus
2715 5482 2791 5525 est
2825 5483 2876 5524 et
2906 5489 3146 5526 summm
3194 5473 3437 5541 plnusm.
3472 5474 3512 5526 si
3543 5474 3662 5539 quis
3691 5489 3715 5523 η
3755 5473 3888 5525 vitiis

2310 5565 2372 5617 ad
2407 5568 2652 5618 τίκ-Νηρηὶ
2699 5578 3054 5630 tont'et'tatur,
3089 5568 3130 5620 si
3161 5570 3276 5635 quis
3308 5581 3462 5621 antea
3494 5567 3676 5624 deses.
3709 5579 3884 5621 nostra

2310 5658 2678 5709 mibortnbme
2700 5659 2965 5711 studiosus
2993 5663 3080 5711 iiut
3103 5681 3112 5714 :
3139 5663 3204 5710 ἰευ
3227 5683 3234 5708 :
3256 5673 3306 5711 et
3329 5660 3454 5712 mihi
3485 5660 3776 5713 maximum
3809 5659 3883 5712 af-

3331 5753 3530 5804 IitCt‘um
3579 5763 3628 5804 Ci
3677 5752 3885 5804 tlintias

3194 5869 3222 5914 ιι
3251 5846 3314 5899 tiu
3350 5847 3573 5901 multum.
3609 5848 3769 5898 studit
3799 5861 3884 5900 cx-

2314 5753 2412 5802 i'crt
2441 5749 2682 5800 solatium
2715 5763 2757 5800 ρ’
2798 5749 3024 5812 tandem
3057 5763 3106 5805 οι
3137 5754 3276 5805 and:

2315 5842 2632 5908 .girituults.
2671 5845 2771 5899 ﬁeri
2805 5865 2904 5900 usus
2935 5851 3136 5918 an.in
