4120 6492
243 400 353 465 ιτς

245 516 466 574 bibituri
495 516 650 574 sitis:
673 516 788 575 scio
802 515 946 574 enim
968 531 1064 574 vos
1087 533 1118 572 λ
1144 519 1254 575 Deo
1274 519 1462 573 doctos
1487 533 1629 585 esse,
1654 533 1843 587 posse-

246 610 556 681 que-etiam
603 611 737 665 alios
775 609 1089 665 admonere.
1120 610 1348 680 Propter
1381 609 1484 664 hoc
1520 606 1609 664 hic
1647 610 1844 664 sistens

248 718 427 758 lucum
475 703 782 767 consilium,
829 718 1048 774 pergam
1089 702 1156 757 ad
1194 704 1407 758 solitam
1445 702 1742 758 doctrinam
1775 718 1839 756 ex

246 794 432 849 verbis
462 794 605 848 beati
642 793 825 857 Hosis,
874 794 983 849 imo
1009 794 1239 864 Spiritus
1277 794 1447 848 sancti
1484 809 1579 864 per
1603 808 1727 849 eum
1758 792 1843 847 lo-

256 885 507 955 quentis:
554 894 608 938 et
654 885 741 941 ubi
775 900 940 957 pauca
972 884 1216 954 qumdam
1246 899 1596 955 proposuero,
1627 883 1843 939 hodie-rc

247 993 379 1034 num
411 977 560 1032 vobis
590 976 735 1031 illinc
770 976 1072 1031 convivium
1096 991 1386 1045 apponam.
1410 976 1643 1031 Audistis
1672 987 1843 1045 nuper

247 1068 523 1143 quomodo
546 1068 715 1124 Jaoob
758 1069 937 1123 omnia
981 1068 1181 1124 faciens
1222 1068 1518 1123 secundum
1549 1068 1840 1123 consilium

246 1164 532 1227 Rebeccae,
564 1162 732 1232 patris
758 1160 1184 1216 benedictionem
1214 1161 1524 1229 arripuerit,
1551 1159 1845 1215 laudatum-

243 1270 353 1326 que
390 1255 592 1310 furtum
626 1255 977 1315 commiserit.
1009 1253 1130 1309 ideo
1156 1262 1210 1308 et
1238 1261 1642 1321 eooperatorem
1672 1253 1840 1307 Deum

246 1348 453 1415 habuit,
478 1356 532 1403 et
551 1356 776 1402 conatus
797 1346 1073 1415 ejus‘bene
1100 1348 1399 1402 successit:
1425 1344 1520 1400 sed
1548 1345 1671 1415 quia
1698 1345 1840 1400 Esau

246 1437 315 1491 ob
345 1437 396 1492 id
424 1437 523 1507 ipsi
555 1437 708 1492 valde
739 1436 1035 1502 invidebat,
1068 1446 1121 1490 et
1151 1452 1210 1491 se
1236 1435 1302 1490 ad
1334 1436 1535 1490 cmdem
1562 1451 1839 1506 prmpara-

247 1528 333 1584 hat
359 1546 374 1582 :
414 1530 485 1583 ita
525 1529 668 1583 enim
709 1544 769 1583 se
797 1529 956 1583 habet
983 1530 1124 1583 mala
1156 1529 1273 1583 hac
1301 1528 1547 1593 affectio;
1578 1544 1686 1583 non
1714 1537 1841 1584 ante

240 1619 475 1685 desistit,
507 1619 682 1675 donec
710 1635 739 1673 a
767 1636 827 1676 se
865 1631 1078 1690 captum
1111 1622 1163 1675 in
1206 1636 1448 1691 praeceps
1491 1620 1731 1690 dejiciat,
1767 1622 1841 1675 ita

243 1722 301 1769 ut
326 1714 391 1769 ad
424 1714 699 1771 homicidii
736 1724 919 1771 currat
944 1716 1139 1772 scelus.
1177 1714 1351 1770 Radix
1389 1714 1532 1769 enim
1566 1713 1838 1770 homicidii

243 1805 439 1862 invidia
484 1806 582 1881 [et
623 1807 827 1863 fructus
875 1808 1088 1863 invidia:
1124 1807 1540 1880 homicidium].
1590 1808 1665 1863 Ita
1700 1817 1756 1863 et
1807 1823 1839 1863 a

243 1899 508 1969 principio
535 1900 632 1954 fuit
658 1900 798 1955 inter
825 1901 957 1955 Cain
993 1910 1047 1955 et
1075 1900 1226 1955 Abel.
1263 1901 1359 1955 llle
1393 1901 1535 1955 enim
1572 1900 1708 1955 nihil
1748 1900 1842 1955 ha-

249 1988 383 2045 bens
410 1991 495 2047 vel
532 2006 755 2061 parvum
781 1992 867 2047 vel
896 2006 1171 2061 magnum,
1204 1992 1272 2047 de
1295 2008 1401 2061 quo
1425 2002 1703 2049 accusaret
1728 1992 1841 2047 fra-

241 2086 401 2144 trem,
426 2080 515 2134 ubi
543 2080 672 2135 vidit
702 2079 847 2136 illum
877 2082 1106 2137 Domino
1135 2082 1348 2151 probari
1368 2092 1589 2153 propter
1612 2083 1841 2139 oblatio-

241 2184 367 2226 nem
399 2187 708 2238 munerum,
739 2187 798 2227 se
827 2185 961 2227 vero
984 2172 1056 2228 ob
1079 2172 1455 2243 negligentiam
1479 2188 1631 2227 suam
1662 2173 1836 2242 rejici,

238 2262 310 2316 ad
339 2262 591 2317 invidiam
621 2264 800 2318 statim
831 2275 1150 2332 provocatus
1179 2274 1261 2319 est
1282 2279 1302 2320 :
1329 2276 1379 2320 et
1412 2274 1533 2320 nata
1566 2265 1840 2321 homicidii

240 2354 424 2410 radice
452 2355 502 2408 in
535 2366 713 2410 mente
740 2355 890 2424 ejus,
924 2357 1102 2410 statim
1146 2358 1503 2426 perniciosum
1543 2357 1687 2412 illum
1731 2355 1841 2411 frn—

239 2446 387 2499 etuin
414 2446 617 2509 attulit,
645 2455 699 2500 et
724 2444 1071 2501 homicidium
1098 2448 1389 2501 commisit.
1411 2445 1486 2500 Ita
1518 2461 1648 2500 sane
1676 2448 1838 2501 etiam

244 2534 407 2600 Esau,
434 2551 562 2591 cum
583 2536 787 2590 videret
824 2538 1100 2607 accepisse
1145 2536 1363 2592 fratrem
1409 2536 1837 2591 benedictionem

238 2637 269 2679 a
313 2635 483 2695 pzilt‘t’,
514 2627 582 2679 ab
624 2627 699 2680 ira
741 2634 795 2680 et
834 2627 1030 2682 invidia
1068 2627 1136 2683 ad
1172 2626 1519 2683 homicidium
1568 2627 1836 2694 inductus,

241 2723 603 2778 meditabatur
622 2734 846 2778 mortem
874 2722 1073 2777 fratris.

314 2813 586 2878 Quomodo
618 2812 840 2867 Rebecca
860 2815 1012 2868 saluti
1027 2816 1253 2887 junioris
1273 2814 1371 2884 filii
1397 2814 1477 2869 sui
1495 2813 1840 2878 consuluerit;

239 2906 514 2959 consilium
549 2905 612 2959 ab
650 2906 766 2975 ipsa
796 2907 974 2959 datum
1015 2907 1082 2958 ad
1118 2907 1385 2960 consilium
1412 2907 1475 2959 ab
1500 2907 1611 2975 ipso
1639 2904 1840 2960 Christo

240 2997 421 3049 datum
447 2998 683 3065 refertur.
710 3026 783 3037 —
815 2996 1012 3051 Verum
1042 2996 1374 3051 admirabilis
1409 2997 1496 3049 illa
1544 3006 1714 3050 mater
1740 2996 1842 3050 hoc

240 3088 505 3152 sentiens,
550 3088 741 3141 iterum
782 3094 1084 3142 maternum
1124 3102 1364 3141 amorem
1397 3100 1522 3156 erga
1555 3086 1720 3140 filium
1746 3084 1842 3139 de-

240 3177 499 3231 claravit:
529 3186 582 3229 et
608 3176 893 3231 consilium
920 3177 1097 3231 attulit
1122 3191 1227 3246 quo
1256 3185 1438 3245 posset
1467 3174 1647 3229 fratris
1665 3173 1840 3229 mani-

239 3267 345 3321 bus
392 3266 547 3338 eripi.
589 3267 678 3321 42.
714 3265 905 3321 Vocato
941 3268 1095 3335 enim,
1134 3268 1326 3338 inquit,
1360 3266 1469 3337 filio
1494 3284 1587 3321 suo
1605 3268 1838 3338 juniore,

240 3358 370 3412 dixit
397 3358 443 3410 ei
474 3374 494 3411 .'
524 3358 653 3411 lfcce
695 3358 834 3413 Esat‘t
871 3363 1029 3429 frater
1069 3369 1187 3412 tuus
1214 3360 1439 3411 minatur
1480 3360 1567 3411 tibi
1603 3368 1838 3413 mortem.

240 3449 334 3503 43.
365 3447 517 3503 Nunc
547 3450 701 3517 igitur
736 3450 856 3503 audi
885 3466 1053 3503 uocem
1076 3466 1260 3504 meam.
1284 3450 1629 3519 Experientia
1655 3458 1710 3505 te
1738 3450 1835 3505 do-

240 3549 364 3595 ceat
401 3556 486 3594 me
532 3540 625 3595 tibi
663 3541 823 3595 'utilia
862 3542 1180 3607 consulere;
1225 3551 1282 3595 et
1322 3541 1465 3596 sicut
1505 3542 1618 3610 jam
1660 3541 1841 3596 audita

241 3649 379 3691 voce
413 3649 553 3699 mea,
599 3649 818 3705 magnas
856 3635 974 3688 illas
1002 3648 1031 3687 a
1060 3644 1208 3703 patre
1253 3633 1657 3689 benedictiones
1694 3647 1841 3688 asse-

241 3736 444 3795 quutus
481 3742 576 3780 es:
608 3726 677 3780 ita
705 3734 759 3780 et
798 3742 939 3780 nunc
983 3726 1103 3780 audi
1147 3740 1333 3780 vocem
1373 3740 1569 3789 meam,
1606 3733 1665 3779 ut
1709 3724 1844 3780 edu-

240 3834 371 3890 gere
402 3819 575 3889 possis
609 3817 787 3873 fraaris
823 3833 1032 3872 manus.
1063 3818 1155 3874 Sic
1181 3818 1324 3873 enim
1353 3827 1407 3873 et
1439 3817 1778 3887 temetipsum
1809 3832 1839 3872 a

246 3910 495 3980 periculis
538 3910 761 3964 liberum
805 3908 1020 3973 reddes,
1062 3917 1118 3962 et
1162 3923 1248 3962 me
1277 3922 1306 3961 a
1340 3907 1501 3962 luctu.
1536 3907 1841 3963 Verisimile

241 4002 387 4057 enim
416 4011 499 4057 est
536 4003 705 4068 illum,
732 4001 775 4055 si
808 4000 909 4056 hoc
945 4015 1107 4056 ausus
1135 4001 1312 4065 fuerit,
1344 4014 1555 4070 poenam
1587 4000 1840 4055 daturum

242 4109 387 4160 esse,
420 4105 579 4164 atque
608 4094 679 4147 ita
711 4094 944 4163 undique
963 4092 1091 4147 mihi
1113 4093 1293 4163 gravis
1311 4091 1466 4147 dolor
1494 4102 1550 4149 et
1574 4092 1840 4147 cruciatus

240 4187 368 4242 crit.
414 4186 547 4241 Audi
571 4187 727 4258 igitur
750 4202 919 4241 uocem
946 4200 1131 4252 meam,
1164 4197 1208 4239 et
1224 4202 1392 4257 surge,
1421 4187 1689 4256 statimque
1716 4184 1843 4239 vade

241 4276 313 4330 ad
334 4275 509 4330 Laban
536 4277 745 4345 fratrem
772 4293 937 4330 meum
961 4278 1015 4330 in
1042 4275 1313 4343 Charram,
1334 4278 1427 4331 41.
1460 4286 1506 4331 et
1527 4276 1697 4329 habita
1725 4292 1839 4329 cum

242 4385 301 4422 eo
326 4368 396 4421 ad
419 4368 611 4438 aliquot
640 4368 769 4431 dies,
800 4383 1061 4439 usquequo
1084 4376 1339 4421 avertatur
1368 4368 1445 4420 ira
1474 4376 1522 4421 et
1556 4367 1842 4438 indignatio

244 4458 424 4531 fratris
450 4458 526 4512 tui
554 4475 673 4529 erga
708 4468 774 4523 te,
800 4458 890 4513 45.
913 4466 959 4513 et
987 4458 1311 4513 obliviscatur
1335 4473 1450 4528 qua
1481 4457 1527 4511 ei
1567 4458 1765 4529 fecisti:
1794 4465 1843 4512 et

242 4550 444 4604 mittam
471 4562 518 4603 et
538 4550 777 4604 reducam
807 4559 854 4602 te
887 4548 1027 4614 inde,
1066 4563 1129 4602 ne
1162 4548 1293 4618 forte
1316 4564 1419 4601 uno
1441 4548 1523 4600 die
1559 4548 1696 4602 vobis
1740 4562 1845 4600 am-

245 4643 404 4697 bobus
425 4642 588 4696 orbtr.
620 4641 734 4703 Abi,
764 4641 953 4711 inquit,
979 4640 1049 4692 ad
1088 4645 1297 4711 fratrem
1340 4656 1506 4693 meum
1544 4638 1743 4704 Laban,
1781 4648 1829 4694 et

242 4732 420 4789 habita
447 4733 555 4787 illic
581 4750 696 4786 cum
726 4749 806 4787 eo.
840 4732 1141 4788 Verisimile
1167 4733 1310 4787 enim
1340 4742 1423 4787 est
1448 4734 1841 4803 separationem

238 4836 297 4881 et
327 4826 585 4895 temporis
608 4837 923 4894 processum
949 4838 1107 4893 posse
1131 4823 1333 4894 aliquid
1362 4823 1615 4893 amplius,
1644 4838 1842 4893 nempe

243 4914 490 4985 mit‘gare
520 4915 674 4979 iram,
717 4914 969 4970 invidiam
998 4914 1188 4970 sedare
1212 4922 1267 4971 et
1294 4914 1619 4971 oblivionem
1648 4914 1841 4970 afferre

241 5023 431 5062 eorum
458 5023 578 5076 quae
606 5008 658 5061 in
691 5007 832 5063 furto
860 5007 1245 5063 benedictionis
1264 5017 1414 5077 gesta
1439 5019 1582 5063 sunt.
1618 5008 1683 5062 Et
1707 5008 1839 5063 obli~

240 5101 486 5165 visitatur,
518 5100 707 5169 inquit,
735 5116 850 5168 qua:
874 5102 1053 5171 feceris
1077 5102 1144 5154 ei.
1190 5101 1487 5157 Verisimile
1514 5112 1616 5165 est,
1645 5102 1838 5172 inquit,

242 5207 369 5247 enm
400 5191 558 5246 irasci
591 5192 647 5245 ιε
682 5192 802 5246 ideo
842 5208 937 5261 par
962 5202 1042 5247 est
1080 5204 1138 5248 ut
1175 5195 1306 5249 iram
1339 5205 1392 5250 et
1431 5196 1685 5267 impetum
1726 5196 1842 5267 ejus

310 5350 326 5380 ί
365 5354 414 5416 In
441 5360 620 5416 graeco,
641 5362 812 5416 sum,
827 5364 948 5416 “eis,
966 5362 1161 5416 ἀργιζιτᾳι.
1184 5354 1247 5401 Ad
1272 5354 1463 5416 literam
1486 5352 1662 5416 melius
1686 5364 1839 5415 esset,

236 5408 355 5477 iure
378 5408 609 5459 irascitur
631 5425 658 5477 :7
673 5419 723 5459 et
749 5408 963 5477 fortassis
986 5408 1076 5463 hoc
1093 5414 1259 5477 dicere
1283 5415 1434 5464 voluit
1458 5408 1838 5477 Cbrysostomus:

242 5469 297 5520 Iit
323 5484 459 5528 vero,
476 5479 529 5520 ut
551 5476 712 5521 statim
730 5474 940 5533 videtur,
965 5488 1109 5525 causa
1124 5476 1291 5525 aderat
1316 5485 1367 5525 ut
1393 5469 1687 5525 irasceretur
1702 5480 1839 5535 E‘saii,

243 5535 309 5580 oh
331 5544 605 5599 surreptam
642 5536 734 5583 sibi
760 5535 929 5584 fraude
963 5538 1410 5599 primogenitnram.
1448 5540 1537 5586 Etsi
1565 5541 1693 5587 enim
1715 5539 1844 5589 dicat

246 5597 555 5661 Augustinus,
580 5602 723 5661 Temo
750 5604 820 5655 ιγ,
842 5611 948 5661 cap.
969 5597 1053 5656 ⁷10,
1103 5597 1209 5660 post
1250 5602 1455 5653 initium,
1504 5601 1551 5647 id
1575 5602 1702 5661 quod
1730 5614 1841 5648 sua-

243 5655 399 5724 dente
422 5666 579 5724 matre
618 5658 733 5724 fecit
754 5655 915 5717 Jacob,
942 5655 1047 5708 non
1064 5655 1173 5709 esse
1200 5663 1521 5716 mendacium,
1545 5655 1633 5709 sed
1658 5671 1841 5724 myste-

245 5721 389 5774 rium,
414 5728 465 5767 et
483 5721 590 5789 ipse
612 5721 1137 5789 Chrysostomus‘supra
1164 5726 1392 5789 neboeae
1419 5732 1469 5771 et
1487 5725 1645 5789 Jacobi
1667 5721 1841 5772 factum

246 5784 763 5851 exqtsaverit;__priino
789 5790 949 5851 tamen
973 5785 1147 5835 intuitu
1174 5787 1404 5837 taliae-iam
1429 5786 1770 5848 conspicimus,
1789 5795 1840 5836 et

243 5843 365 5893 tum
380 5844 495 5906 jure
519 5843 797 5906 indignatus
820 5844 1027 5895 videtur.

1046 403 1115 463 IN
1148 403 1302 464 CAP.
1338 404 1554 463 XXVII.
1596 403 1684 464 ΕΤ
1721 401 1959 462 XXVIII.
1999 404 2242 465 GENES.
2283 407 2515 467 llOMlL.
2560 408 2671 468 LlV

3452 412 3556 467 07a

1960 519 2219 589 declines,
2250 524 2296 579 si
2338 523 2477 582 forte
2504 541 2603 597 per
2641 534 2851 596 tempus
2885 527 2964 583 rei
2992 534 3157 599 gestat
3186 525 3557 584 obliviscatur.

1954 621 2010 669 et
2035 624 2219 683 postea
2248 630 2369 670 cum
2394 616 2641 673 libertate
2666 619 2840 687 possis
2861 617 2947 673 hic
2972 617 3300 673 domicilium
3324 616 3546 671 habere.

1957 704 2026 759 Et
2055 721 2124 761 ne
2155 704 2297 762 filius
2320 706 2440 777 ejus
2468 708 2725 777 gravatim
2758 707 2914 772 ferat,
2936 707 3077 779 quod
3098 718 3322 778 cogatur
3346 707 3399 761 in
3422 706 3553 761 alic¢

1953 810 2077 849 nam
2118 804 2315 851 terram
2342 797 2538 867 jabire:
2572 798 2692 853 vide
2726 797 2995 866 quomodo
3035 798 3240 853 soletur
3260 797 3399 851 illius
3426 797 3549 852 sni-

1953 900 2117 940 mam.
2162 887 2397 941 Primum
2445 887 2660 957 quidem
2700 888 2873 943 dixit:
2902 886 3001 942 Abi
3025 889 3093 941 ad
3118 886 3299 941 Laban
3336 889 3551 955 fratrem

1952 994 2138 1033 meum.
2169 978 2305 1033 Num
2334 979 2402 1034 ad
2431 992 2744 1035 extraneum
2776 989 2830 1034 et
2862 980 3095 1035 alienum
3132 981 3211 1035 ire
3254 988 3307 1034 te
3342 978 3555 1049 jubco?

1952 1069 2034 1121 Ad
2053 1073 2263 1139 fratrem
2289 1087 2456 1124 meum
2488 1071 2591 1137 abi,
2614 1082 2661 1126 et
2681 1071 2852 1125 habita
2876 1088 2994 1126 cum
3021 1088 3078 1125 eo
3108 1071 3177 1125 ad
3196 1072 3304 1125 dies
3331 1070 3546 1141 aliquot.

1952 1160 2145 1227 Breve,
2174 1161 2364 1231 inquit,
2410 1172 2643 1233 tempus,
2679 1178 2878 1233 paucos
2907 1164 3045 1229 dies,
3089 1178 3371 1234 quousque
3398 1163 3553 1234 quic—

1952 1263 2069 1308 seat
2095 1252 2194 1307 ira.
2222 1253 2375 1309 Nunc
2401 1255 2545 1311 enim
2573 1253 2746 1310 fervet
2772 1254 3066 1323 indignatio
3090 1253 3229 1321 ejus.
3255 1267 3429 1324 neque
3456 1267 3555 1324 pa-

1954 1346 2050 1400 tris
2079 1345 2294 1401 habebit
2321 1347 2675 1401 reverentiam
2715 1346 2793 1401 ira
2832 1346 3002 1403 semel
3030 1346 3345 1411 inundante,
3376 1360 3556 1415 neque

1952 1445 2207 1506 quantum
2252 1437 2501 1492 fraternae
2535 1437 2917 1492 necessitudini
2968 1436 3161 1491 debeat
3212 1437 3265 1490 in
3315 1444 3551 1489 mentem

1950 1528 2209 1597 accipiet:
2252 1527 2345 1583 sed
2384 1543 2549 1582 unum
2601 1527 2703 1582 hoc
2743 1537 2890 1598 aget,
2916 1536 2975 1581 ut
3008 1526 3245 1582 furorem
3275 1540 3432 1581 suum
3457 1540 3554 1581 ex—

1952 1620 2118 1689 pleat.
2145 1618 2213 1673 Et
2240 1621 2464 1685 mittens,
2494 1619 2672 1673 statim
2715 1618 2834 1672 inde
2868 1618 3111 1671 reducam
3136 1625 3205 1670 te.
3231 1616 3328 1682 Te,
3358 1616 3551 1685 inquit,

1951 1710 2239 1767 revocabo.
2268 1711 2368 1765 Abi
2396 1710 2560 1779 igitur
2584 1710 2721 1765 bona
2750 1724 2872 1764 cum
2904 1707 3095 1763 fiducia
3120 1723 3135 1767 ;
3166 1715 3217 1763 te
3242 1708 3383 1762 enim
3411 1722 3553 1762 nunc

1950 1800 2039 1856 tiis
2061 1815 2128 1857 eo
2159 1801 2337 1857 missis
2375 1800 2667 1857 reducam:
2698 1815 2821 1854 nam
2858 1798 2925 1854 de
2964 1806 3076 1853 toto
3106 1797 3238 1852 mihi
3274 1806 3553 1852 certamen

1949 1902 2052 1958 est,
2083 1892 2151 1948 de
2177 1901 2406 1963 utroque
2434 1894 2590 1947 anxia
2616 1906 2760 1957 sum,
2793 1906 2861 1947 ne
2891 1890 3032 1946 forte
3075 1900 3304 1960 utroque
3350 1890 3550 1959 priver.

1950 1986 2084 2042 Vide
2110 1987 2425 2056 sapientiam
2456 1985 2665 2051 matris,
2701 1999 2822 2055 qua:
2857 1998 2887 2037 a
2920 1983 3093 2051 seipsa
3122 1993 3290 2047 mota,
3319 1982 3427 2035 imo
3456 1980 3551 2036 Dei

1949 2076 2281 2147 prmdictioni
2309 2076 2472 2131 etiam
2503 2090 2647 2131 nunc
2684 2074 2949 2141 serviens,
2992 2074 3082 2128 illa
3119 2072 3355 2129 consulit
3381 2087 3552 2142 puere

1947 2185 2068 2240 qnze
2095 2169 2343 2225 Christus
2378 2168 2659 2239 discipulis
2702 2169 2816 2224 suis
2854 2166 3195 2232 consulebat,
3238 2180 3306 2219 ne
3350 2173 3555 2220 temere

1950 2261 2202 2331 periculis
2232 2275 2295 2316 se
2320 2260 2703 2326 immiscerent,
2738 2257 2833 2314 sed
2861 2272 3079 2313 secessu
3118 2256 3379 2311 insaniam
3411 2254 3553 2310 male

1951 2352 2268 2408 affectorum
2308 2350 2698 2407 demulcerent.
2734 2352 2847 2406 Hoc
2895 2350 3055 2420 igitur
3095 2349 3257 2405 etiam
3304 2347 3392 2402 illa
3438 2346 3551 2401 filio

1946 2446 2196 2513 consulit,
2225 2449 2455 2516 primum
2481 2446 2600 2515 ejus
2624 2444 2805 2500 animo
2835 2443 3082 2498 fiduciam
3116 2441 3309 2496 indens
3348 2449 3405 2495 ut
3435 2439 3551 2495 dis~

1946 2554 2155 2595 cessum
2196 2554 2301 2593 non
2340 2552 2483 2609 aegre
2525 2536 2723 2600 ferret,
2770 2543 2897 2591 tunc
2933 2534 3189 2603 deinceps
3234 2540 3295 2588 et
3332 2544 3549 2586 causam

1947 2629 2227 2685 honestam
2261 2628 2575 2699 profectioni
2606 2628 2722 2697 ejus
2761 2627 3048 2696 excogitat,
3086 2626 3162 2679 ita
3192 2632 3250 2677 ut
3276 2638 3345 2678 ne
3370 2621 3549 2677 mani-

1948 2720 2082 2777 feste
2109 2721 2350 2777 videatur
2371 2729 2592 2791 propter
2612 2718 2791 2775 fratris
2813 2718 3065 2773 invidiam
3095 2716 3372 2783 recedere,
3410 2730 3552 2771 neve

1946 2824 2099 2885 pater
2113 2815 2247 2870 sciat
2266 2829 2445 2869 veram
2459 2812 2905 2884 peregrinationis
2924 2824 3163 2877 causam,
3179 2808 3327 2863 Esau
3346 2807 3555 2862 scilicet

1948 2906 2363 2977 indignationem
2391 2915 2575 2961 contra
2597 2906 2763 2959 illum.
2782 2903 2877 2960 ιϐ.
2906 2901 2972 2957 Et
2994 2903 3242 2973 ingressa,
3269 2899 3461 2970 inquit,
3482 2898 3553 2952 ad

1947 2997 2099 3052 Isaac
2122 2997 2349 3051 Rebecca
2375 2997 2543 3052 dixit:
2568 2995 2748 3051 Grauis
2776 2994 2900 3049 mihi
2928 2995 3032 3049 vita
3064 3002 3137 3048 est
3172 3000 3378 3064 prepter
3417 2990 3555 3061 filias

1949 3092 2174 3160 ﬁliorum
2217 3091 2362 3146 Cltet.
2404 3091 2466 3146 Si
2510 3089 2758 3159 acceperit
2793 3087 2958 3143 Iacob
2998 3102 3212 3142 uxorem
3246 3086 3312 3139 de
3343 3084 3549 3154 filiabus

1950 3191 2099 3236 terra
2120 3182 2287 3248 istius,
2312 3181 2381 3235 ad
2403 3180 2527 3251 quid
2556 3180 2681 3234 mihi
2703 3180 2803 3233 vita
2820 3178 2848 3233 7

2023 3273 2078 3327 5.
2098 3272 2390 3327 Considera
2414 3269 2684 3341 quomodo
2711 3270 2994 3325 honestum
3026 3268 3229 3324 invenit
3247 3266 3551 3324 obtentum.

1949 3364 2174 3431 Quando
2209 3365 2351 3418 enim
2379 3363 2533 3420 nobis
2553 3378 2782 3433 superna
2808 3362 2977 3433 gratia
3004 3362 3342 3432 cooperatrix
3362 3368 3465 3424 est,
3494 3367 3552 3415 et

1948 3456 2183 3513 difficilia
2200 3455 2374 3512 facilia
2394 3456 2551 3525 fiunt,
2571 3467 2625 3513 et
2644 3456 2826 3528 gravia
2840 3456 3004 3512 levia.
3026 3456 3163 3524 Quia
3185 3456 3347 3527 igitur
3361 3464 3417 3510 et
3434 3454 3550 3509 haec

1949 3548 2139 3603 habuit
2170 3548 2337 3604 Deum
2369 3549 2654 3603 sententia:
2678 3562 2791 3603 sua:
2819 3556 3171 3612 annuentem,
3195 3545 3399 3611 omnia,
3431 3560 3553 3616 qua)

1948 3639 2015 3695 ad
2058 3637 2292 3694 futuram
2332 3639 2789 3708 dispensationem
2827 3648 2883 3695 et
2930 3637 3000 3693 ad
3037 3639 3265 3693 salutem
3302 3636 3396 3691 filii
3419 3649 3554 3692 corr-

1948 3730 2148 3786 ducere
2190 3738 2459 3799 poterant,
2500 3730 2766 3800 suggessit
2800 3729 2919 3797 ejus
2963 3728 3150 3783 menti.
3187 3727 3369 3782 Gravis
3395 3726 3543 3792 mihi,

1950 3822 2144 3893 inquit,
2174 3834 2245 3876 est
2272 3822 2375 3876 vita
2395 3837 2510 3875 mea
2537 3832 2745 3893 propter
2770 3821 2905 3891 filias
2931 3820 3153 3890 ﬁliorum
3187 3818 3335 3876 Chet.
3361 3818 3423 3876 Si
3460 3834 3555 3873 ac-

1950 3917 2137 3987 ceperit
2170 3914 2332 3969 Jacob
2362 3930 2573 3969 mrem
2611 3914 2677 3968 de
2704 3912 2910 3984 filiabus
2952 3921 3102 3966 terra
3130 3914 3305 3983 hujus,
3338 3912 3406 3964 ad
3432 3910 3556 3982 quia

1948 4007 2077 4061 mihi
2103 4007 2207 4060 vita
2229 4006 2255 4060 .9
2284 4005 2382 4061 Hic
2408 4005 2539 4060 mihi
2566 4003 2873 4075 significare
2898 4002 3108 4057 videtur
3133 4002 3401 4071 pessimos
3426 4016 3559 4057 uxo-

1950 4114 2068 4153 rum
2098 4097 2241 4152 Esau
2269 4110 2470 4159 mores,
2492 4110 2613 4165 qua:
2640 4094 2721 4149 eis
2751 4092 2947 4148 fuerint
2972 4091 3154 4146 multa:
3181 4090 3555 4146 amaritudinis

1949 4204 2131 4245 causa.
2166 4189 2377 4243 Etenim
2420 4188 2489 4243 de
2539 4186 2684 4241 Esaii
2730 4184 2977 4251 superius
3006 4184 3243 4237 narravit
3277 4182 3440 4237 nobis
3471 4180 3556 4236 di-

1951 4284 2074 4338 vina
2114 4281 2415 4352 Scriptura,
2454 4279 2597 4350 quod
2636 4278 2906 4347 acceperit
2932 4291 2962 4330 a
2992 4274 3248 4331 Chcttzris
3280 4285 3335 4330 et
3375 4273 3555 4329 Evazis

1949 4387 2165 4435 uxores,
2189 4388 2309 4444 qum
2324 4369 2713 4442 exasperabant
2730 4369 2876 4423 lsaac
2894 4376 2947 4422 et
2967 4366 3262 4422 Rebeccam
3289 4363 3443 4436 (Gen.
3458 4363 3557 4419 2t}.

1954 4465 2044 4521 δι.
2076 4463 2207 4535 55).
2256 4463 2382 4517 Haec
2410 4461 2571 4531 igitur
2611 4460 2665 4514 in
2694 4456 3008 4515 memoriam
3036 4456 3087 4511 ei
3126 4468 3414 4525 suggerere
3456 4467 3555 4510 vo-

1952 4557 2090 4623 lens,
2132 4556 2205 4610 ita
2249 4555 2362 4611 fere
2402 4552 2669 4622 loquitur:
2712 4551 2833 4607 Scis
2867 4548 3136 4621 quomodo
3174 4548 3337 4602 vitam
3374 4562 3550 4603 meatu

1952 4647 2349 4703 cxacerbarunt
2373 4658 2567 4699 uxores
2600 4644 2761 4707 Esau,
2792 4654 2849 4697 et
2873 4644 3142 4711 quomodo
3183 4651 3400 4712 propter
3434 4640 3553 4695 illa.

1951 4753 2067 4792 rum
2110 4738 2366 4792 malitiam
2396 4737 2448 4789 in
2475 4749 2667 4790 omnes
2693 4734 2830 4789 filias
2859 4735 3085 4789 filiorum
3115 4734 3248 4789 Cbet
3277 4733 3415 4788 male
3436 4733 3555 4787 affi-

1951 4830 2085 4894 cior,
2105 4837 2158 4885 et
2182 4837 2399 4899 propter
2416 4827 2536 4881 illas
2561 4842 2774 4881 omnem
2802 4836 3017 4897 gentem
3046 4842 3269 4881 exosum
3295 4825 3544 4890 habeant;

1950 4922 1995 4977 si
2023 4920 2181 4991 igitur
2209 4919 2487 4989 contingat
2512 4917 2757 4973 etJacob
2798 4933 2866 4971 ex
2910 4916 3016 4971 illis
3060 4932 3284 4972 uxorem
3326 4916 3549 4983 ducere,

1950 5028 2070 5083 qua:
2091 5011 2226 5066 mihi
2256 5018 2441 5081 postea
2470 5010 2659 5065 salutis
2681 5009 2844 5076 spes?
2870 5007 2951 5060 Ad
2971 5007 3097 5075 quid
3123 5008 3247 5060 utilia
3274 5016 3387 5061 tum
3419 5006 3551 5061 vita?

1951 5107 2083 5163 Nam
2125 5106 2172 5161 si
2216 5106 2333 5161 illas
2361 5104 2500 5159 ferre
2542 5118 2647 5157 non
2679 5099 2984 5173 possumus,
3014 5101 3058 5153 si
3100 5100 3262 5157 etiam
3286 5099 3455 5153 Jacob
3483 5114 3550 5154 es

1952 5199 2163 5254 ﬁliabus
2206 5209 2361 5253 terra:
2390 5196 2547 5266 hujus
2588 5210 2809 5251 uxorem
2839 5192 3127 5261 acceperit,
3158 5200 3336 5248 actum
3368 5197 3452 5244 est
3479 5188 3549 5245 de

1950 5292 2056 5344 vita
2078 5300 2278 5345 nostra.
2299 5288 2501 5355 Quibus
2521 5287 2720 5341 auditis
2738 5286 2903 5349 Isaac,
2921 5292 3080 5351 atque
3097 5280 3313 5335 malitia:
3337 5280 3550 5333 illarum

1950 5382 2281 5445 recordatus,
2309 5382 2359 5435 i.
2385 5378 2535 5433 Isaac
2568 5378 2819 5431 aduocans
2832 5374 3015 5437 Iacob,
3046 5373 3297 5428 benedixit
3317 5388 3450 5436 eum,
3472 5371 3552 5424 in-

1949 5475 2087 5542 quit,
2100 5483 2143 5527 et
2167 5473 2403 5543 prtvcepit
2422 5472 2490 5537 ei,
2510 5472 2679 5525 dicens
2694 5486 2713 5522 :
2727 5467 2846 5521 Non
2863 5483 3037 5523 sumes
3052 5481 3257 5519 uxorem
3272 5466 3335 5515 de
3346 5462 3552 5529 ﬁliabus

1952 5566 2393 5627 Chanauazorum;
2421 5562 2477 5616 2.
2500 5562 2588 5617 sed
2607 5576 2776 5631 surge,
2800 5568 2846 5612 et
2874 5558 3000 5611 vade
3026 5556 3077 5609 in
3102 5552 3547 5623 MesOpotamiam,

1950 5659 2001 5709 in
2033 5657 2237 5709 domum
2274 5655 2433 5723 patris
2455 5655 2631 5707 matris
2668 5663 2789 5715 tute,
2823 5661 2870 5704 et
2894 5648 3066 5717 accipe
3085 5647 3171 5699 tibi
3202 5645 3318 5699 inde
3346 5656 3553 5696 uxorem

1950 5748 2013 5799 de
2043 5746 2245 5811 ﬁliabus
2284 5745 2456 5813 fratris
2504 5744 2680 5796 matris
2724 5752 2821 5795 tua:
2860 5740 3018 5813 (Cap.
3061 5737 3190 5808 28).
3237 5734 3419 5805 Neque
3466 5729 3551 5786 bis

1951 5848 2235 5892 contentus
2276 5834 2475 5904 verbis,
2516 5833 2683 5891 voluit
2723 5842 2779 5889 et
2820 5832 3142 5888 alacriorctn
3171 5843 3297 5885 eum
3325 5822 3553 5881 reddere
