4170 6476
681 423 787 481 ιτε

685 537 736 590 in
778 532 1223 604 peregrinatione,
1269 539 1325 585 et
1374 541 1499 584 cum
1550 527 1740 583 iterum
1791 519 2248 580 benedictionibus

683 624 958 682 conﬁrmat
983 638 1045 677 ac
1073 620 1200 677 dicit
1227 637 1240 675 :
1267 620 1321 676 3.
1343 617 1483 674 Dens
1520 629 1685 673 autem
1720 631 1860 689 ments
1895 613 2148 668 benedicet
2178 619 2246 676 to,

683 727 730 770 et
751 714 948 784 augebit
965 727 1033 779 te,
1051 722 1098 768 et
1122 711 1473 781 maltiplicabit
1496 720 1562 778 te,
1583 720 1631 765 et
1649 710 1746 765 eris
1766 709 1821 762 in
1845 704 2249 778 congregatim

680 809 923 876 gentiam,
963 805 1016 859 ι.
1058 813 1106 858 et
1140 803 1280 857 dabit
1318 802 1408 858 tibi
1443 801 1829 857 benedictionem
1853 799 2070 853 Abralw
2091 794 2252 868 patris

681 896 800 962 inci,
831 895 921 950 tibi
952 904 1000 950 et
1025 895 1207 950 semini
1245 904 1335 950 tao
1371 903 1482 964 post
1508 903 1587 948 te:
1607 901 1662 948 at
1683 894 1737 946 in
1770 891 2092 946 hereditatem
2117 888 2254 942 arci-

682 984 794 1053 ρῦα
839 993 1028 1040 terram
1075 982 1486 1054 peregrinationis
1535 991 1636 1035 tua
1650 1020 1668 1048 ,
1725 995 1878 1050 quam
1922 977 2060 1032 dedit
2113 975 2254 1032 Betis

680 1070 922 1128 Abrah.
947 1070 1082 1128 Vide
1101 1070 1368 1142 quomodo
1391 1070 1568 1140 justus
1606 1069 1844 1140 praedicit
1877 1069 1926 1125 ei
1960 1068 2163 1134 omnia,
2187 1080 2254 1122 ac

683 1163 820 1217 bona
856 1161 906 1218 el
931 1161 1116 1218 viatica
1140 1161 1232 1215 dat
1259 1169 1313 1216 et
1361 1160 1586 1216 solatia:
1622 1159 1862 1230 pradicit
1887 1160 2031 1216 enim
2053 1159 2112 1215 el
2135 1157 2256 1215 red-

686 1252 824 1306 itum
859 1249 1311 1318 bereditatemqne
1349 1257 1526 1317 terras,
1551 1247 1786 1304 futurum
1823 1262 1944 1305 esse
1985 1249 2170 1304 dicens
2196 1258 2256 1304 ut

680 1355 785 1392 non
806 1339 978 1395 soloin
1005 1339 1057 1395 in
1078 1339 1466 1396 multitudinem
1488 1348 1710 1419 crescat,
1731 1339 1824 1397 sed
1849 1341 2006 1395 etiam
2032 1353 2255 1410 congre-

685 1429 927 1499 gationes
963 1431 1200 1502 gentium
1244 1446 1309 1486 es
1351 1431 1557 1487 semine
1594 1431 1710 1500 ejus
1736 1429 2093 1501 egrediantur.
2124 1430 2254 1496 ρυω

684 1527 744 1574 ut
779 1517 982 1574 audivit
1022 1519 1183 1585 illius,
1232 1521 1471 1590 implevit
1505 1521 1653 1590 jussa
1684 1520 1878 1590 patris,
1905 1527 1962 1576 et
1989 1520 2254 1590 prolectus

681 1618 764 1663 est
796 1609 850 1664 in
895 1609 1324 1679 Mesopotamiam
1362 1609 1428 1664 ad
1471 1609 1648 1665 Labau
1690 1611 1875 1664 matris
1917 1609 2158 1664 fratrem.
2187 1606 2256 1663 Et

685 1697 898 1765 iterum,
919 1707 976 1753 ut
1000 1699 1098 1753 hoc
1123 1697 1306 1754 didicit
1334 1698 1496 1762 Esau,
1536 1713 1730 1769 nempe
1752 1698 2009 1754 Jacobum
2037 1696 2255 1754 benedi-

680 1796 825 1841 ctum
850 1787 1012 1844 fuisse
1035 1802 1066 1843 a
1097 1796 1266 1859 patre,
1288 1795 1344 1844 et
1369 1788 1673 1846 mandatum
1701 1789 1970 1858 accepisse
1995 1803 2064 1842 ne
2089 1787 2256 1844 duce-

683 1885 770 1931 ret
789 1890 1008 1932 uxorem
1031 1893 1095 1932 ea
1123 1878 1330 1935 liliabus
1345 1878 1787 1947 Chananaeornm,
1801 1881 1896 1936 sed
1916 1879 2258 1950 COMCIIdl8SO

684 1965 741 2020 in
782 1964 1257 2036 Iesopotamiam:
1300 1970 1449 2040 quasi
1493 1970 1760 2040 corrigere
1801 1969 1987 2026 volens
2020 1982 2259 2027 erratum

687 2068 842 2109 suum
863 2065 915 2111 et
943 2056 1151 2124 placare
1176 2070 1401 2128 patrem,
1428 2059 1483 2116 9.
1515 2060 1740 2126 Addidit,
1773 2059 1962 2130 inquit,
1991 2070 2040 2115 et
2067 2063 2257 2130 act-epit

682 2161 890 2200 uxorem
921 2149 990 2200 ad
1018 2147 1149 2202 ditas
1169 2164 1348 2203 amores
1363 2165 1501 2213 suas,
1519 2150 1678 2218 ﬁliam
1697 2148 1888 2218 Ismaol
1902 2150 1998 2218 [illi
2017 2152 2252 2205 Abrahae.

683 2234 892 2302 Vidisti,
919 2236 1130 2305 dilecte,
1167 2251 1363 2310 quanta
1392 2241 1672 2311 prudentia
1703 2241 1868 2298 lilium
1907 2257 2062 2298 suum
2092 2241 2256 2298 Jacob

681 2340 716 2382 e
741 2327 990 2394 periculis
1034 2330 1397 2385 amantissima
1438 2340 1608 2387 mater
1643 2332 1932 2402 eripuerit:
1959 2333 2256 2401 speciosam

683 2417 980 2474 emendem
1027 2423 1469 2490 peregrinationis
1518 2436 1753 2486 causam,
1796 2432 1851 2477 et
1893 2436 2066 2492 neque
2113 2421 2256 2477 Esau

679 2508 942 2570 malitiam
995 2511 1246 2580 prodens.
1282 2529 1456 2582 neque
1497 2515 1631 2583 patri
1678 2528 1892 2569 causam
1920 2514 2257 2570 manifestam

607 2629 613 2639 ι
684 2595 956 2664 reddens;
995 2600 1090 2654 sed
1119 2612 1174 2656 et
1202 2601 1309 2656 lilio
1342 2603 1666 2658 conveniens
1691 2602 1827 2658 dans
1853 2605 2168 2668 consilium,
2201 2611 2260 2658 ut

685 2700 753 2740 ex
779 2697 923 2743 metu
949 2689 1016 2744 ad
1041 2704 1192 2745 suam
1222 2687 1642 2761 amplectendam
1681 2694 1996 2749 sententiam
2023 2694 2258 2750 adduce-

688 2786 859 2837 retur.
882 2778 1008 2834 dum
1037 2780 1199 2835 etiam
1229 2782 1362 2851 patri
1389 2793 1769 2851 congruentem
1796 2798 2008 2838 causam
2037 2798 2258 2854 sttggcs-

685 2866 789 2921 sit!
811 2868 958 2924 Unde
977 2879 1031 2925 et
1045 2870 1219 2939 justus
1245 2875 1362 2938 eius
1382 2871 1536 2926 dictis
1556 2887 1830 2927 assensum
1856 2873 2119 2942 praebens,
2148 2874 2258 2930 via-

685 2957 793 3014 tico
819 2958 1198 3017 benedictionis
1227 2962 1536 3017 instructum
1562 2961 1728 3019 Jacob
1750 2962 1971 3018 dimisit.

754 3049 1102 3121 Peregrinatio
1125 3051 1305 3108 Jacobi
1332 3064 1589 3109 narratur.
1605 3083 1676 3096 -
1698 3055 1962 3111 Ctetcrum
1985 3057 2030 3111 si
2057 3057 2252 3127 placet,

681 3149 739 3196 et
763 3157 867 3197 non
891 3142 1273 3214 defatigamini,
1295 3145 1568 3202 videamus
1585 3146 1854 3217 quomodo
1874 3149 2255 3218 peregrinatio-

683 3247 810 3289 nem
845 3233 1240 3292 obieritlacob.
1287 3235 1404 3290 Non
1450 3251 1674 3307 parvum
1716 3238 1860 3292 enim
1900 3246 1954 3292 et
1993 3237 2117 3293 hinc
2143 3238 2257 3294 fru-

679 3333 828 3379 ctum
858 3325 1101 3394 accipere
1129 3339 1411 3395 possumus
1429 3367 1445 3392 ,
1474 3326 1522 3382 si
1551 3326 1950 3383 attenderimus.
1981 3328 2255 3386 iustorum

683 3412 825 3468 enim
853 3419 1187 3470 conversatio
1224 3426 1280 3471 et
1310 3417 1416 3472 vita
1442 3416 1604 3473 totius
1631 3416 1977 3488 philosophia:
2016 3420 2256 3476 continet

680 3505 1003 3560 doctrinam.
1027 3505 1159 3562 Vide
1189 3507 1346 3578 igitur
1372 3507 1513 3564 hunc
1531 3509 1803 3578 juvenem,
1835 3511 1922 3580 qui
1949 3510 2095 3567 dumi
2120 3512 2253 3567 edu-

675 3601 854 3659 catus,
885 3595 975 3664 qni
999 3603 1152 3651 antea
1186 3613 1473 3667 numquam
1500 3600 1937 3670 peregrinationis
1960 3602 2254 3672 cuiuspiam

677 3687 976 3755 periculum
1012 3688 1243 3754 fecerat,
1287 3705 1577 3760 numquam
1629 3691 1682 3746 in
1727 3702 1987 3749 extranea
2036 3694 2254 3764 regione

681 3786 926 3832 versatus
968 3776 1159 3844 fuerat,
1201 3794 1372 3848 neque
1413 3795 1575 3852 grave
1613 3782 1813 3852 aliquid
1838 3793 2090 3853 expertus
2112 3794 2248 3853 erat,

675 3867 950 3936 quoodo
978 3869 1079 3924 iter
1100 3869 1340 3936 arripiat,
1372 3876 1428 3925 et
1453 3871 1598 3931 disce
1628 3872 1971 3944 philosophia:
1990 3875 2132 3932 illius
2153 3891 2251 3932 es-

675 3957 1000 4012 cellentiam.
1042 3958 1129 4013 l0.
1167 3956 1234 4012 Et
1266 3975 1492 4031 egressas
1519 3961 1677 4018 Iacob
1711 3979 1743 4015 a
1787 3966 1926 4036 [ante
1952 3964 2249 4032 inminenti,

682 4046 936 4120 prolectas
973 4055 1045 4103 est
1071 4048 1124 4101 in
1151 4047 1401 4116 Charran,
1444 4051 1531 4106 ll.
1573 4061 1620 4105 et
1649 4055 1865 4107 occurrit
1890 4053 2035 4120 loco,
2067 4063 2113 4108 et
2132 4055 2254 4108 dor.

679 4138 819 4192 ntisit
851 4138 988 4193 illic:
1025 4140 1280 4194 occidebat
1313 4143 1446 4196 enim
1479 4141 1556 4196 sol
1575 4156 1595 4197 :
1622 4153 1669 4196 et
1692 4144 1882 4215 occepit
1908 4145 1972 4200 de
1997 4145 2253 4213 lapidibus

682 4230 798 4296 loci,
816 4241 865 4285 et
893 4233 1059 4302 posuit
1103 4233 1172 4286 od
1203 4244 1355 4304 caput
1391 4251 1556 4300 sititet,
1584 4245 1632 4290 et
1656 4237 1889 4292 dormivit
1915 4239 1976 4293 in
2000 4239 2130 4294 loco.
2156 4237 2251 4294 Vi-

678 4322 804 4378 disti
839 4323 1159 4380 inelabilem
1196 4324 1624 4395 philosophiam?
1654 4327 1830 4384 vidisti
1863 4329 2134 4400 quomodo
2163 4319 2252 4384 ve-

679 4423 820 4468 teres
843 4416 950 4470 iter.
967 4414 1233 4470 faciebant
1251 4417 1284 4472 ἵ
1301 4416 1393 4471 Vir
1418 4417 1561 4472 domi
1592 4417 1847 4474 educatus
1874 4418 2084 4490 (rursus
2107 4421 2252 4476 enim

674 4521 739 4560 ea
758 4505 977 4577 dicam),
998 4514 1252 4578 tantoque
1275 4517 1518 4565 assuetus
1544 4509 1804 4568 famulitio
1831 4510 2091 4582 (Simplex
2106 4513 2252 4567 enim

671 4605 808 4662 «at,
837 4597 1024 4666 inquit,
1053 4608 1102 4652 et
1131 4600 1267 4653 donli
1292 4600 1521 4656 habitans
1540 4599 1796 4674 [ϐαι.Ξᾷ
1814 4601 1911 4674 27]
1937 4604 1978 4674 ),
2010 4603 2250 4674 peregri-

679 4693 920 4752 naturus,
952 4702 1123 4756 neque
1143 4687 1399 4758 iumentis
1425 4690 1634 4758 egebat,
1658 4706 1830 4759 neque
1854 4691 2131 4757 ministris,
2161 4708 2253 4745 ne-

672 4789 782 4842 que
820 4775 1021 4832 viaticis
1047 4795 1061 4842 ;
1089 4778 1181 4833 sed
1217 4779 1566 4848 apostolicum
1606 4797 1812 4836 morem
1852 4782 2106 4848 imitatus,
2151 4784 2252 4838 iter

675 4863 831 4919 l'acit:
856 4875 913 4921 et
940 4882 1061 4923 cum
1085 4870 1426 4926 occumberet
1456 4871 1559 4936 sol,
1602 4873 1670 4926 ibi
1699 4874 1969 4939 dormivit,
2003 4876 2089 4929 ubi
2129 4888 2251 4930 eum

675 4973 779 5011 rios
808 4961 1228 5030 cmnprebendit.
1262 4963 1484 5032 Accepit,
1516 4966 1700 5036 inquit,
1731 4964 1971 5034 lapidem,
2007 4977 2054 5021 et
2085 4970 2250 5033 posuit

675 5049 744 5099 ad
783 5061 932 5119 caput
970 5067 1135 5105 suum.
1169 5051 1298 5107 Vide
1335 5057 1481 5122 pueri
1515 5059 1712 5109 robur:
1747 5055 1920 5125 lapide
1956 5073 2049 5124 pro
2077 5058 2246 5127 pulvi-

677 5140 792 5193 nari
825 5157 951 5197 usus
973 5153 1069 5209 est,
1095 5154 1150 5198 et
1175 5159 1334 5213 super
1364 5147 1718 5212 pavimentum
1758 5148 2027 5204 dormivit.
2063 5149 2245 5217 igitur,

674 5233 925 5299 quoniam
952 5234 1083 5288 bene
1111 5245 1368 5288 moratam
1403 5238 1630 5290 animant
1674 5236 1918 5302 habebat,
1954 5249 2005 5294 et
2039 5239 2247 5295 'vllllell'l

677 5322 939 5390 spiritum,
973 5326 1036 5376 ab
1068 5328 1212 5379 omni
1239 5329 1477 5382 sa'culari
1514 5330 1741 5382 vanitate
1785 5331 2028 5395 liberum,
2069 5333 2248 5385 admi-

677 5416 900 5468 rabilem
926 5415 1180 5472 visionem
1219 5418 1376 5490 illanr
1403 5423 1616 5473 Ingruit.
1663 5421 1772 5474 Hoc
1803 5421 1942 5476 enim
1970 5439 2118 5477 more
2144 5425 2248 5492 agit

678 5509 928 5564 Dominus
951 5523 1157 5574 noster;
1190 5515 1395 5581 quando
1423 5516 1559 5568 videt
1579 5516 1807 5569 animum
1830 5518 1964 5571 bene
1979 5519 2244 5584 adactam,

675 5600 954 5667 manentia
983 5617 1085 5656 non
1128 5603 1300 5671 magni
1330 5603 1631 5672 facientem,
1659 5605 1940 5674 plurimam
1968 5608 2065 5664 tibi
2103 5611 2245 5664 illius

676 5707 854 5746 eurum
879 5708 996 5746 esse
1019 5689 1274 5746 declarat.

746 5785 800 5836 4.
843 5783 971 5836 \‘ltle
1014 5783 1167 5852 igitur
1201 5787 1396 5855 justum
1435 5787 1578 5842 illum
1611 5787 1663 5841 in
1701 5795 1813 5844 sitio
1846 5791 2158 5856 cubantem,
2189 5807 2241 5848 et

1385 418 1439 473 S.
1479 411 1755 471 JOANNIS
1789 400 2261 469 οηειγςιοςτοηι
2298 401 2613 464 ARCIIIEP.
2639 408 3176 468 CONSTANTINOP.

3823 407 3929 464 «Πῦ

2351 519 2608 576 visionem
2636 521 2903 578 videntem
2926 563 2944 589 ,
2976 521 3084 577 imo
3113 521 3315 577 visione
3343 519 3546 575 Domini
3585 519 3801 590 dignum
3829 521 3926 574 lia-

2351 607 2538 665 bitum.
2566 611 2701 667 Dicit
2722 612 2864 668 enim
2889 629 2904 666 :
2933 611 3244 666 Obdormivit
3265 651 3284 678 ,
3310 613 3400 670 l2.
3423 617 3470 664 et
3506 626 3620 665 ecce
3658 613 3795 664 scala
3819 605 3931 666 erat

2352 699 2554 768 firmata
2577 717 2727 768 super
2751 711 2955 768 (mam,
2976 703 3123 769 caitts
3149 711 3304 772 caput
3328 701 3634 770 pet-tingebat
3653 701 3704 754 in
3723 703 3934 764 calam,

2352 799 2400 846 et
2426 792 2595 863 angeli
2632 790 2729 847 Dei
2749 794 3080 848 ascendebant
3101 803 3148 849 et
3177 791 3535 848 descendebant
3561 808 3714 858 super
3751 808 3864 846 eam
3885 795 3930 847 ⁸.

2356 884 2444 938 13.
2471 883 2718 938 Dominus
2741 893 2910 938 autent
2932 884 3136 940 innixus
3167 894 3275 939 erat
3319 899 3472 953 super
3493 899 3605 938 eant
3628 924 3642 945 ,
3670 892 3718 936 et
3752 881 3886 937 dixit
3913 922 3932 936 .

2355 970 2469 1044 Ego
2489 973 2628 1030 Deus
2644 973 2918 1041 Abraham,
2939 984 2988 1029 et
3009 973 3146 1029 Deus
3167 972 3318 1028 Isaac
3337 973 3496 1043 patris
3514 973 3588 1027 tui
3613 986 3633 1027 :
3652 988 3715 1027 ne
3732 973 3937 1030 timus.

2353 1060 2645 1118 Considera
2669 1105 2686 1133 ,
2713 1065 2972 1131 obsecro,
3003 1065 3092 1121 hic
3134 1064 3390 1120 eximiam
3438 1077 3620 1119 curam
3654 1063 3942 1119 clementis

2357 1151 2471 1208 Dei.
2499 1153 2634 1219 Quia
2673 1155 2886 1210 videbat
2925 1171 3048 1210 eum
3093 1155 3387 1212 secundum
3426 1155 3705 1210 consilium
3749 1155 3943 1209 matris

2356 1252 2572 1313 propter
2600 1243 2842 1300 timorem
2889 1244 3064 1299 fratris
3103 1245 3581 1316 peregrinationem
3621 1246 3895 1314 suscipere
3915 1283 3944 1310 .

2353 1343 2408 1388 et
2432 1334 2582 1403 quasi
2609 1348 2857 1390 erronem
2886 1336 3170 1405 quemdam
3196 1336 3296 1392 iter
3323 1334 3498 1392 facere
3517 1375 3534 1402 ,
3565 1334 3737 1390 solum
3776 1342 3945 1404 atque

2356 1423 2424 1479 ab
2462 1424 2581 1479 aliis
2607 1424 2929 1480 abstractum
2961 1426 3261 1496 nullamque
3300 1425 3580 1482 habentem
3609 1423 3938 1480 consolatio-

2357 1528 2478 1569 nem
2505 1513 2614 1569 ullo
2641 1529 2709 1570 ex
2737 1515 2878 1582 loco,
2911 1515 3004 1572 sed
3031 1524 3197 1572 totum
3241 1515 3296 1570 in
3344 1530 3636 1584 supernum
3681 1515 3944 1569 auxilium

2357 1603 2721 1672 projieicntem
2750 1621 2765 1659 :
2789 1605 2966 1660 statim
3003 1605 3055 1660 in
3083 1606 3198 1675 ipso
3223 1605 3373 1661 initio
3401 1607 3585 1660 volens
3617 1605 3948 1660 coutirmare

2355 1693 2682 1748 alacritatem
2707 1694 2822 1765 ejus
2840 1735 2858 1761 ,
2885 1696 2934 1750 ei
2966 1705 3189 1766 apparet
3207 1737 3223 1761 ,
3246 1711 3311 1752 ac
3336 1697 3501 1752 dicit:
3528 1696 3639 1769 Ego
3661 1713 3777 1751 sant
3804 1695 3946 1752 Dens

2357 1783 2633 1851 Abt-aliain,
2655 1794 2701 1840 et
2721 1783 2860 1840 Deus
2887 1785 3038 1842 Isaac
3059 1788 3220 1856 patris
3246 1788 3321 1842 tai
3364 1787 3476 1858 Ego
3499 1796 3554 1842 et
3583 1785 3943 1857 patriarcham

2358 1883 2411 1930 et
2438 1885 2638 1944 patrem
2675 1885 2820 1931 tuum
2862 1878 2914 1932 in
2943 1888 3144 1933 tantum
3174 1878 3514 1948 splendorem
3540 1878 3712 1934 evesi.
3736 1878 3816 1933 Ne
3846 1879 3948 1948 igi-

2361 1973 2446 2019 tur
2468 1965 2676 2032 timcas,
2697 1967 2792 2022 sed
2815 1968 2977 2023 crede
3006 1983 3112 2033 me,
3140 1969 3227 2038 qui
3255 1969 3468 2040 implevi
3495 1969 3600 2024 illis
3623 1970 3944 2040 promissio-

2359 2070 2485 2119 nes,
2517 2064 2571 2110 et
2607 2065 2660 2111 te
2695 2071 2812 2112 mea
2842 2073 2968 2112 cura
2999 2068 3052 2114 et
3093 2058 3422 2129 providentia
3451 2059 3812 2130 dignatumm.
3862 2061 3949 2115 Ne

2359 2144 2548 2198 timeas
2595 2160 2758 2217 ergo,
2779 2147 2874 2202 sed
2899 2147 3108 2204 conlide
3144 2166 3157 2202 :
3190 2157 3244 2205 et
3272 2151 3415 2204 omni
3444 2150 3633 2205 timore
3672 2150 3904 2220 depu'so
3926 2193 3945 2217 ,

2357 2232 2518 2289 crede
2538 2235 2601 2290 iis
2627 2251 2744 2306 qua:
2771 2253 2800 2291 a
2823 2252 2910 2294 me
2936 2238 3202 2295 dicuntur.
3229 2239 3431 2295 Etenim
3453 2250 3660 2304 terram,
3680 2243 3732 2295 in
3760 2258 3864 2313 qua
3890 2253 3948 2296 tu

2359 2323 2570 2392 dormis,
2591 2326 2680 2380 tibi
2701 2326 2834 2381 dabo
2858 2337 2905 2382 et
2936 2329 3112 2384 semini
3142 2338 3230 2384 tito
3249 2371 3266 2397 ,
3299 2332 3382 2386 Η.
3420 2340 3467 2385 et
3493 2333 3587 2385 erit
3611 2349 3776 2386 semen
3799 2343 3949 2387 tuttur

2357 2413 2487 2468 sicut
2529 2432 2686 2470 arena
2720 2419 2898 2474 maris.
2923 2419 3002 2476 Ne
3031 2431 3216 2490 putes,
3247 2423 3448 2491 inquit,
3481 2423 3602 2492 quia
3649 2423 3702 2476 in
3744 2432 3947 2478 tenam

2358 2503 2588 2560 alienam
2615 2521 2756 2562 nunc
2783 2509 2953 2578 vadis,
2983 2511 3293 2580 privandum
3326 2520 3377 2566 te
3404 2522 3544 2567 terra
3573 2512 3755 2582 in-qua
3784 2523 3950 2569 natus

2359 2611 2440 2662 es,
2468 2596 2558 2652 ubi
2601 2599 2888 2668 educatus,
2937 2595 3024 2656 ubi
3069 2601 3364 2657 adolevisti.
3412 2603 3619 2659 Etenim
3667 2603 3759 2659 tibi
3803 2605 3951 2660 dabo

2360 2704 2478 2744 eam
2507 2700 2559 2745 et
2599 2693 2787 2746 semini
2819 2702 2926 2758 tuo,
2968 2694 3109 2763 quod
3138 2695 3277 2750 sicut
3309 2711 3526 2751 arenam
3563 2697 3726 2752 maris
3760 2698 3949 2766 augeri

2358 2781 2574 2845 curabo.
2600 2781 2668 2836 Et
2695 2783 2986 2838 dilatubitttr
3007 2786 3076 2838 ad
3116 2803 3284 2854 mare,
3323 2797 3371 2840 et
3399 2788 3644 2859 afﬁcitur,
3672 2796 3720 2841 et
3742 2797 3951 2855 septen-

2359 2872 2590 2938 trionem,
2619 2881 2667 2926 et
2693 2874 2929 2928 orientem
2955 2888 2976 2928 :
3004 2875 3104 2930 hoc
3125 2886 3244 2944 est,
3283 2875 3476 2945 ubique
3520 2876 3899 2946 propagabitur
3931 2894 3948 2931 :

2359 2959 2426 3016 Et
2442 2961 2789 3017 benedicentur
2807 2966 2859 3019 in
2880 2974 2928 3018 te
2947 2981 3117 3020 omnes
3133 2967 3290 3020 tribas
3315 2977 3480 3029 terra,
3493 2967 3606 3021 etin
3626 2967 3815 3021 semine
3833 2977 3946 3021 tuo.

2433 3051 2695 3117 Quomodo
2741 3064 2966 3108 exerceat
3007 3055 3262 3124 iustorum
3299 3056 3632 3110 obedientiam
3663 3053 3823 3110 Deus.
3869 3086 3949 3097 —

2361 3141 2494 3198 Vide
2519 3143 2785 3213 quomodo
2805 3143 2917 3213 jam
2943 3145 3118 3200 omnia
3146 3146 3195 3200 ei
3216 3162 3335 3216 qua:
3359 3155 3477 3215 post
3495 3146 3708 3216 longum
3731 3155 3949 3215 tempus

2357 3243 2610 3292 eventura
2633 3244 2814 3302 erant,
2845 3235 3108 3306 praedicit.
3139 3236 3236 3292 llic
3263 3237 3404 3292 enim
3431 3250 3548 3292 mos
3585 3245 3669 3292 est
3697 3237 3946 3292 omnium

2360 3323 2606 3390 Domino,
2630 3333 2686 3379 ut
2708 3325 2927 3394 singulis
2955 3324 3167 3396 quidem
3189 3326 3350 3396 justis
3377 3340 3438 3381 se
3465 3324 3519 3380 id
3540 3325 3798 3380 l’actumm
3827 3323 3950 3396 pol-

2358 3411 2596 3480 liceatur,
2626 3429 2733 3468 non
2772 3423 2947 3470 autem
2985 3415 3238 3470 continuo
3265 3415 3648 3486 prontissioues
3677 3415 3893 3485 impleat
3925 3431 3945 3476 :

2356 3502 2452 3558 scd
2475 3513 2722 3560 exerceat
2739 3503 3006 3575 iustorum
3038 3505 3394 3561 obedientiam
3421 3516 3473 3562 et
3498 3505 3832 3577 patientiam,
3855 3514 3946 3560 at-

2356 3608 2459 3663 que
2501 3594 2581 3651 sic
2627 3593 2791 3649 multa
2841 3608 2964 3650 cum
3010 3594 3329 3650 liberalitate
3383 3596 3602 3665 impleat
3649 3594 3944 3666 promissa.

2359 3684 2559 3741 Deinde
2592 3684 2680 3740 ubi
2709 3685 2971 3754 pollicitus
2997 3695 3080 3740 est
3106 3686 3154 3740 ei
3182 3684 3377 3751 futura,
3405 3700 3526 3740 cum
3558 3686 3823 3757 indigeret
3847 3686 3942 3756 ju-

2355 3786 2469 3830 stus
2500 3776 2552 3831 in
2590 3777 2748 3830 rebus
2789 3777 3137 3844 pnesentibus
3164 3791 3268 3830 non
3299 3776 3499 3846 vulgari
3529 3776 3893 3832 consolatione
3921 3792 3942 3832 :

2355 3867 2476 3922 vide
2515 3867 2783 3937 quomodo
2821 3867 3082 3936 benignus
3114 3868 3366 3924 Dominus
3403 3866 3578 3923 futura
3605 3866 3942 3936 polliceatur,

2355 3967 2408 4012 et
2437 3973 2534 4027 per
2552 3959 2640 4013 illa
2667 3960 2776 4028 ipsa
2801 3974 2920 4028 qua:
2950 3974 3089 4014 nunc
3118 3960 3169 4014 in
3196 3976 3317 4015 cum
3340 3960 3596 4025 declarat,
3634 3959 3703 4016 de
3740 3957 3848 4014 illis
3872 3959 3941 4014 li-

2354 4047 2564 4104 duciam
2591 4049 2743 4104 indit.
2771 4050 2909 4107 Dicit
2934 4053 3073 4106 enini
3107 4067 3121 4104 :
3153 4050 3231 4105 Ne
3259 4059 3414 4120 putes
3450 4066 3536 4107 me
3563 4051 3676 4107 haec
3701 4051 3814 4107 sola
3843 4051 3941 4108 tibi

2358 4140 2591 4210 polliceri
2619 4157 2635 4206 ;
2673 4141 2766 4198 sed
2794 4151 2848 4198 et
2891 4158 3030 4198 nunc
3057 4143 3141 4198 15.
3183 4141 3366 4198 Tecum
3394 4160 3537 4211 sum,
3561 4144 3846 4200 custodiens
3893 4154 3945 4200 te

2354 4232 2408 4287 in
2435 4234 2570 4288 omni
2601 4235 2700 4298 oio,
2726 4249 2826 4299 quo
2851 4235 3011 4288 cadis.
3045 4233 3123 4290 Ne
3153 4236 3313 4306 igitur
3343 4246 3516 4305 putes,
3546 4235 3737 4306 inquit,
3763 4244 3818 4292 te
3841 4250 3938 4293 so-

2355 4324 2463 4379 lum
2504 4325 2602 4380 iter
2648 4325 2825 4381 facere
2865 4343 2879 4379 :
2922 4341 3008 4382 me
3038 4323 3257 4381 habebis
3299 4325 3505 4382 itineris
3542 4325 3826 4392 comitem,
3851 4341 3944 4382 tuo

2355 4412 2572 4471 habebis
2598 4414 2874 4471 custodem
2907 4417 2958 4469 in
3003 4417 3150 4470 omni
3184 4416 3268 4469 via
3288 4457 3305 4482 ,
3335 4415 3512 4470 omnia
3557 4415 3651 4470 tibi
3699 4413 3942 4472 difﬁcilia

2357 4505 2526 4561 l‘acilia
2555 4497 2900 4563 reddentem.
2928 4507 3128 4561 Exinde
3172 4508 3342 4580 magis
3382 4523 3584 4579 augens
3610 4508 3943 4564 consolatio-

2357 4613 2508 4666 nem,
2534 4597 2642 4668 jam
2688 4598 2923 4668 praedicit
2949 4600 2996 4654 ei
3026 4597 3254 4655 reditum
3291 4599 3358 4655 ad
3387 4613 3504 4654 sua.
3533 4599 3602 4654 Et
3637 4601 3815 4655 reuerti
3855 4605 3946 4670 [ας

2355 4691 2484 4744 ciam
2509 4690 2788 4762 te,_inquit,
2819 4691 2871 4745 in
2912 4700 3092 4744 terram
3118 4695 3268 4746 hanc.
3297 4690 3375 4746 Ne
3403 4691 3655 4747 formidcs
3680 4733 3695 4756 ,
3725 4692 3901 4763 inquit
3924 4732 3943 4754 .

2354 4782 2502 4852 quasi
2533 4781 2586 4836 in
2611 4782 2778 4837 aliena
2810 4791 2947 4838 terra
2977 4792 3301 4838 vet-saturus.
3330 4780 3394 4834 Et
3414 4784 3651 4836 reducam
3675 4792 3721 4836 te
3747 4782 3802 4835 in
3831 4792 3945 4836 lcr-

2354 4891 2465 4928 ram
2485 4876 2635 4942 hanc,
2655 4886 2702 4928 et
2717 4876 2919 4929 minimc
2940 4885 2986 4927 te
3012 4874 3371 4944 derelinquam,
3395 4875 3554 4927 doner
3575 4877 3742 4944 fecero
3769 4875 3947 4928 orauit!

2353 4981 2467 5036 qua:
2493 4966 2727 5035 loquutus
2772 4983 2883 5020 sum
2923 4969 3026 5020 tibi.
3060 4964 3173 5020 Non
3221 4965 3512 5035 despiciam
3549 4975 3603 5022 te
3625 5006 3642 5030 ,
3672 4979 3845 5034 neque
3887 4977 3945 5023 te

2353 5056 2558 5114 consilii
2586 5057 2793 5126 inopem
2819 5059 2989 5111 sinam
3015 5073 3029 5120 ;
3054 5056 3145 5112 sed
3175 5059 3287 5112 hmc
3318 5071 3664 5126 quarcumquc
3689 5057 3778 5110 tibi
3809 5073 3944 5127 pro-

2352 5149 2470 5203 misi
2514 5150 2564 5202 in
2607 5163 2741 5218 opus
2777 5147 3056 5203 adducam.
3080 5149 3356 5214 Quomodo
3393 5148 3513 5219 quis
3543 5164 3640 5218 pro
3675 5149 3943 5214 dignitate

2352 5239 2698 5296 adtnirabitur
2735 5251 2789 5296 et
2829 5241 3164 5310 obstupesret
3194 5241 3434 5296 divinam
3459 5242 3843 5314 benignitatem
3883 5247 3942 5293 ct

2353 5332 2774 5389 inmstimahilcm
2827 5333 3411 5403 indulgentiamiVide
3468 5332 3611 5387 enim
3671 5341 3936 5400 quantum

2351 5425 2558 5493 pondus
2582 5427 2990 5494 promissionum
3018 5426 3108 5479 dat
3129 5427 3293 5494 justo,
3318 5433 3371 5479 et
3395 5421 3666 5491 quomodo
3694 5423 3954 5479 animum”

2350 5517 2466 5587 ejus
2498 5519 2687 5572 erexit.
2719 5517 2898 5586 Cogita
2947 5519 3067 5572 item
3108 5528 3160 5574 et
3205 5517 3333 5584 justi
3371 5514 3528 5582 huius
3566 5526 3774 5584 gratum
3803 5513 3940 5570 alii,»

2405 5626 2418 5656 t
2453 5627 2518 5669 ita
2544 5621 2706 5671 Codex
2736 5635 2883 5672 unus,
2906 5633 3054 5680 atque
3085 5618 3156 5668 sit:
3184 5618 3394 5668 babelur
3423 5620 3468 5665 in
3508 5617 3681 5668 Bibliis
3720 5615 3932 5680 Grecis,

2344 5699 2390 5734 (ιι
2441 5685 2596 5731 ηδε-ιιι
2637 5685 2780 5731 Inviti"
2823 5685 2945 5742 Μέιὶ
2976 5678 3261 5742 interpres.
3290 5681 3340 5728 1η
3373 5679 3552 5737 Edltis‘,
3595 5689 3649 5740 ει
3679 5678 3796 5732 διὶξε
3821 5692 3908 5731 orn

2343 5748 2486 5794 lilii!"
2544 5748 2656 5795 διδ».
2718 5741 2945 5802 ικιεξβιι
3008 5741 3353 5795 tle‘bt‘endcl‘mu
3415 5744 3531 5803 (καὶ
3593 5745 3938 5806 anethum),

2342 5811 2402 5859 ὦ·
2437 5821 2537 5857 aut.
