4170 6508
293 467 385 525 ιπ
1328 459 1395 518 ιΝ
1432 454 1588 517 CAP.
1619 454 1861 514 XXVIII.
1893 453 2140 514 GENES.
2183 455 2413 514 HOMIL.
2455 459 2593 516 LIV.

281 594 457 645 etum,
490 589 546 636 et
584 579 853 652 quomodo
880 585 1002 650 post
1028 575 1152 634 illas
1189 575 1576 649 promissiones
1605 573 1745 645 apud
1775 573 1880 630 La-

281 676 386 729 bsn
426 672 612 742 viginti
657 672 814 727 annis
860 670 1137 727 laboribus
1178 668 1436 735 alﬁictns,
1470 683 1576 723 non
1622 666 1881 738 gravatim

279 767 433 826 tulit.
463 780 569 820 non
613 765 828 835 segnior
868 762 968 818 fuit
1010 771 1119 817 tam
1158 762 1412 828 diuturno
1458 770 1738 831 tempore;
1783 758 1880 813 sed

277 871 460 911 amunia
512 855 725 909 fortiter
759 852 1053 918 sustinuit,
1095 862 1413 922 exspectans
1464 851 1879 921 promissionum

270 958 496 1018 tempus
523 990 537 1012 ,
571 957 625 1002 et
647 947 822 1001 sciens
850 961 957 1003 non
983 959 1143 1015 posse
1170 944 1489 1001 intercidere
1530 959 1651 1012 qua:
1691 957 1720 996 a
1766 942 1880 997 Deo

277 1040 419 1096 dicta
451 1050 576 1095 sunt
607 1057 621 1093 :
651 1039 884 1094 maxime
912 1038 957 1093 si
984 1049 1038 1094 et
1081 1052 1179 1093 nos
1216 1037 1406 1093 aﬁ‘erre
1446 1047 1628 1091 nostra
1665 1036 1879 1090 studea-

277 1146 419 1195 mus,
451 1129 608 1185 ﬁdem
635 1139 690 1185 et
719 1129 1048 1199 patientiam,
1071 1136 1126 1184 et
1153 1129 1222 1183 ita
1253 1127 1389 1183 bene
1417 1127 1642 1181 ﬁdamus
1671 1127 1732 1180 iis
1759 1142 1877 1196 quas

277 1238 305 1276 a
325 1220 567 1276 Domino
589 1222 850 1290 promissa
896 1230 1020 1275 sunt
1048 1262 1062 1286 ,
1094 1231 1254 1290 atque
1299 1221 1345 1273 si
1387 1218 1497 1289 jam
1544 1218 1758 1288 impleti
1788 1231 1877 1272 cs-

273 1322 417 1370 seot.
445 1313 572 1370 Hzec
599 1313 745 1368 enim
777 1327 901 1368 vera
927 1311 1062 1367 ﬁdes
1097 1322 1214 1378 est,
1239 1326 1343 1366 non
1369 1310 1648 1366 attendere
1673 1324 1732 1364 ea
1755 1323 1877 1378 quas

274 1404 561 1470 videntur,
594 1405 754 1461 etiam
779 1405 825 1459 si
854 1405 1075 1459 omnino
1107 1404 1216 1461 sint
1245 1410 1465 1459 adversa
1501 1401 1836 1474 promissioni
1856 1442 1873 1470 ,

271 1497 368 1552 sed
418 1499 517 1553 soli
564 1498 923 1567 promittentis
967 1498 1218 1567 potentiae
1269 1496 1557 1552 conﬁdere.
1591 1495 1708 1551 Jam
1749 1510 1877 1550 vero

273 1589 552 1645 videamus
573 1591 705 1659 justi
733 1591 892 1660 hujus
919 1600 1126 1660 gratum
1166 1590 1426 1644 animum.
1455 1591 1541 1644 16.
1574 1588 1642 1643 Et
1668 1589 1875 1659 evigila-

273 1681 360 1746 vit,
393 1680 586 1752 inquit,
613 1679 773 1735 Jacob
800 1683 863 1736 de
896 1697 1072 1735 somno
1099 1697 1212 1746 suo,
1241 1691 1288 1735 et
1316 1682 1445 1734 dixit
1473 1696 1490 1733 :
1520 1679 1767 1735 Dominus
1803 1690 1876 1734 est

271 1775 326 1828 in
375 1774 488 1828 loco
534 1774 660 1840 ista,
695 1791 784 1846 ego
826 1785 994 1828 autem
1040 1775 1337 1829 nesciebam.
1363 1776 1450 1828 l7.
1479 1773 1546 1828 Et
1599 1775 1798 1836 timuit,
1830 1781 1876 1826 et

272 1865 405 1920 dixit
432 1865 634 1931 :Quam
663 1865 900 1920 terribilis
924 1875 995 1920 est
1027 1866 1167 1920 locus
1189 1866 1315 1919 iste!
1345 1864 1398 1919 Ν
1403 1882 1467 1919 an
1495 1875 1568 1919 est
1597 1865 1692 1919 hoc
1711 1865 1872 1929 aliud,

271 1972 428 2027 quam
476 1956 655 2011 domus
695 1955 792 2010 Dei
823 1972 841 2011 :
870 1968 915 2011 et
940 1957 1049 2010 luat:
1083 1967 1158 2012 est
1187 1967 1334 2027 porta
1379 1959 1510 2012 cadi.
1551 1958 1877 2027 Stupescens

273 2032 448 2116 justus
487 2057 708 2118 propter
747 2061 994 2118 magnam
1037 2047 1460 2103 misericordiam
1505 2048 1627 2116 Dei,
1666 2048 1874 2113 timuit,

275 2135 468 2207 inquit,
490 2146 547 2192 et
572 2137 705 2193 dixit
733 2155 746 2191 :
775 2136 894 2192 Non
925 2148 996 2192 est
1026 2139 1120 2192 hac
1147 2139 1246 2193 nisi
1263 2139 1445 2193 domus
1468 2138 1582 2206 Dei,
1613 2148 1659 2194 et
1687 2140 1784 2194 ista
1803 2150 1895 2206 est,

273 2236 424 2295 porta
458 2227 589 2282 cali.
630 2227 729 2283 llic
758 2228 907 2282 locus
935 2229 1063 2283 mihi
1102 2228 1324 2300 posthac
1355 2243 1451 2299 pro
1477 2229 1638 2285 domo
1664 2231 1758 2286 Dei
1790 2245 1877 2285 re-

275 2318 566 2387 putabitur.
590 2318 762 2374 Tanta
786 2320 944 2390 igitur
970 2321 1174 2375 visione
1195 2320 1389 2391 dignus
1417 2321 1647 2386 habitus,
1675 2330 1729 2376 et
1753 2336 1875 2376 eum

275 2409 447 2479 ipsam
474 2451 490 2476 ,
517 2422 577 2465 ut
611 2411 683 2466 ita
712 2411 911 2478 dicam,
945 2413 1095 2482 quasi
1124 2412 1240 2467 eteli
1269 2422 1474 2482 portam
1503 2413 1725 2468 viderim
1747 2453 1762 2477 ,
1792 2413 1878 2483 ju-

275 2507 418 2554 stum
451 2499 628 2563 fuerit,
663 2511 721 2556 ut
748 2502 983 2558 debitam
1027 2502 1115 2557 hic
1153 2504 1442 2572 gratiarum
1475 2504 1741 2557 actionem
1776 2504 1878 2558 Do-

277 2591 425 2648 mino
467 2592 689 2648 reddam
737 2603 792 2649 et
834 2594 1074 2648 oﬁ'eram.
1110 2594 1197 2650 18.
1234 2594 1300 2648 Et
1348 2595 1566 2649 surrexit
1611 2594 1792 2659 Jacob,
1831 2604 1878 2648 et

277 2684 470 2754 accepit
506 2683 727 2752 lapidem
756 2701 904 2754 quem
934 2694 1169 2756 posuerat
1197 2687 1266 2738 ad
1302 2695 1453 2755 caput
1486 2702 1668 2751 suum,
1699 2695 1745 2738 et
1771 2693 1876 2738 διας

275 2775 369 2830 tuit
396 2792 510 2831 eum
536 2776 589 2831 in
613 2778 919 2844 columnam,
950 2787 996 2832 et
1024 2779 1214 2848 infudit
1251 2778 1419 2832 oleum
1447 2795 1601 2846 super
1622 2795 1878 2834 summum

276 2871 408 2932 eius.
453 2870 543 2926 19.
577 2870 642 2926 Et
688 2873 879 2926 uocauit
916 2871 1077 2925 Iacob
1108 2887 1290 2926 nomen
1336 2871 1432 2924 loci
1473 2872 1648 2936 illius,
1685 2870 1878 2923 Domus

277 2960 394 3016 Dei.
417 2961 574 3016 Aliud
607 2963 740 3016 enim
760 2973 875 3016 erat
901 2979 1078 3016 nomen
1122 2963 1232 3016 loco
1265 2971 1435 3017 antea.
1468 2961 1752 3029 Postquam
1778 2976 1874 3014 au-

277 3064 389 3109 tem
419 3071 517 3125 per
545 3054 807 3110 visionem
835 3065 940 3108 tam
975 3070 1163 3125 magna
1193 3064 1555 3124 consequutus
1584 3055 1699 3115 fuit,
1722 3069 1880 3108 voca-

278 3146 408 3200 bula
434 3146 745 3200 memoriam
775 3145 893 3200 loco
923 3146 1216 3200 inscribere
1234 3145 1368 3208 vult,
1393 3146 1729 3214 posterisque
1755 3159 1876 3198 cum

272 3237 459 3293 facere
488 3237 780 3302 celebrem,
815 3237 986 3306 lapide
1015 3253 1109 3306 pro
1132 3238 1377 3292 columna
1405 3245 1609 3303 erecto,
1635 3236 1880 3306 superfu-

265 3341 447 3398 eoqne
481 3327 606 3383 oleo
634 3326 944 3398 (verisimile
970 3329 1111 3381 enim
1157 3337 1240 3382 est
1261 3326 1558 3398 quod‘illud
1589 3326 1760 3380 solum
1797 3342 1884 3381 se-

276 3433 400 3474 cum
459 3418 672 3486 tulerit,
726 3427 911 3489 utpote
986 3420 1087 3473 iter
1152 3417 1438 3487 facieus),
1485 3427 1668 3472 votum
1725 3417 1881 3472 olfert

268 3509 512 3578 benigno
543 3508 673 3576 Deo,
703 3510 848 3564 omni
879 3509 1094 3578 plenum
1125 3509 1479 3579 philosophia.
1579 3560 1583 3564 .

341 3599 406 3655 ’5.
449 3599 515 3654 Et
564 3598 611 3654 si
650 3599 842 3666 vultis,
873 3601 1035 3654 etiam
1083 3599 1195 3668 ipsa
1237 3601 1519 3654 audiamus
1560 3600 1742 3654 verba.
1784 3599 1875 3654 20.

290 3689 440 3744 Vovit
459 3692 592 3744 enim
615 3700 809 3758 vatum,
831 3691 1002 3745 dicens
1025 3707 1043 3744 :
1071 3690 1131 3746 Si
1158 3692 1308 3762 fuerit
1336 3690 1586 3745 Dominus
1616 3690 1751 3744 Deus
1777 3707 1882 3744 me-

273 3799 420 3846 cum,
450 3793 496 3836 et
515 3783 806 3837 custodierit
827 3799 904 3836 me
921 3783 1072 3836 in'via
1098 3783 1210 3848 hac,
1236 3798 1335 3852 qua
1361 3800 1452 3854 ego
1481 3783 1704 3837 ambula.
1731 3781 1880 3850 Quo-

276 3874 427 3929 niam
465 3873 670 3929 dixerat
691 3915 708 3940 ,
740 3872 854 3946 Ego
881 3884 1043 3929 tecum
1071 3891 1212 3941 sum,
1243 3885 1291 3929 et
1319 3876 1601 3930 custodiam
1636 3884 1683 3929 te
1722 3874 1774 3928 in
1799 3877 1880 3927 via

275 3966 378 4021 hac
406 3982 504 4038 qua
545 3965 773 4021 ambulas
802 3982 822 4022 :
849 3975 1066 4038 prapter
1110 3967 1212 4022 hoc
1253 3976 1306 4023 et
1347 3968 1460 4037 ipse
1493 3968 1624 4022 dicit
1656 3986 1670 4021 :
1702 3967 1755 4023 Si
1788 3967 1878 4023 illa

275 4055 416 4110 mihi
461 4057 888 4127 eveniant,qu:e
926 4058 1134 4113 scilicet
1176 4066 1229 4113 te
1276 4057 1521 4113 daturum
1565 4056 1877 4125 promisisti.

276 4139 486 4194 Deinde
517 4147 569 4191 et
600 4136 916 4206 petitionem
946 4136 1125 4199 allert,
1165 4134 1351 4189 dicens
1378 4151 1391 4188 :
1417 4136 1479 4190 Si
1509 4136 1708 4190 dederit
1751 4135 1878 4190 mihi

277 4229 536 4283 Dominus
562 4243 745 4298 panem
769 4227 840 4281 ad
862 4227 1302 4291 manducandum,
1322 4235 1368 4280 et
1397 4236 1581 4281 uestem
1609 4229 1679 4282 ad
1709 4240 1877 4302 tegen-

275 4320 424 4372 dum.
454 4317 570 4372 Non
597 4317 832 4388 divitias,
860 4333 966 4374 non
997 4315 1379 4372 abundantiam
1423 4319 1712 4388 quamdam
1747 4319 1880 4387 peti-

276 4411 385 4476 vit;
419 4413 512 4466 sed
547 4426 736 4481 panem
767 4422 823 4468 et
863 4419 1070 4467 vestem
1101 4421 1190 4465 :et
1222 4411 1358 4466 hanc
1388 4412 1455 4465 ad
1485 4411 1876 4481 contegendum

276 4517 501 4573 eui-pus,
527 4504 674 4558 illum
698 4517 827 4559 vero
851 4503 903 4558 in
929 4503 1296 4559 necessarium
1323 4503 1659 4558 alimentum.
1689 4504 1877 4559 Consi-

277 4593 410 4649 dera
439 4594 710 4663 quomodo
756 4595 914 4651 nobis
955 4596 1312 4664 apostolicum
1343 4595 1712 4652 characterem
1743 4599 1878 4664 peti-

278 4689 430 4746 tione
466 4701 564 4743 sna
594 4687 956 4758 signiﬁcavit:
988 4696 1138 4744 tanto
1175 4689 1455 4757 sapientia:
1482 4689 1661 4744 studio
1691 4689 1878 4757 plenus

277 4793 399 4837 erat
423 4781 556 4850 justi
583 4782 817 4838 animus.
840 4781 974 4837 Nam
1001 4782 1054 4836 id
1083 4782 1226 4852 quod
1256 4782 1503 4838 Christus
1534 4782 1769 4849 dicebat,
1797 4781 1880 4835 Ne

276 4877 585 4944 possidentis
633 4892 848 4937 aurum,
898 4875 977 4929 vel
1026 4887 1330 4946 argentum,
1383 4877 1462 4932 υςι
1507 4878 1639 4931 duas
1681 4879 1881 4930 tunicas

276 4967 502 5040 (Matth.
535 4969 622 5026 ιθ.
654 4968 712 5040 9)
739 4986 753 5024 :
780 4968 883 5026 hoc
911 4969 1012 5024 iste
1047 4970 1285 5024 nondum
1311 4985 1340 5023 a
1369 4985 1639 5040 quoquam
1667 4968 1880 5035 doctus,

275 5061 378 5116 sed
407 5073 438 5114 ι
467 5061 668 5130 seipse,
690 5071 746 5117 et
773 5061 842 5117 sb
871 5061 1035 5117 insito
1057 5071 1262 5115 natura:
1291 5054 1488 5116 nostrae
1521 5062 1777 5129 magistro
1801 5062 1882 5116 di-

276 5154 434 5216 dicit,
453 5164 507 5209 et
525 5152 736 5224 optavit
753 5167 784 5208 ι
805 5153 1032 5209 Domino
1052 5168 1150 5208 suo
1173 5154 1400 5222 preberi
1427 5149 1617 5221 panem
1643 5153 1710 5207 ad
1733 5168 1881 5208 com-

276 5246 587 5313 alendum,
636 5257 690 5302 et
738 5257 944 5303 vestem
993 5246 1061 5302 ad
1103 5246 1411 5318 tegendum.
1471 5247 1528 5303 Si
1583 5247 1701 5303 hac
1747 5248 1881 5303 mihi

282 5336 506 5403 fuerint,
535 5337 730 5406 inquit,
760 5336 812 5391 in
850 5345 991 5391 terra
1040 5336 1237 5401 aliena,
1271 5335 1360 5392 2i.
1401 5335 1470 5391 Et
1509 5338 1776 5394 reduxerit
1803 5356 1881 5393 me

285 5426 541 5482 Dominus
565 5428 763 5482 sali-um
791 5429 846 5480 in
865 5428 1073 5481 domum
1096 5430 1260 5500 patris
1283 5431 1402 5498 mei,
1427 5431 1571 5486 sicut
1599 5430 1882 5500 promisit:

279 5519 380 5573 erit
416 5516 665 5574 Dominus
691 5519 840 5573 mihi
870 5519 928 5573 in
973 5518 1174 5586 Deum,
1205 5519 1294 5575 ξε.
1326 5531 1375 5575 et
1424 5521 1560 5592 lapis
1599 5524 1693 5577 iste
1735 5539 1887 5592 quem

279 5610 421 5664 ereti
454 5611 510 5664 in
551 5612 868 5678 columnam,
899 5612 998 5666 erit
1039 5611 1164 5664 mihi
1195 5612 1377 5666 damus
1410 5612 1505 5667 Dei
1529 5627 1547 5666 :
1568 5623 1618 5668 et
1651 5615 1882 5668 omnium

279 5716 394 5767 qua:
416 5702 540 5756 mihi
561 5703 788 5772 dederis,
809 5703 1035 5758 decimas
1055 5705 1146 5759 tibi
1175 5703 1410 5773 afferam.
1439 5705 1575 5761 Vide
1599 5707 1727 5777 justi
1757 5723 1881 5778 pro~

280 5793 408 5850 bum
433 5795 710 5853 allectum.
749 5795 972 5854 Petebat
999 5795 1237 5868 quidem,
1275 5807 1332 5854 at
1376 5797 1510 5855 nihil
1554 5802 1876 5870 pretiosum,

283 5885 376 5942 sed
397 5905 592 5965 panem
614 5906 670 5951 et
693 5900 901 5950 vestem
935 5903 953 5958 ς
987 5889 1332 5961 promittebat
1361 5901 1540 5948 autem
1571 5902 1626 5947 et
1649 5907 1743 5950 sua
1778 5894 1881 5950 Do-

1997 573 2166 642 mino,
2187 588 2386 645 gnarus
2425 592 2586 647 quam
2629 567 2801 635 certet
2841 579 3183 648 muneribus,
3211 588 3266 637 et
3291 597 3452 654 quam
3501 598 3604 642 tto-

1990 675 2131 728 stras
2169 667 2524 739 cogitationes
2565 671 2916 728 retribuendo
2947 676 3290 731 transcendat
3314 717 3330 744 ,
3372 676 3554 750 altqne
3587 696 3602 733 :

1991 756 2057 812 Et
2079 753 2382 816 calumnam
2409 762 2545 818 hanc
2570 764 2625 819 in
2646 765 2863 820 domum
2886 765 2983 821 Dei
3007 766 3236 834 habebo,
3263 781 3320 825 et
3347 771 3590 829 omnium

1988 863 2108 917 qua:
2136 851 2264 905 mihi
2291 865 2320 905 a
2350 859 2401 908 te
2429 854 2912 924 suppeditabuntur
2939 857 3174 912 decimas
3215 859 3374 915 dabo.
3408 862 3596 918 Vidisti

1988 949 2222 995 mentem
2267 943 2406 1012 piam
2437 960 2500 1001 ac
2530 946 2833 1015 religiosam
2863 947 3047 1002 ?Nihil
3075 949 3251 1005 adhuc
3276 963 3604 1024 acceperat,

1986 1040 2036 1085 et
2069 1033 2313 1101 promisit
2348 1049 2408 1090 se
2439 1035 2548 1092 Deo
2576 1036 2816 1093 decimas
2847 1054 3032 1094 eorum
3060 1057 3179 1111 quin
3207 1042 3309 1099 sibi
3347 1043 3598 1102 donanda

1984 1132 2136 1176 erant
2167 1124 2491 1180 oblaturum.

2058 1212 2277 1269 illoralis
2326 1219 2576 1289 epilogus.
2608 1248 2680 1259 —-
2718 1219 2797 1275 Ne
2828 1221 3179 1292 simpliciter,
3205 1224 3421 1294 dileCti,
3452 1242 3595 1297 prm-

1987 1312 2256 1360 teroamus
2282 1322 2400 1377 qua:
2428 1308 2566 1363 dicta
2594 1320 2738 1373 sunt,
2765 1311 2858 1365 sed
2889 1313 3206 1368 aemulemur
3230 1330 3422 1372 omnes
3448 1317 3593 1376 hunc

1979 1394 2183 1465 justum
2217 1413 2231 1450 :
2266 1406 2322 1453 et
2342 1415 2440 1455 nos
2465 1402 2554 1471 qui
2581 1402 2634 1455 in
2657 1402 2846 1472 gratia,
2871 1418 2994 1457 cum
3023 1405 3111 1474 qui
3139 1415 3264 1461 ante
3295 1406 3467 1478 legem
3498 1422 3513 1461 :
3542 1419 3599 1465 et

1985 1489 2118 1542 nihil
2162 1491 2453 1561 temporale
2479 1503 2726 1562 petamus
2770 1509 2797 1546 a
2846 1494 3092 1550 Domino.
3117 1497 3301 1567 Neque
3324 1501 3467 1554 enim
3489 1515 3591 1556 cs-

1988 1588 2196 1647 spectat
2225 1581 2397 1636 donec
2431 1598 2459 1636 a
2488 1585 2643 1639 nobis
2663 1585 3037 1654 admoneatur,
3069 1589 3162 1642 scd
3193 1603 3246 1644 et
3274 1605 3377 1644 non
3404 1603 3592 1661 peten-

1986 1671 2124 1723 tibus
2165 1673 2318 1727 nobis
2360 1673 2583 1743 largitur
2611 1691 2671 1730 ea
2709 1691 2829 1746 qua:
2855 1677 2919 1730 ad
2952 1692 3105 1732 usmn
3141 1682 3426 1748 pt-rt'nent.
3454 1681 3595 1736 Oriri

1982 1762 2124 1816 enim
2152 1764 2272 1831 facit
2303 1766 2457 1818 salem
2482 1782 2636 1836 super
2665 1768 2827 1820 malos
2851 1777 2897 1821 et
2917 1768 3091 1834 bonas,
3117 1779 3163 1823 et
3190 1772 3316 1840 pluit
3338 1789 3488 1842 super
3504 1771 3603 1844 ju-

1981 1865 2084 1909 stas
2112 1867 2157 1909 et
2198 1858 2411 1927 injustas
2441 1860 2459 1930 (
2488 1858 2670 1912 Matth.
2701 1861 2755 1914 5.
2780 1861 2896 1930 45).
2927 1861 2992 1914 Et
3017 1862 3301 1917 credamus
3331 1865 3379 1918 ei
3407 1864 3597 1918 admo-

1983 1948 2149 2009 uenti,
2180 1957 2232 2001 et
2255 1948 2451 2004 dicenti
2482 1968 2494 2003 :
2529 1949 2751 2015 Quwrite
2781 1953 2999 2019 primunt
3024 1969 3233 2022 regnum
3265 1953 3377 2019 Dei,
3409 1965 3454 2008 et
3486 1956 3596 2011 hac

1982 2040 2151 2091 omnia
2195 2051 2514 2110 opponentur
2562 2041 2701 2094 vobis
2733 2042 2942 2111 (Matth.
2977 2043 3030 2098 6.
3058 2045 3173 2114 53).
3215 2045 3373 2099 Vides
3419 2046 3596 2116 ipsum

1984 2129 2138 2183 nobis
2169 2132 2328 2184 etiam
2381 2132 2467 2185 illa
2504 2131 2554 2184 in
2588 2133 2787 2186 donum
2826 2137 3246 2203 prmparavisse,
3287 2146 3340 2190 et
3382 2136 3496 2191 lucc
3541 2137 3594 2193 iu

1983 2219 2116 2275 lucri
2165 2231 2218 2275 et
2264 2223 2484 2278 auctarii
2531 2234 2685 2293 parte
2728 2225 2976 2280 daturum
3022 2240 3082 2280 se
3114 2227 3471 2295 promittere?
3515 2225 3594 2284 Ne

1983 2310 2142 2380 igitur
2185 2326 2246 2366 ea
2286 2329 2402 2382 qua!
2437 2325 2705 2384 tamquam
2749 2317 2974 2370 auctarii
3008 2316 3126 2370 loco
3151 2328 3471 2389 accepturus
3496 2334 3592 2387 es,

1983 2406 2134 2474 quasi
2191 2408 2438 2476 primaria
2492 2417 2614 2478 pete
2647 2426 2660 2462 :
2696 2426 2762 2463 ne
2809 2410 3138 2464 invertamus
3175 2412 3451 2476 ordinem,
3492 2413 3590 2468 sed

1982 2513 2286 2568 quaeramus
2313 2499 2399 2553 illa
2428 2501 2563 2555 sicut
2592 2501 2865 2571 przecepit,
2897 2511 2954 2554 ut
2982 2510 3037 2565 et
3065 2501 3146 2555 his
3175 2512 3229 2557 et
3258 2502 3363 2558 illis
3391 2502 3493 2557 frui
3529 2502 3594 2557 li-

1983 2597 2121 2642 cent.
2151 2590 2224 2643 Ea
2256 2591 2397 2644 enim
2427 2591 2500 2645 de
2527 2605 2684 2646 eausa
2717 2591 2770 2645 in
2799 2592 3057 2646 orationis
3086 2603 3285 2647 nostra:
3318 2593 3495 2649 verbis
3525 2594 3594 2649 li-

1983 2680 2140 2734 mites
2166 2690 2218 2734 ct
2250 2681 2458 2749 regulas
2483 2681 2633 2735 nobis
2665 2682 2924 2736 Dominus
2952 2684 3295 2750 praescripsit,
3325 2693 3591 2752 quatenus

1986 2771 2210 2840 petenda
2245 2772 2349 2824 sint
2379 2773 2708 2841 temporalia.
2744 2773 2917 2828 Verba
2959 2774 3045 2827 illa
3071 2774 3222 2843 jubet
3263 2789 3362 2830 nos
3387 2775 3592 2844 dicere,

1985 2875 2103 2930 qnze
2135 2862 2279 2914 omni
2317 2862 2652 2931 philosophia
2684 2865 2697 2894 ¹
2729 2873 2851 2918 sunt
2875 2863 3095 2929 referta,
3123 2863 3319 2918 Panem
3358 2877 3593 2923 nostrum

1983 2953 2338 3020 quotidianum
2368 2957 2434 3006 da
2476 2956 2617 3008 nobis
2645 2956 2794 3009 hodie
2825 2957 2842 3028 (
2870 2956 3057 3010 Matth.
3086 2944 3136 3012 6'.
3175 2959 3266 3027 ll)
3292 2977 3304 3012 :
3335 2959 3440 3014 diei
3485 2960 3589 3015 ali-

1982 3052 2222 3096 mentum
2250 3087 2264 3107 ,
2294 3044 2466 3113 inquit
2495 3061 2508 3096 :
2544 3045 2593 3098 id
2625 3049 2765 3114 quod
2811 3047 2989 3116 juStus
3036 3049 3135 3102 iste
3156 3091 3170 3113 ,
3203 3049 3415 3104 tametsi
3456 3049 3592 3108 nihil

1985 3131 2172 3186 horum
2202 3134 2464 3197 audierat,
2497 3145 2743 3203 precatus
2770 3145 2871 3201 est,
2892 3138 3075 3190 dicens
3106 3155 3118 3189 :
3155 3139 3217 3192 Si
3243 3139 3439 3201 dederit
3463 3139 3592 3196 mihi

1987 3223 2236 3277 Dominus
2277 3242 2463 3290 panem
2485 3226 2553 3277 ad
2591 3227 2973 3294 comedendum,
3013 3238 3060 3280 et
3084 3241 3280 3282 .vestem
3317 3231 3385 3283 ad
3423 3239 3597 3302 tegen-

1984 3315 2126 3370 dum.
2155 3316 2232 3370 Ne
2275 3317 2436 3386 igitur
2468 3319 2762 3388 temporale
2805 3319 3004 3388 aliquid
3048 3321 3188 3375 aliud
3231 3323 3300 3377 ab
3338 3337 3405 3377 eo
3444 3335 3594 3393 peta-

1987 3421 2123 3460 mus.
2152 3408 2429 3477 Indignum
2459 3409 2602 3464 enim
2628 3411 2780 3466 valde
2807 3421 2908 3475 est,
2929 3427 2959 3465 a
2990 3423 3096 3467 tam
3123 3415 3330 3469 liberali
3358 3426 3412 3471 et
3443 3427 3590 3474 tanta

1986 3497 2180 3552 virtute
2230 3501 2500 3567 prmstanti
2543 3500 2848 3570 lmjusmodi
2891 3514 3104 3572 petere,
3147 3521 3267 3574 qua:
3297 3522 3417 3560 cum
3450 3523 3594 3578 pra:-

1984 3586 2125 3640 senti
2150 3588 2254 3641 vita
2291 3587 2675 3654 dissolvuntur,
2708 3601 2761 3646 et
2805 3607 3052 3662 magnam
3089 3593 3508 3653 vicissitudinem
3535 3609 3590 3654 ct

1985 3681 2332 3736 mutationem
2357 3683 2704 3752 experiuntur
2727 3702 2740 3738 :
2772 3685 2822 3740 id
2844 3702 3013 3756 genus
3034 3688 3177 3742 enim
3200 3698 3325 3743 sunt
3351 3688 3586 3746 humana

1985 3772 2186 3838 omnia,
2219 3776 2332 3828 sive
2359 3774 2575 3831 divitias
2602 3776 2822 3843 dixeris,
2855 3782 2968 3834 sive
2991 3781 3309 3850 potentiam,
3338 3781 3452 3838 sive
3484 3783 3590 3839 hu-
3687 3818 3695 3826 -

1985 3878 2198 3919 manam
2221 3867 2442 3936 gloriam
2477 3885 2490 3921 :
2521 3869 2615 3924 sed
2643 3880 2886 3939 petamus
2912 3886 3130 3941 semper
3157 3875 3445 3941 manentia,
3476 3878 3591 3932 sul-

1986 3960 2256 4030 ﬁcientia,
2307 3964 2692 4021 vicissitudinis
2736 3967 2935 4022 nescia.
2987 3969 3055 4022 Et
3099 3971 3331 4024 scientes
3380 3969 3594 4029 Domini

1985 4055 2153 4109 nostri
2214 4055 2544 4124 bonitatem,
2587 4059 2739 4113 nihili
2786 4060 3079 4129 pendamus
3123 4063 3409 4131 przesentia
3435 4105 3449 4126 .
3498 4064 3596 4121 sed

1985 4161 2149 4202 omne
2202 4157 2443 4204 nostrum
2504 4151 2738 4206 studium
2803 4151 2856 4207 in
2914 4152 3209 4208 caelestium
3263 4153 3592 4212 desiderium

1983 4240 2394 4297 transferamus.
2426 4243 2558 4299 Nam
2613 4246 2658 4300 si
2707 4244 2881 4308 Solem
2916 4263 3066 4302 suum
3107 4249 3235 4302 oriri
3274 4248 3398 4318 facit
3436 4267 3592 4319 super

1984 4337 2146 4389 malos
2184 4346 2230 4390 et
2258 4336 2436 4403 bonas,
2469 4350 2516 4391 et
2548 4340 2677 4409 pluit
2715 4357 2868 4408 super
2881 4341 3052 4410 justas
3088 4351 3136 4395 et
3161 4342 3396 4411 injustas,
3426 4344 3597 4400 nudto

1985 4430 2153 4495 magis
2182 4429 2515 4485 abstinentes
2557 4447 2586 4486 a
2631 4432 2850 4497 malitia,
2883 4442 2936 4487 et
2968 4433 3282 4501 injustitiam
3326 4433 3595 4503 fugientes

1986 4535 2093 4575 non
2123 4523 2425 4590 despiciet:
2459 4523 2551 4578 sed
2597 4525 2761 4579 multa
2804 4525 2994 4595 dignos
3032 4527 3191 4582 ducet
3229 4529 3557 4597 providentia
3580 4571 3594 4593 ,

1989 4619 2044 4665 et
2090 4627 2183 4666 sua
2237 4613 2597 4670 sollicitudine
2649 4615 2792 4669 omni
2853 4626 3095 4686 tempore
3159 4619 3480 4687 dignabitur.
3541 4621 3596 4676 ld

1989 4703 2241 4768 scientes,
2271 4704 2470 4768 dilecti,
2500 4720 2566 4760 ne
2604 4706 2860 4761 increduli
2899 4709 3066 4762 simus
3102 4708 3298 4764 divinis
3330 4711 3599 4780 pollicita-

1990 4792 2242 4861 tionibus,
2272 4811 2444 4866 neque
2471 4798 2736 4851 contraria
2765 4798 2830 4852 iis
2855 4813 2974 4868 qua:
3009 4799 3095 4852 ille
3134 4798 3290 4868 jussit
3311 4800 3592 4859 faciamus.

1992 4881 2280 4939 Enimvero
2311 4897 2566 4956 quantum
2594 4887 2658 4942 ad
2685 4903 2746 4941 ea
2772 4903 2889 4959 qua:
2917 4905 3055 4943 nunc
3080 4905 3109 4942 a
3140 4890 3294 4946 nobis
3320 4893 3476 4960 ﬁunt,
3508 4893 3596 4950 ni-

1992 4972 2065 5030 hil
2111 4975 2178 5031 ab
2224 4977 2528 5034 inﬁdelibus
2559 4978 2873 5033 differimus.
2903 4979 3129 5044 Quando
3154 4981 3297 5037 enim
3329 4983 3445 5054 ipse
3470 4985 3596 5055 qui-

1992 5067 2114 5124 dem
2140 5068 2313 5123 futura
2338 5070 2491 5124 nobis
2515 5069 2793 5138 promittit,
2822 5085 2919 5123 nos
2947 5082 3124 5126 autem
3157 5072 3409 5130 nolumus
3431 5074 3602 5132 ﬁdere

1993 5158 2134 5214 illius
2177 5161 2640 5227 promissionibus,
2678 5161 2772 5217 sed
2815 5177 2965 5231 przesx
2990 5164 3169 5217 utilms
3205 5179 3390 5218 sumus
3429 5164 3598 5231 afﬁxi,

1992 5251 2134 5321 quod
2176 5252 2318 5305 aliud
2361 5253 2751 5309 incredulitatis
2783 5254 3038 5307 indicium
3069 5256 3244 5309 adhuc
3275 5257 3592 5325 requiritur,

1993 5342 2157 5398 rebus
2191 5342 2320 5410 ipsis
2354 5353 2457 5396 tam
2489 5344 2634 5397 clara
2667 5358 2797 5398 voce
2823 5345 3241 5400 ato-stantibus?
3270 5347 3335 5400 Et
3362 5363 3598 5415 rursum,

1994 5435 2209 5490 Christo
2229 5435 2449 5504 jubetite
2479 5449 2576 5490 nos
2604 5436 2732 5489 nihil
2759 5451 2789 5490 a
2818 5450 2874 5490 se
2898 5448 3082 5506 petere
3110 5435 3375 5507 fragilium
3404 5437 3598 5495 horum

1995 5534 2052 5581 et
2073 5527 2463 5593 temporalium,
2497 5527 2590 5581 sed
2621 5527 2797 5598 potius
2839 5527 2926 5582 illa
2965 5529 3255 5597 postulare,
3287 5546 3382 5584 nos
3416 5509 3466 5586 ei
3505 5547 3596 5586 re-

2000 5629 2293 5688 pugnantes
2312 5660 2329 5685 ,
2357 5635 2477 5688 qua:
2509 5629 2692 5687 petere
2733 5619 3035 5689 prohibuit,
3061 5621 3148 5675 illa
3177 5626 3469 5690 quu'rimus
3499 5637 3512 5673 :
3543 5631 3600 5677 et

1999 5724 2119 5780 qua:
2142 5709 2297 5780 jussit
2319 5710 2506 5780 qureri,
2539 5709 2628 5764 illa
2665 5725 2772 5766 non
2800 5712 3111 5782 quaerimus.
3142 5711 3211 5767 Et
3245 5711 3363 5768 hac
3393 5711 3596 5770 facien-

2065 5839 2079 5896 ξ
2124 5832 2212 5896 Sic
2255 5829 2409 5883 Savil.
2444 5835 2499 5896 et
2540 5825 2770 5896 quinque
2970 5826 3146 5896 aiore}.
3172 5838 3346 5896 Avero,
3392 5831 3600 5896 paterno

1997 5894 2169 5963 affectu
2196 5887 2594 5958 (φιλοστοργίας),
2620 5887 2730 5954 pro,
2765 5887 3078 5953 philosophia
3099 5887 3446 5954 (φιλοσοφίας).

3496 446 3695 527 m'
