4170 6474
661 378 765 436 ΠΩ

661 499 739 542 tes
757 527 774 551 ,
801 494 857 540 et
880 492 986 538 tam
1009 482 1158 551 pigre
1189 480 1524 549 segniterque
1572 484 1749 532 nostra
1783 472 2136 536 mstituentes,
2165 478 2223 524 et

657 574 1034 630 exacerbantes
1071 571 1250 623 mitem
1296 577 1354 622 et
1399 566 1684 621 humanum
1727 562 2041 624 Dominum,
2071 559 2221 629 quasi

659 666 806 719 obliti
843 676 1027 717 eorum
1058 675 1177 729 quae
1216 673 1316 713 nos
1356 655 1633 712 fecerimus
1655 695 1670 719 ,
1695 667 1907 710 causam
1937 650 2222 722 quterimus

659 754 775 824 ejus
800 767 922 822 erga
952 765 1049 805 nos
1088 749 1482 820 indignationis,
1511 758 1565 802 et
1602 760 1766 816 quare
1810 758 1909 800 nos
1955 757 2097 812 siepe
2123 740 2221 796 de-

657 843 876 911 spiciat,
903 856 1023 896 cum
1067 841 1118 895 in
1145 840 1316 894 varias
1349 837 1628 892 incidimus
1661 835 1976 890 tentationes
2002 840 2093 887 :et
2117 844 2220 884 non

658 934 950 1003 cogitantes
1008 939 1340 1002 peccaton
1410 936 1710 983 nostrorum
1763 924 2172 994 magnitudinem
2200 960 2219 988 ,

660 1026 1012 1093 nosmetipsos
1049 1024 1188 1078 ultro
1211 1019 1518 1088 decipimus.
1553 1018 1750 1073 Idcirco
1786 1017 2043 1081 obsecro,
2071 1023 2131 1068 ut
2158 1013 2223 1069 iis

659 1115 905 1170 omnibus
946 1112 1202 1181 repulsis,
1247 1108 1377 1163 nihil
1429 1108 1582 1162 saluti
1625 1117 1821 1162 nostra:
1859 1102 2219 1174 praeferamus.

662 1204 798 1270 Quid
821 1202 960 1256 enim
984 1203 1182 1270 prodest
1208 1200 1414 1264 homini,
1441 1199 1484 1252 si
1521 1190 1684 1251 totum
1702 1198 1942 1250 mundum
1969 1193 2186 1249 lucretur
2205 1233 2222 1259 ,

659 1295 841 1348 animat
866 1308 979 1346 sero
1005 1307 1111 1345 sine
1138 1291 1486 1344 detrimentum
1511 1290 1736 1355 patiatur
1763 1285 1971 1356 (Matth.
1988 1284 2073 1340 16.
2089 1283 2226 1354 Ωδμ

661 1384 726 1438 Et
752 1379 1115 1452 supervacuas
1135 1379 1347 1434 divitias
1369 1379 1476 1448 jam
1502 1391 1817 1433 evacuemus
1845 1377 1895 1430 in
1926 1387 2184 1444 pauperes
2205 1414 2222 1441 ,

663 1487 1013 1542 magnumque
1059 1469 1330 1539 sapientiae
1367 1468 1524 1522 studii
1569 1467 1836 1536 specimen
1883 1467 1936 1519 in
1981 1463 2227 1519 omnibus

661 1564 1035 1627 exhibeamus,
1059 1570 1245 1614 vanam
1280 1559 1499 1628 gloriam
1529 1557 1876 1626 despicientes
1895 1597 1910 1618 ,
1940 1555 2224 1608 humanum

662 1656 850 1708 fastum
879 1652 1264 1710 conculcantes.
1291 1657 1346 1703 et
1368 1663 1526 1702 omne
1545 1647 1778 1702 caritatis
1800 1645 2030 1700 studium
2060 1635 2226 1698 aiii’in

662 1743 794 1797 alios
819 1752 1002 1796 mutuo
1027 1738 1390 1809 impendentes
1418 1753 1432 1792 :
1463 1745 1520 1791 ut
1541 1745 1598 1792 et
1627 1734 1972 1805 pneseutibus
1997 1743 2050 1788 et
2083 1732 2226 1788 futu-

663 1833 738 1888 ris
780 1832 930 1887 bonis
970 1831 1163 1900 perfrui
1207 1844 1526 1892 mereamur,
1570 1827 1735 1891 gratia
1773 1833 1828 1881 et
1865 1823 2227 1881 misericordia

665 1925 872 1980 Domini
901 1925 1063 1977 nostri
1094 1921 1221 1977 iesn
1248 1921 1480 1984 Christi,
1514 1913 1605 1971 cui
1623 1926 1749 1967 cum
1773 1912 1929 1972 Patre
1966 1925 2021 1971 et
2043 1921 2228 1970 sancto

663 2015 860 2085 Spiritu
887 2015 954 2068 sit
981 2013 1166 2083 gloria,
1195 2011 1495 2080 imperium,
1522 2007 1709 2074 honor,
1739 2021 1877 2062 nunc
1901 2015 1957 2061 et
1979 2017 2190 2073 semper
2207 2043 2224 2068 ,

661 2117 716 2160 et
738 2108 789 2159 in
819 2106 1010 2160 secula
1035 2102 1370 2156 saeculorum.
1402 2100 1591 2152 Amen.

1236 2229 1512 2286 iiOMiLIA
1551 2226 1658 2283 LV.

664 2343 731 2401 Et
757 2345 881 2399 dixit
907 2344 1078 2398 baban
1106 2345 1173 2396 ad
1203 2341 1362 2396 Iacob
1389 2357 1408 2395 :
1437 2340 1684 2407 Quoniam
1716 2339 1875 2408 {mter
1903 2355 2040 2396 meus
2067 2355 2119 2393 es
2147 2349 2220 2404 tu,

731 2453 830 2492 non
852 2437 1032 2496 servies
1073 2434 1167 2488 mei
1211 2431 1405 2503 gratis;
1449 2433 1531 2484 dic
1573 2429 1730 2496 mihi,
1773 2443 1887 2500 qua
1923 2443 2108 2483 merces
2136 2438 2224 2480 tua

737 2528 896 2596 (Gen.
923 2527 1013 2582 se.
1046 2524 1170 2596 l5).

738 2642 790 2699 i.
824 2639 1005 2694 Paucis
1034 2640 1168 2693 dicta
1192 2639 1299 2692 heri
1325 2638 1562 2701 resumit;
1591 2637 1943 2706 conﬁdentiam
1965 2639 2145 2692 Jacobi
2171 2639 2226 2692 iu

659 2731 822 2789 Deum
848 2729 1110 2796 pra'dirat.
1135 2756 1208 2767 ——
1227 2726 1365 2780 Satis
1391 2726 1503 2779 heri
1534 2741 1596 2780 ex
1630 2725 1900 2793 pnetudiis
1927 2727 2230 2795 peregrina.

660 2819 817 2873 tionis
855 2819 982 2886 justi
1009 2817 1182 2871 cdocti
1209 2831 1392 2870 sunms
1431 2824 1622 2884 quanta
1658 2815 1816 2869 fuerit
1841 2815 1956 2884 ejus
1982 2815 2219 2885 philoso-

656 2909 795 2979 phia:
824 2907 1126 2976 magnitudo
1145 2947 1159 2967 ,
1195 2915 1409 2974 propter
1435 2920 1590 2974 quam
1621 2919 1832 2960 causam
1863 2913 2059 2959 tantam
2101 2921 2221 2972 pro-

659 2999 966 3053 missionem
995 3013 1024 3052 a
1056 2997 1161 3051 Deo
1187 3004 1542 3066 consequutus
1569 3005 1672 3050 est.
1705 2997 1894 3050 Iterum
1923 3005 2098 3050 autem
2126 3011 2223 3064 per

654 3103 840 3158 preces
879 3098 936 3142 et
974 3098 1151 3142 votum
1177 3130 1192 3152 ,
1239 3103 1354 3156 quis
1399 3088 1522 3141 fecit
1569 3087 1930 3142 universorum
1977 3089 2218 3155 Domino,

655 3179 1001 3234 sufﬁcientem
1031 3178 1327 3231 doctrinam
1359 3177 1510 3231 nobis
1531 3177 1774 3231 omnibus
1797 3177 1958 3240 dedit,
1985 3179 2030 3233 si
2061 3179 2223 3234 velle-

655 3284 774 3323 mus
814 3268 877 3320 ad
927 3267 1226 3320 imitznulum
1274 3266 1518 3320 virtutem
1565 3267 1702 3321 illius
1729 3269 1965 3322 excitari.
2010 3268 2220 3324 Etenim

653 3359 1000 3414 admiratione
1040 3356 1254 3425 dignum
1299 3365 1412 3420 est,
1462 3355 1726 3426 quomodo
1753 3341 2000 3412 virtutem
2043 3359 2219 3415 sciens

650 3450 1039 3521 promittentis.
1073 3457 1124 3502 et
1150 3447 1368 3501 audiens
1411 3446 1819 3515 magnitudinem
1858 3447 1956 3503 sibi
1988 3449 2216 3518 promis-

650 3555 852 3604 eorum,
885 3553 1058 3609 neque
1097 3539 1172 3592 sic
1201 3552 1446 3608 magnum
1471 3537 1665 3605 aliquid
1695 3547 1749 3594 et
1785 3538 2011 3593 sublime
2040 3550 2218 3608 postu-

650 3631 761 3686 lare
787 3628 1125 3684 attentaverit
1153 3646 1166 3682 :
1191 3628 1286 3685 sed
1315 3628 1402 3682 illa
1430 3628 1702 3682 dumtaxat
1730 3627 1898 3697 petiit,
1926 3644 2044 3698 quae
2069 3630 2220 3685 audi-

647 3719 748 3775 stis
773 3719 884 3774 heri
909 3759 924 3782 ,
957 3733 1147 3787 nempe
1174 3733 1234 3772 ea
1262 3732 1378 3786 qua;
1417 3717 1483 3773 ad
1522 3717 1880 3787 quotidianum
1911 3719 2216 3776 alimentum

647 3807 749 3863 sibi
777 3807 1022 3862 suﬂicere
1049 3806 1283 3876 possint,
1309 3813 1364 3861 et
1401 3807 1768 3861 vestimentum
1812 3807 1880 3862 ad
1917 3821 2110 3878 corpus
2136 3818 2216 3864 te-

646 3897 876 3968 gendum
910 3915 925 3951 :
955 3903 1008 3951 et
1037 3896 1320 3965 promittit,
1353 3895 1398 3952 si
1427 3896 1653 3956 reditum
1684 3897 1785 3952 sibi
1824 3899 1877 3953 in
1907 3913 2000 3954 sua
2026 3914 2215 3956 conce-

646 3987 738 4043 dat
766 3987 922 4050 Deus,
953 3985 1090 4040 sicut
1115 3986 1214 4041 sibi
1242 3985 1592 4055 promiserat,
1631 3987 1878 4044 daturum
1907 4003 1968 4045 se
1997 3990 2069 4044 illi
2097 4006 2212 4046 om-

647 4078 796 4133 nium
825 4093 942 4146 qua:
984 4077 1052 4130 ab
1090 4090 1156 4130 eo
1183 4075 1402 4145 accipiet
1427 4075 1660 4132 decimas
1688 4094 1702 4132 :
1729 4093 1826 4148 per
1851 4080 2026 4135 omnia
2057 4096 2212 4136 mon-

648 4175 827 4222 strans
851 4165 1154 4235 religionem
1182 4180 1352 4232 suam,
1381 4173 1434 4221 et
1459 4167 1628 4236 ipsum
1649 4167 1954 4225 adscribens
1977 4172 2212 4226 omnium

650 4256 992 4325 largitorem;
1038 4255 1298 4325 docetque
1352 4267 1450 4310 nos
1491 4264 1547 4310 ut
1587 4257 1635 4311 ei
1681 4266 1881 4312 tantum
1928 4259 2214 4317 habeamus

646 4347 890 4418 gratiam.
921 4345 1149 4400 Noverat
1175 4347 1315 4401 enim
1351 4345 1524 4416 justus
1567 4347 1883 4403 inell'abilem
1919 4349 2034 4418 ejus
2062 4349 2213 4406 beni-

644 4435 933 4505 gnitatem.
962 4434 1064 4489 hoc
1091 4435 1393 4504 conjectans
1418 4450 1480 4491 ex
1508 4436 1570 4491 iis
1597 4453 1716 4507 qua:
1747 4439 1796 4492 in
1825 4448 2028 4509 patrem
2058 4455 2212 4498 suum

647 4523 981 4589 exhibuerat,
1004 4533 1057 4579 et
1085 4525 1284 4580 sciebat
1308 4539 1427 4581 eum
1449 4525 1548 4581 sibi
1571 4541 1812 4597 omam
1834 4529 2212 4587 abundantiam

647 4627 1024 4668 concessurum
1054 4629 1172 4668 esse
1200 4631 1215 4668 :
1246 4625 1300 4670 et
1329 4615 1514 4670 horum
1535 4617 1752 4686 quidem
1785 4619 1896 4690 ipse
1925 4621 2051 4675 nihil
2083 4624 2213 4691 petit

646 4717 680 4757 a
710 4703 930 4757 Domino
951 4745 966 4769 ,
994 4719 1163 4774 neque
1189 4705 1299 4759 vult
1327 4705 1393 4760 de
1424 4707 1497 4765 ib
1524 4709 1767 4776 precari,
1796 4710 1889 4766 sed
1913 4713 2042 4766 cum’
2062 4714 2212 4771 deci-

645 4807 763 4848 mas
783 4793 1016 4847 omnium
1041 4793 1282 4848 daturum
1307 4796 1681 4865 “pollicetur,
1704 4799 1936 4854 ostendit
1957 4812 2210 4872 quantum

647 4883 703 4938 in
730 4884 975 4939 omnibus
998 4884 1298 4941 conﬁdebat
1321 4886 1437 4956 ejus
1463 4890 1708 4957 potentiae
1746 4891 1836 4959 qui
1877 4894 2208 4960 promiserat.

648 4973 931 5042 PrOptetea
956 4981 1008 5028 et
1033 4989 1145 5043 ipse.
1171 4975 1378 5046 quando
1400 4990 1521 5031 cum
1540 4993 1605 5032 co
1631 4979 1958 5048 loquebatur.
1980 4981 2207 5052 dicebat,

647 5060 759 5134 Ego
782 5079 897 5118 sum
926 5063 1060 5118 Deus
1080 5065 1332 5119 Abraham
1359 5077 1403 5120 et
1428 5065 1580 5121 Isaac
1605 5069 1760 5135 patris
1787 5070 1861 5123 tui
1880 5087 1901 5136 ,°
1941 5088 2004 5126 ne
2037 5074 2210 5130 titueas

648 5159 672 5226 (
688 5155 814 5210 Gen.
835 5156 925 5210 26.
950 5156 1079 5226 2-6).
1107 5156 1287 5228 Cogita
1306 5198 1324 5225 ,
1352 5160 1556 5230 inquit,
1585 5171 1642 5217 et
1683 5165 2030 5233 patriarcham
2059 5171 2209 5239 quasi

647 5247 984 5317 peregrinum
1012 5257 1069 5303 et
1097 5249 1330 5320 ignomm
1359 5250 1412 5304 in
1444 5259 1640 5306 terram
1671 5252 1806 5309 hanc
1833 5255 2130 5322 advenisse.
2156 5269 2211 5314 et

645 5337 701 5391 in
728 5347 922 5392 tantam
945 5339 1150 5394 venisse
1170 5340 1412 5411 gloriam,
1439 5351 1497 5397 ut
1519 5345 1751 5400 omnium
1775 5361 1867 5403 ore
1889 5349 2205 5406 celebretur.

643 5425 831 5498 Cogita
876 5429 1000 5485 item
1042 5439 1096 5485 et
1139 5440 1340 5500 patrem
1377 5443 1555 5499 tuum,
1592 5435 1644 5489 in
1674 5444 1908 5492 extrema
1939 5451 2210 5499 senectute

649 5519 786 5588 patri
808 5533 906 5573 suo
931 5529 1107 5576 natium
1131 5536 1271 5587 esse,
1297 5533 1456 5593 atque
1481 5524 1551 5580 ita
1575 5526 1765 5594 opibus
1785 5541 1994 5584 auctum
2022 5529 2206 5601 fuisse,

648 5617 708 5664 ut
736 5609 1022 5666 invidiosus
1051 5610 1200 5667 ﬁeret
1243 5613 1520 5685 indigenis.
1565 5616 1762 5672 Eadem
1806 5617 1963 5687 igitur
2003 5631 2054 5676 et
2096 5623 2210 5690 ipse

646 5707 915 5768 exspecta,
957 5716 1270 5774 omnemque
1305 5705 1548 5762 tiimresn
1589 5717 1641 5763 et
1683 5708 2002 5767 anxietatem
2039 5711 2206 5783 depo-

1328 367 1388 425 Β.
1423 365 1699 426 JOANNIS
1724 359 2192 423 CHRYSOSTOIII
2231 356 2546 417 ARCiilEP.
2582 355 3115 420 CONSTANTINOP.

3793 352 3904 410 480

2328 481 2482 532 nens,
2514 466 2987 537 peregrinationem
3024 465 3136 519 obi.
3167 463 3292 520 ilice
3325 476 3506 519 secum
3533 461 3771 532 cegitans
3805 462 3866 532 jn

2323 563 2438 611 stus
2460 597 2476 622 ,
2520 571 2626 610 non
2663 554 2732 609 ad
2773 562 3090 626 praesentem
3120 553 3439 624 respiciebat
3465 561 3691 614 statum,
3725 552 3903 622 (nihil

2323 649 2465 703 enim
2509 648 2727 702 omnino
2751 662 2932 712 secum
2973 645 3228 702 afferebat
3265 662 3281 700 :
3320 643 3607 716 quomoda.
3627 643 3766 698 enim
3795 655 3904 714 pm.

2325 740 2512 795 tuisset
2536 741 2625 808 qui
2651 741 2797 793 solus
2830 748 2946 794 erat
2979 748 3033 794 et
3058 740 3158 794 iter
3195 735 3373 792 facere
3403 734 3768 806 cogebatur?)
3799 732 3901 789 sed

2319 832 2431 902 jam
2460 831 2579 886 fidei
2608 829 2778 886 oculis
2806 844 2912 885 non
2951 830 3120 883 multo
3161 835 3284 898 post
3329 828 3554 882 futuram
3601 823 3901 894 praesidem

2323 921 2701 976 abundantiam
2741 933 2892 974 suam
2913 960 2929 984 ,
2958 919 3261 974 declarabat
3295 925 3498 988 gratam
3528 915 3848 970 voluntatem
3879 930 3899 969 :

2327 1020 2382 1065 et
2405 1009 2494 1080 qui
2523 1010 2652 1064 nihil
2678 1008 2853 1064 adhuc
2893 1016 3192 1078 acceperat,
3233 1015 3429 1074 vovet,
3468 1006 3761 1076 digniorem
3793 1003 3903 1059 ﬁdo

2325 1099 2636 1153 existimans
2665 1097 3067 1167 promissionem
3095 1096 3337 1163 Domini,
3363 1110 3521 1165 quam
3552 1109 3728 1150 rerum
3770 1107 3902 1164 pos-

2325 1187 2642 1242 sessionem.
2685 1187 2867 1257 Neque
2891 1189 3033 1243 enim
3073 1187 3142 1242 ita
3172 1187 3333 1242 fidere
3373 1185 3630 1240 debemus
3658 1185 3740 1240 his
3781 1198 3905 1254 quas

2327 1277 2380 1330 in
2427 1277 2670 1332 manibus
2700 1278 2952 1334 habemus
2982 1287 3038 1333 et
3065 1277 3337 1341 videmus,
3379 1287 3434 1332 ut
3461 1277 3907 1347 promissionibua

2331 1367 2460 1429 Dei,
2506 1367 2712 1422 etiamsi
2760 1383 2864 1423 non
2911 1368 3158 1423 eveniant
3198 1367 3376 1423 statim
3421 1369 3593 1437 primo
3635 1376 3902 1434 tempore.

2328 1457 2508 1512 Justus
2550 1458 2709 1528 igitur
2753 1467 2964 1528 sumpta
3009 1459 3074 1512 iis
3116 1473 3234 1528 qute
3281 1459 3418 1512 Deus
3460 1456 3667 1512 dixerat
3709 1455 3904 1511 ﬁducia

2329 1549 2578 1614 maxima,
2613 1550 3092 1618 peregrinationem
3121 1547 3273 1602 obiit.
3302 1546 3419 1613 Quo
3447 1556 3601 1615 pacto
3625 1547 3766 1601 enim
3794 1559 3904 1600 non

2285 1636 2520 1691 -.llsurus
2547 1643 2724 1701 esset,
2768 1637 2852 1690 cui
2889 1637 3084 1690 dictum
3112 1645 3223 1689 erat
3249 1673 3265 1699 ,
3306 1634 3437 1689 Ecce
3463 1651 3553 1704 ego
3583 1645 3741 1688 tectius
3765 1649 3903 1698 sunt,

2327 1727 2613 1781 custodiens
2640 1736 2687 1781 te
2708 1725 2762 1780 in
2781 1728 2918 1780 omni
2935 1726 3035 1790 eia,
3059 1741 3158 1795 qua
3180 1727 3344 1779 iturus
3372 1740 3424 1779 es
3445 1739 3466 1778 :
3489 1733 3536 1778 et
3560 1723 3907 1795 multiplicabo

2328 1834 2494 1872 semen
2518 1827 2659 1872 tuum
2676 1858 2693 1881 ,
2731 1826 2778 1872 et
2805 1817 3044 1873 reducam
3072 1827 3120 1871 te
3144 1818 3322 1872 iterum
3350 1816 3401 1871 in
3428 1826 3616 1871 terram
3644 1816 3810 1884 hanc,
3855 1825 3906 1871 es

2328 1927 2428 1963 non
2451 1920 2498 1964 te
2521 1910 2863 1980 derelinquam
2884 1908 3034 1980 (Cen.
3056 1908 3280 1978 28.15),
3305 1923 3577 1980 usquequo
3597 1907 3904 1977 corripiem-

2327 2007 2416 2054 tur
2442 2001 2700 2068 promissa
2723 2000 2946 2054 omnia?
2976 1999 3172 2055 Verum
3191 2040 3208 2067 ,
3239 2011 3298 2055 ut
3325 1999 3440 2054 beri
3467 1999 3576 2054 dixi
3601 2039 3618 2067 ,
3649 2001 3820 2070 cogita
3846 2007 3904 2055 et

2326 2090 2746 2158 omnipotentem
2775 2089 2870 2144 Dei
2898 2090 3234 2159 sapientiam,
3263 2099 3318 2145 et
3337 2090 3466 2160 justi
3491 2091 3628 2145 illius
3654 2104 3900 2160 magnam

2326 2179 2636 2247 patientiam
2675 2188 2727 2233 et
2771 2187 2980 2249 gratum
3023 2179 3280 2234 animum.
3325 2181 3567 2235 Surrexit
3607 2179 3750 2235 enim
3781 2189 3898 2249 post

2325 2269 2706 2339 pmmissiones
2732 2270 2866 2335 illas,
2896 2279 2953 2325 et
2975 2270 3027 2325 in
3046 2269 3281 2326 Charran
3307 2270 3599 2336 contendit,
3625 2281 3682 2325 et
3706 2270 3902 2324 iterum

2326 2360 2434 2428 agit
2479 2368 2536 2415 ut
2576 2360 2887 2430 peregrinus
2919 2369 2976 2416 ct
3020 2375 3216 2430 vagus,
3263 2370 3318 2416 et
3359 2361 3412 2416 in
3451 2360 3697 2416 omnibus
3722 2361 3902 2416 divina

2323 2451 2496 2519 gratia
2524 2449 2736 2515 fruitur,
2769 2450 2994 2521 benigno
3014 2451 3124 2506 Deo
3149 2450 3248 2520 ipsi
3273 2450 3411 2506 viam
3437 2450 3629 2520 ubique
3658 2461 3901 2520 parante,

2325 2551 2380 2598 et
2406 2557 2554 2598 suam
2584 2542 2988 2613 promissionem
3009 2541 3348 2611 adimplente.
3376 2540 3474 2608 Qui
3503 2542 3645 2596 enim
3670 2541 3901 2610 dixerat,

2325 2631 2513 2694 Reum
2540 2645 2672 2698 sum,
2703 2632 2985 2686 custodiens
3012 2640 3062 2686 te
3098 2632 3152 2684 in
3180 2631 3317 2685 omni
3343 2631 3456 2698 ria,
3488 2647 3586 2701 qua
3626 2634 3791 2687 iturus
3826 2649 3901 2700 es,

2327 2722 2375 2776 is
2403 2720 2553 2774 duxit
2572 2720 2774 2790 justum
2805 2720 2870 2774 ad
2898 2721 3092 2775 fontem
3118 2735 3290 2789 aqua,
3321 2721 3409 2776 ubi
3433 2722 3698 2791 aquabant
3723 2731 3899 2793 pasto-

2323 2824 2412 2865 res
2453 2819 2610 2865 terra:
2651 2811 2841 2866 incola:
2883 2828 2898 2864 :
2941 2826 2974 2864 a
3011 2811 3204 2881 quibus
3245 2827 3366 2866 cum
3415 2812 3790 2882 interrogasset
3833 2813 3900 2870 de

2325 2899 2504 2955 Laban
2536 2901 2699 2955 fratre
2728 2902 2912 2955 matris
2956 2915 3101 2965 suae,
3151 2912 3203 2956 et
3249 2901 3518 2958 didicisset
3561 2902 3738 2956 omnia
3781 2919 3902 2973 quze

2322 2989 2465 3044 circa
2493 2990 2638 3043 Illum
2667 2989 2986 3059 gerebantur
3013 3007 3028 3044 :
3057 2990 3250 3046 deinde
3276 3006 3398 3044 cum
3437 3001 3489 3046 et
3529 2991 3684 3061 hujus
3713 2993 3900 3057 tiliam,

2325 3090 2380 3134 et
2403 3093 2591 3150 greges
2616 3080 2782 3134 oculis
2811 3089 3132 3150 spectasset,
3163 3079 3468 3152 videretque
3493 3081 3765 3152 indigenas
3792 3099 3900 3139 nou

2324 3167 2572 3223 sufﬁcere
2598 3179 2658 3223 ut
2685 3169 2910 3238 lapidem
2936 3184 2966 3224 a
2994 3169 3137 3225 fonte
3162 3171 3259 3239 ipsi
3288 3182 3615 3236 amoverent,
3655 3183 3710 3227 et
3731 3187 3898 3244 aqua-

2322 3267 2444 3314 rent
2468 3273 2618 3323 oves,
2647 3259 2899 3325 accurrit,
2930 3269 2984 3314 et
3013 3259 3062 3313 id
3107 3260 3248 3330 quod
3293 3262 3365 3315 illi
3407 3261 3581 3317 facere
3619 3279 3722 3318 non
3749 3263 3898 3320 rale-

2321 3349 2480 3414 bant,
2525 3351 2639 3419 ipse
2680 3364 2911 3421 superno
2955 3332 3154 3413 auxilio
3197 3351 3474 3408 roboratus
3498 3391 3515 3418 ,
3567 3355 3899 3424 praeveniens

2321 3442 2593 3498 beneficiis
2622 3441 2800 3499 Laban
2821 3483 2838 3510 ,
2876 3443 3080 3499 amovit
3109 3444 3334 3515 lapidem
3365 3453 3422 3502 et
3457 3447 3738 3516 adaquavit
3769 3463 3902 3506 orca

2319 3547 2452 3603 quas
2491 3532 2742 3603 pascebat
2771 3532 2993 3588 Rachel.
3031 3533 3161 3590 Dein
3193 3535 3281 3588 ubi
3321 3535 3596 3592 osculatus
3631 3545 3714 3592 est
3750 3540 3900 3608 puel-

2320 3625 2446 3692 lam,
2478 3635 2532 3680 et
2557 3623 2874 3696 signiﬁcavit
2895 3625 3014 3696 quis
3040 3633 3182 3681 esset
3209 3633 3262 3681 et
3289 3626 3436 3682 unde
3466 3627 3714 3693 venisset,
3746 3644 3898 3686 mane

2320 3717 2392 3771 sit
2421 3717 2534 3785 ipse
2559 3715 2700 3786 apud
2729 3716 2946 3770 fontem.
2973 3714 3166 3771 Verum
3194 3716 3316 3787 quia
3340 3717 3478 3773 Deus
3505 3735 3566 3773 er
3598 3728 3622 3774 t
3639 3720 3726 3790 qui
3752 3720 3900 3789 justo

2317 3805 2635 3875 disponebat
2659 3805 2868 3872 omnia,
2902 3805 2988 3861 hic
3010 3815 3065 3862 et
3094 3808 3323 3876 puellam
3353 3809 3602 3864 escitarit
3629 3822 3686 3866 ut
3707 3811 3900 3872 celeri-

2317 3906 2398 3954 ter
2421 3906 2696 3965 curreret,
2723 3906 2880 3970 atquc
2909 3897 3025 3954 lucc
3052 3900 3393 3957 annuntiaret
3417 3902 3552 3972 patri
3572 3943 3589 3967 .
3615 3903 3705 3974 qui
3729 3905 3900 3962 iratas

2315 3995 2430 4043 erat
2457 3987 2611 4057 hujus
2638 3989 2826 4045 matris
2856 4005 2872 4043 :
2899 3999 3248 4062 narraretque
3289 3991 3608 4050 beneﬁcium
3643 3995 3790 4065 quod
3825 3997 3902 4052 ab

2315 4096 2383 4137 eo
2409 4081 2705 4151 praestitum
2741 4091 2885 4139 esset
2919 4092 2976 4138 et
3014 4083 3067 4138 in
3110 4084 3279 4155 ipsam
3315 4093 3371 4140 et
3410 4085 3462 4140 in
3491 4100 3678 4158 greges
3711 4096 3808 4144 :ct
3833 4103 3902 4146 se

2316 4187 2490 4243 neque
2517 4173 2851 4243 peregrinum
2877 4187 3018 4241 esse,
3059 4189 3234 4246 neque
3261 4175 3495 4245 ignotum
3517 4216 3533 4240 ,
3569 4175 3664 4233 sed
3688 4180 3899 4237 sororis

2387 4357 2590 4423 Quanta
2617 4367 2834 4412 ueterani
2863 4358 3201 4429 hospitalitas.
3229 4359 3477 4430 Exemplo
3504 4361 3685 4420 Jacobi
3712 4365 3892 4434 probas

2315 4448 2483 4502 omnia
2507 4448 2718 4520 feliciter
2739 4449 3004 4503 succedere
3033 4448 3078 4503 ei
3103 4465 3250 4519 queat
3277 4449 3418 4505 Deus
3447 4452 3615 4520 jussit.
3641 4481 3716 4493 —
3747 4454 3892 4509 Co.-

2315 4541 2487 4597 sidera
2507 4584 2523 4608 ,
2551 4543 2807 4606 obsecro,
2837 4541 3033 4597 dilecte
3053 4582 3068 4608 ,
3106 4543 3297 4600 dirinte
3324 4542 3616 4614 δοθῆναι-ε
3655 4543 3889 4616 diligen-

2316 4634 2477 4698 tiam,
2525 4633 2790 4702 quomodo
2833 4633 2987 4689 nobis
3033 4635 3208 4690 omnia
3253 4635 3535 4692 manifeste
3587 4647 3886 4707 remaneat,

2313 4723 2558 4780 docendo
2582 4739 2680 4780 nos
2699 4739 2877 4781 mores
2898 4741 3157 4792 veterum.
3176 4736 3228 4781 et
3247 4737 3462 4797 quantae
3486 4729 3538 4780 in
3558 4725 3892 4803 excipiendi:

2315 4813 2610 4884 hospitibus
2655 4816 2850 4871 fuerint
2875 4817 3183 4871 alacritatis.
3224 4817 3355 4871 Nam
3384 4828 3440 4872 at
3469 4817 3657 4888 puella
3687 4818 3893 4872 indica.

2312 4917 2390 4960 ret
2421 4904 2774 4970 alacritatem,
2805 4920 2910 4958 non
2937 4904 3250 4972 simpliciter
3276 4905 3432 4970 dixit,
3461 4921 3578 4961 eam
3605 4905 3805 4962 abiisse
3829 4917 3891 4966 et

2311 4995 2653 5050 annuntiasse
2690 5011 2807 5064 qua:
2845 4995 2976 5047 facta
3017 4997 3255 5059 fuerant,
3285 4996 3389 5050 sed
3418 4997 3748 5060 cucurrisse.
3782 4998 3895 5058 hoc

2312 5093 2426 5144 est.
2461 5087 2652 5153 magno
2685 5098 2804 5137 cum
2846 5083 3036 5153 gaudio
3063 5084 3226 5155 (Cap.
3252 5085 3343 5140 29.
3371 5103 3421 5140 ν.
3450 5085 3571 5160 12).
3604 5087 3807 5144 Deinde
3832 5101 3896 5150 et

2312 5173 2379 5229 de
2409 5173 2586 5229 Laban
2604 5213 2621 5239 ,
2649 5173 2737 5242 qui
2775 5183 2927 5244 pater
2954 5175 3094 5229 illius
3133 5187 3249 5231 erat
3271 5217 3288 5242 ,
3316 5177 3448 5232 dicit
3469 5218 3486 5242 ,
3513 5179 3656 5248 quod
3687 5180 3893 5239 auditis

2317 5265 2401 5320 his
2425 5281 2455 5318 a
2485 5265 2719 5334 virgine,
2746 5267 3038 5324 cucurrerit
3067 5277 3121 5321 et
3152 5269 3264 5336 ipse
3304 5269 3355 5324 in
3393 5284 3670 5325 occursum
3692 5270 3882 5343 Jaeob,

2310 5362 2365 5408 et
2393 5355 2660 5408 osculatus
2687 5355 2755 5409 sit
2783 5371 2938 5424 ann,
2968 5365 3025 5412 et
3069 5357 3338 5414 induam-it
3375 5358 3430 5414 in
3472 5358 3686 5417 domum
3724 5375 3884 5421 suam

2314 5443 2474 5514 (Ibid.
2500 5458 2548 5497 υ.
2579 5442 2690 5515 is).

2381 5535 2437 5589 2.
2467 5535 2749 5605 Postquam
2777 5547 2952 5593 autem
2978 5538 3156 5595 Lilian
3184 5541 3364 5602 omnia
3390 5541 3670 5613 diligenter
3694 5541 3886 5606 “ius

2313 5624 2506 5690 abeo,
2553 5625 2840 5692 li.Dia:it,
2881 5629 3165 5699 inquit,ei
3201 5631 3334 5687 εει
3371 5633 3886 5694 ossibus-theta.

2310 5731 2462 5770 carne
2484 5728 2590 5770 mea
2616 5732 2667 5773 es
2690 5727 2742 5772 tu
2769 5718 2920 5790 (Cap.
2949 5720 3063 5792 29).
3088 5720 3300 5781 Sororis
3318 5764 3336 5794 ,
3361 5723 3564 5800 inquit,
3591 5741 3724 5785 mea
3753 5743 3885 5789 cum
