4120 6532
436 82 1077 100 ____________r____

221 441 302 497 uti
335 413 342 418 ’
1248 435 1310 491 tN
1349 433 1508 490 car.
1545 430 1738 486 xm.
1785 428 1815 485 ε

1927 428 2027 484 ES.
2078 429 2307 486 HOMIL.
2355 430 2460 485 LV.

221 559 288 615 sis
313 560 486 621 filius,
521 558 649 612 nihil
692 556 834 612 aliud
881 569 1041 625 quam
1072 567 1199 608 caro
1241 562 1421 607 no.~tra
1450 563 1508 606 es
1549 557 1603 604 et
1641 545 1804 602 frater

221 664 412 704 uoster.
446 647 511 702 Et
550 661 656 703 erat
695 666 810 702 cum
836 663 929 710 eo,
975 644 1173 716 inquit,
1221 645 1289 697 ad
1330 658 1547 695 mensem
1587 640 1804 692 dierum.

223 743 340 796 Dein
381 742 533 810 quasi
579 743 632 795 in
662 741 823 795 dtnno
850 739 1064 812 propria
1094 737 1236 808 apud
1277 751 1399 790 eum
1444 732 1714 804 impavide
1757 743 1808 784 et

217 839 280 892 ab
305 837 448 892 omni
479 851 606 890 cura
640 835 775 888 liber
812 833 1020 902 agebat.
1067 831 1331 886 Caeterum
1374 826 1625 898 quoniam
1671 825 1808 879 Deus

217 938 347 993 erat,
381 929 469 999 qui
496 931 674 982 omnia
701 925 767 979 ad
799 925 1078 979 utilitatem
1108 921 1265 992 hujus
1289 920 1416 990 justi
1437 916 1805 988 dispensabat,

218 1033 266 1078 ct
291 1023 342 1077 in
369 1021 619 1077 omnibus
646 1019 694 1074 ei
723 1033 875 1080 snam
904 1015 1176 1088 praebebat
1201 1012 1660 1082 cooperationem,
1695 1010 1808 1078 ipse

219 1115 540 1168 alacritatem
571 1111 749 1166 Laban
781 1108 1031 1164 excitavit
1067 1125 1081 1162 :
1119 1115 1174 1161 et
1207 1106 1393 1160 videns
1423 1103 1519 1157 viri
1560 1116 1806 1156 mansue-

219 1207 448 1260 Iudinent
471 1245 488 1269 ,
520 1203 653 1258 dicit.
684 1201 735 1256 ei
769 1222 782 1257 :
818 1201 904 1264 15.
936 1199 1190 1267 Quoniam
1215 1198 1346 1251 enim
1391 1195 1550 1264 frater
1591 1209 1730 1246 meus
1759 1207 1808 1244 es

218 1316 287 1365 tu,
320 1315 422 1353 non
453 1297 638 1353 servies
668 1294 793 1348 mihi
830 1293 988 1366 gratis
1017 1307 1036 1346 :
1061 1292 1142 1345 dic
1169 1291 1326 1352 mihi,
1355 1303 1468 1353 qua:
1494 1301 1681 1339 merces
1721 1293 1806 1336 tua

215 1394 292 1447 sit.
327 1391 461 1446 Vide
488 1389 757 1460 quomodo
789 1389 901 1458 ipse
933 1387 1145 1456 quidem
1189 1383 1401 1455 petebat
1429 1383 1594 1444 nihil,
1627 1379 1805 1434 Laban

214 1497 390 1541 autem
421 1500 450 1539 a
483 1499 543 1539 se
570 1486 671 1538 hoc
700 1483 950 1553 proponit
975 1482 1144 1552 justo.
1174 1480 1242 1534 Et
1277 1476 1494 1533 at'cnde
1513 1520 1525 1540 ,
1556 1476 1802 1533 obsecro,

213 1578 482 1649 quomodo
510 1577 595 1630 cui
622 1575 798 1630 divina
829 1587 1018 1628 manus
1046 1573 1268 1637 assistit,
1301 1570 1347 1624 ei
1375 1568 1553 1623 omnia
1585 1565 1834 1621 feliciter"

214 1668 522 1725 succedant.
571 1666 692 1721 Non
735 1667 918 1722 servies
961 1665 1119 1729 mihi,
1155 1664 1358 1734 inquit,
1404 1661 1560 1732 gratis
1594 1657 1808 1712 :indica

215 1765 336 1818 mihi
359 1778 474 1832 quia
512 1778 699 1816 merces
725 1770 812 1813 tua
838 1761 926 1813 sit.
963 1756 1217 1826 Quamvis
1244 1755 1428 1809 beatus
1469 1751 1558 1806 ille
1604 1765 1808 1820 magna:

211 1856 449 1912 caritatis
490 1855 610 1910 loco
650 1852 870 1906 haberet
897 1853 977 1905 vel
1017 1848 1329 1919 simpliciter
1369 1845 1681 1915 quotidizino
1710 1843 1807 1895 ali-

217 1958 398 2004 mento
442 1947 580 2005 frui.
628 1945 957 2012 multamque
1000 1956 1097 2011 pro
1141 1955 1206 1995 eo
1243 1939 1465 2009 gratiam
1515 1935 1805 1990 redderet:

211 2056 398 2095 verum
429 2039 550 2110 quia
582 2038 769 2090 miram
802 2035 1186 2088 lnnuanizatem
1217 2047 1323 2101 pra:
1351 2045 1410 2086 se
1440 2028 1661 2091 ferebat,
1689 2026 1808 2080 ideo

216 2131 392 2187 Labant
416 2127 717 2184 mererdem
740 2129 785 2183 ei
814 2128 1112 2196 pollicetur,
1132 2140 1290 2196 quam
1317 2125 1428 2192 ipse
1447 2119 1806 2192 proposuerit.

213 2223 347 2291 Quid
380 2223 538 2292 igitur
557 2219 770 2288 justus?
803 2218 954 2284 Vide,
985 2218 1227 2273 obsecro.
1261 2227 1315 2271 et
1345 2215 1426 2268 hic
1458 2215 1807 2269 excellentem

213 2315 330 2383 ejus
356 2313 699 2382 sagacitatem
721 2352 735 2377 ,
769 2318 822 2364 et
863 2307 1133 2380 quomodo
1163 2307 1362 2361 nullam
1405 2303 1807 2375 enngreganda-

217 2423 332 2458 rntn
361 2419 520 2474 opum
550 2403 794 2457 habuerit
821 2417 1028 2456 curam.
1054 2399 1168 2455 Non
1199 2400 1340 2454 enim
1371 2401 1508 2454 sicut
1537 2412 1809 2452 mercena-

212 2500 325 2552 rius
354 2495 547 2565 aliquis
589 2509 711 2549 cum
754 2493 937 2550 Laban
984 2492 1273 2558 convenit,
1307 2500 1359 2545 et
1390 2505 1608 2560 operam
1658 2504 1809 2543 sumn

210 2586 561 2658 exquisitiore
589 2582 838 2640 mercede
872 2583 1010 2636 locat
1037 2624 1050 2646 ,
1100 2591 1152 2637 et
1177 2582 1321 2636 aliud
1351 2581 1477 2652 quid
1513 2581 1644 2650 petit
1674 2599 1684 2632 :
1716 2578 1811 2633 sed

212 2694 420 2734 tneutor
466 2678 652 2732 matris
689 2685 744 2732 et
787 2683 1173 2746 praeceptorum
1218 2674 1415 2744 patris,
1449 2684 1500 2728 et
1530 2672 1809 2727 inititieam

207 2772 598 2828 continentiam
628 2786 737 2841 pro:
765 2786 825 2826 se
868 2769 1046 2826 ferens
1066 2811 1082 2834 ,
1110 2769 1239 2823 dicit
1266 2768 1482 2823 Labano
1514 2784 1526 2821 :
1560 2767 1648 2822 18.
1684 2766 1809 2820 Ser-

213 2867 349 2919 riam
396 2865 483 2919 tibi
522 2875 712 2934 septem
753 2864 899 2917 annis
941 2881 1033 2933 pro
1082 2861 1271 2916 Rachel
1313 2863 1422 2930 ﬁlia
1467 2872 1551 2914 tua
1583 2862 1811 2931 juniore.

214 2961 362 3014 Itane
386 2960 526 3013 enim
569 2975 689 3013 mox
722 2968 777 3013 ut
803 2957 941 3027 apud
977 2958 1178 3012 fontem
1207 2957 1348 3024 vidi,
1379 2959 1572 3011 amavi.
1604 2956 1670 3010 Et
1695 2955 1813 3010 vide

213 3051 642 3108 benevolentiam
674 3050 792 3105 viri.
832 3049 1048 3120 Sibiipsi
1083 3059 1136 3104 et
1165 3059 1371 3120 tempus
1392 3049 1697 3121 prtescribit
1719 3090 1734 3112 ,
1761 3059 1814 3101 et

214 3152 364 3197 ιςιιιιυ
389 3154 628 3211 tempore
649 3141 922 3197 sufﬁciens
943 3153 1314 3213 argumentum
1339 3159 1448 3197 sum
1471 3141 1814 3196 continentiae

213 3235 439 3304 praebet.
490 3234 555 3288 Et
598 3232 725 3302 quid
782 3233 1101 3298 admiraris,
1156 3233 1382 3298 dilecte,
1427 3233 1649 3287 audiens
1691 3247 1812 3285 eum
1850 3240 1853 3242 ‘

210 3337 420 3398 septem
461 3325 617 3379 annis
655 3340 716 3380 se
760 3327 1082 3380 serviturum
1129 3327 1300 3396 promi
1337 3327 1439 3381 isse
1487 3341 1581 3393 jl‘O
1620 3326 1813 3379 dilecta

213 3419 432 3488 puella?
465 3417 531 3474 Ut
559 3421 702 3472 enim
739 3418 990 3473 ostendat
1023 3419 1175 3472 nobis
1203 3418 1474 3487 Scriptura
1498 3458 1512 3482 ,
1544 3417 1814 3487 quomodo

209 3527 368 3565 ιιιιιοι·
412 3526 634 3582 magnus
676 3520 730 3564 et
775 3511 1013 3565 laborem
1057 3519 1112 3564 et
1143 3510 1398 3578 temporis
1431 3509 1816 3580 longitudinem

209 3604 478 3668 succidit,
519 3612 576 3658 et
606 3611 662 3656 ιιι
704 3604 868 3658 breve
894 3602 1166 3657 videretur
1195 3602 1391 3668 effecit,
1425 3601 1553 3657 dicit
1585 3620 1597 3656 :
1623 3602 1713 3656 20.
1754 3601 1816 3655 Et

208 3697 417 3753 servivit
441 3677 606 3750 Jacob
633 3713 725 3765 pro
753 3696 946 3750 Rachel
976 3697 1122 3749 annis
1147 3704 1370 3766 septem,
1402 3705 1450 3748 et
1475 3706 1618 3749 erant
1647 3712 1817 3748 corum

199 3807 271 3846 ,ιο
296 3791 445 3861 quasi
471 3789 578 3844 dies
606 3790 792 3859 pauci,
839 3806 896 3844 eo
923 3792 1060 3859 quod
1092 3790 1198 3859 ipse
1238 3772 1380 3843 illam
1425 3789 1671 3860 diligeret.
1717 3788 1816 3843 Se-

215 3891 385 3953 ptctn,
413 3882 607 3952 inquit,
631 3881 778 3948 anni,
807 3883 957 3951 pauci
985 3881 1098 3935 dies
1122 3880 1438 3935 videbamur
1460 3881 1528 3934 ob
1551 3882 1816 3951 ingentem

200 3991 341 4046 erga
370 3976 598 4045 puellam
646 3991 906 4030 amorem.
947 3974 1173 4043 Quando
1216 3975 1358 4029 enim
1389 3973 1508 4043 quis
1552 3975 1820 4027 sauciatur

207 4069 458 4123 caritatis
479 4067 771 4132 desiderio,
801 4067 932 4122 nihil
960 4067 1179 4122 difficile
1205 4075 1412 4135 spectat
1441 4085 1452 4120 :
1483 4067 1575 4133 sed
1607 4067 1656 4121 id
1681 4067 1819 4136 quod

211 4161 376 4214 fuerit
403 4159 618 4230 plenum
651 4159 902 4228 periculis
932 4170 986 4215 et
1017 4159 1181 4213 multa
1213 4160 1448 4223 miseria,
1478 4161 1667 4214 leviter
1699 4162 1816 4225 fert,

208 4250 279 4304 nd
309 4252 410 4305 hoc
441 4267 602 4306 unum
635 4251 954 4321 respiciens,
1000 4253 1268 4322 quomodo
1305 4267 1402 4305 suo
1433 4254 1668 4321 potiatur
1697 4264 1822 4306 voto

206 4354 267 4398 et
296 4344 591 4398 desiderio.

289 4433 509 4488 lloralis
531 4436 781 4506 epilogus.
825 4437 982 4489 Amor
1011 4437 1192 4490 Jacobi
1235 4453 1355 4506 erga
1399 4436 1592 4492 Rachel
1619 4439 1823 4504 indi/fe-

206 4527 438 4580 tentiam
453 4537 677 4580 nostram
707 4543 828 4597 erga
859 4527 1019 4580 Deum
1045 4528 1325 4598 redarguit.
1375 4529 1641 4595 Quomodo
1675 4529 1820 4584 Pau-

208 4620 296 4672 lus
318 4619 550 4672 dilexerit
573 4618 735 4672 Deum
761 4636 777 4683 ;
800 4619 964 4689 ipsum
991 4621 1179 4674 imitari
1209 4638 1327 4675 suos
1353 4625 1610 4677 auditores
1642 4625 1821 4677 horta-

207 4724 320 4763 tur.
354 4740 424 4751 --
452 4711 744 4765 Audiamus
772 4728 869 4766 nos
897 4713 1068 4782 ignavi
1101 4724 1157 4766 et
1182 4714 1380 4782 Supini,
1409 4715 1672 4783 ingratum
1695 4733 1821 4786 erga

210 4806 388 4860 ticum
417 4807 649 4858 animum
677 4805 1011 4860 exhibentes.
1044 4807 1175 4861 Nam
1203 4807 1246 4858 si
1277 4809 1454 4878 justus
1486 4809 1576 4863 ille
1607 4826 1825 4878 proptt-r

208 4898 412 4966 puclla:
440 4913 681 4953 amorem
707 4902 1043 4970 septennitnn
1074 4905 1278 4959 servire
1311 4904 1556 4975 ferreque
1582 4917 1824 4974 pastora-

206 4990 347 5042 lium
375 4988 614 5042 Iaborum
645 5006 917 5045 mrumnas
943 4993 1200 5058 decrevit,
1228 5006 1408 5048 etnon
1441 4985 1609 5050 sensit
1632 4998 1715 5050 vel
1748 4998 1824 5050 la-

204 5084 396 5144 bores,
427 5083 510 5138 vel
533 5085 788 5152 temporis
831 5087 1233 5156 longitudinem,
1268 5088 1360 5144 sed
1393 5090 1569 5143 omnia
1599 5092 1644 5144 ei
1688 5091 1824 5145 levia

204 5183 264 5227 et
295 5172 470 5228 facilia
499 5173 840 5241 videbantur,
880 5182 1386 5248 exspectationeque
1412 5191 1467 5234 et
1494 5198 1588 5252 spe
1617 5183 1823 5237 fruendi

205 5264 403 5329 fultus,
434 5266 503 5319 ita
537 5275 593 5320 ut
616 5267 732 5322 dies
779 5284 976 5338 paucos
1017 5271 1232 5342 Iungunt
1259 5273 1388 5329 illud
1423 5284 1632 5346 tempus
1666 5287 1822 5346 puta-

202 5369 296 5416 ret
332 5380 346 5416 :
393 5360 608 5429 qualem
638 5377 738 5416 nos
770 5363 1084 5418 habebimus
1125 5369 1548 5433 excusationem,
1596 5371 1683 5438 qui
1717 5387 1822 5426 non

203 5453 331 5523 pari
359 5453 537 5508 studio
561 5468 687 5520 erga
715 5454 998 5510 Dominum
1051 5467 1292 5511 nostrum
1321 5470 1374 5514 et
1424 5461 1822 5517 benefactorem

205 5557 261 5600 et
291 5555 621 5610 curatorem,
656 5556 708 5600 et
739 5547 825 5615 qui
857 5548 1009 5602 nobis
1052 5548 1120 5602 sit
1154 5553 1355 5618 omnia,
1383 5553 1692 5609 afticimnr?
1719 5557 1823 5611 Sed

199 5638 302 5692 tibi
364 5637 678 5708 proponitur
729 5639 932 5693 lucrum
985 5645 1298 5710 temporale,
1351 5646 1528 5700 omnia
1581 5649 1828 5703 alacriter

202 5730 489 5786 stistincre
539 5733 804 5799 volumus,
844 5735 1052 5788 etiamsi
1085 5737 1209 5804 quid
1261 5738 1588 5795 laboriosum
1639 5743 1728 5802 sit,
1774 5755 1827 5797 et

203 5823 368 5878 val-le
402 5839 769 5878 atrumnosum
810 5836 862 5878 et
907 5828 1179 5882 sordidum
1209 5875 1220 5894 ,
1257 5844 1306 5884 et
1340 5848 1550 5902 pmaazn
1586 5834 1634 5887 in
1689 5853 1823 5903 pra:-

203 5934 268 5972 ετι)
300 5918 352 5968 iii
373 5927 424 5973 ct
443 5916 729 5970 futuros-rt
750 5921 834 5970 uio
853 5923 1099 5988 [ιη-ἔψη
1126 5942 1134 5975 :
1159 5936 1373 5996 propter
1392 5942 1624 5982 uniti-an:
1650 5943 1821 5984 :mtz-m

3428 447 3532 503 b3}.

1919 546 2171 611 salutem,
2203 557 2255 602 et
2289 559 2345 603 ut
2375 565 2668 619 supernum
2701 551 2854 607 nobis
2885 553 3125 610 favorem
3157 558 3524 624 conciliemus,

1923 639 2131 692 remissi
2159 647 2213 695 et
2240 641 2416 710 supini
2458 652 2510 697 et
2551 641 2796 698 dissoluti
2835 645 3101 700 videmur.
3134 646 3194 700 Et
3227 649 3398 717 qualis
3443 665 3528 704 no-

1924 731 2004 786 bis
2034 732 2138 788 erit
2165 733 2316 788 venia
2346 774 2360 798 ,
2389 735 2630 805 qualisve
2657 738 2932 792 exeusatio
2959 739 3036 792 sic
3068 741 3403 809 negligentia:
3430 742 3526 798 de-

1919 822 2065 889 ditis,
2098 825 2184 894 qui
2227 841 2400 897 neque
2441 837 2700 896 quantum
2732 829 2920 885 beatus
2948 830 3034 884 ille
3083 830 3136 884 in
3171 833 3398 900 puellam
3430 835 3527 890 de.

1918 914 2138 970 claravit
2158 932 2420 985 amorem,
2445 929 2644 973 tantum
2666 921 2717 974 in
2741 921 2902 975 Deum
2926 924 3203 977 caritatem
3229 924 3486 979 habemus
3513 944 3527 978 :

1921 1005 2078 1076 idque
2104 1023 2225 1062 cum
2258 1018 2398 1070 tanta
2433 1012 2702 1080 possimus
2733 1027 3022 1068 numerare
3054 1014 3312 1069 beneficia
3346 1017 3396 1070 in
3429 1032 3530 1071 nos

1918 1099 2198 1166 cnllocata,
2239 1110 2292 1155 et
2319 1117 2437 1172 qua:
2466 1104 2705 1172 quotidie
2745 1105 3122 1159 collocantur?
3153 1106 3258 1161 Sed
3288 1108 3386 1162 etsi
3432 1124 3530 1163 nos

1921 1199 2026 1244 tam
2063 1191 2260 1262 ingrati
2295 1209 2500 1261 sumus,
2541 1211 2646 1249 non
2681 1197 2750 1250 ita
2781 1208 2926 1250 certe
2971 1198 3155 1251 beatus
3188 1199 3404 1265 Panius,
3439 1203 3528 1268 qui

1921 1293 2024 1335 tam
2058 1284 2292 1340 fervebat
2319 1288 2581 1356 ctignitus
2603 1299 2717 1343 erat
2738 1290 2960 1344 caritate
2985 1291 3035 1344 in
3069 1292 3256 1360 Deum,
3287 1302 3344 1345 ut
3365 1295 3525 1348 verba

1920 1375 2006 1430 illa
2038 1385 2182 1430 tanto
2205 1378 2383 1433 animo
2409 1379 2564 1450 digna
2587 1381 2892 1450 loqueretur
2917 1392 2969 1436 et
2991 1382 3264 1444 clamaret,
3300 1383 3486 1438 dicens
3513 1402 3525 1438 :

1925 1467 2050 1534 Quis
2106 1487 2198 1523 nos
2243 1473 2496 1540 separabit
2530 1489 2559 1523 a
2592 1476 2836 1526 charitatc
2858 1472 3090 1528 Christi?
3123 1474 3250 1528 Vide
3280 1473 3531 1528 dit-tionis

1918 1562 2252 1631 emphasim,
2287 1573 2339 1617 et
2383 1564 2635 1618 latentem
2695 1565 2798 1618 vim
2856 1584 2866 1617 :
2922 1565 3044 1619 vide
3077 1582 3176 1620 anu
3203 1568 3276 1621 ris
3312 1567 3529 1622 violenti

1920 1654 2209 1720 fervorem,
2243 1656 2362 1710 vide
2401 1658 2678 1710 caritatem
2711 1658 2861 1712 inccn
2895 1673 3001 1710 am.
3041 1659 3163 1724 Quis
3192 1677 3282 1712 nos
3318 1677 3527 1728 separa-

1916 1746 1984 1798 bit
2023 1748 2041 1816 (
2073 1745 2220 1800 liam.
2246 1747 2298 1800 8.
2329 1748 2397 1801 53
2423 1756 2439 1818 )
2462 1749 2484 1800 ?
2528 1749 2686 1816 Quid,
2721 1750 2909 1818 inquit,
2934 1759 3035 1811 est,
3061 1752 3201 1818 quod
3238 1753 3403 1819 pOSsit
3429 1769 3526 1803 nos

1917 1854 1946 1890 ει
1970 1838 2228 1892 cbaritate
2251 1839 2339 1892 [)ei
2366 1842 2649 1907 separare?
2680 1842 2802 1910 quid
2825 1842 2962 1896 inter
2985 1841 3209 1897 visibilia
3231 1844 3268 1907 ί,
3291 1843 3416 1911 quid
3439 1843 3524 1895 in-

1921 1940 2000 1984 ter
2029 1931 2355 1985 invisibilia?

1991 2024 2041 2077 5.
2071 2023 2270 2078 Deinde
2299 2025 2485 2078 volens
2514 2034 2565 2078 et
2594 2025 2947 2094 particulatim
2975 2027 3152 2080 omnia
3185 2042 3523 2092 entnnerare,

1917 2124 1964 2167 et
1991 2114 2237 2166 erunibus
2271 2114 2423 2168 nobis
2455 2116 2792 2169 manife-ttnn
2824 2115 2998 2170 facere
3025 2118 3387 2185 insuperabile
3419 2119 3517 2171 de-

1917 2204 2171 2257 siderium
2211 2205 2350 2274 quod
2381 2222 2503 2276 erga
2550 2207 2830 2260 hominum
2891 2207 3190 2276 possidebat
3220 2251 3234 2272 ,
3292 2207 3526 2262 subdidit

1917 2299 2101 2352 dicens
2132 2317 2140 2349 2
2174 2299 2456 2353 Tribulatio
2477 2302 2503 2353 ἰ)
2531 2319 2597 2354 an
2625 2301 2903 2372 angustia?
2924 2317 2990 2353 an
3019 2300 3218 2368 fames?
3246 2320 3310 2352 an
3340 2318 3511 2367 perse-

1917 2392 2093 2459 quutio
2111 2394 2135 2444 γ
2176 2409 2240 2444 an
2273 2395 2472 2446 nuditas
2494 2395 2518 2446 ?
2543 2411 2609 2446 an
2639 2394 2915 2462 periculum
2934 2394 2958 2447 ?
2980 2410 3046 2446 an
3073 2394 3317 2463 gladius?
3343 2393 3386 2447 Ο
3415 2393 3533 2446 ani—

1920 2502 2082 2549 mam,
2119 2486 2342 2552 insania,
2370 2502 2486 2556 que
2514 2487 2854 2542 continentia:
2883 2503 2933 2540 ιιι
2976 2497 3055 2540 ter
3084 2497 3186 2548 est,
3225 2485 3488 2540 furentem
3513 2488 3526 2538 !

1919 2579 2080 2647 Quid,
2117 2580 2306 2650 inquit,
2345 2596 2413 2635 ex
2450 2581 2513 2634 iis
2553 2598 2669 2648 qum
2715 2583 2866 2635 nobis
2921 2581 3103 2635 ittf'etri
3154 2592 3399 2648 pessunt,
3433 2595 3531 2632 nos

1921 2684 2151 2724 avocare
2198 2686 2227 2724 a
2258 2673 2480 2726 caritate
2528 2688 2646 2742 quae
2685 2683 2767 2726 est
2797 2674 2845 2724 in
2892 2673 3054 2725 Deum
3085 2673 3317 2742 poterit?
3377 2670 3529 2725 Afﬂi-

1919 2766 2127 2820 ctioncs
2157 2765 2522 2834 quotidian-e?
2551 2765 2784 2821 Minime.
2827 2767 3139 2836 Augustae?
3170 2764 3355 2834 Neque
3404 2765 3530 2819 ille.

1921 2857 2058 2913 Num
2085 2859 2566 2930 persequutiones"
2594 2859 2778 2930 Neque
2810 2860 2934 2915 illa'.
2962 2860 3064 2915 Sed
3094 2858 3258 2928 quid?
3290 2876 3415 2912 ιιιιιιι
3449 2858 3528 2912 fa-

1920 2952 2072 3006 mes?
2103 2969 2228 3006 num
2276 2953 2523 3007 auditas?
2571 2969 2695 3008 num
2726 2955 2998 3023 pericula?
3036 2954 3228 3008 Verum
3257 2954 3383 3023 quid
3415 2953 3534 3006 dico

1923 3042 2138 3110 famem,
2170 3055 2224 3098 et
2253 3046 2570 3109 nuditatem,
2600 3055 2652 3099 et
2699 3047 2941 3114 pericula
2964 3047 2985 3099 ?
3007 3063 3131 3100 num
3164 3047 3412 3117 gladius?
3453 3048 3530 3103 i\'e

1922 3153 2068 3194 mors
2097 3139 2313 3208 quidem
2341 3141 2476 3211 ipsa,
2506 3141 2551 3195 si
2598 3141 2900 3211 infligatur,
2931 3142 3030 3197 hoc
3058 3145 3251 3212 poterit
3282 3145 3493 3198 efficere
3521 3161 3530 3194 :

1924 3231 1974 3285 id
1997 3233 2138 3287 enim
2184 3247 2407 3302 prorsus
2440 3234 2776 3303 impossibile
2820 3247 2923 3290 est.
2956 3236 3144 3291 Nullus
3185 3238 3320 3290 alius
3348 3240 3423 3292 sie
3452 3237 3534 3292 di-

1922 3333 2113 3392 gnatus
2139 3333 2224 3377 est
2272 3324 2495 3396 diligere
2548 3327 2852 3392 Dominum,
2900 3337 2959 3382 ut
2998 3330 3148 3383 beata
3197 3330 3280 3382 illa
3337 3330 3536 3384 attittta.

1922 3414 2083 3480 Quasi
2114 3417 2257 3470 enim
2304 3417 2560 3473 liberatus
2602 3436 2631 3472 a
2673 3435 2921 3490 corpore,
2951 3433 3004 3477 et
3048 3424 3292 3478 sublimis
3345 3424 3537 3487 factus,

1925 3518 1981 3561 ut
2006 3507 2085 3562 sic
2101 3507 2296 3572 dicam,
2319 3524 2491 3580 neque
2519 3527 2681 3580 super
2703 3523 2900 3567 terram
2926 3516 3200 3570 ambulare
3222 3534 3279 3570 se
3311 3526 3527 3585 putans.

1926 3597 1995 3650 ita
2026 3598 2279 3669 loquitur.
2315 3603 2482 3655 Amor
2509 3603 2656 3656 enim
2695 3606 2748 3658 in
2805 3604 2974 3659 Deum
3007 3615 3060 3660 et
3099 3621 3353 3662 suet-ensa
3391 3612 3534 3662 Cari-

1927 3699 2007 3745 tas
2049 3701 2284 3748 mentem
2298 3693 2417 3764 ejus
2431 3707 2458 3747 a
2472 3695 2901 3754 sensibilibusad
2919 3698 3070 3765 spirit
3083 3698 3222 3753 ualia
3242 3697 3540 3756 transtulit,

1925 3793 1981 3839 et
2004 3799 2033 3837 a
2064 3787 2417 3853 przrscntilms
2434 3788 2499 3840 ad
2525 3787 2721 3854 futura,
2755 3800 2808 3843 et
2837 3806 2864 3842 a
2892 3791 3190 3846 visibilibus
3228 3791 3292 3844 ad
3323 3806 3428 3846 non
3463 3793 3540 3843 vi-

1927 3875 2120 3929 sibilia.
2155 3875 2304 3931 Talis
2333 3879 2475 3932 enim
2514 3895 2599 3933 res
2629 3889 2709 3934 est
2739 3881 2870 3934 fides
2899 3892 2953 3936 et
3000 3885 3197 3937 caritas
3240 3884 3291 3937 in
3349 3885 3536 3939 ltetmt.

1929 3968 1988 4022 Et
2023 3977 2080 4023 ut
2105 3969 2282 4023 discas
2311 3987 2564 4042 magnum
2596 3974 2711 4042 ejus
2739 3975 2919 4029 cordis
2951 3977 3202 4031 affectum
3222 4019 3236 4042 ,
3274 3977 3399 4032 vide
3421 3995 3543 4032 eum

1928 4063 2016 4132 qui
2050 4066 2126 4117 sic
2153 4065 2438 4122 Dominum
2470 4070 2676 4137 dilexit,
2708 4081 2758 4125 et
2804 4072 2854 4124 in
2899 4073 3012 4140 ejus
3049 4072 3326 4127 caritatem
3386 4089 3545 4128 exar-

1928 4153 2017 4215 sit,
2050 4153 2241 4226 fugari,
2270 4162 2742 4230 persequutionem
2786 4163 2915 4232 pati,
2949 4163 3231 4233 flagellari,
3263 4165 3540 4220 innumera

1927 4245 2108 4312 gravia
2163 4245 2324 4314 ferre,
2359 4259 2412 4304 et
2458 4252 2638 4306 dicere
2674 4274 2686 4308 :
2721 4252 2787 4306 lu
2821 4254 3075 4307 laboribus
3103 4255 3461 4319 abundantius,
3493 4257 3546 4310 in

1931 4338 2095 4407 plagis
2122 4357 2278 4410 supra
2307 4344 2532 4407 modum,
2572 4345 2624 4397 in
2651 4347 2898 4400 mortibus
2920 4351 3210 4416 frequenter
3237 4364 3255 4401 :
3285 4366 3316 4400 a
3340 4347 3539 4404 Judaris

1928 4436 2192 4507 quinquies
2232 4437 2585 4508 quadragenas
2631 4455 2734 4492 una
2781 4440 2946 4492 minus
2996 4441 3169 4509 accepi
3211 4454 3234 4494 :
3262 4450 3334 4493 ter
3393 4443 3546 4512 virgis

1930 4543 2094 4582 ccesus
2143 4544 2277 4592 sum,
2307 4531 2460 4583 semel
2501 4530 2759 4600 lapidatus
2800 4547 2933 4595 sunt,
2970 4541 3044 4583 ter
3069 4531 3396 4602 naufragium
3426 4535 3542 4602 feci,

1932 4630 2076 4672 nocte
2131 4630 2177 4672 et
2237 4621 2318 4673 die
2368 4622 2419 4673 in
2468 4623 2727 4692 profundo
2778 4625 2933 4675 maris
2986 4624 3059 4693 fui
3090 4667 3103 4685 ,
3157 4624 3208 4675 in
3279 4624 3539 4676 itineribu.

1931 4730 2102 4782 sarpe,
2162 4715 2398 4783 periculis
2457 4717 2761 4785 ﬂuminum,
2793 4718 3034 4785 periculis
3067 4718 3357 4779 latronum,
3411 4723 3543 4789 Vri-

1933 4805 2061 4856 culis
2092 4805 2143 4856 in
2190 4805 2333 4874 falsis
2374 4805 2648 4874 fratribus,
2675 4807 2727 4860 in
2758 4808 2930 4861 labore
2972 4821 3017 4861 ct
3047 4825 3274 4862 (erumna
3307 4809 3323 4877 (
3351 4809 3403 4861 2.
3425 4808 3542 4865 Cor.

1934 4897 2022 4948 Η.
2053 4895 2253 4965 '23-‘27)
2283 4913 2296 4949 :
2336 4908 2386 4952 et
2418 4900 2537 4951 talia
2571 4902 2795 4968 patiens,
2844 4901 3108 4970 gaudebat
3139 4911 3190 4957 et
3219 4905 3535 4964 exsultabat.

1932 4983 2143 5040 Sciebat
2169 4989 2333 5054 enim,
2366 4999 2419 5043 et
2451 4993 2780 5059 argumentis
2805 4993 2986 5047 multis
3015 5003 3193 5046 certus
3223 5004 3358 5056 erat,
3389 4997 3533 5050 labo-

1935 5096 2019 5134 res
2049 5093 2340 5150 prcesentes
2371 5085 2604 5138 maxima
2637 5085 2736 5139 sibi
2783 5087 3000 5155 pra'mia
3028 5087 3338 5152 conciliare,
3368 5100 3420 5142 et
3451 5104 3543 5157 rc-

1935 5174 2097 5227 riettla
2130 5191 2358 5231 Coronos
2390 5192 2597 5246 parere.
2629 5178 2760 5233 Nam
2785 5181 2825 5233 si
2855 5180 3020 5234 Jacob
3052 5193 3270 5250 propter
3297 5197 3538 5235 amorem

1934 5266 1989 5320 in
2016 5266 2302 5321 Rachelem
2327 5271 2478 5338 quasi
2511 5272 2763 5340 pauculos
2790 5272 2906 5327 dies
2928 5277 3267 5341 septettttium
3298 5277 3538 5344 putabat,

1934 5360 2103 5413 multo
2127 5363 2296 5429 magis
2324 5361 2509 5415 beatus
2537 5364 2625 5417 ille
2651 5366 2830 5418 omnia
2865 5365 3011 5418 nihili
3047 5366 3293 5430 faciebat,
3315 5383 3545 5420 succen-

1933 5466 2026 5506 sus
2053 5454 2220 5507 semel
2244 5469 2427 5509 amore
2451 5457 2501 5508 in
2536 5457 2726 5518 Deum,
2761 5465 2815 5510 et
2855 5471 3075 5526 pr0p:er
3105 5459 3378 5511 Christum
3410 5459 3547 5511 dile—

1935 5553 2078 5598 ctum
2109 5547 2287 5599 ontnia
2311 5547 2510 5601 ferens.
2541 5549 2863 5604 Studeamus
2883 5551 3060 5619 igitur,
3089 5551 3334 5612 obsecro,
3370 5561 3422 5602 (ιι
3452 5568 3546 5602 nos

1935 5635 2155 5705 diligere
2199 5638 2490 5693 Christum.
2531 5640 2669 5694 Nihil
2699 5642 2840 5695 enim
2871 5642 3033 5703 aliud,
3075 5643 3264 5711 inquit,
3299 5641 3543 5696 Christus

1997 5826 2011 5856 ι
2061 5822 2141 5872 Sic
2187 5824 2284 5869 duo
2335 5822 2430 5868 Mss
2460 5860 2470 5877 ,
2516 5830 2664 5882 atque
2716 5820 2779 5869 ita
2828 5821 2949 5880 legit
3000 5829 3144 5865 tctus
3174 5821 3444 5881 interpres.
3492 5821 3540 5865 tu

1937 5888 2091 5936 I‘Itiitis
2115 5888 2237 5934 iure.
2263 5882 2381 5943 quid
2407 5882 2531 5932 ittle'r
2559 5884 2628 5932 t'is
2655 5883 2771 5930 ltili?!
2796 5885 2856 5938 {Ti
2886 5887 2980 5920 -νῖικι
3007 5889 3072 5942 ίζ⁴
3093 5901 3132 5919 ν’
3336 5885 3497 5931 delirio?
3528 5910 3544 5917 ε

1933 5951 2044 5998 {3.1!
2119 5962 2169 5994 ςρ
2235 5967 2240 5980 ι
2267 5963 2288 5991 J
2330 5960 2363 5994 ’ᾖς
2391 5946 2487 5990 εἶττὲ
2518 5947 2814 6006 (μιιςἾιἋΫΩΙ.
