4170 6512
660 456 789 515 una

681 567 904 641 requirit
927 580 958 621 a
987 574 1060 631 te,
1087 577 1246 635 quam
1269 569 1326 616 ut
1355 560 1526 630 ipsum
1551 556 1738 626 diligas
1766 569 1828 608 ex
1853 558 1964 607 toto
1988 546 2182 641 corde,
2205 553 2261 641 et

684 636 845 714 lacius
872 653 1120 711 mandata
1152 653 1268 723 ejus
1295 648 1485 723 (Marc.
1515 646 1602 703 η.
1623 645 1747 715 50).
1792 642 1893 712 Qui
1921 640 2063 698 enim
2092 636 2263 708 diligit

680 756 817 804 sicut
866 728 1075 816 oportet
1128 744 1313 807 Deum,
1351 732 1688 797 manifestum
1722 734 1863 807 quod
1911 742 1968 789 et
2012 729 2261 787 mandata

677 839 796 909 ejus
818 836 1041 907 implere
1069 835 1286 889 nitatur.
1312 829 1536 900 Quando
1563 828 1707 883 enim
1736 826 1855 895 quis
1874 838 2000 909 erga
2020 821 2254 891 aliquem

683 908 918 985 fraterne
941 926 1189 987 afﬁcitur,
1215 924 1394 979 omnia
1447 921 1619 975 facere
1665 917 1862 983 studet,
1907 908 1966 969 ut
2006 912 2260 967 dilectum

678 1018 947 1075 attrahere
966 1016 1133 1089 possit
1166 1014 1218 1069 in
1244 1026 1483 1068 amorem
1509 1024 1684 1065 suum.
1738 1007 1800 1061 Et
1852 1018 1948 1060 nos
1975 1015 2189 1073 quoque
2214 998 2259 1054 si

684 1107 963 1164 Dominum
990 1107 1198 1161 sincere
1222 1102 1582 1162 dilexerimus,
1606 1096 1850 1153 mandata
1879 1093 1995 1163 ejus
2016 1091 2259 1160 implere,

691 1196 933 1267 nihilque
959 1209 1165 1259 eorum,
1193 1207 1314 1262 qua:
1341 1189 1661 1246 exacerbare
1687 1192 1935 1255 poterunt
1982 1180 2260 1248 dilectum,

693 1286 869 1342 facere
890 1283 1237 1340 studebimus.
1260 1280 1373 1337 Hoc
1396 1278 1556 1335 fuerit
1578 1292 1800 1348 regnum
1836 1274 2114 1338 caelorum,
2162 1270 2264 1326 hoc

687 1378 947 1431 bonorum
971 1373 1187 1436 lruitio;
1215 1372 1316 1427 hoc
1355 1370 1558 1426 inllnita
1600 1368 1738 1423 bona
1777 1366 2036 1431 continet,
2064 1364 2110 1420 si
2135 1378 2261 1436 ger-

683 1480 839 1521 mane
886 1473 943 1520 et
986 1464 1125 1520 sicut
1156 1470 1365 1535 oportet
1413 1475 1537 1517 eum
1580 1458 1831 1516 dilexeris
1863 1475 1877 1512 :
1909 1457 2058 1514 illum
2082 1464 2260 1512 autem

686 1557 893 1625 sincere
937 1553 1243 1625 diligimus,
1272 1552 1317 1606 si
1361 1559 1580 1623 propter
1619 1550 1895 1605 caritatem
1935 1550 1987 1603 in
2015 1560 2161 1608 eum,
2208 1556 2264 1601 et

680 1661 805 1716 erga
829 1624 1119 1700 conservos
1156 1643 1387 1698 multam
1427 1640 1776 1696 exhibeamus
1804 1638 2163 1695 dilectionem.
2195 1635 2262 1692 In

680 1737 759 1790 lsis
782 1736 914 1790 enim
935 1732 1129 1788 duobus
1147 1728 1417 1797 ntaudalis,
1459 1730 1649 1800 inquit,
1692 1730 1924 1783 universa
1950 1728 2035 1783 lea:
2060 1736 2109 1781 et
2137 1742 2260 1798 pro-

678 1827 843 1896 pheta!
883 1826 1098 1895 pendent
1140 1821 1352 1895 (ilattlt.
1391 1820 1482 1875 23.
1534 1818 1644 1892 d0)
1672 1836 1686 1874 :
1718 1835 1909 1889 nempe
1965 1827 2024 1874 ut
2073 1818 2263 1890 diligas

682 1916 964 1973 Dominum
993 1915 1156 1970 Deum
1202 1922 1359 1969 tuum.
1381 1927 1447 1968 ex
1494 1921 1604 1967 toto
1626 1910 1789 1967 corde
1815 1920 1907 1966 tuo
1926 1950 1942 1978 ,
1976 1919 2033 1966 et
2058 1927 2122 1966 ex
2153 1920 2262 1967 tota

680 2017 862 2063 mento
890 2016 998 2073 tua,
1029 2016 1083 2062 et
1107 2019 1169 2061 ex
1196 2003 1441 2059 omnibus
1468 2003 1665 2059 viribus
1693 2005 1836 2068 tuis;
1871 2012 1925 2058 et
1962 2001 2264 2073 proxinmm

666 2107 831 2152 'tuum
844 2097 983 2151 sicut
1015 2094 1243 2166 teipsum
1274 2092 1463 2168 (Marc.
1491 2094 1576 2148 l2.
1606 2093 1693 2151 30.
1727 2093 1819 2165 51)
1873 2093 1998 2149 Haec
2025 2094 2261 2148 omnimu

682 2188 938 2242 virtutum
960 2198 1189 2251 summa,
1217 2182 1315 2237 hoc
1331 2183 1753 2239 fundamentum.
1780 2182 1949 2238 Simul
1974 2183 2115 2238 enim
2141 2197 2261 2238 cum

677 2274 897 2331 caritate
920 2274 973 2329 in
1007 2273 1168 2329 Deum
1195 2272 1486 2342 ingreditur
1510 2272 1727 2328 dilectio
1750 2272 1994 2344 proximi.
2018 2270 2149 2326 Nam
2170 2270 2260 2342 qui

680 2365 844 2421 Deum
865 2362 1055 2435 diligit,
1088 2378 1193 2418 non
1219 2362 1477 2433 despiciet
1501 2362 1738 2429 fratrem,
1770 2377 1942 2432 neque
1970 2377 2101 2432 opes
2145 2363 2263 2432 pluo

678 2455 775 2521 ris,
806 2469 966 2526 quam
991 2453 1285 2508 membrum
1310 2467 1462 2508 suum
1487 2494 1501 2519 ,
1533 2452 1723 2519 faciet,
1752 2452 1848 2509 sed
1874 2468 2120 2525 magnam
2152 2469 2261 2525 pra:

678 2560 736 2600 se
766 2546 896 2602 feret
924 2545 1330 2615 benignitatem,
1367 2559 1573 2601 memor
1596 2545 1711 2608 ejus
1737 2546 1827 2615 qui
1854 2544 1993 2601 dixit
2022 2563 2037 2601 :
2067 2544 2167 2613 Qui
2186 2547 2263 2617 fe-

677 2642 799 2694 cerit
822 2639 1015 2711 aliquid
1039 2639 1316 2695 intiborum
1330 2640 1669 2703 minimarum,
1692 2640 1815 2693 mihi
1832 2640 2004 2709 fecerit
2031 2637 2249 2711 (Matth.

681 2730 774 2786 25.
797 2729 924 2800 ιο).
958 2730 1024 2785 Et
1045 2731 1302 2801 cogitans,
1329 2738 1545 2800 propter
1569 2729 1918 2785 ministerium
1948 2730 2001 2785 in
2040 2745 2259 2787 conscr-

678 2836 801 2877 vum
834 2821 997 2876 Deum
1024 2822 1194 2891 ipsum
1223 2836 1341 2876 esse
1365 2821 1451 2890 qui
1481 2830 1536 2875 ut
1565 2820 1663 2876 sibi
1704 2819 1997 2890 prmstitum
2026 2820 2261 2877 cilicium

678 2912 961 2979 adscribat,
1012 2926 1199 2982 magna
1245 2926 1365 2965 cum
1395 2910 1668 2966 alacritate
1710 2911 1888 2966 omnia
1930 2910 2258 2981 operabitur,

679 3019 1028 3075 magnamque
1056 3001 1425 3058 liberalitatem
1466 3002 1735 3057 exhibebit
1776 3003 1918 3058 circa
1964 3003 2263 3075 eleemosy-

678 3114 821 3165 nam,
843 3113 945 3152 non
974 3095 1039 3150 ad
1066 3096 1314 3149 vilitatem
1342 3094 1630 3166 respiciens
1646 3094 1890 3165 pauperis
1907 3095 1996 3164 qui
2021 3102 2259 3163 apparet,

677 3188 770 3245 sed
799 3188 865 3243 ad
913 3186 1329 3259 magnitudinem
1369 3188 1485 3255 ejus
1530 3186 1619 3256 qui
1664 3187 1908 3255 promisit
1949 3201 2009 3241 se
2052 3186 2261 3241 habitu-

676 3295 795 3337 rum
826 3279 1043 3350 perinde
1073 3292 1138 3333 ac
1170 3277 1214 3331 si
1244 3277 1343 3333 sibi
1384 3276 1520 3331 facta
1549 3287 1751 3343 essent,
1781 3292 2132 3347 qmecumque
2182 3274 2263 3331 illi

678 3374 812 3428 facta
839 3372 1047 3429 fuerint.
1078 3370 1156 3427 Ne
1181 3371 1337 3441 igitur
1380 3376 1757 3439 przetereamus
1781 3370 2111 3439 simpliciter,
2142 3384 2261 3437 oro,

678 3464 881 3520 lucrum
907 3471 1205 3517 nostrarum
1234 3460 1530 3514 auimarmn
1557 3470 1610 3514 et
1631 3460 1925 3532 remedium
1958 3468 2261 3514 nostrorum

681 3554 974 3609 vulnerum.
1004 3551 1119 3607 iioc
1138 3550 1302 3615 enim,
1356 3549 1457 3605 hoc
1483 3551 1770 3606 maximum
1812 3550 2156 3623 pltarmacum
2187 3553 2258 3608 ita

679 3647 884 3702 curabit
917 3654 972 3701 et
996 3644 1230 3701 abolebit
1261 3643 1439 3699 ulcera
1483 3644 1782 3700 animarum
1833 3656 2136 3702 nostrarum
2158 3689 2173 3713 ,
2206 3658 2266 3702 ut

682 3754 851 3809 neque
876 3738 1348 3808 vestigium-neque
1370 3736 1584 3791 cicatrix
1608 3737 1782 3807 aliqua
1807 3739 2115 3808 apparitura
2145 3741 2217 3795 sit
2245 3758 2258 3794 :

686 3829 735 3881 id
784 3825 924 3895 quod
973 3826 1025 3879 in
1066 3825 1307 3895 corporis
1350 3824 1653 3880 vulneribus
1702 3840 1805 3880 non
1858 3834 1941 3882 est
1992 3828 2261 3898 possibile.

684 3918 813 3972 Nam
844 3916 968 3971 licet
1003 3915 1119 3984 quis
1154 3914 1346 3970 millies
1391 3916 1771 3984 cataplasmata
1802 3929 2016 3987 accepta
2041 3934 2069 3971 a
2098 3918 2267 3974 medi-

695 4013 774 4066 cis
798 4016 1142 4081 superponat,
1159 4022 1378 4064 necesse
1398 4018 1477 4065 est
1515 4008 1811 4066 cicatricem
1833 4011 1885 4066 in
1901 4027 2124 4081 corpore
2154 4028 2269 4066 ma-

686 4116 853 4164 nere;
884 4109 935 4154 et
962 4099 1149 4152 merito
1176 4115 1190 4152 :
1218 4112 1409 4166 corpus
1432 4100 1574 4153 enim
1606 4110 1686 4153 est
1732 4100 1873 4169 quod
1901 4110 2137 4157 curatur.
2169 4102 2267 4158 llic

687 4201 863 4245 autem
889 4190 1009 4259 quia
1032 4189 1205 4243 anima
1240 4198 1323 4244 est
1351 4206 1466 4258 qua:
1494 4200 1710 4245 curatur
1733 4230 1749 4256 ,
1783 4191 1994 4258 quando
2022 4191 2140 4260 quis
2168 4190 2265 4246 bo-

691 4295 811 4334 nam
852 4292 999 4332 snam
1046 4277 1373 4331 voluntatem
1414 4276 1667 4345 declarat,
1712 4280 1931 4333 multam
1978 4280 2029 4333 in
2078 4279 2269 4334 melius

693 4368 1034 4424 mutationi-tr
1063 4367 1254 4437 '-ccipit
1286 4384 1298 4418 :
1332 4376 1385 4421 et
1422 4367 1499 4421 sic
1524 4367 1702 4421 omnia
1736 4368 1913 4423 ulcera
1946 4368 2188 4440 depellit,
2214 4380 2272 4424 ut

694 4468 880 4514 ventus
926 4456 1212 4513 vehemens
1254 4457 1526 4527 pulverem
1568 4458 1837 4514 deturbat.
1882 4461 2055 4530 Atque
2080 4460 2267 4516 horum

694 4550 929 4604 omnium
976 4547 1233 4616 exemplis
1260 4548 1431 4616 plena:
1477 4557 1601 4602 sunt
1628 4548 1942 4620 Scriptum.
1970 4549 2043 4605 Ita
2076 4551 2271 4605 Paulus

692 4643 963 4713 apostolus
990 4641 1155 4695 lactus
1184 4651 1271 4697 est
1298 4658 1360 4695 ex
1387 4652 1787 4711 perscqtttttore,
1809 4655 1860 4701 et
1884 4648 1973 4716 qui
2001 4648 2147 4717 prius
2173 4648 2272 4701 im-

687 4732 958 4803 pugnabat
985 4731 1299 4797 Ecclesiam,
1341 4741 1519 4800 postea
1546 4732 1717 4790 lactus
1741 4746 1823 4791 est
1840 4738 1956 4806 ejus
1980 4736 2267 4808 pronubus.

770 4820 825 4876 Δ.
875 4818 1018 4873 Brevi
1062 4829 1280 4891 tempore
1309 4830 1468 4889 potest
1513 4822 1808 4878 delictorum
1849 4826 2071 4893 remissio
2118 4829 2270 4898 impc-

701 4912 842 4966 trori.
881 4909 1220 4981 Elecmosyua:
1247 4911 1555 4981 magnitudo.
1579 4912 1850 4969 ——Vidisti
1881 4927 2073 4984 quanta
2097 4934 2271 4973 rerum

700 5003 1042 5060 vicissitudo?
1069 5003 1244 5057 vidiSti
1272 5016 1463 5072 quanta
1488 5008 1895 5061 transmutatio?
1922 5007 2009 5063 Sic
2040 5018 2091 5063 et
2116 5012 2269 5075 ιλιι-0,

702 5097 787 5165 qui
820 5094 978 5147 multa
1007 5091 1201 5147 fecerat
1232 5093 1535 5160 homicidia,
1570 5097 1621 5149 in
1645 5113 1750 5151 uno
1775 5100 2033 5167 temporis
2060 5114 2271 5168 puncto,

706 5194 919 5255 propter
948 5198 1108 5252 pauca
1136 5183 1223 5235 illa
1256 5183 1415 5238 verba
1450 5187 1517 5238 ita
1548 5188 1724 5241 onmia
1751 5188 1916 5243 abluit
1959 5203 2192 5258 peccata,
2223 5204 2278 5247 ut

706 5277 910 5329 .mdirct
940 5290 969 5328 a
1016 5274 1238 5329 llomiuo
1281 5292 1293 5327 :
1350 5274 1515 5330 Hodie
1568 5295 1757 5332 mecum
1805 5283 1900 5335 eris
1947 5284 1999 5336 in
2044 5287 2278 5351 paradiso

709 5370 857 5431 (Luc.
880 5366 971 5423 23.
1005 5367 1073 5423 43
1095 5367 1133 5436 ).
1163 5366 1252 5420 Sic
1276 5376 1328 5421 et
1350 5368 1683 5436 publicanus,
1709 5372 1798 5441 qui
1827 5388 2159 5442 percusserat
2190 5394 2280 5444 pc-

705 5472 841 5520 ctus,
876 5466 931 5511 et
951 5471 1046 5511 sua
1080 5465 1290 5525 peccata
1322 5458 1598 5513 confessus
1618 5470 1751 5527 erat,
1786 5463 2059 5520 descendit
2084 5467 2279 5536 justiti-

709 5563 852 5602 .atus
881 5550 1066 5616 magis,
1094 5563 1249 5617 quam
1298 5548 1599 5604 Pharismus
1636 5551 1654 5621 (
1689 5550 1773 5605 Id.
1804 5555 1891 5609 .i8.
1928 5556 2051 5627 15).
2086 5559 2279 5613 Verum

713 5656 895 5693 amnes
931 5640 988 5718 ill.
1029 5640 1220 5692 animae
1259 5653 1367 5693 sum
1398 5639 1593 5694 bonum
1637 5643 1880 5699 allectum
1927 5647 2281 5717 declararunt,

712 5742 762 5782 (ιι
804 5730 975 5800 priora
1019 5728 1244 5782 confessi
1282 5741 1516 5795 peccata,
1571 5725 1936 5791 remiSSionem
1986 5740 2280 5796 obtinuere.
2328 5732 2347 5747 ⁴⁴

720 5821 995 5878 Videamus
1024 5830 1197 5877 autem
1223 5832 1273 5875 ct
1302 5819 1459 5890 hujus
1488 5824 1717 5884 mandati
1745 5828 1918 5897 robur,
1940 5842 2000 5886 .et
2031 5846 2277 5906 quamam

1423 443 1480 501 S.
1519 424 2299 500 JOANXIS‘CIIRYSOSTOII
2339 423 2656 483 ARCIIIEP.
2694 423 3229 484 CONSTANTINOP.

3840 419 3952 479 ’481

2369 541 2707 598 abundantiae
2734 542 2843 598 vim
2882 542 3152 615 possideat
3178 541 3325 613 larga
3352 540 3693 611 elemosyna
3718 578 3734 605 ,
3758 548 3816 594 nt
3839 552 3966 594 cuitu

2368 630 2712 688 didicerimus
2736 632 2939 688 lucrum
2961 632 3105 704 quod
3130 631 3255 689 inde
3277 632 3537 694 nascitur,
3565 630 3815 685 alacriter
3842 643 3968 685 eam

2368 721 2672 794 largiamur.
2701 723 2861 781 Forte
2883 724 3028 780 enim
3060 733 3207 781 tanta
3235 723 3353 795 ejus
3378 732 3459 779 est
3484 730 3741 795 potestas,
3770 730 3828 775 ut
3856 735 3968 777 non

2368 817 2541 869 solum
2578 824 2791 885 peccata
2833 830 3080 888 purgare,
3106 815 3202 873 sed
3231 824 3286 871 et
3313 824 3538 870 mortem
3566 812 3748 883 fugare
3768 812 3972 867 valeat.

2369 905 2437 960 Et
2463 905 2748 977 quomodo,
2773 920 2875 977 ego
2901 906 3097 963 dicam.
3129 904 3194 962 Et
3221 906 3363 976 quis,
3391 904 3530 961 dicet
3561 903 3782 975 aliquis,
3808 902 3969 959 elec-

2370 1009 2645 1066 mosynatn
2679 994 2898 1061 faciens,
2913 997 3156 1066 superior
3177 1007 3351 1052 morte
3369 995 3538 1052 lactus
3552 1005 3635 1051 est
3651 995 3676 1049 ἲ
3692 992 3834 1050 Sane
3846 1007 3980 1050 om—

2370 1102 2465 1141 nes
2496 1085 2740 1140 videmur
2760 1087 2861 1142 sub
2895 1087 3083 1142 mortis
3106 1085 3442 1159 tyrannidem
3474 1086 3703 1141 venisse.
3738 1082 3815 1139 Ne
3842 1093 3967 1139 tur-

2367 1176 2529 1241 beris,
2560 1173 2773 1241 dilecte,
2804 1175 2899 1232 sed
2924 1176 3086 1232 rebus
3101 1176 3230 1246 ipsis
3251 1175 3403 1231 disce
3426 1173 3694 1246 quomodo
3710 1172 3960 1230 eleemo-

2367 1281 2517 1340 syna:
2570 1269 2649 1322 vis
2696 1278 2750 1323 et
2802 1268 2992 1323 mortis
3021 1266 3149 1322 vicit
3176 1265 3534 1338 tjrannidem.
3588 1263 3819 1320 Tabitlta
3849 1272 3977 1319 erat

2366 1360 2595 1424 mulier,
2628 1358 2782 1430 cujus
2831 1373 3027 1414 nomen
3062 1358 3107 1413 si
3138 1357 3259 1428 quis
3314 1358 3698 1428 interpretatur
3723 1397 3739 1423 ,
3767 1354 3976 1411 dicitur

2367 1448 2608 1504 Dorcas:
2649 1447 2765 1503 hare
2780 1446 3017 1519 quotidie
3034 1445 3451 1517 dabatoperam,
3490 1454 3550 1501 ut
3574 1444 3847 1517 colligeret
3888 1460 3969 1500 ex

2366 1541 2707 1612 eleemosyna
2737 1540 2968 1596 divitias.
3005 1537 3073 1594 Et
3116 1538 3397 1605 vestiebat,
3428 1538 3641 1608 inquit,
3662 1534 3876 1603 viduas,
3909 1546 3974 1591 et

2366 1633 2500 1687 alios
2528 1646 2720 1688 omnes
2757 1640 3007 1702 sumptus
3035 1629 3116 1688 eis
3145 1629 3441 1701 prmbebat.
3488 1629 3705 1684 Factum
3741 1632 3835 1685 est
3862 1642 3974 1683 au-

2367 1731 2476 1779 tem
2500 1732 2556 1778 ut
2606 1723 2873 1779 intirmata
2905 1724 3019 1793 ipsa
3054 1731 3374 1778 moreretur.
3402 1721 3508 1778 Sed
3536 1721 3657 1776 vide
3694 1719 3976 1792 quomodo

2368 1817 2451 1879 lu:
2476 1833 2597 1887 qua:
2623 1818 2693 1872 ab
2739 1816 2828 1872 illa
2857 1816 3201 1884 curabantur,
3231 1823 3287 1871 et
3316 1830 3450 1887 quas
3478 1813 3758 1880 vestiebat,
3798 1812 3975 1869 bene.

2367 1907 2519 1963 licam
2551 1917 2849 1979 opportune
2883 1906 3300 1963 remunerarint.
3342 1906 3559 1962 Stantes
3581 1904 3725 1959 circa
3748 1911 3975 1974 aposto-

2365 1997 2475 2053 lum
2503 2039 2519 2063 ,
2550 1998 2942 2064 monstrabant,
2980 1998 3186 2070 inquit,
3212 1997 3262 2053 ei
3293 2006 3493 2064 vestes,
3519 2004 3575 2052 et
3620 2004 3813 2051 cuncta
3843 2011 3975 2067 qua

2365 2089 2616 2154 iaciebat,
2662 2105 2782 2145 cum
2810 2088 2984 2146 adhuc
3022 2090 3077 2146 in
3124 2090 3374 2146 humanis
3400 2099 3583 2161 ageret
3633 2089 3877 2145 Dorcas:
3910 2098 3973 2145 et

2363 2181 2633 2237 alumnam
2660 2181 3025 2252 requirebant,
3059 2181 3327 2253 lacrymas
3364 2180 3780 2253 proluudebant,
3810 2190 3867 2237 et
3893 2182 3971 2237 ad

2364 2287 2610 2346 magnam
2638 2263 3036 2331 miserationem
3064 2274 3371 2344 apostolum
3413 2276 3795 2344 provocationi.
3825 2272 3972 2343 Quid

2363 2364 2525 2436 igitur
2551 2364 2746 2421 beatus
2772 2364 3008 2421 Petrus?
3037 2364 3257 2421 Geuilnts
3301 2365 3501 2436 positis,
3533 2366 3722 2436 inquit,
3746 2365 3917 2419 orarit
3947 2380 3972 2419 :

2363 2465 2409 2511 et
2427 2472 2694 2512 conversus
2729 2456 2799 2511 ad
2821 2473 3031 2527 corpus,
3058 2457 3189 2512 dixit
3209 2473 3229 2511 :
3253 2455 3490 2522 Tabitlut,
3532 2473 3705 2529 surge.
3739 2455 3847 2511 Illa
3869 2473 3974 2525 oss-

2364 2558 2461 2605 tem
2498 2551 2695 2622 aperuit
2724 2550 2897 2606 oculos
2938 2566 3058 2606 suos
3080 2590 3097 2617 ,
3139 2559 3187 2605 et
3213 2557 3268 2604 ut
3312 2549 3435 2603 ridi:
3476 2547 3708 2617 Petram,
3759 2548 3967 2603 resedit.

2366 2641 2503 2696 Dato
2527 2650 2697 2697 autem
2724 2640 2769 2695 ei
2795 2656 2971 2708 manu,
2990 2639 3272 2695 erexiteant
3302 2653 3322 2694 :
3346 2648 3396 2694 et
3417 2639 3677 2694 accersitis
3704 2638 3897 2693 sanctis
3915 2647 3973 2693 et

2365 2730 2548 2797 viduis,
2574 2730 2940 2786 commendarit
2958 2728 3063 2785 illis
3086 2745 3198 2785 eam
3214 2729 3376 2785 vitam
3405 2727 3545 2801 (Act.
3572 2729 3627 2785 9.
3650 2729 3772 2799 ιο).
3805 2728 3965 2783 Vidi-

2364 2821 2433 2877 sti
2454 2822 2702 2878 virtutem
2730 2822 2978 2893 apostoli,
3009 2821 3117 2876 imo
3133 2820 3408 2890 operantis
3438 2836 3535 2893 per
3562 2835 3686 2877 eum
3711 2819 3974 2875 Domini?

2363 2912 2541 2968 vidisti
2564 2923 2759 2984 quanta
2786 2913 3067 2969 retributio
3086 2912 3452 2970 beneﬁcentia:
3472 2914 3526 2969 in
3553 2912 3763 2979 viduas,
3792 2913 3964 2969 etiam

2364 3005 2419 3061 in
2438 3005 2730 3076 pra-senti?
2772 3004 2910 3073 Quid
2939 3003 3083 3061 enint
3110 3014 3340 3072 tantum,
3376 3021 3580 3077 quaso,
3614 3005 3844 3076 pnebuit
3871 3004 3970 3059 illa

2366 3098 2558 3164 viduis,
2584 3106 2839 3168 quantum
2869 3098 2973 3155 illa:
3010 3100 3060 3155 ei
3087 3097 3487 3169 rependerem?
3513 3097 3703 3154 Vestes
3735 3086 3975 3169 pudicis

2366 3197 2422 3243 et
2442 3189 2717 3251 alimenta,
2745 3188 2839 3244 sed
2882 3189 2986 3244 illa:
3025 3187 3093 3243 ad
3118 3189 3282 3245 vitam
3304 3187 3446 3243 itane
3488 3186 3863 3257 reduxerunt:
3911 3202 3974 3249 et

2366 3288 2594 3335 mortem
2623 3280 2689 3334 ab
2709 3294 2771 3335 ea
2816 3282 3064 3351 fugarunt
3092 3296 3106 3335 :
3137 3280 3246 3335 imo
3273 3294 3378 3334 non
3424 3279 3548 3341 illas,
3576 3279 3672 3335 sed
3713 3280 3973 3339 clemens

2368 3370 2623 3424 Dominus
2646 3379 2826 3425 noster
2852 3378 3272 3441 proptercuram
3294 3385 3453 3441 quam
3479 3369 3969 3442 illisimpcnderal.

2369 3459 2586 3514 Vidistis
2635 3459 2905 3530 pharmaci
2951 3460 3270 3531 potentiam,
3301 3460 3680 3517 dilectissimi?
3706 3462 3819 3519 lloc
3847 3478 3974 3520 om-

2366 3564 2464 3605 nes
2509 3550 2797 3621 nobisipsis
2838 3566 3133 3622 paremus:
3172 3566 3348 3623 neque
3400 3552 3543 3608 enim
3590 3562 3971 3625 sumptuosum

2368 3649 2471 3707 est,
2504 3642 2749 3711 quamvis
2772 3650 2934 3697 tantm
2959 3642 3030 3698 sit
3057 3643 3287 3708 virtutis,
3312 3642 3407 3699 sed
3428 3652 3484 3699 et
3505 3643 3598 3699 vili
3617 3645 3836 3713 emitur,
3868 3661 3976 3704 nee
4015 3642 4021 3646 ’

2369 3730 2537 3783 tnulto
2564 3738 2780 3800 sumptu
2829 3729 3051 3801 indiget.
3104 3731 3413 3803 Magnitudo
3438 3733 3581 3789 enim
3606 3733 3975 3808 elcemoqna

2368 3835 2473 3875 non
2503 3820 2554 3875 in
2587 3822 2924 3877 multitudine
2938 3816 3290 3894 pecuniarum
3314 3823 3396 3878 vel
3416 3838 3578 3894 opum
3607 3824 3709 3880 sita
3736 3824 3845 3889 est,
3870 3826 3974 3883 sed

2367 3926 2433 3967 ex
2463 3911 2734 3967 alacritate
2758 3911 2995 3967 dantimn
3021 3912 3289 3983 judicatur
3312 3913 3524 3984 (Matth.
3556 3914 3645 3970 l0.
3682 3914 3799 3987 ἃ).
3825 3915 3975 3972 Pro-

2371 4013 2489 4072 pter
2508 4002 2608 4057 hoc
2633 4011 2688 4058 et
2717 4004 2808 4074 qui
2855 4013 3036 4075 potum
3067 4019 3222 4075 aqua:
3263 4004 3469 4077 frigidae
3498 4003 3667 4072 dedit,
3712 4017 3979 4078 acceptus

2369 4103 2474 4158 est,
2515 4109 2723 4147 necnon
2754 4109 2816 4149 ea
2862 4111 2981 4164 qua:
3007 4096 3115 4149 duo
3139 4096 3345 4151 minuta
3386 4096 3440 4150 in
3482 4096 3773 4153 corbonam
3820 4098 3981 4157 misit

2371 4180 2526 4252 (Luc.
2555 4182 2648 4237 2|.
2670 4183 2706 4236 2
2728 4184 2747 4254 )
2768 4226 2782 4248 ,
2830 4194 2889 4239 ut
2931 4184 3220 4251 discamus,
3250 4184 3448 4255 ubique
3495 4196 3698 4242 rectam
3729 4198 3977 4245 mentem

2373 4273 2569 4345 requiri
2598 4274 2666 4329 ab
2693 4275 3061 4330 universorum
3105 4276 3352 4331 Domino.
3387 4275 3527 4333 Fieri
3569 4285 3748 4347 potest
3778 4289 3835 4333 ut
3875 4281 3977 4351 qui

2374 4380 2558 4435 parum
2588 4365 2764 4431 habet,
2794 4381 3044 4437 magnam
3077 4382 3188 4437 pra:
3228 4382 3287 4423 se
3328 4364 3468 4423 lerat
3493 4368 3897 4435 liberalitatem,
3926 4374 3977 4427 si

2376 4472 2563 4528 magna
2593 4463 2731 4514 valet
2756 4459 3024 4515 alacritate
3055 4476 3071 4514 :
3100 4467 3156 4516 et
3176 4458 3267 4530 qui
3298 4459 3464 4515 multa
3489 4460 3763 4530 possidet,
3790 4461 3981 4519 minor

2388 4548 2631 4603 videatur
2663 4548 2725 4603 iis
2750 4550 2838 4619 qui
2874 4565 3058 4619 parum
3087 4550 3304 4618 habent,
3335 4565 3453 4621 pro;
3474 4558 3556 4606 ter
3577 4551 3780 4607 sordidi
3802 4553 3976 4609 animi

2378 4639 2733 4694 tenacitatem.
2808 4638 3155 4697 Ell'undamus
3216 4642 3413 4713 igitur,
3467 4657 3686 4714 qua‘so,
3739 4643 3978 4700 laculla-

2379 4739 2458 4785 tes
2502 4740 2709 4784 nostras
2770 4730 2822 4783 in
2845 4744 3043 4800 egenos
3069 4742 3245 4788 mente
3275 4732 3505 4801 liberali,
3536 4748 3602 4789 ex
3630 4734 3694 4790 iis
3721 4750 3843 4805 qua:
3868 4750 3979 4793 no-

2378 4824 2459 4879 bis
2486 4823 2741 4877 Dominus
2785 4822 2930 4877 dedit
2960 4842 2974 4878 :
3004 4833 3055 4878 et
3084 4839 3203 4893 qua:
3231 4824 3299 4878 ab
3319 4838 3386 4880 eo
3410 4824 3534 4879 data
3561 4835 3705 4893 sunt,
3734 4826 3837 4896 ipsi
3865 4828 3979 4886 ite-

2379 4931 2497 4973 rum
2522 4916 2727 4981 demus,
2784 4925 2841 4971 ut
2878 4920 2957 4972 sic
2994 4918 3186 4974 iterum
3228 4926 3409 4974 nostra
3452 4934 3575 4973 cum
3625 4921 3773 4976 lucro
3817 4920 3976 4978 llant.

2381 5010 2549 5065 Tanta
2599 5009 2745 5063 enim
2798 5009 2915 5078 ejus
2967 5020 3050 5065 est
3104 5010 3428 5078 liberalitas,
3484 5022 3542 5066 ut
3583 5013 3708 5069 licet
3744 5004 3983 5086 accipiat

2382 5100 2448 5156 de
2480 5101 2544 5155 iis
2596 5116 2712 5170 qua:
2756 5102 2870 5171 ipse
2914 5100 3083 5168 dedit,
3126 5118 3230 5158 non
3262 5112 3408 5174 putet
3453 5112 3631 5161 tamen
3666 5110 3884 5178 propria
3915 5125 3983 5166 se

2382 5194 2644 5262 accipere,
2692 5194 2783 5248 sed
2833 5209 3022 5264 magna
3069 5195 3427 5253 muniﬁcentia
3455 5198 3607 5252 nobis
3634 5215 3697 5254 ea
3733 5200 3981 5255 redditur-

2385 5300 2499 5339 rum
2527 5299 2584 5339 se
2616 5284 2930 5353 pollicetur;
2988 5294 3192 5340 tantum
3241 5287 3287 5343 si
3318 5302 3417 5342 nos
3455 5276 3573 5358 qua:
3623 5300 3807 5345 nostra
3847 5303 3985 5347 sum

2386 5375 2561 5432 lacere
2609 5377 2869 5440 velimus,
2915 5388 2969 5432 et
2994 5377 3071 5431 sic
3115 5380 3434 5450 pauperibus
3460 5396 3764 5452 erogenuss.
3822 5388 3987 5455 quasi

2387 5466 2717 5537 deponcntes
2768 5483 2828 5521 ea
2888 5468 2939 5523 in
2986 5485 3176 5523 manus
3235 5470 3440 5525 Domini
3494 5488 3507 5524 :
3562 5473 3796 5529 scientes
3820 5492 3985 5545 quae-

2387 5575 2613 5630 cumque
2660 5559 2924 5629 acceperit
2981 5577 3169 5616 manus
3205 5562 3315 5623 illa,
3372 5578 3432 5616 ea
3470 5577 3577 5617 non
3628 5565 3800 5621 solum
3855 5571 3990 5627 ma-

2331 5710 2337 5716 ,
2390 5653 2638 5717 (lituram,
2685 5653 2779 5708 sed
2814 5654 3158 5721 multiplicata
3205 5655 3356 5711 nobis
3395 5657 3586 5711 iterum
3640 5656 3986 5729 largum-am,

2391 5760 2503 5799 suae
2553 5746 2622 5797 lih
2658 5744 2880 5798 ralitatis
2916 5745 3137 5815 gloriam
3183 5744 3565 5803 declarantem.
3612 5749 3677 5803 Et
3723 5752 3855 5820 quid
3898 5769 3991 5810 as.

2394 5851 2536 5900 sero,
2559 5851 2618 5889 ea
2658 5834 2884 5889 reddere
2913 5834 3261 5905 multiplicata
3286 5835 3307 5890 ?
3334 5835 3516 5892 Manus
3539 5838 3629 5895 illa
3658 5854 3767 5899 non
3798 5857 3863 5901 ea
3889 5860 3983 5900 ως
