4120 6484
90 10 348 29 ιὶήιηκκ

303 470 407 525 4δῖ

307 583 415 634 tum
445 580 641 645 reddit,
685 577 777 633 sed
807 592 927 632 emn
969 575 1071 629 illis
1097 587 1315 644 regnum
1346 572 1598 626 caelorum
1623 570 1806 633 donat,
1838 577 1892 621 et

308 674 565 736 celebrat,
594 676 757 741 atque
782 677 1022 735 coronat,
1067 668 1452 735 innumeraque
1481 664 1616 718 bona
1649 661 1892 730 largitur,

309 764 467 816 modo
496 779 559 816 ex
587 762 651 815 iis
677 776 793 831 qua:
823 762 890 815 ab
919 760 1034 828 ipso
1072 757 1196 812 data
1241 765 1366 810 sunt
1397 769 1614 824 parvum
1644 751 1893 821 quiddam

307 853 506 910 inferre
533 854 878 908 voluerimus.
908 851 1040 904 Num
1084 864 1245 919 grave
1275 847 1473 916 aliquid
1512 853 1565 900 et
1607 856 1894 898 onerosum

304 963 332 996 a
367 946 518 999 nobis
550 944 770 1012 requirit
792 946 817 996 2'
857 942 931 995 Ea
963 957 1077 1011 qua:
1104 938 1374 994 abundant
1394 947 1448 992 et
1497 946 1892 1006 supervacanea

303 1045 432 1089 sunt
463 1035 634 1099 nobis,
664 1033 958 1088 necessaria
990 1032 1141 1087 nobis
1168 1029 1344 1084 facere
1368 1029 1485 1083 vult
1512 1046 1525 1081 :
1556 1035 1608 1081 et
1635 1040 1753 1096 qua:
1781 1026 1893 1078 fru-

305 1139 415 1179 stra
445 1135 497 1180 et
515 1128 564 1178 iu
586 1140 776 1178 vanum
801 1125 850 1177 in
872 1123 1251 1192 promptuariis
1275 1121 1506 1190 reposita
1532 1127 1674 1178 sunt,
1703 1131 1765 1170 ea
1786 1115 1895 1168 vult

306 1233 334 1267 a
367 1216 679 1270 nobisbcue
703 1215 968 1277 distribui,
997 1223 1052 1266 nt
1078 1194 1356 1266 occasione
1375 1220 1592 1278 accepta
1621 1209 1764 1272 hinc,
1798 1221 1895 1262 nos

301 1306 588 1374 splendide
613 1316 850 1360 coronet.
887 1304 1122 1358 Festinat
1142 1304 1286 1358 enim
1315 1312 1368 1356 et
1397 1312 1563 1369 urget,
1595 1310 1752 1370 atque
1781 1314 1895 1353 0m-

306 1397 393 1449 nia
418 1396 541 1448 facit
587 1405 638 1450 et
666 1396 898 1457 molitur,
940 1405 994 1448 ut
1020 1393 1208 1463 dignos
1233 1409 1328 1448 nos
1357 1393 1541 1447 reddat
1567 1391 1629 1446 iis
1656 1404 1774 1460 qua:
1810 1390 1896 1444 ille

302 1487 575 1557 promisit.

382 1579 435 1630 5.
471 1575 803 1645 Eleemosyna
834 1573 1229 1627 commendatur.
1253 1602 1323 1611 —
1351 1571 1429 1626 Ne
1455 1571 1634 1641 igitur,
1665 1583 1847 1640 quaeso
1876 1610 1891 1635 ,

303 1667 554 1736 nosipsos
611 1667 876 1733 privemus
932 1664 1090 1717 tantis
1138 1663 1311 1717 bonis.
1367 1661 1496 1732 Nam
1544 1663 1586 1716 si
1646 1659 1894 1714 laboriosi

302 1757 555 1826 agi-ictibe
581 1771 775 1826 penum
809 1772 956 1808 suum
978 1763 1252 1816 cvacuant,
1287 1763 1340 1807 et
1367 1752 1566 1806 semina
1595 1761 1749 1804 terrm
1769 1765 1896 1804 oon-

302 1847 550 1909 credunt,
583 1857 635 1900 et
663 1847 786 1900 olim
816 1847 1034 1899 collecta
1058 1844 1393 1914 dispergunt,
1424 1843 1581 1912 idque
1625 1858 1746 1896 cum
1797 1856 1894 1895 vo-

305 1939 510 2007 luptate
542 1937 765 2000 faciunt,
786 1953 879 2006 spe
902 1937 1104 2004 majora
1127 1920 1418 2003 recipiendi
1447 1949 1504 1987 se
1535 1935 1768 1986 Solantes
1801 1950 1813 1985 :
1845 1943 1897 1986 et

302 2031 550 2099 quamvis
567 2030 668 2082 Sci:
681 2037 736 2081 nt
759 2043 902 2096 sacpe
915 2027 1052 2082 aeris
1078 2026 1469 2094 intemperiem,
1498 2039 1893 2092 nonnumquam

303 2129 361 2176 et
393 2132 546 2175 terrm
578 2122 913 2174 sterilitatem
958 2120 1168 2188 aliaque
1198 2119 1362 2172 multa
1391 2118 1704 2182 accidentia,
1740 2127 1793 2170 ut
1820 2117 1899 2171 lo-

303 2223 578 2268 custarum
608 2212 900 2266 exercitum
934 2213 982 2276 ‘,
1017 2221 1070 2264 et
1100 2210 1358 2280 rubiginis
1386 2210 1678 2276 incursum,
1708 2223 1896 2278 exspe-

302 2303 593 2357 ctationem
642 2316 792 2354 suam
844 2299 1141 2366 fefellisse;
1173 2310 1408 2354 attamen
1459 2300 1596 2354 bona
1644 2315 1739 2368 Spe
1777 2314 1897 2354 sese

303 2395 536 2458 alentes,
567 2408 626 2447 ca
651 2409 770 2461 qua:
795 2393 846 2445 in
876 2393 1256 2462 promptuariis
1284 2393 1504 2446 collecta
1537 2403 1658 2447 sunt
1681 2435 1694 2459 ,
1740 2403 1897 2447 terra:

300 2488 638 2541 concredunt
668 2503 680 2538 :
713 2485 878 2540 multo
901 2486 1069 2555 magis
1087 2500 1182 2539 nos
1198 2501 1316 2554 qua:
1342 2484 1542 2554 absque
1575 2499 1670 2538 usu
1703 2501 1895 2538 recon-

301 2576 416 2631 dita
444 2588 586 2641 sunt,
619 2577 926 2645 dispergere
949 2576 999 2629 iu
1032 2590 1323 2645 pauperum
1357 2590 1484 2628 usus
1521 2585 1574 2629 et
1620 2574 1895 2629 educatio-

306 2682 432 2721 nem
458 2669 725 2732 convenit,
754 2667 840 2720 ubi
868 2680 1158 2736 numquam
1181 2679 1305 2734 spes
1325 2665 1578 2731 eluditur,
1609 2681 1780 2734 neque
1828 2665 1896 2720 ti-

304 2750 495 2812 menda
520 2756 693 2825 aliqua
744 2765 897 2810 terra:
927 2755 1199 2834 Sterilitas.
1233 2756 1365 2810 Dicit
1392 2756 1534 2810 enim
1567 2773 1580 2809 :
1611 2753 1892 2825 Dispersit,

301 2849 445 2903 dedit
463 2849 791 2920 pauperibus.
821 2847 927 2904 Sed
957 2849 1081 2903 audi
1107 2849 1266 2902 etiam
1292 2864 1409 2918 qua:
1433 2857 1729 2918 sequuntur
1763 2867 1779 2904 :
1805 2847 1899 2902 Ju-

299 2943 442 2998 stitia
470 2946 763 3012 ejusmanet
784 2943 834 2995 in
859 2942 1105 2996 ste-culum
1127 2942 1303 2996 sa’culi
1327 2940 1502 3014 (Psal.
1543 2942 1664 2996 III.
1698 2941 1730 2997 9
1854 2940 1898 2995 0

301 3037 601 3090 mirabilem
632 3038 961 3090 sementem!
997 3035 1148 3088 Brevi
1181 3045 1421 3105 tempore
1449 3035 1741 3102 distribuit,
1765 3036 1894 3090 etin

301 3136 556 3197 perpetua
581 3127 775 3182 saecula
796 3126 998 3195 justitia
1019 3126 1135 3194 ejus
1169 3135 1464 3194 permanet.
1485 3125 1620 3193 Quid
1642 3125 1744 3180 hoc
1765 3125 1895 3181 bea-

305 3219 416 3272 tius
444 3233 692 3287 umquam
720 3216 918 3271 fucrit?
945 3216 1145 3270 Idcirco
1172 3231 1291 3282 oro,
1324 3225 1380 3270 ut
1404 3216 1663 3285 justitiam
1692 3231 1810 3286 qua:
1828 3231 1893 3272 ex

301 3307 647 3377 elcemosyna
670 3315 753 3362 est
781 3307 934 3361 nobis
961 3307 1324 3376 aequiramns,
1349 3317 1405 3361 ut
1431 3316 1483 3362 et
1513 3308 1579 3361 de
1606 3308 1760 3362 nobis
1811 3308 1894 3361 di-

297 3409 490 3455 catur:
528 3400 928 3469 Disperserunt,
976 3399 1238 3454 dederunt
1291 3401 1647 3469 pauperibus,
1690 3400 1896 3469 justitia

297 3507 488 3546 corum
517 3500 694 3544 manet
722 3491 774 3544 in
805 3489 1057 3544 sa-culum
1083 3489 1286 3544 smculi.
1319 3489 1607 3560 Postquam
1636 3491 1778 3544 enim
1813 3489 1896 3543 di-

299 3583 400 3643 xit,
429 3580 704 3651 Dispersit,
733 3581 894 3643 dedit,
930 3595 998 3635 ne
1037 3591 1194 3650 putes
1222 3578 1461 3650 dispersa
1494 3581 1740 3648 periisse,
1775 3579 1894 3633 ideo

297 3672 480 3726 statim
510 3671 744 3725 subdidit
771 3690 784 3725 :
807 3670 1018 3725 Justitia
1048 3672 1156 3739 ejus
1184 3681 1350 3724 manet
1364 3672 1416 3723 in
1434 3673 1677 3724 saxulum
1695 3671 1890 3725 siccati.

301 3760 431 3826 Illis,
460 3761 652 3830 inquit,
681 3760 959 3829 dispersis,
978 3759 1182 3830 justitia
1207 3769 1422 3815 maneat
1440 3760 1888 3829 inexpugnabilis,

296 3852 436 3908 etin
465 3868 626 3908 omne
673 3855 927 3907 szeculum
981 3867 1042 3907 se
1091 3851 1349 3908 extendat
1391 3868 1680 3922 numquam
1732 3851 1891 3908 ﬁnem

298 3945 568 4000 habitura.
605 3946 775 4015 Atque
797 3960 919 3999 cum
947 3945 1288 4015 eleemosyua
1321 3945 1482 4000 etiam
1506 3945 1639 3998 alias
1671 3946 1892 4001 virtutes

295 4035 580 4105 diligenter
599 4049 868 4099 curemus,
903 4044 958 4089 et
982 4034 1292 4090 atl'ectioncs
1316 4037 1492 4090 carnis
1511 4040 1889 4104 reprimanms,

296 4136 354 4181 et
406 4127 746 4182 eliminemus
778 4142 843 4181 ex
881 4127 1058 4180 anima
1092 4140 1316 4182 omnem
1354 4127 1590 4182 illicitam
1633 4129 1889 4198 concupi-

294 4217 574 4280 scentiam,
599 4232 810 4272 omnem
829 4218 1022 4272 malam
1040 4218 1436 4287 cogitationem,
1466 4217 1621 4284 iram,
1648 4219 1893 4290 indigna-

297 4307 521 4373 tionem,
556 4307 808 4362 iuvidiam
830 4324 845 4375 ;
870 4318 922 4362 et
942 4323 1198 4362 ornemus
1218 4309 1467 4364 onmibus
1496 4309 1669 4367 modis
1695 4312 1890 4367 animm

297 4401 767 4471 pulchritudinem,
792 4411 847 4456 ut
873 4403 1116 4458 claritate
1153 4403 1564 4473 pulchritudinis
1603 4400 1890 4476 ejus'cOn-

293 4492 544 4548 ciliemns
572 4491 728 4546 nobis
759 4492 1014 4548 cmlorum
1045 4492 1352 4561 Dominum,
1387 4503 1442 4549 et
1471 4495 1609 4565 apud
1657 4512 1755 4552 nos
1795 4498 1888 4552 ha-

295 4584 468 4639 bitare
494 4583 760 4654 dignetur.
796 4584 928 4638 Nam
966 4585 1054 4640 ubi
1102 4585 1497 4641 videritanimre
1526 4599 1886 4652 venustatem,

293 4675 476 4729 statim
505 4676 769 4730 adveniet.
800 4675 939 4731 Dixit
957 4676 1098 4732 enim
1128 4693 1141 4730 :
1175 4675 1346 4747 Super
1363 4693 1513 4749 quem
1540 4679 1700 4732 alium
1720 4681 1887 4750 respi-

289 4766 424 4820 ciam
447 4781 597 4837 quam
625 4782 779 4835 super
806 4777 1126 4820 mansuetum
1152 4773 1202 4820 et
1225 4768 1450 4836 quietum
1475 4777 1518 4823 et
1544 4770 1807 4835 humilem,
1836 4779 1884 4824 et

290 4863 582 4910 trementem
607 4871 866 4909 sermones
892 4871 1028 4909 meos
1051 4853 1216 4928 (Isai.
1244 4855 1333 4912 66.
1365 4857 1420 4929 2)
1447 4857 1470 4911 ?
1529 4858 1716 4914 Vidisti
1746 4877 1883 4929 quo-

292 4947 455 5002 modo
499 4960 598 5000 nos
622 4945 805 5000 docuit
833 4960 1020 5002 omnes
1058 4947 1364 5018 spirituales
1405 4949 1638 5016 colores,
1692 4953 1884 5023 quibus

289 5038 484 5092 animm
512 5035 853 5107 pulchritudo
882 5048 1056 5108 potest
1103 5039 1387 5096 decorari?
1433 5041 1606 5112 Super
1643 5060 1882 5099 mansue-

289 5141 418 5195 tum,
445 5127 634 5198 inquit,
675 5137 720 5182 et
741 5129 987 5200 quietum,
1020 5140 1067 5183 et
1095 5131 1358 5186 humilem.
1391 5133 1594 5189 Deinde
1610 5136 1751 5206 quod
1768 5137 1882 5193 haec

286 5220 469 5275 mnuia
499 5218 668 5274 efﬁcit
710 5218 952 5273 addidit:
986 5219 1052 5274 Et
1098 5232 1388 5277 trementem
1419 5240 1676 5280 sermones
1722 5243 1876 5283 meos.

285 5312 426 5378 Quid
468 5322 571 5376 est,
629 5313 949 5390 Trementem
996 5334 1249 5374 sermones
1295 5321 1473 5375 meos?
1509 5320 1877 5378 Obcdientiam

289 5405 383 5457 ι)ρὶ
410 5405 675 5460 mandatis
696 5422 791 5476 per
811 5409 924 5477 ipsa
947 5423 1108 5478 opera
1141 5409 1474 5480 implentem,
1499 5413 1641 5482 quod
1671 5421 1727 5468 et
1750 5414 1877 5470 alibi

282 5496 416 5549 dicit
440 5513 455 5549 :
488 5495 673 5553 Beatus
700 5500 786 5569 qui
817 5501 952 5555 timet
978 5503 1147 5556 omnia
1173 5512 1377 5573 propter
1409 5505 1647 5573 pietatem
1677 5506 1874 5578 (Prov.

281 5588 374 5642 i8.
391 5587 482 5658 Η)
516 5586 649 5644 Nam
662 5591 704 5645 si
721 5606 835 5652 nos.
861 5606 980 5648 cum
1001 5593 1240 5649 videmus
1252 5593 1505 5650 famulum
1528 5597 1616 5668 qui
1631 5599 1876 5655 mandata

284 5687 467 5734 nostra
489 5693 609 5734 cum
623 5677 893 5752 diligentia
928 5684 1222 5757 timoreque
1247 5687 1416 5743 multo
1433 5703 1497 5744 ac
1517 5698 1751 5748 tremore
1773 5691 1876 5747 im-

337 5850 348 5877 '
384 5845 790 5907 \'Ox,cxert‘i.'ttttt
814 5852 1192 5916 (mpatémaov),
1211 5855 1357 5905 deest
1378 5856 1426 5904 in
1449 5854 1739 5919 quibusdam
1765 5861 1875 5910 Mss.

1338 460 1401 515 IN
1442 459 1591 514 CAP.
1639 454 1828 511 XXIX.
1872 452 2118 510 GENES.
2152 452 2380 509 HOMIL.
2423 455 2554 510 LVI.

3497 459 3597 515 69.5

2003 565 2151 634 plere
2179 575 2350 633 curat,
2377 569 2638 637 majorem
2663 583 2788 638 erga
2820 567 2967 623 illum
2998 568 3335 625 declaramus
3364 571 3596 626 benevo-

2003 656 2221 712 lentiam
2275 668 2329 714 et
2377 661 2900 716 commiserationem
2942 677 2956 714 :
3006 663 3175 716 multo
3211 665 3386 733 magis
3428 667 3599 718 bonus

2004 750 2260 805 Dominus
2281 767 2407 822 erga
2431 768 2528 808 nos
2550 753 2599 808 id
2626 754 2939 809 declarabit.
2973 755 3201 825 Propter
3229 755 3330 810 hoc
3363 755 3594 810 dicebat:

2003 839 2173 910 Super
2201 843 2348 896 illum
2379 845 2644 914 respiciam
2687 855 3003 898 mansuetum
3039 857 3086 899 et
3114 847 3375 914 quietum,
3418 856 3465 900 et
3509 857 3599 900 tro-

2004 945 2215 988 mentem
2233 950 2491 990 sermones
2522 953 2677 991 meos.
2714 937 3030 992 Tremamus
3059 938 3239 1008 igitur,
3271 948 3456 1000 oro,et
3475 953 3598 992 cum

2003 1037 2196 1092 magno
2238 1026 2426 1080 timore
2460 1041 2736 1083 sermones
2777 1030 2894 1097 ejus
2931 1030 3281 1099 impleamus;
3313 1044 3435 1082 nam
3481 1028 3602 1097 ejus

2003 1125 2127 1170 sunt
2153 1132 2430 1173 sermones
2457 1121 2611 1174 nobis
2635 1121 2703 1175 ab
2732 1123 2821 1175 illo
2849 1122 3039 1177 tradita
3066 1122 3316 1176 mandata
3349 1140 3362 1174 :
3399 1130 3596 1176 etcum

2002 1207 2345 1261 didicerimus
2368 1225 2485 1277 qua}
2512 1211 2586 1264 illi
2616 1211 2856 1279 placent,
2904 1220 2959 1268 et
2987 1227 3108 1281 qua:
3152 1214 3360 1281 probat,
3401 1226 3461 1265 ea
3504 1213 3604 1266 ob-

2002 1317 2208 1364 eamus,
2230 1312 2281 1355 et
2310 1305 2442 1358 tales
2472 1304 2582 1357 lieri
2615 1305 2963 1369 studeamus;
2997 1308 3254 1375 quietem,
3287 1316 3600 1360 mansuetu-

2002 1392 2205 1455 dinem,
2234 1394 2586 1448 humilitatem
2613 1411 2860 1466 magnam
2915 1397 3285 1461 exhibeamus,
3332 1407 3385 1450 et
3415 1398 3596 1452 omnia

2001 1502 2120 1555 qua}
2161 1487 2229 1541 ab
2266 1502 2331 1541 eo
2369 1489 2617 1543 mandata
2661 1501 2784 1542 sunt
2815 1504 2936 1542 cum
2976 1495 3278 1544 reverentia
3319 1502 3374 1545 et
3411 1491 3606 1544 timore

2002 1579 2428 1646 adimpleamus:
2471 1590 2526 1634 ut
2583 1596 2704 1634 cum
2751 1582 3059 1649 approbarit
3105 1581 3354 1636 affectum
3407 1583 3603 1636 mentis

2003 1680 2222 1738 nestrm,
2256 1671 2492 1738 placatus
2541 1682 2719 1725 nostra
2753 1671 3077 1736 obedientia,
3127 1674 3393 1740 respicere
3438 1672 3602 1726 etiam

2001 1777 2165 1829 super
2195 1776 2292 1816 nos
2319 1761 2586 1830 dignetur.
2627 1762 2779 1830 Quod
2801 1763 2845 1816 si
2889 1763 3043 1817 ndbis
3069 1765 3366 1836 continget,
3401 1763 3604 1817 erimus

2004 1870 2099 1922 per
2127 1855 2303 1908 omnia
2337 1855 2513 1908 Securi
2541 1873 2552 1907 :
2587 1853 2717 1908 dicit
2738 1856 2902 1918 enim,
2961 1855 3251 1924 Respiciam
3273 1897 3289 1918 ,
3341 1855 3443 1911 hoc
3471 1866 3553 1910 est
3581 1895 3597 1920 ,

2003 1947 2346 2001 Providentia
2371 1962 2488 2002 mea
2515 1947 2796 2017 dignabor,
2829 1963 3046 2001 manum
3079 1948 3374 2016 porrigam,
3411 1947 3462 2000 in
3483 1963 3598 2001 om-

2003 2036 2160 2089 nibus
2191 2035 2475 2090 auxiliator
2499 2053 2618 2101 ero,
2651 2038 2880 2092 ubertim
2906 2037 2957 2090 in
2989 2052 3111 2091 eum
3147 2053 3321 2091 meam
3369 2037 3604 2092 liberali-

2004 2141 2166 2183 tatem
2185 2129 2518 2198 profundam.
2541 2129 2664 2184 llazc
2682 2131 2838 2199 igitur
2855 2131 3034 2185 (nimia
3058 2130 3332 2193 faciamus,
3351 2130 3605 2196 obsecro,

2004 2229 2061 2273 ut
2091 2221 2337 2289 respiciat
2372 2236 2534 2289 super
2568 2237 2666 2276 nos
2695 2222 2983 2290 Dominus,
3040 2238 3144 2291 quo
3181 2230 3236 2276 et
3283 2231 3602 2289 pra-sentem

2003 2313 2164 2364 vitam
2197 2313 2398 2382 ab5que
2432 2313 2642 2366 tristitia
2681 2315 3036 2382 transigamus
3060 2353 3073 2376 ,
3123 2323 3178 2366 et
3229 2312 3404 2367 futura
3455 2313 3596 2367 bona

2003 2403 2257 2473 consequi
2282 2404 2568 2472 possimus,
2593 2404 2758 2473 gratia
2810 2416 2862 2458 et
2891 2404 3220 2474 benignitate
3264 2403 3469 2458 Domini
3511 2420 3608 2457 no-

2003 2498 2099 2549 stri
2122 2495 2246 2550 Jesu
2270 2496 2488 2563 Christi,
2511 2513 2631 2551 eum
2651 2513 2758 2568 quo
2788 2497 2930 2551 Patri
2958 2496 3118 2550 simul
3148 2506 3200 2550 et
3233 2495 3454 2564 Spiritui
3481 2510 3608 2551 san-

2003 2596 2089 2641 cto
2116 2587 2184 2642 sit
2206 2587 2394 2658 gloria,
2426 2588 2732 2656 imperium,
2770 2575 2964 2654 honor,
2996 2603 3138 2642 nunc
3169 2598 3222 2642 et
3251 2604 3467 2657 semper
3488 2629 3503 2656 ,
3547 2595 3605 2642 ct

2006 2683 2056 2734 in
2085 2682 2280 2736 smcula
2306 2682 2648 2736 seculorum.
2673 2683 2869 2735 Amen.

2576 2796 2852 2853 IIOMILIA
2895 2797 3029 2852 LVI.

2008 2895 2146 2950 Dixit
2171 2905 2335 2949 autem
2363 2893 2523 2948 Iacob
2553 2894 2619 2947 ad
2649 2892 2825 2947 Laban
2855 2912 2873 2947 :
2908 2891 2987 2945 Da
3011 2892 3134 2945 mihi
3157 2906 3367 2945 uxorem
3398 2906 3604 2945 nteant:

2074 2985 2267 3055 impleti
2287 2996 2404 3039 sunt
2432 2989 2564 3038 enim
2592 2985 2718 3047 dies,
2763 2993 2814 3037 ut
2858 2985 3119 3055 ingrediar
3165 2983 3232 3036 ad
3277 2999 3389 3036 eam
3436 2980 3603 3054 (Gen.

2073 3079 2304 3150 29.21).

2077 3173 2126 3224 l.
2159 3169 2283 3224 Ileri
2312 3185 2344 3224 a
2367 3169 2654 3225 dilectione
2681 3167 2867 3234 Iacob,
2921 3183 3081 3237 quam
3131 3182 3258 3237 erga
3311 3166 3604 3222 Rachelem

2001 3262 2260 3324 exhibuit,
2289 3261 2354 3315 ad
2385 3261 2532 3315 Pauli
2560 3261 2836 3316 caritatem
2856 3270 2910 3315 et
2934 3261 3356 3329 magnitudinem
3382 3261 3606 3325 amoris.

2002 3369 2160 3422 quem
2191 3368 2315 3422 erga
2344 3336 2616 3408 Ctiristum
2643 3351 2881 3422 gerebat,
2929 3359 3269 3405 transeuntes
3290 3394 3304 3416 ,
3350 3353 3502 3421 quasi
3540 3352 3608 3406 ab

2002 3445 2306 3515 impetuoso
2336 3444 2566 3514 quodam
2603 3451 2842 3498 torrente
2869 3443 3026 3513 rapti,
3079 3458 3186 3496 non
3225 3445 3498 3511 potuimus
3539 3442 3608 3497 ad

2000 3539 2195 3593 seriem
2222 3547 2278 3592 et
2298 3547 2606 3592 contexzum
2632 3537 2900 3592 sermonis
2927 3537 3155 3606 regredi.
3178 3535 3323 3598 Ideo,
3343 3536 3387 3590 si
3409 3535 3603 3605 placet,

2001 3627 2161 3683 hodie
2207 3629 2486 3699 sequentia
2513 3627 2772 3698 aggressi,
2822 3642 2884 3682 ea
2923 3642 3044 3698 qua:
3081 3637 3209 3683 tunc
3253 3629 3439 3682 relicta
3481 3640 3608 3684 sunt

2000 3712 2443 3790 impleamuszut
2482 3734 2550 3774 ex
2591 3719 2656 3773 iis
2701 3733 2821 3787 qua:
2869 3718 3028 3773 hodie
3075 3718 3324 3773 dicuntur
3355 3727 3606 3788 percepta

2001 3811 2232 3865 utilitate
2280 3811 2478 3882 aliqua,
2514 3811 2733 3866 domum
2765 3818 3098 3880 repetamus.
3134 3810 3295 3880 Igitur
3324 3819 3605 3880 pestquam

2000 3902 2253 3973 impletus
2273 3912 2355 3958 est
2383 3913 2587 3973 septem
2617 3910 2880 3957 annorum
2913 3917 3192 3968 numerus,
3245 3901 3336 3957 20.
3387 3900 3456 3956 Et
3497 3905 3608 3974 fuco

2000 4005 2138 4060 runt,
2165 3996 2354 4066 inquit,
2385 4011 2556 4049 coram
2577 3994 2742 4051 Iacob
2763 3995 2906 4065 quasi
2938 3995 3047 4050 dies
3069 3997 3222 4066 pauci
3253 4003 3334 4049 tot
3363 3995 3488 4050 anni
3539 3996 3603 4048 ob

1998 4087 2186 4140 amoris
2213 4086 2596 4154 vehementiam,
2645 4087 2736 4144 2t.
2769 4088 2900 4142 dixit
2943 4088 3012 4141 ad
3056 4088 3238 4142 Laban
3289 4103 3306 4142 :
3354 4086 3438 4142 Da
3480 4088 3607 4142 mitti

1997 4196 2209 4235 uxorem
2233 4197 2396 4235 meam
2423 4197 2441 4235 :
2468 4182 2662 4251 impleti
2684 4183 2818 4236 enim
2842 4192 2960 4235 sunt
2985 4182 3094 4236 dies
3111 4182 3228 4244 mei,
3260 4193 3314 4234 ut
3341 4182 3608 4252 ingrediar

2001 4275 2070 4325 ad
2101 4290 2232 4327 eum.
2261 4271 2352 4327 22.
2387 4272 2725 4345 Congregavit
2746 4283 2914 4327 autem
2943 4271 3120 4327 Laban
3150 4289 3324 4327 omnes
3358 4273 3495 4327 viros
3525 4273 3605 4326 lo-

1995 4365 2063 4430 ci,
2094 4375 2140 4418 et
2167 4364 2283 4436 fecit
2312 4368 2539 4434 nuptias.
2563 4365 2655 4419 23.
2676 4363 2744 4418 Et
2770 4366 2963 4436 factum
2992 4375 3062 4418 est
3085 4380 3307 4435 vespere,
3333 4375 3378 4418 et
3404 4365 3600 4436 accepit

1996 4456 2174 4511 Laban
2203 4456 2348 4509 Liam
2386 4456 2547 4526 ﬁliam
2571 4473 2740 4522 suam,
2771 4455 3155 4526 introduxitque
3181 4473 3291 4510 eam
3318 4457 3385 4509 ad
3412 4455 3599 4511 Iacob.

2070 4550 2133 4603 In
2165 4553 2420 4604 satanicas
2445 4552 2739 4621 nuptiarum
2771 4567 2986 4620 pompas
3007 4549 3280 4603 invehitur.
3301 4580 3373 4590 —
3406 4549 3597 4605 Vidisti

1993 4660 2114 4696 eum
2145 4653 2339 4712 quanta
2370 4642 2496 4696 olim
2543 4642 2825 4696 honestate
2857 4641 3069 4710 nuptias
3111 4640 3356 4712 egerint?
3405 4641 3600 4696 Audite

1993 4737 2081 4806 qui
2115 4734 2380 4789 satanicas
2407 4749 2628 4804 pompas
2656 4733 3018 4797 admiramini,
3051 4741 3104 4787 et
3135 4733 3316 4787 statim
3347 4734 3415 4787 ab
3442 4732 3601 4787 initio

1994 4827 2297 4897 nuptiarum
2327 4827 2663 4882 honestatem
2691 4825 2958 4882 dedecore
2997 4824 3229 4881 afﬁcitis.
3283 4825 3420 4880 Num
3469 4833 3597 4880 tunc

1995 4920 2172 4974 tibiae?
2201 4935 2327 4974 num
2356 4927 2486 4974 tunc
2513 4918 2795 4990 cymbala?
2833 4932 2958 4973 num
3001 4924 3126 4973 tunc
3164 4918 3377 4972 choreae
3405 4916 3597 4972 diabo-

1991 5013 2143 5069 licaz?
2173 5012 2350 5082 Quare
2375 5012 2542 5079 enim,
2571 5012 2659 5067 dic
2689 5011 2842 5078 mihi,
2874 5021 3078 5066 tantum
3111 5012 3293 5066 statim
3322 5011 3392 5065 ab
3440 5011 3594 5066 initio

1989 5100 2245 5163 damnum
2290 5106 2504 5161 inducis
2553 5105 2605 5161 in
2648 5106 2868 5160 dommn
2924 5115 3108 5169 tuam,
3155 5114 3207 5158 ct
3249 5119 3343 5159 eos
3388 5104 3477 5176 qui
3531 5103 3583 5159 in

1990 5200 2168 5255 scenis
2195 5209 2253 5253 et
2282 5197 2576 5253 orchestris
2607 5211 2829 5266 operam
2853 5195 3031 5250 locant
3058 5210 3236 5259 vocas,
3267 5202 3324 5248 ut
3353 5210 3474 5248 cum
3513 5194 3595 5248 in-

1991 5293 2312 5364 tempestivo
2346 5300 2561 5361 sumptu
2607 5290 2828 5362 virginis
2866 5287 3031 5344 lmdas
3071 5288 3457 5342 continentiam
3482 5329 3496 5351 ,
3542 5301 3596 5344 et

1983 5386 2237 5455 juvenem
2268 5383 2719 5454 impudentiorem
2742 5380 2948 5437 facias?
2972 5379 3220 5450 Optabilc
3252 5379 3394 5433 enim
3420 5388 3474 5434 et
3503 5396 3592 5435 ar-

1987 5481 2152 5535 duum
2177 5487 2314 5545 erat,
2342 5478 2547 5546 absque
2590 5476 2694 5529 illis
2723 5473 2995 5528 fomitibus
3041 5473 3184 5526 illam
3235 5481 3448 5526 :rtarem
3500 5488 3594 5542 po-

1989 5572 2151 5626 tuisse
2174 5568 2450 5624 moderate
2477 5566 2616 5622 ferre
2639 5573 3011 5635 tempestatem
3044 5562 3383 5618 affectionem
3417 5580 3430 5617 :
3463 5576 3586 5616 cum

1985 5673 2164 5719 autent
2215 5669 2271 5717 et
2319 5660 2437 5717 hazc
2481 5660 2759 5726 accedant,
2814 5669 2920 5711 tant
2965 5673 3083 5728 qure
3130 5657 3401 5720 videntur,
3428 5671 3590 5725 quam

1984 5773 2105 5829 quae
2144 5755 2454 5819 audiuntur,
2480 5753 2606 5809 dum
2637 5753 2810 5824 majus
2835 5750 3145 5806 accenditur
3173 5748 3478 5804 incendium
3498 5789 3513 5813 ,
3537 5759 3589 5803 et

1990 5851 2177 5907 ternas
2227 5847 2785 5919 concupiscentianun
2813 5844 2982 5915 magis
3014 5843 3402 5909 inﬂammatur,
3447 5859 3586 5912 qm)-
