4170 6468
588 437 683 496 ιετ

591 553 751 608 modo
771 565 876 606 non
905 561 1117 620 pessum
1164 543 1204 600 it
1248 539 1601 598 adolescentis
1626 536 1842 593 anima?
1869 535 2002 591 llinc
2026 534 2167 587 enim

589 646 766 699 omnia
789 646 1013 712 pereunt
1035 645 1090 693 et
1114 641 1560 706 corrumpuntur:
1589 628 1710 702 quia
1740 627 1810 683 ab
1831 627 1981 681 initio
2009 621 2144 678 casti

599 737 682 786 tas
700 742 882 784 eorum
907 715 997 796 qui
1028 723 1168 778 inter
1187 737 1246 778 se
1264 716 1573 776 eonventuri
1595 721 1719 770 sunt
1745 717 2102 783 oppugnatur.
2120 714 2174 760 et

590 831 733 886 saepe
753 815 922 887 primo
933 813 1022 870 die
1038 810 1271 883 juvenis,
1297 808 1465 865 oculis
1486 805 1671 860 videns
1697 799 2169 862 incontinentibus,

591 909 700 965 tolo
723 909 986 965 diabolica
1013 907 1066 962 in
1093 905 1270 960 anima
1299 902 1608 956 vulneratur
1635 913 1648 949 :
1678 903 1734 951 et
1761 892 1931 964 puclla
1974 904 2068 960 per
2110 903 2173 942 ea

587 1019 712 1075 qua:
733 1001 879 1055 audit
906 1009 962 1056 et
987 997 1133 1053 videt
1157 993 1364 1064 captiva
1395 991 1470 1053 fit,
1498 1000 1552 1044 et
1571 987 1639 1042 ab
1663 1000 1728 1041 eo
1748 985 1836 1039 die
1856 991 2041 1052 postea
2055 993 2174 1034 cre-

595 1073 747 1148 scunt
775 1092 1011 1153 vulnera,
1033 1088 1310 1156 majusque
1333 1084 1390 1138 fit
1413 1081 1629 1137 malum.
1661 1075 1872 1132 Etenim
1894 1073 2036 1127 illinc
2060 1081 2173 1126 sta-

595 1184 689 1238 tim
715 1193 772 1239 et
811 1189 1048 1237 mutuam
1072 1175 1417 1232 concordiam
1444 1171 1742 1226 dilacerant
1764 1209 1780 1234 ,
1825 1175 1880 1220 et
1934 1177 2171 1218 amorem

593 1273 891 1329 debilitant.
914 1268 1139 1339 Quando
1159 1266 1300 1322 enim
1328 1264 1416 1319 ille
1443 1269 1678 1317 mentem
1705 1257 1770 1312 ad
1801 1257 1960 1312 aliam
1989 1253 2170 1318 vertit,

593 1367 716 1421 hinc
745 1375 798 1420 et
825 1363 948 1420 inde
977 1360 1221 1417 dividens
1248 1359 1506 1420 animum,
1529 1368 1558 1408 a
1580 1351 1793 1408 diabolo
1815 1350 1930 1418 ipso
1957 1345 2168 1408 ductus,

593 1457 758 1511 multa
785 1452 1141 1510 amaritudine
1179 1451 1396 1505 domum
1436 1445 1635 1516 implet.
1682 1440 1832 1508 Quod
1880 1439 1926 1495 si
1982 1447 2036 1493 et
2084 1436 2172 1490 illa

589 1548 916 1618 comperitur
943 1546 1012 1599 ita
1035 1543 1220 1599 affecta
1251 1554 1392 1605 esse,
1423 1553 1488 1592 ex
1510 1536 1641 1606 ipsis
1665 1529 2022 1587 fundamentis
2050 1541 2172 1581 om-

591 1640 702 1708 nia,
719 1617 789 1694 int
816 1640 886 1693 ita
914 1637 1089 1692 dicam
1111 1676 1125 1701 ,
1177 1632 1598 1689 subvertantur:
1629 1632 1814 1696 postea
1841 1622 1976 1676 alter
2004 1618 2072 1673 ab
2095 1617 2172 1672 al-

592 1741 708 1786 tero
745 1729 1058 1792 occultatur,
1103 1733 1156 1780 et
1191 1726 1281 1783 ille
1334 1719 1547 1791 quidem
1593 1714 1886 1785 suspiciose
1927 1711 2175 1765 observat

595 1837 837 1888 uxorem,
865 1831 922 1877 et
969 1818 1215 1874 similiter
1240 1813 1329 1868 illa
1358 1801 1753 1878 virum.’Atque
1779 1805 1865 1859 ubi
1896 1801 2176 1873 oportebat

591 1915 931 1973 concordiam
979 1927 1100 1969 esse
1139 1919 1193 1966 et
1228 1907 1491 1979 copulam,
1523 1903 1720 1974 quippe
1748 1898 2013 1956 debebant
2055 1908 2175 1950 esse

591 2024 718 2064 caro
758 2022 862 2062 una
893 2004 1094 2074 (Erunt
1122 2003 1286 2069 enim,
1333 1998 1522 2070 inquit,
1561 1995 1662 2050 duo
1699 1994 1753 2047 in
1793 2006 1995 2046 carnem
2021 2003 2176 2042 unam

593 2094 1010 2175 16:11.12“),
1051 2095 1102 2149 hi
1131 2094 1185 2148 in
1215 2101 1356 2147 tanta
1392 2090 1578 2144 vivunt
1614 2085 1979 2144 dissensione,
2023 2079 2174 2151 quasi

591 2189 817 2260 sejuncti
861 2195 1062 2243 essent.
1099 2182 1348 2238 Diabolus
1371 2181 1516 2237 enim
1547 2177 1922 2247 subingressns
1971 2181 2174 2226 tantam

591 2283 642 2336 in
673 2281 752 2336 eis
780 2278 1071 2350 perniciem
1098 2283 1372 2345 operatur,
1397 2280 1456 2326 ut
1477 2268 1799 2341 quotidiana:
1821 2280 2014 2336 pugna:
2035 2264 2175 2317 inter

593 2387 687 2429 eos
715 2381 1002 2426 nascantur
1021 2379 1075 2424 et
1099 2384 1128 2422 a
1155 2366 1311 2422 malis
1341 2377 1628 2434 numquam
1659 2360 1890 2415 habeant
1913 2357 2168 2428 quietem.

589 2464 728 2534 Quid
773 2463 918 2518 enim
959 2461 1081 2533 quis
1123 2459 1316 2515 dixerit
1344 2455 1610 2528 quomodo
1662 2462 1844 2523 postea
1887 2465 1915 2501 a
1960 2447 2173 2503 famulis

588 2563 1022 2618 contemnantur,
1053 2550 1318 2621 quomodo
1360 2565 1390 2604 a
1429 2547 1616 2602 vicinis
1656 2544 1958 2605 rideantur,
2013 2555 2172 2610 quam

589 2647 727 2702 [ωδε
754 2643 1088 2715 operentur?
1117 2641 1250 2696 Nam
1278 2640 1414 2695 sicut
1443 2636 1656 2709 quando
1681 2634 2062 2706 gubernatores
2093 2630 2173 2684 in-

590 2752 670 2797 ter
699 2755 759 2795 se
781 2737 1062 2802 dissident,
1089 2737 1250 2790 etiam
1274 2734 1360 2804 qui
1381 2733 1500 2787 navi
1522 2730 1809 2793 vehuntur,
1841 2742 1939 2781 una
1964 2723 2176 2794 pericli-

591 2843 792 2896 tantur,
818 2843 882 2882 ac
910 2828 1098 2882 timent
1125 2841 1192 2880 ne
1215 2839 1338 2879 cum
1375 2823 1492 2877 navi
1519 2821 1927 2889 submerguntur
1956 2834 1968 2870 :
2001 2817 2070 2869 ita
2118 2823 2174 2869 et

591 2923 694 2990 hic,
725 2922 769 2976 si
798 2918 1073 2975 discordes
1119 2917 1226 2972 sint
1255 2917 1336 2970 vir
1358 2925 1411 2969 ct
1454 2911 1666 2978 mulier,
1714 2921 2050 2978 consequens
2090 2913 2173 2960 est

589 3027 778 3069 omnes
805 3012 896 3084 qui
927 3009 1069 3081 apud
1118 3009 1237 3064 illos
1261 3015 1389 3062 sunt
1420 3004 1704 3076 participes
1731 3016 1851 3057 esse
1882 2999 2164 3055 malorum.

594 3108 883 3176 Proliterea
909 3117 1006 3159 ore
1034 3111 1090 3156 nt
1115 3100 1230 3156 hmc
1262 3098 1437 3154 omnia
1464 3094 1846 3168 prmvidcntes,
1893 3098 2174 3146 consuetu-

587 3202 768 3258 dinem
791 3215 860 3255 ne
887 3196 1186 3254 sectemini.
1217 3193 1341 3249 Scio
1361 3191 1507 3247 enim
1531 3190 1725 3244 mtiltos
1749 3195 2027 3258 receptum
2053 3198 2171 3238 mo-

590 3308 704 3349 rem
731 3289 1042 3353 obtendere,
1067 3301 1239 3357 neque
1267 3283 1526 3355 patienter
1569 3280 1709 3335 ferre
1736 3292 1791 3333 ut
1819 3277 1935 3332 hzce
1962 3292 1991 3331 a
2022 3273 2176 3329 nobis

591 3387 834 3440 dicantur
859 3399 872 3436 :
903 3389 1140 3434 attamen
1164 3389 1384 3431 necesse
1410 3387 1491 3429 est
1515 3380 1570 3426 ut
1599 3386 1696 3426 nos
1719 3370 1863 3425 utilia
1892 3368 2136 3424 dicamus
2155 3405 2170 3430 ,

593 3483 786 3548 ctqua:
817 3474 936 3529 illos
986 3487 1016 3526 a
1060 3469 1238 3525 futuro
1265 3465 1527 3542 supplicio
1577 3463 1822 3518 liberent.
1874 3459 1976 3515 Ubi
2027 3458 2172 3512 enim

596 3577 803 3622 tantum
823 3567 1015 3620 anim
1042 3563 1316 3625 damnum,
1348 3573 1450 3629 qua
1478 3557 1546 3612 de
1587 3570 1746 3612 causa
1787 3553 1919 3609 mihi
1947 3566 2171 3606 consue.

593 3662 827 3716 tudinem
852 3667 1147 3728 prietexere
1172 3653 1374 3709 audes?
1407 3652 1544 3706 Ecce
1570 3650 1712 3704 enim
1737 3657 1793 3703 et
1816 3661 1916 3716 ego
1935 3645 2172 3699 tibicon-

591 3751 924 3808 suetudinem
951 3749 1228 3805 meliorem
1254 3746 1471 3816 objicio,
1503 3759 1621 3814 qua:
1638 3742 1776 3813 apud
1806 3750 2021 3796 veteres
2033 3749 2172 3803 erat,

593 3843 803 3914 quando
828 3841 1064 3896 nondum
1092 3847 1238 3894 tanta
1269 3839 1367 3907 pia:
1393 3837 1668 3906 religionis
1695 3843 1808 3889 erat
1855 3832 2075 3903 agnitio.
2110 3831 2178 3884 Et

593 3951 659 3990 ne
685 3936 886 4004 justum
918 3931 1003 3986 hic
1024 3930 1189 3986 Jacob
1219 3936 1423 3984 tantum
1469 3927 1688 3998 cogites,
1743 3924 1836 3980 sed
1888 3933 1942 3977 et
1995 3921 2174 3977 Laban

593 4030 767 4085 adhuc
811 4027 1076 4083 idolorum
1115 4024 1280 4080 cultui
1311 4022 1569 4088 deditum,
1620 4035 1719 4075 nec
1769 4019 1849 4074 vel
1900 4018 2176 4072 minimam

592 4138 732 4178 vera:
762 4120 1034 4190 religionis
1059 4117 1302 4174 notitiam
1332 4115 1639 4178 habentem,
1688 4121 1741 4167 et
1767 4120 1941 4166 tamen
1975 4118 2173 4162 tantam

595 4229 703 4284 prae
730 4227 789 4266 se
810 4213 1063 4265 ferentem
1091 4207 1506 4279 philosomiiam.
1557 4203 1739 4272 Neque
1763 4203 1906 4257 enim
1935 4200 2049 4255 hznc
2081 4200 2174 4254 bo-

595 4303 911 4374 nestascjus
965 4311 1102 4367 erat,
1162 4299 1253 4370 qui
1297 4299 1554 4352 ducturus
1602 4295 1852 4364 puellam,
1882 4293 1978 4349 sed
2009 4293 2177 4362 patris

591 4413 710 4454 eam
741 4396 1017 4451 tradentis.
1044 4393 1166 4448 Ideo
1195 4401 1248 4446 et
1277 4392 1421 4445 illum
1446 4389 1545 4444 feci
1584 4402 1910 4452 sermonem,
1959 4401 2062 4440 non
2082 4385 2174 4452 .ad

590 4504 816 4558 sponsos
841 4496 1043 4541 tantum
1071 4492 1317 4554 spectans
1348 4489 1605 4552 quantum
1626 4480 1690 4535 ad
1732 4487 2002 4550 parentes,
2029 4488 2078 4531 ct
2109 4476 2176 4530 ad

596 4591 795 4650 patrem
813 4578 902 4649 qui
923 4579 1176 4647 virginem
1205 4576 1363 4628 locat.
1393 4572 1672 4640 Quomodo
1698 4573 1840 4627 enim
1866 4586 1972 4623 non
1993 4570 2180 4624 absur-

595 4673 759 4735 dum,
791 4674 834 4722 si
889 4683 988 4722 nos
1025 4667 1113 4736 qui
1145 4677 1346 4720 tantam
1378 4665 1679 4733 accepimus
1726 4661 2171 4726 misericordiam,

593 4773 648 4817 et
692 4771 796 4815 tam
845 4758 1162 4815 terribilium
1215 4755 1668 4824 ineﬂ'abiliumque
1719 4765 2174 4808 sacramentormn

593 4853 879 4924 participes
907 4865 1111 4917 sumus,
1147 4850 1318 4904 hacin
1345 4864 1404 4903 re
1435 4846 1715 4902 inferiores
1740 4847 1907 4900 simus
1939 4845 2172 4913 Lahano,

596 4948 685 5019 qui
712 4947 876 5002 cultui
909 4947 1170 5002 idolorum
1193 4943 1367 5000 adhuc
1389 4952 1502 4999 erat
1530 4942 1781 4998 deditus?
1807 4943 2000 4996 Annon
2025 4942 2178 4997 audis

594 5037 816 5094 Paulum
845 5038 1108 5094 dicentem
1139 5045 1532 5092 sacramentum
1560 5049 1680 5091 esse
1722 5035 1936 5104 nuptias
1970 5045 2023 5088 et
2049 5034 2180 5089 ima-

593 5133 770 5202 ginem
798 5129 1098 5185 dilectionis
1123 5128 1340 5195 Christi,
1374 5143 1532 5198 quam
1563 5143 1686 5197 erga
1729 5127 2024 5183 Ecclesium
2074 5142 2177 5182 ex-

601 5223 768 5277 hibuit
803 5220 1023 5293 (Ep/tes.
1053 5223 1105 5278 5.
1135 5221 1264 5292 52)?
1294 5221 1369 5276 Ne
1399 5222 1554 5291 igitur
1579 5221 1970 5276 Confundamus
1995 5221 2177 5292 nosip-

601 5332 710 5382 sos,
744 5325 797 5370 et
825 5315 1158 5370 honesmtem
1187 5316 1489 5385 nuptiarum
1515 5331 1941 5385 corrumpamns.
1973 5316 2105 5373 Nam
2133 5321 2175 5372 si

598 5407 814 5478 quidem
863 5407 1062 5461 bonum
1114 5415 1166 5460 et
1214 5407 1344 5462 utile
1384 5405 1542 5462 fuerit
1591 5410 1918 5476 consilium,
1967 5411 2174 5466 etiamsi

595 5513 702 5554 non
732 5498 802 5553 sit
827 5497 1178 5566 consuetudo,
1209 5499 1298 5553 flat
1323 5513 1337 5551 :
1368 5499 1450 5553 sin
1478 5498 1796 5555 damnosum
1829 5511 1884 5556 et
1910 5504 2174 5570 pernicio-

594 5602 714 5645 sum
736 5600 819 5646 est
845 5590 895 5644 id
917 5590 1059 5661 quod
1077 5605 1108 5645 a
1137 5591 1286 5648 vobis
1311 5589 1563 5659 efficitur,
1597 5593 1810 5648 etiamsi
1840 5597 2176 5651 consuetudo

593 5683 684 5748 sit,
705 5683 994 5754 rejiciatnr.
1026 5683 1160 5739 Nam
1207 5685 1252 5740 si
1308 5684 1407 5739 hoc
1434 5684 1826 5754 admiserimus,
1874 5698 1927 5742 et
1975 5687 2081 5754 fur,
2125 5701 2173 5744 et

595 5773 823 5838 adulter,
855 5783 912 5830 et
935 5776 1274 5845 quantumvis
1317 5776 1487 5831 malus
1512 5777 1685 5845 alius,
1731 5780 2173 5835 consuetudinem

592 5864 849 5922 obtendet
874 5885 885 5920 :
911 5879 965 5921 at
996 5868 1198 5923 nullttm
1231 5867 1356 5924 hinc
1386 5869 1486 5923 illis
1517 5870 1721 5926 lucrum
1752 5880 1834 5928 est
1859 5873 1940 5928 vel
1973 5875 2124 5932 venia
2151 5919 2164 5943 ,

1319 427 1374 485 S.
1412 424 1689 484 JOANNIS
1719 408 2190 478 CIIRYSOSTON
2231 409 2547 470 ARCﬂlEP.
2587 408 3122 471 CONSTANTINOP.

3774 415 3870 472 488

2282 528 2378 584 sed
2408 529 2580 600 major
2605 530 2784 600 potius
2809 531 3103 598 accusatio,
3134 529 3277 603 quod
3304 529 3502 588 malam
3528 531 3869 590 consuetudi-

2278 638 2399 676 nem
2431 637 2686 691 superare
2711 636 2819 677 non
2851 621 3145 678 valuerint.

2345 713 2400 768 2.
2441 712 2498 770 Si
2537 714 2681 769 enim
2720 715 3045 770 voluerimus
3077 715 3313 786 vigilare,
3339 723 3395 772 et
3437 730 3623 772 curam
3669 714 3870 772 habere

2279 815 2474 860 nostra:
2497 805 2706 872 salutis,
2734 820 3021 876 possumus
3045 812 3102 861 et
3134 821 3166 860 a
3192 807 3328 861 mala
3357 805 3748 864 consuetudine
3774 805 3872 860 de.

2275 897 2491 962 sistere,
2528 907 2584 952 et
2623 897 2674 950 in
2719 897 2912 952 bonam
2954 897 3400 954 consuetudinem
3442 911 3540 952 nos
3565 897 3825 953 reducere
3856 913 3870 949 :

2277 991 2464 1061 sicque
2493 990 2720 1060 posteris
2747 989 2948 1046 nostris
2975 1004 3082 1046 non
3113 1006 3331 1061 parvam
3359 991 3604 1048 dabimus
3631 991 3874 1047 occasio—

2276 1097 2399 1138 nem
2425 1081 2612 1138 eadem
2652 1081 2914 1148 imitandi,
2945 1090 3001 1138 et
3028 1082 3357 1153 accipiemus
3391 1085 3552 1138 etiam
3595 1097 3694 1138 nos
3723 1097 3874 1138 mer-

2275 1174 2460 1229 cedem
2486 1189 2672 1229 eorum
2708 1190 2828 1246 qua:
2867 1175 2936 1230 ab
2967 1175 3035 1230 iis
3064 1184 3314 1247 aguntur.
3357 1174 3491 1230 Nam
3534 1175 3624 1246 qui
3657 1175 3870 1230 initium

2276 1267 2429 1323 bonze
2457 1268 2557 1322 viae
2584 1267 2831 1338 prasbuit,
2866 1268 2954 1323 hic
2997 1278 3186 1323 auctor
3223 1277 3302 1322 est
3331 1282 3518 1322 eorum
3561 1283 3681 1337 qua:
3721 1277 3775 1324 et
3803 1267 3875 1324 ab

2274 1361 2395 1416 aliis
2424 1370 2570 1416 recte
2595 1360 2749 1423 fiunt,
2777 1372 2832 1417 et
2858 1361 3123 1432 duplicem
3149 1361 3371 1432 recipiet
3398 1360 3726 1426 mercedem,
3761 1369 3870 1414 tam

2277 1467 2375 1521 pro
2405 1452 2470 1507 iis
2498 1468 2619 1524 qua:
2659 1451 2775 1521 ipse
2818 1461 2963 1508 recte
3009 1450 3158 1518 facit,
3201 1466 3361 1522 quam
3405 1450 3597 1521 quibus
3631 1449 3768 1505 alios
3818 1449 3872 1503 in

2276 1545 2531 1613 Optimam
2572 1545 2713 1599 illam
2739 1543 2942 1598 inducit
2982 1542 3403 1614 philosophiam.
3433 1539 3511 1597 Ne
3539 1540 3870 1611 przctexatis,

2274 1634 2521 1699 obsecro,
2555 1635 2743 1705 frigida
2771 1643 2827 1689 et
2852 1634 3074 1689 ridicula
3100 1633 3264 1688 verba
3293 1633 3430 1699 hxec,
3462 1632 3705 1687 dicentes
3734 1630 3870 1700 legi-

2277 1728 2402 1781 tima
2434 1726 2676 1795 quaedam
2714 1739 2836 1782 esse
2871 1724 3009 1792 hzer,
3049 1735 3105 1781 et
3146 1733 3427 1795 propterea
3457 1722 3665 1794 impleri
3705 1736 3875 1791 operm

2277 1829 2409 1874 tere.
2438 1817 2554 1875 Non
2578 1820 2718 1874 enim
2742 1817 2858 1875 hzcc
2875 1819 3168 1889 legitimum
3195 1817 3396 1872 faciunt
3420 1816 3751 1886 conjugium,
3775 1813 3873 1870 sed

2274 1915 2319 1968 si
2348 1912 2639 1969 secundum
2664 1913 2809 1983 leges
2839 1911 2932 1967 Dei
2962 1926 3083 1966 cum
3111 1909 3357 1968 castitate
3384 1919 3437 1964 et
3465 1908 3749 1964 honestate
3781 1906 3875 1960 fiat

2275 2015 2594 2072 conventus,
2637 2016 2693 2062 et
2721 2005 2764 2060 si
2796 2003 3082 2060 concordia
3127 2016 3319 2074 magna
3361 2000 3672 2056 cohaireant
3712 1998 3747 2052 ii
3780 1997 3872 2068 qui

2276 2096 2620 2153 conveniunt.
2663 2094 2939 2151 Noverunt
2978 2094 3080 2149 hoc
3106 2093 3270 2148 etiam
3321 2103 3560 2147 externa:
3590 2088 3737 2160 leges
3771 2105 3785 2142 :
3818 2097 3872 2144 et

2273 2190 2460 2245 audies
2501 2203 2616 2254 eos,
2662 2189 2752 2258 qui
2808 2187 2892 2242 his
2934 2185 3272 2251 studuerunt,
3318 2183 3520 2248 dicere,
3559 2181 3870 2250 conjugium

2275 2279 2406 2336 nihil
2435 2279 2579 2334 aliud
2617 2279 2946 2336 constituere
2971 2292 3134 2348 quam
3167 2274 3634 2332 consuetudinem.
3663 2271 3742 2326 Ne
3773 2271 3874 2341 igi-

2275 2384 2361 2432 tur
2388 2373 2597 2431 divinas
2625 2374 2771 2446 leges
2808 2387 2929 2428 cum
2962 2371 3210 2426 humanis
3258 2367 3735 2438 transgrediamur,
3770 2378 3874 2419 nec

2276 2467 2626 2539 pra2feramus
2670 2467 2960 2522 diabolicas
3013 2465 3158 2534 leges
3223 2472 3277 2518 et
3327 2460 3682 2531 perniciosam
3730 2458 3875 2514 hanc

2274 2560 2714 2616 consuetudinem
2747 2578 2760 2613 :
2791 2559 2934 2613 illius
2955 2558 3100 2612 enim
3129 2556 3213 2610 lex
3241 2563 3366 2610 sunt
3393 2552 3530 2618 hzec,
3554 2553 3644 2623 qui
3673 2549 3874 2622 gaudet

2273 2653 2339 2708 dc
2362 2652 2578 2708 interitu
2609 2661 2812 2706 nostro.
2847 2649 2986 2719 Quid
3024 2648 3184 2719 igitur
3211 2647 3312 2702 hac
3333 2643 3723 2702 consuetudine
3753 2658 3874 2698 ma-

2273 2747 2353 2818 gis
2377 2745 2684 2802 ridiculnm.
2722 2743 2937 2815 quando
2962 2744 3044 2796 vir
3086 2751 3142 2797 et
3182 2756 3324 2794 uxor
3353 2737 3650 2793 innumeris
3682 2736 3876 2791 convi-

2272 2838 2371 2893 ciis
2393 2849 2446 2894 et
2473 2835 2782 2892 scommatis
2802 2849 2832 2888 a
2860 2833 3030 2889 servis
3053 2831 3357 2900 nulliusque
3381 2829 3534 2900 pretii
3565 2826 3876 2882 nominibus

2275 2932 2634 2995 incessuntur,
2663 2943 2726 2984 ac
2753 2942 2910 2982 nemo
2939 2934 3022 2981 est
3046 2926 3136 2996 qui
3168 2924 3411 2991 increpet
3435 2940 3447 2976 :
3479 2921 3572 2976 sed
3602 2920 3728 2975 licet
3755 2920 3841 2974 cui
3860 2949 3874 2961 ο

2275 3025 2354 3078 vis
2377 3022 2578 3078 volenti
2609 3021 2674 3075 ad
2708 3035 2985 3091 vesperam
3017 3018 3194 3074 omnia
3231 3017 3398 3087 loqui,
3441 3025 3495 3071 et
3524 3013 3765 3070 convicia
3792 3014 3876 3082 ja—

2273 3133 2397 3174 cere
2426 3115 2478 3170 in
2523 3130 2777 3187 sponsum
2805 3123 2861 3169 et
2889 3111 3185 3183 sponsam?
3215 3110 3282 3164 Et
3328 3111 3380 3162 in
3411 3109 3515 3162 alio
3545 3108 3634 3163 die
3677 3107 3721 3162 si
3750 3105 3874 3176 quis

2275 3216 2562 3264 conaretur
2586 3206 2658 3261 ita
2687 3205 2887 3261 salibus
2917 3203 3187 3268 mordere,
3229 3199 3643 3271 periclitaretur,
3672 3197 3739 3251 ad
3778 3197 3874 3250 tri-

2279 3301 2435 3356 bunal
2466 3299 2825 3354 abduceretur
2850 3305 2904 3353 ct
2934 3295 3249 3366 puniretur:
3280 3301 3407 3348 tunc
3445 3301 3624 3346 autem
3655 3287 3874 3360 quando

2275 3390 2558 3460 plurimam
2602 3387 2884 3457 oportebat
2923 3401 3042 3442 esse
3083 3385 3460 3449 reverentiam,
3500 3382 3872 3452 majoremque

2277 3483 2611 3538 honestatem
2641 3489 2698 3536 et
2724 3480 3045 3544 castitatem,
3079 3486 3222 3532 tanta
3252 3475 3607 3531 obscmnitate
3638 3474 3872 3544 implen-

2276 3584 2363 3629 tur
2398 3574 2578 3630 omnia
2625 3573 2737 3638 illa,
2795 3582 2850 3626 ut
2885 3570 3159 3642 probabile
3202 3570 3272 3624 sit
3313 3567 3529 3622 diabolo
3569 3566 3710 3622 duce
3758 3565 3874 3620 hinc

2277 3665 2454 3720 omnia
2488 3665 2700 3719 inventa
2729 3678 2869 3718 esse.
2899 3662 3097 3717 Verum
3117 3677 3182 3715 ne
3212 3676 3355 3731 aegre
3381 3659 3584 3723 feratis,
3611 3673 3710 3714 oro
3731 3676 3744 3712 :
3765 3673 3872 3712 non

2277 3758 2418 3814 enim
2447 3758 2650 3827 absque
2671 3770 2831 3811 causa
2855 3756 2908 3811 in
2934 3755 3072 3810 hunc
3088 3769 3392 3811 sermonem
3416 3753 3641 3823 digressi
3664 3766 3872 3817 sumus,

2279 3848 2374 3904 sed
2421 3862 2603 3903 curam
2637 3847 2844 3902 habens
2889 3854 3081 3901 vestra:
3101 3844 3290 3899 salutis
3318 3853 3373 3899 et
3405 3843 3733 3910 honestatis,
3765 3844 3869 3898 vcl-

2281 3941 2384 3996 lem
2410 3941 2664 4010 optimam
2701 3939 2837 3994 hanc
2864 3939 3212 3994 mutationem
3242 3937 3375 4003 fieri,
3427 3953 3628 4005 vosque
3655 3940 3868 4007 optima

2281 4035 2439 4105 hujus
2460 4033 2865 4090 consuetudinis
2894 4047 3015 4087 esse
3041 4032 3224 4086 duces.
3269 4031 3402 4086 Nam
3433 4031 3477 4085 si
3523 4031 3697 4085 solum
3727 4033 3867 4101 prin-

2269 4128 2475 4199 ‘cipium
2502 4137 2556 4183 et
2584 4127 2665 4182 via
2697 4127 2787 4181 fiat
2815 4126 3015 4196 operis,
3052 4125 3307 4195 patilatim
3355 4140 3462 4180 uno
3493 4126 3724 4180 alterum
3756 4125 3867 4180 lau-

2279 4222 2439 4276 dabili
2455 4221 2554 4276 hac
2566 4221 2906 4275 aemulatione
2933 4220 3240 4286 mmulante,
3258 4235 3448 4274 omnes
3463 4219 3768 4274 laudatores
3783 4219 3877 4274 ha-

2278 4313 2470 4370 bebitis
2488 4335 2501 4369 :
2516 4325 2564 4367 et
2581 4330 2684 4370 non
2704 4321 2905 4367 tantum
2920 4312 3010 4383 qui
3029 4310 3297 4367 civitatem
3315 4312 3568 4376 incolunt,
3591 4312 3869 4367 imitabun-

2281 4413 2365 4461 tur
2380 4406 2633 4475 Optimam
2659 4407 2793 4460 hanc
2813 4403 3210 4459 innovationcm
3228 4445 3244 4469 ,
3277 4402 3369 4458 sed
3388 4415 3441 4459 et
3457 4419 3553 4460 eos
3571 4404 3660 4474 qui
3693 4405 3878 4473 procul

2281 4496 2516 4551 habitant
2561 4497 2929 4561 conciliabitis,
2983 4505 3035 4550 et
3085 4496 3382 4549 imitatores
3425 4504 3635 4550 vestros
3673 4496 3875 4550 conSIi-

2280 4589 2441 4644 tnetis
2471 4606 2484 4642 :
2514 4597 2673 4658 atque
2699 4590 2917 4659 insuper
2945 4589 3098 4660 longe
3125 4587 3441 4659 ampliorem
3483 4604 3511 4643 a
3545 4589 3656 4644 Deo
3691 4604 3874 4659 repor.

2281 4685 2460 4739 tabitis
2499 4699 2770 4746 coronam,
2811 4683 2950 4752 quod
2984 4693 3203 4754 prepter
3246 4684 3337 4739 Dei
3383 4684 3629 4738 timerent
3676 4694 3730 4738 et
3759 4684 3878 4753 ejus

2281 4776 2586 4832 mandatum
2610 4776 2928 4830 diabolicam
2967 4777 3100 4830 hanc
3122 4777 3504 4844 superaveritis
3532 4775 3875 4832 consuetudi-

2281 4887 2425 4927 nem.
2453 4871 2558 4926 Sed
2587 4871 2728 4941 quod
2752 4872 3054 4940 suscepturi
3086 4872 3203 4925 sitis
3234 4887 3424 4941 magna
3467 4872 3744 4927 alacritate
3773 4871 3874 4930 hoc

2281 4973 2521 5019 nostrum
2564 4963 2870 5026 consilium,
2897 4967 2968 5018 ‘et
3010 4978 3174 5033 opere
3205 4963 3497 5032 impleturi,
3553 4963 3706 5018 valde
3748 4979 3871 5018 cono

2282 5057 2406 5112 fido.
2442 5053 2642 5108 Videtis
2671 5056 2811 5109 enim
2864 5070 2961 5110 vos
3003 5071 3191 5124 magna
3237 5070 3360 5109 cum
3387 5055 3662 5123 voluptate
3692 5056 3880 5112 audire

2279 5167 2340 5206 ea
2367 5168 2483 5221 qu;e
2505 5151 2773 5214 dicuntur,
2809 5148 2858 5201 id
2880 5163 2946 5202 ex
2968 5146 3225 5216 applausu
3254 5158 3306 5202 ct
3338 5147 3585 5202 laudibus
3607 5147 3874 5216 conjecto,

2281 5257 2374 5295 vos
2401 5242 2558 5296 etiam
2592 5241 2841 5310 operibus
2871 5239 3010 5294 idem
3049 5239 3222 5308 ipsum
3253 5239 3710 5308 comprobaturos
3734 5255 3877 5294 esse.

2283 5334 2570 5403 Propterea
2606 5343 2890 5389 contentus
2916 5332 3093 5394 dictis.
3140 5331 3207 5386 ad
3248 5341 3537 5387 contextus
3567 5332 3766 5388 seriem
3793 5349 3878 5387 re-

2277 5425 2510 5496 grediar.
2543 5424 2608 5478 Et
2639 5430 2772 5493 facta
2798 5434 2890 5488 est,
2925 5425 3113 5493 inquit,
3145 5439 3373 5492 vespera,
3400 5435 3444 5478 et
3476 5424 3673 5494 accepit
3704 5423 3879 5478 Labori

2282 5516 2424 5570 Liam
2454 5518 2613 5585 ﬁliam
2645 5534 2811 5582 suam,
2839 5531 2884 5572 et
2911 5516 3190 5571 introduxit
3217 5535 3329 5571 eam
3357 5518 3426 5570 ad
3458 5515 3644 5570 Jacob.

2353 5607 2620 5672 Quomodo
2637 5625 2668 5661 a
2693 5607 2902 5663 Labano
2929 5609 3169 5678 deceptus
3195 5610 3345 5679 fuerit
3365 5607 3530 5663 Iacob
3555 5623 3575 5673 ;
3605 5608 3717 5678 eius
3752 5609 3880 5663 sint-

2280 5701 2499 5768 plicitas.
2527 5731 2600 5741 -—
2622 5699 2698 5755 Ne
2737 5701 2912 5758 obiter
2956 5703 3119 5756 etiam
3161 5701 3263 5756 hoc
3295 5710 3679 5770 prmtereamus
3713 5722 3726 5759 :
3755 5716 3877 5780 nam

2281 5794 2365 5848 hic
2391 5810 2603 5864 quoque
2630 5797 2791 5850 multa
2822 5797 3150 5851 considerari
3186 5808 3406 5867 possunt
3436 5816 3450 5853 :
3479 5797 3713 5867 primum
3753 5797 3884 5853 sim-

2287 5884 2492 5954 plicitas
2522 5884 2704 5955 Jacob,
2754 5897 2801 5942 et
2844 5888 3111 5958 quomodo
3143 5888 3210 5943 ab
3241 5889 3384 5944 oinui
3431 5888 3632 5944 malitia
3675 5890 3884 5944 alienus
