4170 6498
295 458 392 514 ιὸῖ

293 565 463 638 ἀκοῆς
500 562 896 638 δεψιλεστέραν
933 561 1244 618 ἀνάπτοντα
1280 563 1379 634 τὴν
1422 561 1604 633 πυράν
1624 601 1639 626 ,
1672 560 1766 616 καὶ
1791 560 1891 632 την

293 650 526 722 κάμινον
557 648 667 701 τῶν
696 648 880 703 παθῶν
909 645 1352 717 φλογωδεστέραν
1381 644 1748 716 ἐργαζόμενα.
1774 643 1893 708 πῶς

291 734 414 804 οὐχὶ
440 731 772 804 ὑποϐρύχιος
801 732 834 801 ή
863 729 958 784 τοῦ
988 729 1110 784 νέου
1135 729 1283 801 ψυχὴ
1321 729 1610 800 γενήσεται
1634 745 1650 794 ;
1687 726 1899 784 Ἐντεῦο

293 815 386 870 θεν
423 815 536 887 γὰρ
585 815 801 868 ἅπαντα
843 812 1089 866 ἀπόλωλε
1129 814 1227 866 καὶ
1266 810 1623 883 διέφθαρται,
1668 811 1777 866 ἀπὸ
1803 809 1897 863 τοῦ

291 899 393 970 τὴν
424 895 782 968 σωφροσύνην
812 895 872 961 ἐξ
904 897 1081 967 ἀρχῆς
1106 893 1481 965 διορύττεσθαι
1511 894 1624 947 τῶν
1679 891 1900 964 μελλόν-

292 999 403 1035 των
449 980 704 1052 ἀλλήλοις
764 980 1056 1034 συνιέναι·
1098 979 1192 1034 καὶ
1245 977 1506 1041 πολλάκις
1561 979 1628 1032 ἐκ
1675 976 1901 1049 πρώτης

297 1064 512 1137 ήμέρας
543 1062 639 1116 καὶ
669 1065 699 1117 6
726 1063 846 1128 νέος
871 1062 1090 1127 ἐδέξατο
1117 1061 1272 1132 βέλος
1301 1060 1591 1115 σατανικδν
1619 1063 1676 1114 ἐν
1705 1064 1773 1132 τῇ
1796 1059 1901 1130 ψυο

296 1150 365 1217 χῇ
387 1188 402 1211 ,
436 1145 760 1210 ἀκολάστοις
795 1145 921 1199 ίδὼν
962 1145 1298 1216 ὀφθαλμοῖς,
1332 1146 1480 1215 καλή
1509 1144 1646 1216 κόρη
1681 1143 1776 1198 καὶ
1810 1141 1901 1197 διὰ

298 1231 393 1300 τῆς
419 1230 588 1302 ἀκοῆς
621 1230 715 1284 καὶ
740 1229 830 1286 διά
857 1229 957 1299 τῆς
982 1228 1162 1299 ὅψεως
1186 1227 1532 1299 αἰχμάλωτος
1559 1226 1774 1296 γέγονε,
1805 1225 1901 1280 καὶ

297 1312 469 1366 ταῦτα
515 1313 572 1380 ἐξ
623 1314 839 1384 ἐκείνης
878 1313 1067 1366 λοιπὸν
1115 1311 1218 1383 τῆς
1257 1311 1470 1384 ἡμέρας
1506 1311 1576 1365 τά
1609 1309 1901 1382 τραύματα

295 1396 638 1467 αὐξανόμενα
699 1399 884 1467 μεῖζον
946 1394 1239 1469 ἐργάζεται
1293 1394 1356 1448 τὸ
1404 1393 1596 1448 κακόν.
1639 1394 1749 1448 Καὶ
1794 1391 1902 1465 γάρ

299 1478 518 1550 πρῶτον
564 1480 661 1549 μὲν
703 1481 804 1551 τὴν
845 1478 982 1551 πρὸς
1022 1478 1291 1551 ἀλλήλους
1325 1477 1507 1531 αὐτῶν
1531 1476 1789 1548 ὁμόνοιαν
1819 1476 1902 1530 δι-

295 1561 536 1632 ορύττει,
572 1562 666 1615 καὶ
689 1561 780 1615 τὸν
813 1560 976 1615 πόθον
1004 1559 1613 1632 καταμαραίνει.“οταν
1635 1559 1745 1629 γάρ
1767 1558 1902 1628 πρὸς

296 1646 494 1717 έτέραν
529 1645 738 1709 ἐκεῖνος
760 1649 973 1717 προσχῇ
1006 1648 1070 1718 τῇ
1105 1644 1336 1717 διανοίᾳ,
1361 1638 1466 1699 ὧδε
1486 1645 1715 1699 κάκεῖσε
1747 1661 1904 1716 μερι-

298 1727 526 1798 ζόμενος
569 1728 663 1782 τὸν
704 1728 966 1800 λογισμὸν
987 1768 1001 1791 ,
1051 1728 1148 1780 καὶ
1176 1727 1282 1780 ὑπὸ
1310 1725 1406 1780 τοῦ
1442 1725 1694 1780 διαϐόλου
1736 1724 1902 1780 αὐτοῦ

299 1810 805 1883 στρατηγούμενος,
827 1811 1030 1880 πολλῆς
1056 1809 1249 1881 ἀηδίας
1276 1810 1558 1882 πληρώσει
1578 1810 1677 1880 τὴν
1704 1809 1902 1863 οἰκίαν.

298 1895 360 1948 Εἰ
385 1894 442 1948 δέ
472 1893 702 1965 κάκείνη
725 1893 974 1965 εὑρεθείη
996 1892 1238 1947 τοιοῦτόν
1253 1911 1303 1947 τι
1319 1892 1589 1957 παθοῦσα,
1618 1893 1676 1960 ἐξ
1699 1892 1901 1957 αὐτῶν,

297 1977 373 2040 ὡς
398 1978 598 2041 είπεῖν,
631 1977 740 2030 τῶν
771 1976 988 2046 βάθρων
1013 1977 1228 2031 ἅπαντα
1261 1976 1647 2048 ἀνατρέπεται,
1674 1976 1768 2029 καὶ
1794 1974 1904 2028 λοι-

299 2060 402 2114 πὸν
430 2060 696 2133 ἀλλήλους
723 2059 1080 2132 κρύπτοντες,
1119 2061 1148 2114 6
1178 2059 1280 2129 μὲν
1312 2059 1379 2114 δι’
1408 2059 1645 2130 ὑποψίας
1669 2058 1784 2130 ἔχει
1809 2056 1906 2129 τὴν

297 2144 580 2215 γαμετὴν,
621 2146 654 2215 ή
689 2144 746 2197 δὲ
785 2143 877 2197 τὸν
918 2143 1108 2216 ἀνδρα.
1148 2145 1258 2197 Καὶ
1291 2143 1421 2198 ἔνθα
1452 2144 1620 2216 ἐχρῆν
1651 2143 1905 2214 ὁμόνοιαν

299 2225 441 2280 εἶναι
477 2228 573 2280 καὶ
606 2225 921 2298 σύνδεσμον,
945 2226 1038 2279 καὶ
1064 2227 1112 2280 οί
1137 2226 1445 2296 ὀφείλοντες
1477 2226 1614 2298 σὰρξ
1636 2221 1775 2280 εἶναι
1809 2225 1907 2296 μία

299 2307 618 2374 (Ἔσονται
659 2308 790 2378 γὰρ,
835 2310 1024 2378 φησὶν,
1075 2312 1130 2363 οἱ
1179 2310 1291 2363 δύο
1341 2312 1430 2375 εἰς
1476 2311 1679 2378 σάρκα
1711 2309 1905 2380 μίαν),

299 2383 448 2444 οῦτοι
485 2391 638 2463 γδιο]
671 2393 730 2443 ἐν
762 2391 1000 2463 τοσαύτῃ
1037 2391 1299 2463 διαιρέσει
1329 2390 1716 2462 τυγχάνουσιν,
1742 2392 1818 2456 ὡς
1859 2392 1907 2444 εἰ

301 2476 396 2530 καὶ
436 2476 914 2546 κατατετμημένοι
937 2471 1096 2546 ἦσαν.
1143 2475 1508 2530 Ἐπεισελθὼν
1531 2477 1640 2548 γάρ
1667 2478 1696 2529 6
1719 2476 1906 2530 διάϐο-

300 2559 391 2623 λος
430 2558 706 2629 τοσαύτην
755 2559 814 2612 ἐν
860 2559 1045 2623 αὐτοῖς
1093 2559 1389 2631 ἐργάζεται
1436 2559 1536 2631 τὴν
1583 2559 1782 2632 λύμην,
1830 2559 1908 2624 ὡς

300 2641 576 2712 πολέμους
605 2642 701 2695 καὶ
736 2643 916 2713 μάχας
946 2640 1322 2714 καθημερινὰς
1346 2642 1648 2705 τίκτεσθαι,
1680 2644 1773 2696 καὶ
1805 2661 1908 2714 μη-

299 2723 493 2778 δέποτε
529 2724 850 2779 ἀνάπαυλαν
881 2726 1029 2797 ἔχειν
1056 2727 1165 2780 τῶν
1207 2726 1414 2780 κακῶν.
1451 2726 1516 2779 Τί
1563 2728 1674 2796 γάρ
1711 2725 1776 2780 ἀν
1823 2743 1908 2791 τις

301 2812 445 2866 εἴποι
499 2811 684 2865 λοιπὸν
719 2811 828 2865 τῶν
876 2813 1106 2867 οίκετῶν
1153 2811 1253 2877 τὰς
1303 2813 1760 2885 καταφρονήσεις,
1799 2813 1909 2867 τῶν

302 2894 534 2964 πλησίον
567 2895 862 2949 οἰκούντων
903 2897 996 2949 τὸν
1049 2895 1284 2964 γέλωτα,
1338 2897 1438 2960 τὰς
1485 2897 1907 2970 ἀσχημοσύναςς

305 2976 573 3050 Καθάπερ
607 2979 719 3051 γάρ
745 2979 855 3032 τῶν
890 2978 1239 3052 κυϐερνητῶν
1273 2979 1700 3045 στασιαζόντων,
1730 2981 1820 3034 καὶ
1859 2982 1910 3034 οἱ

302 3060 633 3127 ἐμπλέοντες
657 3062 766 3115 τῶν
808 3063 1068 3116 κινδύνων
1100 3063 1566 3130 συναπολαύουσι,
1598 3066 1693 3117 καὶ
1714 3063 1910 3118 αὐτανε-

300 3146 426 3216 δρον
454 3146 671 3214 ἀνάγκη
701 3146 800 3217 τὴν
828 3145 964 3198 ναῦν
999 3147 1526 3215 καταποντισθῆναισ
1557 3148 1700 3200 οὕτω
1719 3148 1782 3218 δὴ
1814 3150 1909 3202 καὶ

303 3228 560 3292 ἐνταῦθα,
598 3227 691 3282 τοῦ
723 3229 918 3300 ἀνδρὸς
947 3230 1039 3282 καὶ
1073 3230 1171 3300 τῆς
1203 3230 1460 3298 γυναικὸς
1489 3230 1626 3301 πρὸς
1650 3231 1911 3301 ἀλλήλους

300 3310 830 3374 διαστασιαζόντων,
865 3311 960 3364 καὶ
1000 3312 1128 3376 τοὺς
1161 3312 1354 3374 ἀλλους
1389 3312 1636 3376 ἅπαντας
1676 3332 1912 3368 συναπο-

301 3394 490 3448 λαύειν
514 3394 624 3447 τῶν
656 3395 842 3447 κακῶν
876 3395 1045 3458 εἰκός.
1068 3394 1165 3447 Διά
1198 3396 1357 3448 τοῦτο
1384 3396 1706 3468 παρακαλῶ,
1733 3398 1914 3452 ταῦτα

306 3480 522 3531 ’ἅπαντα
542 3477 983 3548 προορωμένους,
1010 3476 1084 3548 μὴ
1100 3481 1166 3549 τῇ
1185 3479 1443 3550 συνηθείᾳ
1469 3481 1908 3535 κατακολουθεῖν.

303 3557 436 3616 Οἶδα
455 3561 564 3632 γάρ
589 3561 670 3614 ὅτι
697 3559 881 3613 πολλοί
905 3560 1110 3631 ταύτην
1141 3563 1273 3632 ἡμῖν
1307 3562 1739 3633 προϐαλλόμενοι
1787 3564 1912 3618 οὐδέ

303 3644 589 3714 ἀνέχονται
632 3642 742 3696 τῶν
796 3645 927 3715 παρ’
974 3644 1134 3714 ἡμῶν
1173 3645 1486 3715 λεγομένων
1522 3661 1536 3675 ’
1590 3645 1705 3699 ἀλλ’
1762 3647 1914 3718 ὅμως

303 3728 455 3799 ἡμᾶς
503 3725 718 3796 ἀνάγκη
775 3726 845 3780 τὰ
895 3726 1146 3798 λυσιτελῆ
1197 3728 1289 3781 καὶ
1348 3727 1417 3780 τά
1461 3731 1561 3800 τῆς
1615 3729 1914 3801 μελλούσης

305 3815 580 3878 κολάσεως
621 3812 1000 3884 ἐξαρπάζοντα
1043 3811 1240 3882 λέγειν.
1272 3815 1450 3869 Ὅπου
1475 3816 1584 3887 γὰρ
1617 3816 1763 3889 λύμη
1788 3835 1916 3871 τοσ-

307 3898 448 3968 αύτη
490 3895 689 3967 ψυχῆς,
715 3897 860 3959 τίνος
896 3897 1081 3951 ἕνεκέν
1103 3914 1192 3968 μοι
1222 3899 1509 3969 συνήθειαν
1560 3900 1740 3971 βούλει
1779 3919 1916 3974 προ-

308 3979 643 4044 ϐάλλεσθαι;
703 3979 836 4033 Ἰδοὺ
880 3979 1036 4048 κάγὼ
1085 3981 1372 4052 συνήθειάν
1420 3999 1503 4035 σοι
1539 3983 1914 4055 προϐάλλομαι

309 4064 556 4135 βελτίονα
580 4102 595 4127 ,
692 4064 741 4114 οί
765 4062 826 4127 ἐξ
854 4064 1027 4134 ἀρχῆς
1059 4063 1358 4134 ἐκέχρηντο
1378 4105 1391 4129 ,
1421 4066 1509 4118 ὅτε
1545 4067 1757 4120 οὐδέπω
1787 4085 1912 4121 τοσ-

309 4149 447 4219 αὕτη
498 4147 702 4216 γνῶσις
751 4143 819 4217 ἦν
863 4149 962 4217 τῆς
1015 4148 1320 4213 εὐσεϐείας.
1375 4151 1487 4202 Καὶ
1555 4151 1629 4222 μή
1681 4169 1772 4221 μοι
1823 4151 1915 4205 τὸν

310 4233 520 4287 δίκαιον
541 4231 771 4286 ἐνταῦθα
804 4231 1021 4300 λογίζου
1045 4273 1059 4297 ,
1094 4232 1186 4284 τὸν
1226 4232 1422 4286 Ἰακὼϐ
1456 4232 1602 4302 λέγω
1621 4277 1635 4301 ,
1662 4234 1801 4288 ἀλλά
1823 4236 1916 4289 τὸν

310 4315 499 4373 Λάϐαν
532 4316 725 4378 ἐννόει,
758 4314 929 4384 ἄνδρα
956 4314 1038 4367 ἔτι
1072 4318 1186 4380 τοῖς
1213 4316 1452 4380 εἰδώλοις
1479 4319 1914 4390 προσανέχοντα,

312 4399 408 4453 καὶ
444 4397 705 4468 οὐδεμίαν
734 4398 933 4465 γνῶσιν
963 4397 1158 4468 ἔχοντα
1197 4399 1298 4468 τῆς
1332 4400 1639 4464 εὐσεϐείας,
1671 4404 1763 4455 καὶ
1789 4420 1917 4456 τοσ-

316 4481 489 4551 αύτην
537 4479 853 4550 φιλοσοφίαν
887 4480 1352 4552 ἐπιδεικνύμενον.
1406 4483 1580 4537 Τοῦτο
1608 4484 1716 4557 γὰρ
1734 4486 1798 4538 οὐ
1821 4485 1915 4540 τοῦ

317 4563 602 4636 μέλλοντος
621 4558 688 4634 ἦν
712 4562 941 4630 ἄγεσθαι
972 4563 1070 4632 τὴν
1102 4564 1274 4635 κόρην
1296 4565 1357 4617 τὸ
1381 4566 1739 4638 κατόρθωμα,
1779 4568 1917 4624 ἀλλά

313 4647 409 4702 τοῦ
442 4645 652 4717 πατρὸς
692 4645 787 4698 τοῦ
821 4648 922 4716 τὴν
961 4646 1130 4716 κόρην
1151 4647 1470 4712 ἐκδιδόντος.
1508 4651 1585 4702 Δι’
1613 4650 1642 4702 ὃ
1668 4652 1762 4704 καὶ
1791 4652 1917 4706 τοῦ-

316 4748 409 4784 τον
455 4730 685 4799 ἐκίνησα
708 4729 798 4782 τὸν
827 4728 1004 4797 λόγον,
1035 4731 1157 4800 οὐχί
1187 4730 1324 4801 πρὸς
1351 4733 1475 4795 τούς
1505 4733 1772 4802 νυμφίους
1795 4752 1919 4788 τοσ-

312 4812 474 4868 οῦτον
510 4813 956 4884 ἀποτεινόμενος,
998 4815 1122 4867 ὅσον
1167 4815 1304 4885 πρὸς
1343 4816 1467 4878 τούς
1499 4819 1917 4887 γεγεννηκότας,

317 4897 458 4969 προς
507 4897 597 4950 τὸν
651 4897 864 4969 πατέρα
914 4897 1008 4951 τοῦ
1051 4898 1307 4966 νυμφίου,
1364 4898 1457 4951 καί⁵
1511 4899 1648 4970 πρὸς
1693 4901 1784 4954 τὸν
1820 4901 1919 4972 τὴν

318 4982 489 5050 κόρην
539 4979 816 5032 ἐκδιδόντα
869 4979 1036 5049 φημί.
1093 4979 1220 5043 Πῶς
1249 4981 1356 5050 γὰρ
1394 4981 1494 5033 οὐκ
1532 4981 1733 5038 ἄτοπον
1772 4985 1919 5055 ἡμᾶς

317 5065 446 5128 τοῦς
476 5063 744 5131 τοσαύτης
772 5063 1187 5125 ἀπολαύσαντας
1215 5062 1624 5134 φιλανθρωπίας
1647 5105 1662 5128 ,
1688 5067 1783 5119 καὶ
1810 5068 1919 5122 τῶν

319 5145 566 5219 φρικτῶν
621 5146 717 5199 καὶ
767 5146 1097 5216 ἀπορρήτων
1156 5146 1476 5217 μυστηρίων
1537 5147 1870 5213 ἀξιωθέντας
1902 5195 1916 5216 ,

318 5230 581 5292 ἐλάττους
629 5227 771 5280 κατά
812 5228 974 5280 τοῦτο
1019 5227 1264 5293 γίνεσθαι
1308 5227 1402 5282 τοῦ
1439 5229 1657 5293 Λάϐαν,
1702 5231 1794 5285 τοῦ
1841 5233 1920 5286 ἔτι

320 5311 519 5366 εἴδωλα
549 5310 976 5382 θεραπεύοντος;
1016 5312 1086 5363 Ἢ
1115 5311 1214 5364 οὐκ
1243 5311 1460 5375 ἀκούεις
1489 5313 1704 5366 Παύλου
1735 5314 1919 5384 λέγον-

319 5410 432 5457 τος,
457 5393 540 5446 ὅτι
570 5392 867 5462 μυστήριόν
901 5396 1047 5447 ἐστιν
1079 5394 1108 5445 6
1141 5395 1339 5463 γάμος,
1374 5395 1467 5448 καὶ
1495 5395 1659 5450 εἰκών
1684 5397 1798 5450 ἐστι
1823 5399 1922 5467 τῆς

321 5476 546 5546 ἀγάπης
569 5475 662 5530 τοῦ
693 5476 930 5545 Χριστοῦ
952 5515 967 5539 ,
1015 5476 1083 5547 ἦν
1114 5479 1242 5548 περί
1286 5477 1385 5548 τὴν
1450 5479 1776 5550 Ἐκκλησίαν
1821 5483 1921 5534 ἐπ-

320 5558 594 5624 εδείξατο;
621 5559 712 5628 Μὴ
747 5559 924 5612 τοίνυν
961 5560 1412 5631 καταισχύνωμεν
1446 5562 1695 5628 ἑαυτοὺς,
1726 5563 1820 5617 καὶ
1855 5563 1923 5617 τά

323 5641 500 5711 σεμνά
537 5639 632 5693 τοῦ
670 5641 852 5712 γάμου
891 5641 1313 5714 διαφθείρωμεν.
1379 5645 1442 5696 EE
1485 5645 1585 5716 μὲν
1618 5647 1725 5717 γὰρ
1758 5646 1922 5699 καλόν

323 5722 440 5777 ἐστι
464 5723 526 5776 τὸ
552 5723 652 5792 τῆς
689 5723 1000 5795 συμϐουλῆς
1029 5726 1122 5779 καὶ
1150 5727 1430 5796 ἐπωφελές
1454 5768 1468 5790 ,
1512 5729 1616 5782 κᾶν
1669 5730 1744 5799 μὴ
1795 5747 1922 5783 συν-

324 5806 479 5879 ήθεια
503 5805 563 5880 ᾖ,
593 5808 828 5876 γινέσθω
863 5823 877 5837 ⁸
919 5811 967 5861 εἰ
1011 5809 1068 5862 δὲ
1104 5809 1308 5879 βλάϐην
1347 5811 1469 5880 ἔχον
1512 5813 1605 5865 κα)⁸
1639 5812 1807 5865 πολὺν
1832 5814 1922 5867 τὸν

325 5890 546 5963 ὄλεθρον
595 5891 656 5943 τὸ
704 5888 799 5943 νῦν
837 5891 969 5961 παρ’
994 5892 1147 5960 ὑμῶν
1179 5892 1592 5964 ἐπιτελούμενον
1615 5938 1627 5959 ,
1668 5894 1770 5947 κᾶν
1799 5913 1921 5948 συν-

332 5975 480 6045 ήθεια
511 5971 567 6050 ᾗ,
596 5973 966 6042 ἐγκοπτέσθω.
986 5976 1137 6028 Ἐπεὶ
1170 5977 1217 6029 εξ
1246 5975 1403 6030 τοῦ-ο
1442 5981 1918 6050 συγχωρήσαιμεν,

329 6059 416 6113 καὶ
460 6063 488 6113 ό
539 6057 806 6122 κλέπτων,
853 6061 940 6112 καὶ
983 6062 1008 6112 ὁ
1047 6060 1340 6132 πορνεύων,
1400 6062 1487 6115 καὶ
1528 6067 1553 6117 ο
1612 6066 1706 6134 τὴν
1757 6064 1918 6135 ἄλλην

1334 451 1401 508 ΙΝ
1435 451 1592 508 CAP.
1631 451 1802 510 XXIX
1843 449 2094 508 GENES.
2139 451 2371 510 IIOMIL.
2414 451 2528 508 LVI

3489 448 3594 506 ιεδ

2005 563 2224 618 ἃπασαν
2265 561 2465 618 κακίαν
2503 561 2943 634 ἐπιδεικνύμενος
2965 600 2980 626 ,
3013 559 3112 632 τὴν
3142 556 3429 633 συνήθειαν
3466 561 3602 632 ήμιν

1955 647 2388 719 *προϐαλεῖταιο
2433 647 2550 701 ἀλλ’
2601 646 2758 701 οὐδὲν
2803 643 2912 700 ἀπὺ
2955 643 3147 699 τούτου
3201 640 3403 714 κέρδος,
3450 642 3604 715 αὑτῷ

1998 732 2171 795 ἔσται,
2202 732 2323 786 οὐδέ
2359 730 2682 804 συγγνώμη,
2706 728 2846 785 ἀλλά
2873 729 2969 785 καὶ
3008 728 3178 799 πολλὴ
3207 728 3241 800 ή
3270 725 3602 801 κατηγορία,

1998 816 2080 870 ὅτι
2109 815 2210 870 οὐκ
2242 814 2432 887 ῐσχυσε
2457 814 2749 886 συνηθείας
2780 810 3164 886 περιγενέσθαι
3195 811 3460 882 πονηρᾶς.
3550 822 3555 827 ‘

2071 897 2137 969 β’.
2177 898 2305 952 Ἐἀν
2342 899 2452 972 γὰρ
2494 897 2816 969 βουλώμεθα
2847 897 3077 966 νήφειν,
3125 894 3222 948 καὶ
3266 892 3470 964 πολλὴν
3506 891 3608 963 τῆς

1999 980 2210 1037 ἑαυτῶν
2244 982 2521 1053 σωτηρίας
2542 979 2811 1036 ποιεῖσθαι
2839 981 2939 1051 τήν
2964 975 3245 1051 φροντίδα,
3265 974 3609 1048 δυνησόμεθα

2000 1068 2096 1121 καὶ
2140 1066 2239 1138 τῆς
2293 1067 2472 1138 κακῆς
2517 1064 2807 1136 συνηθείας
2828 1061 3133 1132 ἀποστῆναι
3152 1101 3168 1123 ,
3198 1059 3294 1114 καὶ
3321 1061 3402 1122 είς
3437 1056 3609 1127 καλήν

2002 1147 2291 1220 συνήθειαν
2329 1150 2559 1212 ἐαυτοὺς
2592 1148 2819 1218 ἀγαγεῖν
2847 1164 2862 1180 ο
2922 1146 3017 1200 καὶ
3046 1144 3189 1199 οὑτω
3217 1143 3313 1197 καὶ
3345 1145 3459 1207 τοῖς
3487 1140 3608 1213 μεθ’

2001 1232 2152 1303 ἡμᾶς
2201 1232 2264 1286 οὐ
2325 1232 2526 1304 μικρὰν
2580 1231 2894 1302 παρέξομεν
2930 1227 3189 1299 ἀφορμὴν
3227 1225 3323 1280 τοῦ
3362 1224 3431 1278 τά
3468 1222 3609 1278 αὐτὰ

2003 1313 2233 1385 ζηλοῦν,
2286 1315 2380 1369 καὶ
2416 1314 2528 1369 τῶν
2568 1313 2661 1368 ὑπ’
2694 1313 2921 1368 ἐκείνων
2952 1309 3408 1382 κατορθουμένων
3446 1309 3610 1379 ἡμεῖς

2003 1395 2294 1469 ληψόμεθα
2327 1396 2420 1450 τὸν
2469 1397 2682 1468 μισθόν.
2726 1397 2785 1450 Ὀ
2812 1396 2921 1467 γὰρ
2949 1394 3050 1466 τὴν
3087 1391 3262 1466 ἀρχὴν
3307 1387 3609 1462 παρασχὼν

2002 1481 2104 1549 τῆς
2133 1481 2308 1552 καλῆς
2341 1479 2484 1546 όδοῦ,
2520 1473 2676 1546 οὗτος
2707 1479 2936 1534 καὶτῶν
2960 1478 3052 1548 ὑφ’
3085 1478 3287 1549 ἐτέρων
3308 1475 3611 1545 γινομένων

2005 1563 2155 1636 [5M]
2181 1566 2353 1628 αῖτιος
2379 1564 2554 1628 ἔσται,
2587 1564 2684 1618 καὶ
2710 1561 2938 1618 διπλοῦν
2963 1563 3244 1632 κομιεῖται
3271 1558 3363 1612 τὸν
3395 1555 3608 1628 μισθὸν,

2004 1648 2145 1719 ὑπὲρ
2166 1640 2243 1701 ὧν
2262 1664 2321 1702 τε
2344 1647 2509 1712 αὐτὸς
2531 1647 2807 1719 κατορθοῖ,
2828 1645 2972 1718 ὑπὲρ
2998 1639 3072 1699 ὧν
3092 1661 3152 1697 τε
3179 1640 3612 1714 ἐτέρους-ἐπάγει

2004 1732 2085 1794 εἰς
2104 1731 2204 1802 τὴν
2229 1731 2461 1802 ἀρίστην
2490 1729 2696 1801 ταύτην
2731 1728 3073 1799 φιλοσοφίαν.
3098 1728 3188 1799 Μή
3216 1744 3309 1798 μοι
3331 1725 3400 1778 τὰ
3425 1723 3611 1797 ψυχρά

2005 1815 2188 1868 ἐκεῖνα
2237 1816 2457 1886 ῥήματα
2501 1815 2598 1868 καὶ
2643 1813 2882 1884 γέλωτος
2920 1812 3162 1883 γέμοντα
3203 1808 3610 1881 προϐάλλεσθε,

2004 1896 2254 1966 λέγοντες
2285 1898 2495 1969 νόμιμά
2516 1914 2638 1951 τινα
2657 1892 2799 1950 εἶναι
2825 1895 3021 1956 ταῦτα,
3057 1894 3152 1947 καὶ
3175 1892 3265 1947 διὰ
3290 1892 3452 1946 τοῦτο
3471 1890 3612 1962 πλη-

2008 1980 2235 2052 ροῦσθαι
2263 1983 2390 2052 χρή.
2413 1981 2488 2034 Οὐ
2511 1979 2685 2035 ταῦτα
2700 1980 2808 2052 γὰρ
2831 1979 3064 2050 νόμιμον
3088 1979 3236 2030 ποιεῖ
3251 1974 3612 2036 συνοικέσιον,

2006 2062 2144 2117 ἀλλά
2190 2062 2250 2116 τὸ
2301 2062 2445 2118 κατά
2489 2064 2618 2129 τοὺς
2660 2061 2756 2117 τοῦ
2795 2062 2932 2116 Θεοῦ
2972 2061 3172 2132 νόμους
3211 2057 3350 2130 μετά
3396 2073 3614 2128 σωφρο-

2010 2145 2176 2217 σύνης
2209 2146 2304 2200 καὶ
2349 2146 2680 2218 σεμνότητος
2713 2147 2812 2220 τήν
2841 2143 3158 2200 συνέλευσιν
3191 2141 3474 2212 γίνεσθαι,
3519 2141 3614 2196 καὶ

2007 2234 2073 2303 τῇ
2103 2231 2326 2302 όμονοία
2359 2230 2779 2302 συμπεπλέχθαι
2832 2229 2962 2294 τούς
3006 2227 3260 2299 ἀλλήλοις
3307 2224 3611 2288 συνιόντας.

2007 2313 2180 2367 Τοῦτο
2222 2312 2318 2366 καὶ
2358 2314 2410 2367 οί
2464 2312 2665 2380 ἔξωθεν
2712 2313 2864 2368 ἴσασι
2897 2311 3090 2383 νόμοι,
3139 2311 3234 2364 καὶ
3263 2308 3472 2380 ἀκούσῃ
3506 2305 3615 2362 τῶν

2007 2397 2138 2468 περὶ
2183 2396 2359 2451 ταῦτα
2402 2397 2780 2468 ἐσχολακότων
2823 2395 3093 2465 λεγόντων
3117 2434 3131 2459 ,
3164 2394 3248 2447 ὅτι
3280 2391 3616 2446 συνοικέσιον

2007 2479 2160 2533 οὐδὲν
2205 2479 2393 2551 ἕτερον
2434 2478 2752 2551 συνίστησιν
2802 2479 2835 2550 ἢ
2890 2477 3168 2550 συνήθεια.
3200 2475 3291 2548 Μὴ
3311 2475 3491 2530 τοίνυν
3522 2475 3614 2548 καὶ

2007 2564 2135 2626 τοὺς
2180 2562 2274 2616 τοῦ
2318 2562 2453 2616 Θεοῦ
2496 2563 2696 2632 νόμους
2726 2561 3066 2634 παραϐῶμεν
3102 2559 3242 2630 μετὰ
3269 2561 3380 2613 τῶν
3407 2558 3616 2632 ἀνθρω-

2009 2646 2198 2708 πίνων,
2242 2647 2337 2699 καὶ
2368 2645 2728 2717 προτιμῶμεν
2755 2646 2886 2708 τοὺς
2918 2643 3261 2707 διαϐολικούς
3292 2642 3491 2713 νόμους
3520 2641 3616 2695 καὶ

2008 2730 2107 2802 τὴν
2157 2729 2406 2801 ὀλεθρίαν
2456 2729 2662 2800 ταύτην
2707 2728 3039 2800 συνήθειανο
3077 2727 3288 2782 ἐκείνου
3339 2725 3450 2798 γάρ
3500 2726 3618 2779 ἐστι

2009 2812 2172 2883 νόμος
2200 2812 2396 2877 ταῦτα,
2431 2812 2527 2866 τοῦ
2558 2814 2842 2885 χαίροντος
2874 2812 2963 2866 ἀελ⁵
2999 2814 3066 2883 τῇ
3107 2809 3357 2880 ἀπωλείᾳ
3384 2811 3451 2879 τῇ
3483 2809 3619 2878 ἠμε-

2008 2896 2164 2966 τέρᾳ.
2224 2895 2289 2949 Τί
2321 2891 2413 2950 οὖν
2441 2895 2507 2949 ἂν
2539 2896 2751 2966 γένοιτο
2783 2895 3319 2966 καταγελαστότερον
3352 2892 3452 2962 τῆς
3486 2908 3620 2944 συν-

2010 2981 2199 3052 ηθείας
2226 2979 2432 3052 ταύτης
2452 3020 2467 3043 ,
2502 2981 2630 3034 ὅταν
2661 2980 2767 3033 ὑπὸ
2804 2981 3032 3033 οίκετῶν
3055 2980 3151 3034 καὶ
3175 2973 3618 3050 τριωϐολιμαίων

2012 3063 2316 3134 ἀνθρώπων
2348 3064 2662 3135 σκώμματα
2692 3064 2784 3116 καὶ
2811 3063 3078 3136 λοιδορίας
3113 3061 3382 3133 ἀπείρους
3416 3059 3618 3129 δέχων-

2013 3163 2104 3200 ται
2140 3149 2233 3200 καὶ
2259 3150 2287 3200 6
2319 3146 2459 3218 ἀνὴρ
2489 3148 2583 3200 καὶ
2606 3148 2639 3217 ή
2667 3145 2841 3216 γυνὴ,
2868 3147 2963 3199 καὶ
2992 3146 3168 3208 οὐδεὶς
3269 3146 3298 3197 6
3320 3142 3618 3214 ἐπιτιμῶν.

2012 3229 2125 3282 ἀλλ’
2167 3230 2344 3294 ἔξεστι
2383 3229 2463 3299 τῷ
2502 3229 2810 3300 βουλομένῳ
2865 3228 3036 3292 ἀδεῶς
3083 3227 3228 3281 κατά
3251 3226 3350 3298 τὴν
3378 3223 3619 3296 ἑσπέραν

2013 3313 2231 3367 ἅπαντα
2278 3312 2632 3382 φθέγγεσθαι,
2665 3315 2757 3366 καὶ
2794 3311 3008 3382 βάλλειν
3043 3313 3156 3374 τοῖς
3190 3308 3493 3379 σκώμμασι
3523 3307 3620 3362 καὶ

2013 3398 2106 3451 τὸν
2156 3396 2389 3466 νυμφίον
2451 3395 2546 3448 καὶ
2602 3397 2702 3465 τὴν
2758 3393 3008 3466 νύμφην;
3066 3395 3177 3448 Καὶ
3217 3395 3276 3446 ἐν
3315 3392 3482 3464 ἑτέρᾳ
3518 3391 3622 3462 μὲν

2015 3484 2200 3553 ἡμέρᾳ
2232 3481 2326 3534 ἐάν
2359 3498 2443 3542 τις
2465 3480 2793 3552 ἐπιχειρήσῃ
2819 3477 3266 3548 λοιδορήσασθαι,
3290 3475 3621 3546 δικαστήρια

2015 3567 2186 3636 αὐτῷ,
2244 3566 2337 3618 καὶ
2387 3563 2705 3632 ἀπαγωγαὶ,
2760 3563 2856 3616 καὶ
2909 3561 3192 3615 κίνδυνοι·
3241 3560 3364 3612 τότε
3413 3558 3493 3623 δέ,
3529 3560 3621 3614 ὅτε

2019 3650 2254 3722 μάλιστα
2291 3647 2493 3720 πολλὴν
2536 3647 2702 3718 ἐχρῆν
2748 3640 2887 3698 εἶναι
2933 3645 3034 3716 τὴν
3069 3643 3224 3710 αἱδὼ,
3272 3643 3475 3715 πολλὴν
3521 3643 3622 3716 τὴν

2014 3731 2350 3802 κοσμιότητα
2369 3771 2384 3794 ,
2435 3728 2637 3800 πολλὴν
2675 3729 2775 3798 τὴν
2807 3728 3030 3790 ἁγνείαν
3050 3767 3065 3793 ,
3101 3725 3374 3797 τοσαύτης
3403 3726 3622 3782 ἅπαντα

2017 3815 2350 3886 πληροῦνται
2380 3813 2478 3884 τῆς
2507 3811 2899 3884 ἀσχημοσύνης
2964 3811 3040 3876 ὡς
3081 3810 3231 3875 είκὺς
3256 3811 3347 3865 τὸν
3375 3809 3622 3866 διάϐολον

2018 3897 2429 3970 στρατηγοῦντα
2486 3895 2660 3949 ταῦτα
2715 3896 2932 3949 ἅπαντα
2983 3894 3412 3948 ἐπιδείκνυσθαι.
3459 3891 3621 3950 Ἀλλά

2020 3985 2095 4055 μὴ
2143 3981 2545 4052 δυσχεραίνετε,
2595 3978 2900 4051 παρακαλῶ
2935 3997 2949 4010 ο
2990 3979 3112 4032 οὐδὲ
3157 3979 3266 4049 γὰρ
3305 3977 3495 4041 ἀπλῶς
3541 3977 3624 4045 εἰς

2015 4067 2203 4121 τοῦτον
2252 4064 2445 4135 ἐξέϐην
2488 4063 2578 4116 τὸν
2622 4065 2801 4132 λόγον,
2843 4062 2981 4117 ἀλλά
3014 4063 3312 4133 κηδόμενος
3337 4061 3492 4133 ὑμῶν
3527 4065 3621 4120 καὶ

2016 4152 2115 4222 τῆς
2157 4148 2430 4221 σωτηρίας
2483 4149 2577 4201 καὶ
2621 4148 2718 4218 τῆς
2772 4145 3091 4216 εὐκοσμίας,
3145 4145 3240 4199 καὶ
3298 4144 3622 4215 βουλόμενος

2018 4235 2164 4306 ὑμᾶς
2199 4234 2300 4303 τὴν
2344 4232 2576 4303 ἀρίστην
2612 4231 2817 4301 ταύτην
2860 4228 3161 4301 μεταϐολὴν
3203 4227 3575 4292 ἐπιδείξασθαι
3602 4265 3619 4292 ,

2018 4319 2113 4373 καὶ
2143 4317 2245 4386 τῆς
2278 4316 2453 4386 καλῆς
2486 4314 2690 4384 ταύτης
2719 4313 3005 4383 συνηθείας
3040 4312 3318 4384 ἀρχηγοις
3344 4310 3621 4382 καταστῆ-

2017 4418 2122 4455 ναι.
2161 4400 2287 4454 Ἐὰν
2315 4400 2422 4469 γάρ
2451 4397 2612 4469 μόνον
2645 4396 2789 4469 ἀρχὴ
2835 4396 2930 4449 καὶ
2960 4396 3082 4458 ὁδὸς
3105 4395 3333 4463 γένηται
3363 4394 3458 4446 τοῦ
3481 4393 3622 4465 πρά-

2018 4500 2250 4556 γματος,
2284 4483 2427 4536 κατὰ
2464 4480 2657 4552 μικρὸν
2687 4475 2768 4543 εἷς
2795 4479 2887 4532 τὸν
2912 4479 3008 4532 ἕνα
3031 4477 3321 4549 ζηλοῦντες
3345 4477 3436 4531 τὸν
3455 4476 3621 4532 καλὸν

2017 4567 2206 4621 τοῦτον
2244 4566 2337 4620 καὶ
2367 4565 2652 4618 ἐπαινετὸν
2679 4562 2864 4632 ζῆλον,
2892 4563 3101 4625 πάντας
3125 4561 3414 4626 ἐπαινέτας
3444 4561 3619 4627 ἕξετε,

2021 4649 2117 4704 καὶ
2138 4649 2198 4702 οὐ
2241 4648 2401 4718 μόνον
2436 4649 2485 4701 οἰ
2526 4647 2627 4716 τὴν
2658 4645 2813 4698 πόλιν
2842 4645 3120 4708 οἰκοῦντες
3147 4646 3482 4717 μιμήσονται
3521 4645 3621 4718 τὴν

2020 4731 2317 4800 καλλίστην
2353 4730 2558 4800 ταύτην
2587 4728 2891 4799 μεταϐολὴν
2915 4767 2931 4793 ,
2959 4727 3097 4782 ἀλλά
3127 4730 3218 4782 καὶ
3250 4729 3371 4792 τοὺς
3401 4729 3621 4801 πόρρω-

2021 4815 2111 4868 θεν
2143 4813 2424 4877 οἰκοῦντας
2450 4811 2852 4877 ἐπισπάσεσθε,
2896 4811 2990 4866 καὶ
3033 4811 3283 4882 ζηλωτὰς
3322 4814 3623 4884 ὑμετέρους

2021 4898 2424 4967 καταστήσετε,
2469 4895 2564 4949 καὶ
2599 4896 3000 4950 πολυπλασίονα
3041 4897 3132 4950 τὸν
3167 4897 3322 4968 παρὰ
3351 4896 3444 4950 τοῦ
3483 4895 3620 4949 Θεοῦ

2021 4981 2301 5053 κομιεῖσθε
2338 4979 2600 5046 στέφανον
2621 5021 2634 5042 ,
2663 4979 2746 5032 ὅτι
2775 4979 2864 5032 διὰ
2899 4979 2990 5032 τὸν
3025 4981 3121 5033 τοῦ
3165 4979 3301 5033 Θεοῦ
3335 4980 3499 5048 φόϐον
3524 4978 3621 5032 καὶ

2021 5064 2118 5135 τὴν
2149 5065 2278 5134 παρ’
2312 5061 2478 5114 αὐτοῦ
2513 5061 2752 5131 ἐντολὴν,
2783 5062 2882 5131 τῆς
2909 5065 3205 5133 σατανικῆς
3236 5062 3439 5132 ταύτης
3467 5079 3623 5132 περι-

2021 5148 2283 5216 γεγόνατε
2336 5145 2644 5214 συνηθείας.
2717 5145 2856 5197 Ἀλλ’
2909 5148 2990 5199 ὅτι
3045 5147 3144 5216 μὲν
3205 5146 3422 5210 δέξεσθε
3483 5146 3624 5216 μετά

2024 5230 2332 5302 προθυμίας
2361 5229 2566 5297 ταύτην
2595 5228 2751 5300 ἡμῶν
2772 5229 2870 5299 τὴν
2891 5229 3223 5300 συμϐουλὴν,
3243 5231 3335 5283 καὶ
3360 5233 3437 5291 εἰς
3461 5231 3621 5301 ἔργον

2021 5314 2190 5385 αὐτὴν
2225 5313 2412 5380 ἀξετε,
2455 5314 2658 5383 σφόδρα
2696 5313 3018 5382 πέπεισμαι.
3086 5313 3259 5381 Ὁρῶν
3307 5314 3418 5385 γὰρ
3477 5316 3621 5384 ὑμᾶς

2027 5398 2166 5468 μετὰ
2194 5398 2462 5467 τοσαύτης
2490 5397 2681 5466 ἡδονῆς
2710 5395 3006 5460 ἀκούοντας
3028 5395 3138 5448 τῶν
3161 5397 3489 5467 λεγομένων,
3514 5399 3623 5452 ἀπὸ

2021 5481 2116 5534 τοῦ
2152 5481 2346 5552 κρότου
2383 5479 2476 5532 καὶ
2503 5479 2610 5531 τῶν
2635 5477 2874 5530 ἐπαίνων
2901 5479 3256 5549 στοχάζομαι,
3278 5481 3359 5532 ὅτι
3377 5481 3467 5532 καὶ
3485 5480 3620 5551 πρὸς

2022 5565 2120 5637 τὴν
2162 5565 2252 5618 διὰ
2288 5564 2396 5616 τῶν
2444 5562 2621 5634 ἔργων
2663 5562 3003 5633 κατόρθωσιν
3057 5564 3470 5634 ὲπειχθήσεσθε.
3533 5565 3623 5617 Διὸ

2023 5648 2313 5719 ἀρκεσθεὶς
2347 5648 2456 5709 τοῖς
2486 5645 2799 5716 εἰρημένοις
2821 5646 2914 5698 ἐπὶ
2939 5645 3037 5716 τὴν
3064 5647 3391 5701 ἀκολουθίαν
3415 5648 3510 5701 τοῦ
3533 5648 3622 5701 λό-

2024 5749 2123 5799 γου
2172 5729 2448 5801 ἐπανήξω.
2505 5729 2616 5781 Καὶ
2664 5727 2937 5795 ἐγένετο,
2991 5730 3190 5800 φησὶν,
3223 5729 3488 5798 ἑσπέρα,
3522 5732 3621 5786 καί

2023 5816 2202 5869 ἔλαϐε
2230 5813 2433 5869 Λάϐαν
2467 5811 2584 5879 τὴν
2612 5812 2796 5865 Λείαν
2819 5811 2933 5881 τὴν
2960 5813 3256 5882 θυγατέρα
3284 5813 3493 5881 αὐτοῦ,
3523 5815 3624 5870 καί

2032 5897 2349 5968 εἰσήγαγεν
2399 5895 2594 5962 αὐτὴν·
2644 5895 2795 5962 πρὸς
2841 5896 2947 5948 τὸν
2999 5897 3223 5951 Ἰακώϐ.

2101 5983 2190 6052 Μὴ
2227 5981 2407 6043 ἁπλῶς
2454 5981 2589 6052 μηδέ
2623 5978 2782 6031 τοῦτο
2828 5980 3305 6050 παραδράμωμεν·
3353 5981 3468 6036 ἔστι
3517 5983 3620 6050 γὰρ

2032 6064 2123 6118 καὶ
2155 6065 2218 6119 ἐκ
2247 6063 2433 6120 τούτου
2487 6061 2655 6118 πολλὰ
2699 6061 2942 6115 συνιδεῖν·
2977 6062 3034 6114 ἓν
3067 6064 3164 6131 μὲν
3203 6061 3289 6117 τοῦ
3339 6064 3531 6119 Ἰακὼϐ
3561 6064 3621 6118 τὸ
