4120 6500
335 510 436 567 629

334 625 592 695 deceptus
630 622 701 678 sit
728 643 740 679 :
772 622 1088 690 secundum,
1120 621 1267 695 quod
1294 630 1439 677 tanta
1463 618 1721 676 facilitate
1747 614 1927 672 omnia

337 715 367 769 tl
390 724 487 779 tut,
516 724 571 769 ct
590 729 850 786 nusquam
880 714 1175 783 lampades,
1205 714 1437 779 choreae,
1469 712 1717 782 facesque
1742 717 1938 780 pra-ter

336 820 465 859 usus
505 805 918 861 necessitatem:
949 807 1017 859 ita
1059 815 1117 860 ut
1158 814 1214 861 et
1250 804 1495 874 dcceptio
1535 802 1716 858 Laban
1747 801 1929 856 locum

341 898 607 953 habuerit.
651 898 948 953 Possumus
994 907 1175 954 autem
1215 907 1270 953 et
1300 897 1386 952 hic
1420 895 1619 960 videre,
1665 889 1937 964 quomodo

342 989 521 1046 Laban
570 1004 762 1059 magna
806 988 1089 1045 aﬂectione
1127 989 1373 1046 dilexerit
1412 987 1597 1044 Iacob.
1643 984 1756 1040 lloc
1793 982 1941 1038 enim

338 1091 676 1136 commentus
717 1090 818 1147 est,
849 1091 908 1138 ut
932 1083 1131 1138 diutius
1176 1082 1315 1153 apud
1346 1097 1404 1138 se
1426 1082 1633 1152 justum
1662 1079 1936 1133 retineret.

332 1173 546 1227 Sciebat
569 1173 784 1243 quidem
811 1174 955 1244 quod
991 1174 1212 1231 alterius
1242 1189 1427 1230 amore
1466 1172 1740 1244 ﬂagraret,
1773 1180 1937 1239 atque

335 1268 381 1318 si
410 1264 518 1318 voti
556 1280 778 1335 compos
807 1266 979 1333 llerct,
1012 1281 1119 1321 non
1140 1267 1361 1338 eligeret
1382 1264 1604 1336 posthac
1624 1262 1941 1319 servitutem

345 1365 567 1426 propter
595 1357 747 1412 Liam
775 1359 1066 1421 sustinere,
1102 1374 1200 1414 nec
1226 1358 1386 1413 vellet
1410 1372 1535 1412 cum
1560 1372 1627 1411 eo
1653 1354 1896 1409 habitare
1922 1368 1937 1405 :

337 1458 393 1502 ct
421 1459 703 1520 propterea
741 1448 863 1519 quia
897 1448 1027 1503 vidit
1056 1447 1236 1503 Lahan
1269 1449 1523 1502 virtutem
1550 1448 1671 1513 viri,
1703 1456 1753 1501 et
1787 1444 1940 1514 cogi-

342 1540 472 1593 tavit
500 1554 559 1594 se
589 1553 699 1593 non
736 1540 892 1593 aliter
924 1554 1049 1593 eum
1083 1540 1301 1595 vincere
1330 1548 1384 1594 et
1411 1537 1738 1609 persuadere
1758 1551 1939 1606 posse,

337 1631 413 1686 ita
434 1646 558 1686 eum
583 1628 817 1700 decepit,
836 1640 893 1686 et
914 1630 1062 1685 dedit
1082 1632 1129 1685 ei
1150 1612 1308 1685 Liam
1338 1646 1463 1685 cum
1494 1629 1693 1697 Zelpha
1725 1627 1939 1682 ancilla.

342 1722 545 1778 Deinde
574 1738 696 1777 eum
723 1732 1037 1793 argueretur
1062 1738 1091 1776 a
1118 1723 1265 1792 justo
1296 1722 1437 1791 quod
1472 1735 1595 1776 eum
1618 1719 1940 1788 decepisset,

341 1818 624 1871 honestam
653 1815 827 1870 attulit
876 1816 1303 1871 excusationem.
1335 1815 1466 1869 Nam
1491 1824 1776 1883 postquam
1806 1812 1942 1865 dixit

334 1908 502 1963 Jacnb
531 1925 545 1961 :
578 1908 668 1963 25.
701 1908 869 1975 Quare
896 1908 1021 1960 mihi
1046 1909 1141 1961 hoc
1165 1907 1371 1978 fecisti?
1398 1924 1564 1959 nonne
1598 1915 1804 1974 propter
1830 1903 1942 1957 Ra-

338 2000 451 2052 chel
481 2000 658 2052 servivi
695 1998 827 2051 tibi?
854 2008 909 2065 et,
928 2015 1087 2067 quare
1114 1998 1356 2064 decepisti
1386 1996 1506 2051 me?
1527 1996 1651 2065 quid
1683 2011 1810 2064 ergo
1840 1994 1941 2047 La-

339 2088 483 2143 han?
520 2088 613 2143 26.
657 2086 778 2141 Non
822 2097 895 2142 est
930 2088 1001 2141 sie
1047 2088 1099 2140 in
1130 2088 1224 2141 hoc
1276 2088 1387 2141 loco
1430 2095 1482 2139 ut
1518 2086 1741 2140 elocetur
1759 2084 1945 2155 jnnior

338 2184 485 2248 prius
504 2199 654 2252 quam
682 2183 850 2253 major
879 2191 1019 2235 natu.
1043 2181 1132 2235 27.
1164 2180 1364 2250 Perﬁce
1387 2180 1545 2250 igitur
1573 2178 1943 2232 hebdomadam

338 2275 507 2337 istius,
553 2283 598 2326 et
643 2275 775 2327 dabo
820 2273 909 2326 tibi
951 2274 1102 2327 etiam
1148 2272 1279 2325 hanc
1320 2288 1411 2341 pro
1442 2270 1633 2333 labore,
1681 2278 1728 2323 et
1769 2283 1939 2334 opere,

338 2367 476 2434 quod
501 2365 787 2434 aparabcris
830 2364 972 2431 apud
1018 2380 1097 2419 me
1141 2364 1309 2417 adhuc
1353 2364 1502 2415 annis
1539 2370 1748 2430 septem.
1783 2360 1946 2414 Vides

342 2460 495 2513 illum
523 2473 585 2525 ea
614 2458 682 2513 de
702 2471 859 2511 eausa
895 2457 1008 2512 haec
1030 2458 1210 2511 omnia
1242 2463 1605 2511 commentum
1634 2467 1775 2508 esse.
1809 2452 1943 2507 Nam

343 2550 468 2618 quia
496 2548 627 2602 vidit
670 2563 909 2603 amorem
946 2562 1105 2617 quem
1149 2562 1273 2617 erga
1302 2545 1536 2616 puellam
1568 2544 1822 2609 habebat,
1864 2544 1949 2597 in-

339 2642 457 2711 quit
485 2657 499 2693 :
529 2638 603 2694 Ne
630 2650 783 2709 putes
829 2638 1018 2709 injuria
1062 2647 1114 2693 te
1138 2637 1277 2692 allici
1310 2655 1323 2690 :
1357 2636 1620 2703 Quoniam
1652 2633 1769 2688 hare
1804 2634 1944 2703 apud

342 2747 445 2786 nos
472 2731 561 2786 lex
589 2739 692 2797 est,
726 2739 779 2785 ut
803 2730 1032 2801 primum
1064 2728 1262 2798 nuptiis
1303 2727 1544 2783 tradatur
1575 2726 1747 2796 major
1777 2734 1902 2779 natu
1928 2741 1943 2780 :

341 2833 626 2894 propterea
661 2824 763 2879 hoc
795 2824 1011 2894 quidem
1049 2823 1245 2878 factum
1283 2832 1399 2887 est;
1430 2822 1661 2891 accipies
1688 2831 1868 2876 autem
1893 2829 1949 2876 et

342 2917 483 2973 hanc
510 2931 669 2987 quam
692 2930 862 2982 amas,
887 2917 930 2970 si
957 2916 1163 2971 similes
1187 2923 1393 2986 septem
1417 2928 1588 2969 annos
1614 2928 1712 2984 pro
1734 2928 1797 2969 ea
1827 2928 1948 2969 ser-

341 3009 529 3064 vieris.
569 3009 773 3077 Quibus
815 3007 1010 3063 auditis
1032 3009 1209 3079 justus
1248 3007 1427 3062 omnia
1470 3015 1721 3078 prompto
1766 3007 1950 3062 animo

341 3101 619 3170 suscepit:
650 3109 703 3156 et
726 3109 847 3171 post
871 3100 969 3155 hos
994 3100 1129 3155 alios
1151 3113 1323 3154 annos
1362 3106 1568 3167 septem
1595 3097 1696 3170 (a),
1727 3098 1821 3153 28.
1851 3097 1949 3153 De-

344 3192 441 3257 dit,
472 3192 661 3262 inquit,
693 3191 873 3246 Laban
900 3190 1096 3246 Rachel
1115 3192 1279 3261 [ilium
1298 3206 1445 3245 suam
1470 3191 1516 3244 ei
1539 3206 1769 3244 uxorem.

416 3285 473 3339 5.
500 3283 802 3356 Polygomia
816 3285 971 3349 olim;
1005 3300 1139 3337 nunc
1176 3283 1535 3353 monogamia;
1561 3298 1669 3336 cur.
1694 3311 1765 3323 —-
1789 3281 1953 3347 Vides

346 3378 542 3432 iterum
566 3378 776 3447 nuptias
800 3378 913 3432 lteri
928 3391 1049 3431 cum
1073 3391 1261 3446 magna
1284 3375 1583 3430 honestate.
1604 3373 1713 3430 Sed
1729 3373 1953 3430 audiens

345 3484 479 3524 eum
497 3468 772 3539 accepisse
797 3469 1063 3537 majorem
1088 3476 1236 3534 natu,
1267 3476 1323 3522 et
1349 3476 1533 3538 postea
1560 3467 1849 3533 minorem,
1883 3482 1954 3523 ne

347 3558 618 3615 turberis:
646 3574 820 3630 neque
844 3558 1139 3614 secundum
1166 3568 1364 3613 statum
1390 3558 1482 3629 qui
1502 3573 1644 3613 nunc
1664 3567 1769 3624 est,
1791 3573 1954 3628 opera

345 3666 470 3721 qua
498 3659 625 3706 tunc
650 3648 785 3707 facta
813 3659 941 3705 sunt
957 3648 1189 3720 judices.
1240 3648 1392 3705 Tunc
1416 3649 1561 3706 enim
1592 3650 1719 3721 quia
1749 3650 1956 3721 princi-

350 3744 437 3815 pia
468 3754 646 3811 erant,
680 3742 1000 3813 permissum
1030 3740 1130 3798 fuit
1154 3757 1278 3819 cum
1321 3741 1529 3798 duabus
1557 3742 1639 3797 vel
1672 3741 1839 3797 tribus
1868 3740 1956 3797 vel

350 3836 596 3909 pluribus
625 3834 885 3891 uxoribus
912 3834 1162 3900 misceri,
1203 3843 1263 3889 ut
1296 3832 1594 3888 humanum
1622 3845 1792 3901 genus
1832 3845 1959 3901 pro—

352 3940 676 4000 pagaretur;
706 3941 848 3983 nunc
874 3942 1003 3983 vero
1030 3928 1152 3998 quia
1176 3941 1272 3997 per
1292 3926 1387 3983 Dei
1409 3930 1634 3997 gratiam
1665 3926 1956 3980 humanum

351 4035 523 4094 genus
561 4020 715 4076 valde
745 4019 1161 4091 multiplicatum
1186 4027 1268 4075 est
1287 4060 1304 4086 ,
1333 4019 1503 4074 virtus
1545 4033 1758 4090 quoque
1787 4018 1960 4073 inere-

353 4120 594 4168 meutum
621 4110 850 4181 accepit.
896 4110 1206 4167 Adveniens
1233 4110 1377 4174 enim
1407 4110 1675 4173 Christus,
1705 4118 1760 4165 et
1788 4114 1959 4165 virtu-

354 4214 466 4259 tem
497 4201 549 4257 in
582 4200 890 4257 [nominibus
920 4201 1554 4273 plantans,angelosque,
1578 4209 1637 4256 ut
1663 4202 1733 4256 ita
1758 4200 1957 4268 dicam,

352 4310 421 4351 ex
445 4293 757 4350 hominibus
786 4293 1008 4359 faciens,
1039 4307 1259 4359 omnem
1291 4294 1434 4349 illam
1464 4301 1700 4348 veterem
1731 4307 1965 4348 consue-

355 4386 595 4444 tudinem
624 4385 880 4442 abolevit.
905 4384 1074 4441 Vides
1106 4386 1379 4456 quomodo
1410 4401 1515 4440 non
1546 4393 1793 4454 Oportcat
1828 4400 1963 4440 con-

250 4534 253 4537 ,
352 4478 697 4535 suetudinem
728 4487 1067 4554 prsetexere,
1113 4476 1209 4533 sed
1250 4476 1391 4548 quod
1428 4477 1629 4546 justum
1669 4486 1754 4534 est
1781 4477 1961 4549 inqui-

328 4572 521 4629 .rere?
542 4570 684 4627 Ecce.
708 4571 849 4626 enim
874 4571 1127 4641 quoniam
1149 4570 1289 4624 mala
1319 4577 1435 4625 erat
1464 4568 1578 4626 haec
1606 4569 1960 4643 consuetudo,

353 4664 579 4734 explosa
620 4675 725 4729 est,
775 4673 831 4719 et
858 4678 967 4718 non
1008 4663 1135 4719 licet
1165 4662 1257 4717 ulli
1296 4677 1414 4718 cam
1460 4670 1778 4735 praetexere.
1818 4662 1962 4719 Nus-

356 4771 519 4825 quam
550 4754 711 4826 igitur
731 4796 747 4820 ,
780 4754 1013 4809 obsecro
1032 4795 1047 4819 ,
1078 4752 1526 4809 consuetudinem
1555 4754 1793 4825 inquiras
1818 4771 1834 4821 ;
1867 4753 1964 4809 sed

357 4847 501 4919 quod
522 4846 593 4902 sit
619 4845 753 4902 utile
780 4860 963 4917 quaere
982 4886 998 4912 ,
1040 4859 1148 4901 non
1175 4843 1319 4916 quod
1347 4844 1545 4901 anima:
1571 4846 1960 4916 perniciosum;

358 4948 418 4994 et
437 4938 483 4994 si
513 4936 642 5009 quid
669 4945 753 4993 est
773 4936 994 5000 bonum,
1027 4935 1237 4992 etiarnsi
1267 4950 1377 4990 non
1416 4935 1485 4991 sit
1517 4935 1881 5001 consuetudo,
1912 4933 1963 4990 id

360 5030 457 5085 liat
480 5047 509 5086 a
539 5030 694 5085 nobis
724 5029 803 5084 :si
824 5043 955 5084 vero
984 5026 1346 5100 perniciosum
1375 5035 1479 5095 est,
1503 5026 1713 5082 etiamsi
1735 5042 1967 5083 consue-

362 5120 494 5177 tudo
520 5121 612 5184 sit,
635 5120 901 5190 fugiamus
928 5129 984 5176 et
1012 5134 1347 5176 aversemur.
1375 5118 1468 5175 29.
1494 5118 1560 5172 Et
1577 5119 1737 5183 dedit,
1770 5120 1961 5189 inquit,

367 5210 534 5268 Jacob
565 5209 840 5266 Rachelent
866 5226 983 5264 cum
1008 5208 1166 5265 Bella
1189 5209 1399 5265 ancilla.
1446 5208 1638 5265 VidiSti
1668 5219 1866 5280 quanta
1896 5209 1967 5265 sit

364 5305 483 5362 hac
508 5302 845 5374 philosophia
862 5301 963 5374 (lt)?
984 5302 1121 5357 Num
1146 5316 1427 5358 servorum
1440 5316 1632 5372 greges
1647 5301 1671 5355 ἲ
1686 5318 1810 5357 num
1834 5317 1967 5375 syn-

316 5509 323 5513 .
424 5439 504 5509 (α)
536 5440 619 5489 ιιίε
641 5437 874 5489 memoria
898 5436 1061 5548 ιἼιειιδ
1079 5435 1273 5507 videtur
1285 5434 1779 5508 chi-pastoralem
1798 5436 1967 5486 aitu-

360 5502 542 5572 th
573 5500 751 5572 τιωῲο
782 5499 938 5572 παλαις
958 5512 1039 5572 sm
1061 5498 1403 5572 sedissem
1432 5497 1564 5572 alios
1585 5507 1781 5572 septem
1813 5510 1968 5572 ερρος

360 5565 489 5613 aerv‘
540 5566 629 5613 .tis.
668 5569 782 5612 nam
818 5574 871 5610 tn
901 5559 1140 5610 Heliraico
1172 5558 1312 5622 textu
1358 5566 1411 5609 et
1443 5561 1493 5609 in
1531 5558 1748 5621 Vulgata,
1790 5560 1970 5622 quibus

362 5627 510 5675 etiam
535 5630 800 5674 omonaut
809 5629 920 5672 Lxx
936 5626 1254 5684 tuterpretes.
1274 5619 1468 5684 ductam
1491 5622 1540 5671 in
1564 5619 1773 5684 uim-em
1786 5619 1968 5670 Rache-

363 5685 466 5736 lesn
488 5699 600 5737 esse
622 5687 799 5737 dicitur
830 5693 948 5735 ante
982 5681 1093 5734 illus
1113 5689 1313 5746 septem
1347 5682 1471 5746 alios
1494 5683 1756 5746 servitutis
1777 5694 1932 5732 annos
1949 5720 1964 5741 ,

358 5749 715 5860 mjugium
732 5747 945 5810 septimo
967 5751 1077 5810 post
1096 5744 1293 5795 ductam
1325 5744 1455 5794 uani
1476 5744 1559 5794 die
1580 5752 1966 5795 consummatum

425 5846 829 5933 m'l’hilosophia
860 5870 940 5920 hic
972 5870 1204 5933 accipitur
1248 5880 1337 5933 pro
1359 5865 1673 5933 simplicitate
1696 5880 1887 5926 morum
1912 5872 1968 5933 et

357 5928 450 5995 pro
472 5928 754 5996 frugalitate
770 5968 786 5996 ,
813 5940 864 5983 ut
884 5944 1020 5996 saepe
1061 5928 1178 5981 alias
1200 5928 1327 5994 apud
1347 5928 1735 5995 ditjsostmnum
1758 5937 1811 5981 et
1832 5928 1964 5994 apud

1449 506 1514 563 ΙΝ
1555 504 1706 561 CAP.
1753 493 1946 555 XXIX.
1980 489 2222 548 GENES.
2270 492 2505 549 ιιυδιιι..
2551 490 2681 550 ωσι.

3555 491 3668 551 490

2047 610 2294 683 grapha?
2329 620 2383 666 et
2412 620 2564 681 pacta
2587 653 2603 679 ,
2633 620 2794 682 atque
2835 610 3175 668 conditiones
3226 610 3329 667 illa:
3375 612 3611 669 ridicula:
3640 635 3656 670 :

2049 708 2113 765 Si
2129 710 2225 763 hoc
2252 708 2426 777 fuerit,
2448 708 2490 759 si
2509 706 2607 760 hoc
2627 708 2846 760 evenerit
2864 704 2890 759 7
2906 705 2972 760 Et
2990 706 3294 777 priusquam
3314 707 3658 771 conveniant,

2052 801 2357 856 nescientes
2387 815 2454 852 an
2490 813 2657 869 usque
2682 798 2747 853 ad
2776 813 3057 867 vesperam
3092 808 3365 858 maneant.
3391 815 3512 868 qua:
3540 808 3663 870 post

2052 892 2220 947 multa
2250 900 2489 960 tempora
2533 898 2757 945 ventura
2806 900 2977 957 sunt,
3030 891 3081 945 in
3113 891 3283 946 literis
3327 892 3440 947 suis
3478 894 3661 949 consi-

2050 993 2215 1055 gnant
2246 1003 2258 1038 :
2304 984 2365 1040 Si
2392 985 2561 1039 liberis
2590 1001 2797 1051 carens,
2837 985 3041 1053 inquit,
3084 984 3356 1056 defunctus
3392 985 3547 1054 fuerit
3575 1001 3596 1042 :
3617 987 3664 1041 si

2053 1077 2189 1145 ﬁlios
2213 1077 2463 1143 habuerit,
2497 1086 2551 1131 et
2578 1092 2931 1145 quaecumque
2963 1077 3105 1130 talia.
3154 1081 3219 1131 At
3250 1077 3335 1131 hic
3368 1076 3500 1133 nihil
3532 1078 3661 1145 tale,

2053 1167 2147 1223 sed
2176 1184 2295 1220 cum
2326 1169 2537 1238 utrique
2566 1183 2717 1221 suam
2750 1168 2997 1221 ancillam
3022 1168 3280 1233 dedisset,
3312 1169 3449 1223 tilias
3479 1170 3663 1225 cluea-

2051 1263 2121 1316 vit
2153 1270 2323 1333 pater.
2380 1262 2470 1316 50.
2522 1260 2715 1314 Dilexit
2752 1271 2923 1315 autem
2951 1304 2964 1325 ,
3003 1260 3208 1329 inquit,
3265 1259 3457 1315 Rachel
3501 1262 3665 1332 magis

2050 1371 2205 1425 quam
2252 1352 2400 1407 Limn
2448 1364 2544 1407 :et
2587 1353 2789 1407 servivit
2835 1353 2880 1405 ei
2907 1364 3097 1421 septem
3141 1354 3291 1407 annis
3335 1354 3473 1408 aliis.
3525 1353 3661 1421 Quia

2052 1448 2196 1502 enim
2245 1445 2315 1498 ah
2359 1445 2511 1499 initio
2544 1444 2814 1497 adamavit
2847 1444 3073 1511 puellam
3119 1453 3335 1513 propter
3383 1456 3661 1499 venustam

2053 1538 2307 1603 formam,
2335 1546 2389 1591 et
2410 1536 2493 1590 vix
2518 1551 2636 1589 eam
2660 1546 3024 1605 consequutus
3050 1544 3132 1590 est
3158 1554 3169 1587 :
3205 1536 3327 1591 ideo
3354 1552 3471 1591 eam
3493 1538 3665 1608 magis

2051 1628 2240 1683 dilexit
2290 1642 2446 1697 quam
2500 1627 2669 1681 Limn.
2727 1627 2937 1681 Etenim
2990 1626 3127 1680 illius
3180 1641 3431 1683 venusas
3477 1630 3666 1684 allexit

2054 1736 2175 1774 eum
2224 1719 2288 1773 ad
2339 1734 2456 1773 eam
2502 1718 2807 1771 amandum.
2847 1719 3041 1771 Verum
3072 1719 3155 1773 hic
3180 1720 3373 1772 iterum
3404 1720 3525 1775 vide
3558 1720 3664 1775 Do-

2055 1813 2183 1866 mini
2212 1810 2531 1866 ineffabilem
2570 1810 2992 1865 misericordiam
3016 1854 3030 1878 ,
3070 1822 3123 1866 et
3154 1811 3424 1880 quomodo
3450 1829 3570 1883 quae
3595 1815 3666 1869 ah

2053 1904 2169 1973 ipso
2219 1904 2428 1958 fuerant
2472 1903 2735 1972 promissa
2791 1904 3043 1972 paulatim
3077 1905 3365 1974 compleat.
3414 1905 3547 1960 Nam
3573 1906 3666 1978 qui

2054 1995 2189 2050 dixit
2220 2014 2231 2049 :
2269 1996 2379 2049 Ero
2408 2006 2594 2060 tecum,
2625 1996 2910 2049 custodiens
2937 2006 2983 2050 te
3012 1998 3062 2050 in
3086 1999 3225 2051 omni
3252 2000 3461 2070 viniqua
3488 1999 3667 2053 ambu-

2054 2088 2239 2141 laveris
2266 2102 2284 2141 :
2308 2096 2383 2153 et,
2418 2087 2623 2158 Augebo
2660 2097 2705 2141 et
2749 2089 3102 2159 multiplicabo
3134 2099 3179 2142 te
3222 2088 3373 2160 (Gen.
3406 2089 3499 2145 28.
3533 2089 3664 2163 i5):

2056 2181 2171 2250 ipse
2194 2180 2355 2235 etiam
2380 2198 2521 2235 nunc
2553 2182 2732 2235 omnia
2764 2180 3056 2251 dispensat.
3092 2182 3162 2235 Et
3186 2191 3239 2235 ut
3268 2182 3319 2235 id
3351 2182 3514 2249 scias,
3543 2183 3667 2237 audi

2055 2273 2224 2342 ipsam
2276 2272 2509 2326 divinam
2538 2272 2868 2341 Scripturam
2900 2275 3000 2326 hoc
3046 2272 3329 2328 manifeste
3373 2273 3664 2329 dicentem.

2057 2366 2147 2419 51.
2183 2364 2250 2420 Ut
2277 2366 2405 2419 vidit
2424 2375 2593 2419 autem
2622 2364 2874 2419 Dominus
2908 2365 3061 2427 Deus,
3094 2365 3233 2431 quod
3258 2367 3375 2421 odio
3398 2368 3672 2423 haberetur

2056 2449 2172 2517 Lia,
2205 2452 2403 2519 aperuit
2436 2450 2633 2505 vulvam
2664 2451 2776 2522 ejus
2807 2467 2825 2505 :
2868 2450 3063 2505 Rachel
3107 2462 3276 2505 autem
3314 2462 3425 2506 erat
3455 2453 3668 2507 sterilis.

2052 2545 2144 2601 32.
2189 2545 2257 2599 Et
2284 2549 2514 2617 concepit
2560 2546 2694 2613 Lia,
2742 2558 2789 2601 et
2836 2547 3029 2618 peperit
3074 2547 3237 2615 ﬁlium
3264 2546 3481 2602 Iacobo.
3532 2547 3670 2604 Vide

2054 2638 2307 2692 solertem
2360 2637 2452 2694 Dei
2499 2639 2839 2707 sapientiam.
2886 2640 3150 2706 Quoniam
3190 2639 3278 2694 illa
3306 2640 3521 2710 quidem
3555 2640 3671 2712 pul-

2055 2729 2362 2786 chritudine
2386 2745 2482 2784 sua
2510 2731 2825 2786 conciliarat
2852 2730 2952 2786 sibi
2980 2732 3206 2802 gratiam
3237 2733 3360 2801 viri,
3401 2732 3518 2788 haec
3542 2749 3672 2788 vero

2056 2821 2277 2877 minime
2320 2820 2555 2877 formosa
2587 2822 2713 2877 odio
2741 2822 2925 2878 haberi
2948 2823 3057 2878 visa
3089 2833 3213 2879 est:
3248 2824 3384 2879 hanc
3418 2826 3670 2881 idoneam

2058 2914 2181 2969 facit
2205 2916 2416 2985 partui,
2459 2916 2602 2970 illam
2632 2931 2762 2971 vero
2791 2915 3033 2972 inutilem
3060 2934 3075 2984 ;
3118 2918 3233 2973 haec
3259 2918 3422 2973 ambo
3450 2934 3545 2974 sua
3575 2920 3677 2975 mi-

2057 3005 2353 3061 sericordia
2384 3006 2705 3078 dispensans
2730 3018 2785 3062 ut
2806 3018 2857 3063 et
2881 3007 2999 3064 hare
3024 3025 3117 3078 per
3144 3010 3346 3066 liberos
3376 3011 3467 3082 qui
3498 3027 3567 3067 cx
3606 3026 3674 3067 ea

2059 3100 2419 3155 nascebantur
2454 3101 2703 3156 solatium
2743 3101 2996 3167 haberet,
3027 3103 3078 3157 in
3110 3103 3192 3158 sui
3223 3114 3464 3159 amorem
3496 3104 3671 3160 virum

2059 3192 2336 3258 alliciens;
2366 3200 2420 3248 et
2449 3192 2540 3246 illa
2568 3208 2636 3248 ne
2662 3202 2881 3263 propter
2907 3193 3359 3262 pulchritudinem
3389 3205 3445 3251 et
3474 3195 3676 3252 formo-

2061 3286 2277 3341 sitatem
2321 3284 2581 3341 adversus
2630 3301 2873 3342 sororem
2928 3286 3249 3358 insurgeret.
3306 3287 3373 3342 Et
3420 3292 3624 3361 aperuit
3648 3302 3675 3357 ',

2062 3378 2267 3448 inquit,
2316 3379 2519 3433 vulvam
2558 3378 2690 3445 ejus.
2734 3377 2890 3433 Disce
2928 3376 3035 3443 hic,
3066 3378 3295 3445 dilecte,
3326 3380 3676 3437 Conditorem

2062 3471 2306 3526 omnium
2338 3471 2517 3525 omnia
2557 3469 2825 3526 moderari
2854 3485 2918 3525 ac
2956 3470 3307 3541 dispensare,
3346 3482 3398 3528 et
3432 3484 3675 3530 naturam

2064 3562 2236 3633 ipsam
2261 3562 2328 3617 ad
2356 3571 2565 3634 partum
2590 3562 2847 3628 excitare,
2872 3563 3181 3636 nullamque
3211 3581 3334 3621 esse
3359 3568 3676 3625 concubitus

2066 3656 2372 3723 utilitatem,
2404 3657 2448 3713 si
2475 3658 2612 3713 absit
2640 3656 2819 3712 divina
2850 3660 3182 3728 cooperatio.
3218 3660 3509 3731 Propterea
3531 3663 3679 3719 enim

2066 3748 2223 3813 dixit,
2255 3748 2468 3821 Aperuit
2497 3750 2698 3805 vulvam
2724 3750 2857 3821 ejus,
2886 3760 2945 3805 ut
2965 3752 3202 3807 sciamus
3232 3753 3466 3808 voluisse
3491 3754 3678 3811 Domi-

2068 3856 2197 3895 num
2228 3841 2378 3895 Liam
2408 3840 2758 3912 procreandis
2807 3840 2993 3897 liberis
3022 3852 3201 3913 aptam
3254 3843 3393 3907 ﬁeri,
3426 3861 3533 3915 quo
3561 3844 3681 3916 ejus

2068 3947 2271 3988 tumror
2302 3931 2583 3988 leniretur.
2630 3930 2749 4003 ipse
2794 3932 2937 3987 enim
2970 3934 3167 4004 estqui
3216 3934 3267 3988 in
3292 3935 3451 3989 vulva
3483 3935 3681 4007 ﬁgurat

2068 4034 2121 4082 et
2148 4025 2353 4080 animat
2382 4022 2547 4081 fmtus
2573 4068 2587 4092 ,
2632 4026 2770 4080 sicut
2797 4035 2853 4103 et
2882 4026 3045 4081 David
3078 4028 3207 4083 dicit
3236 4046 3249 4082 :
3295 4028 3579 4103 Suscepisti
3600 4049 3685 4087 me

2068 4120 2133 4174 de
2162 4127 2303 4174 utero
2325 4120 2504 4173 matris
2533 4135 2659 4173 mete
2679 4092 2864 4190 (Ρεαῖῗ
2886 4121 3010 4175 158.
3040 4122 3149 4192 15).
3177 4121 3244 4177 Ει
3270 4122 3389 4178 vide
3404 4092 3687 4195 quomodo

2071 4220 2333 4265 monstrat
2374 4211 2529 4267 nobis
2558 4211 2737 4266 divina
2773 4210 3053 4282 Scriptura
3092 4222 3297 4269 natura:
3326 4215 3677 4274 Conditorem

2071 4312 2297 4373 utraque
2332 4317 2429 4358 sua
2460 4303 2658 4358 virtute
2684 4302 3048 4369 efﬁcientem;
3084 4320 3276 4375 nempe
3305 4307 3528 4364 alterius
3559 4311 3682 4366 vul-

2070 4410 2189 4448 vam
2229 4393 2476 4450 idoneam
2517 4395 2871 4463 rcddentem,
2905 4396 3157 4451 Rachelis
3200 4405 3683 4459 autenmonstrin-

2071 4495 2306 4557 gentem.
2350 4486 2625 4557 Siquidem
2656 4489 2863 4544 natura:
2904 4488 3162 4545 Dominus
3188 4506 3310 4547 cum
3349 4492 3449 4559 sit,
3499 4498 3679 4553 oumia

2074 4579 2229 4634 facile
2256 4588 2530 4649 operatur.
2577 4578 2644 4634 Et
2684 4581 2934 4648 concepit,
2972 4581 3183 4657 inquit,
3236 4582 3355 4650 Lia,
3402 4595 3451 4639 et
3488 4590 3680 4657 peperit

2074 4672 2238 4739 [ilium
2261 4671 2497 4738 Iacobo;
2528 4675 2820 4743 vocavitque
2847 4690 3031 4729 nomen
3063 4676 3175 4745 eius
3206 4675 3387 4731 Ruben
3407 4720 3421 4743 ,
3457 4679 3629 4735 dicens
3664 4696 3683 4735 :

2079 4766 2210 4834 Qu'a
2240 4766 2363 4819 vidit
2396 4765 2647 4821 Domims
2674 4766 2919 4837 vilitatem
2953 4785 3140 4837 meam,
3191 4786 3328 4825 nunc
3373 4770 3554 4843 diliget
3602 4789 3683 4828 me

2071 4862 2148 4914 vir
2182 4877 2341 4915 meus.
2394 4859 2525 4915 \‘ide
2549 4875 2709 4931 quam
2749 4869 2903 4931 grata
2950 4860 3145 4916 mulier
3185 4862 3317 4917 dicit
3361 4880 3376 4918 :
3423 4864 3691 4922 Dominus-

2072 4956 2183 5010 visa
2234 4953 2535 5009 humilitate
2578 4966 2699 5007 mea
2734 4952 2968 5022 'przebuit
3001 4952 3131 5008 mihi
3162 4966 3372 5025 partum
3398 4997 3415 5024 ,
3462 4965 3686 5028 propter

2071 5064 2232 5120 quem
2263 5045 2473 5117 diligor.
2505 5044 2574 5100 Et
2599 5053 2783 5115 specta
2827 5044 2913 5099 hic
2943 5048 3136 5101 iterum
3160 5088 3176 5113 ,
3223 5047 3496 5118 quomodo
3541 5048 3691 5106 Deus
3741 5101 3747 5106 .

2076 5140 2389 5197 muneribus
2440 5147 2651 5194 certare
2701 5137 2977 5193 contendit
3022 5153 3146 5194 cum
3176 5154 3277 5205 eo,
3323 5148 3379 5195 et
3421 5139 3695 5197 beneﬁcia-

2072 5232 2396 5297 accumulat,
2422 5230 2579 5287 simul
2608 5240 2661 5286 et
2677 5229 2809 5301 justi
2835 5244 3021 5286 semen
3048 5231 3256 5302 augeri,
3280 5242 3332 5287 et
3357 5230 3494 5289 hanc
3514 5232 3688 5306 magis

2073 5324 2277 5381 Jacobo
2294 5322 2581 5379 amabilem
2608 5319 2761 5377 reddi
2779 5321 2986 5377 volens.
3004 5321 3095 5377 33.
3128 5321 3200 5389 Et,
3215 5324 3463 5395 concepit,
3490 5323 3691 5397 inquit,

2074 5420 2277 5485 iterum,
2327 5426 2374 5471 et
2402 5464 2409 5473 .
2419 5414 2613 5488 peperit
2657 5413 2825 5484 filium
2851 5413 3136 5469 «cundum
3161 5413 3359 5471 Iacobo
3379 5458 3394 5483 ,
3434 5427 3480 5469 et
3506 5415 3635 5471 dixit
3665 5429 3695 5473 τ

2073 5511 2282 5566 Audiuit
2328 5510 2579 5565 Dominus
2619 5508 2756 5579 quod
2785 5507 2905 5562 odio
2933 5507 3122 5562 habeor
3144 5550 3161 5576 ,
3203 5520 3249 5563 et
3289 5510 3529 5580 apposuit
3558 5510 3683 5565 mihi

2074 5604 2315 5667 ethunc;
2342 5610 2388 5657 et
2414 5599 2613 5656 vocavit
2650 5616 2832 5655 nomen
2853 5599 2965 5672 ejus
3012 5598 3258 5673 Symeon.
3291 5600 3525 5658 Attende
3544 5617 3687 5674 quo-

2076 5696 2239 5752 modo
2270 5710 2367 5766 per
2394 5691 2638 5765 singulos
2666 5705 2865 5764 pueros
2890 5692 3094 5763 gratias
3120 5693 3230 5765 agit
3256 5693 3508 5761 Domino,
3533 5702 3590 5751 et
3616 5693 3701 5752 ob

2079 5787 2339 5845 beneﬁcia
2390 5795 2601 5857 gratum
2638 5785 2879 5841 animum
2930 5783 3190 5841 declarat.
3220 5784 3449 5855 Audiuit,
3495 5792 3640 5845 cultu
3668 5825 3699 5855 ,ν

2077 5882 2282 5951 inquit,
2329 5880 2602 5947 Dominus,
2629 5879 2767 5950 quod
2806 5878 2926 5934 odio
2970 5878 3177 5947 habeor,
3217 5889 3266 5935 et
3290 5880 3530 5951 apposuit
3561 5880 3702 5937 mihi

2075 5978 2228 6033 etiam
2255 5974 2392 6029 hunc
2419 5988 2437 6028 :
2466 5981 2753 6043 propterea
2782 5969 2990 6029 Vocavit
3016 5987 3197 6027 nomen
3225 5972 3336 6040 rius
3365 5970 3609 6044 Synna.
