4170 6484
555 436 654 493 191

629 552 683 606 Δ.
719 547 902 604 Vidisti
929 545 1194 618 quomodo
1219 561 1322 598 non
1347 542 1686 612 simpliciter,
1719 552 1890 608 neque
1934 546 2133 591 temere

561 642 771 696 nomina
784 637 919 693 natis
933 636 1212 691 indiderit?
1227 634 1440 690 Vocavit
1451 634 1591 688 cuitu
1609 647 1728 686 eum
1743 629 1996 700 Syun-ou,
2013 639 2138 694 quo-

560 731 700 784 niam
736 727 934 783 audivit
971 726 1221 780 Dominus
1247 723 1322 796 (ιι)
1383 722 1542 779 Nobis
1578 720 1836 789 siquidem
1879 715 2136 771 llehraico

562 821 808 874 idiotnatc
842 833 933 887 per
958 816 1059 872 hoc
1102 831 1293 871 nomen
1337 814 1592 883 signatur,
1636 808 1776 880 quod
1820 805 1996 861 audita
2043 803 2132 857 sit.

559 909 647 964 51.
677 906 741 961 Et
770 907 997 977 concepit
1039 907 1253 970 iterum,
1305 915 1350 956 et
1393 901 1584 971 peperit
1629 900 1792 968 [ilium
1817 937 1832 962 ,
1873 904 1919 948 et
1966 893 2135 947 dixit:

563 998 614 1053 Ν
620 1017 715 1053 nnc
744 999 979 1070 temporis
1001 996 1142 1066 apud
1162 1013 1237 1048 me
1278 995 1369 1047 erit
1408 993 1482 1046 vir
1514 1007 1690 1056 mens;
1734 988 1905 1060 peperi
1932 987 2064 1041 enim
2091 984 2136 1039 ei

559 1101 657 1144 trcs
685 1092 819 1158 ﬁlios
839 1106 860 1144 :
884 1099 1086 1160 propter
1114 1092 1207 1141 hoc
1228 1087 1416 1140 vocavit
1447 1101 1624 1138 nomen
1647 1083 1786 1137 illius
1810 1079 1951 1134 Levi.
1979 1078 2138 1134 Vide-

563 1192 648 1237 tur
673 1182 800 1236 mihi
843 1181 928 1236 hic
955 1179 1258 1251 significari,
1289 1193 1404 1232 eam
1428 1176 1564 1231 natis
1595 1173 1801 1230 duobus
1844 1171 1967 1226 filiis
2005 1184 2138 1225 non-

559 1276 684 1331 dum
717 1275 945 1344 potuisse
973 1274 1188 1327 allicere
1214 1273 1414 1337 virum,
1442 1270 1529 1339 qui
1564 1267 1735 1322 adhuc
1770 1268 1821 1320 in
1850 1262 2140 1320 Rachelem

561 1366 873 1437 propensior
891 1371 1006 1419 erat
1033 1381 1048 1417 :
1082 1363 1202 1418 ideo
1225 1361 1392 1427 dicit,
1429 1359 1579 1413 Nunc
1613 1357 1852 1426 temporis
1885 1355 2024 1423 apud
2061 1368 2139 1406 me

559 1458 650 1512 erit
679 1457 755 1510 vir
785 1471 945 1510 meus.
992 1452 1257 1509 Fortassis
1300 1453 1537 1507 accessio
1580 1448 1719 1502 tertii
1751 1447 1922 1500 virum
1961 1457 2138 1497 meum

562 1547 749 1603 reddet
791 1545 1146 1609 benevolum,
1202 1553 1256 1598 et
1308 1542 1496 1596 melius
1517 1539 1645 1594 mihi
1689 1538 1953 1592 allectum.
2002 1534 2140 1588 Ecce

559 1639 701 1692 enim
743 1648 849 1691 tres
881 1635 1016 1690 illius
1043 1635 1090 1689 ei
1132 1633 1330 1703 peperi.
1375 1629 1465 1685 55.
1500 1628 1568 1683 Et
1596 1629 1822 1698 concepit
1863 1626 2029 1680 adhuc
2068 1625 2131 1693 [i-

564 1730 686 1781 lium
702 1769 717 1791 ,
749 1743 809 1780 ac
832 1725 1042 1797 peperit,
1066 1735 1110 1777 et
1139 1724 1266 1777 dixit
1292 1738 1311 1776 :
1337 1720 1490 1775 Nunc
1513 1720 1680 1773 adhuc
1709 1719 1845 1772 istud
1869 1714 2141 1784 conﬁtebor

565 1819 779 1872 Domino
804 1832 825 1870 :
857 1825 1118 1886 prapterea
1163 1815 1352 1867 vocavit
1393 1827 1572 1864 nomen
1610 1811 1720 1880 ejus
1756 1807 1969 1861 ludam.
2001 1803 2139 1872 Quid

561 1921 662 1973 ea,
697 1908 840 1962 Istud
869 1907 1140 1975 conﬁtebor
1164 1904 1421 1959 Domino?
1450 1899 1737 1972 Conﬁtebor
1764 1899 1851 1953 hic
1881 1899 2018 1952 idem
2060 1905 2143 1950 est

564 2018 649 2065 ac,
671 2002 878 2058 Gratias
901 2015 1076 2071 agam,
1099 2007 1153 2054 et
1175 1996 1483 2071 gloriﬁeabo
1504 2011 1648 2061 eum,
1677 1995 1798 2064 quia
1821 2003 1874 2048 et
1895 2000 2140 2062 quartum

564 2095 690 2148 mihi
719 2093 910 2163 adjecit
939 2091 1127 2153 tilium,
1152 2100 1205 2144 et
1228 2097 1425 2142 tantam
1458 2087 1584 2141 mihi
1613 2083 1988 2141 abundantiam
2014 2096 2145 2136 con-

561 2187 720 2241 cessit
751 2202 764 2240 :
797 2193 850 2239 et
878 2197 996 2254 qua:
1025 2181 1095 2236 ob
1120 2181 1359 2250 corporis
1385 2178 1775 2233 deformitatem
1803 2174 1871 2229 de
1894 2174 1989 2226 viri
2018 2185 2141 2241 erga

565 2295 648 2334 me
687 2272 1055 2331 benevolentia
1087 2271 1442 2342 periclitatum
1483 2283 1662 2334 eram,
1714 2280 1851 2320 nunc
1892 2280 2141 2334 procrea-

565 2372 707 2425 tioue
749 2368 970 2423 tiliorum
993 2382 1022 2418 a
1066 2365 1173 2419 Deo
1203 2361 1331 2417 milti
1363 2361 1515 2425 data,
1561 2369 1616 2414 et
1641 2357 1887 2413 maeroris
1915 2369 2142 2410 excessu

561 2462 804 2515 discusso
828 2499 843 2523 ,
887 2471 1003 2521 me,
1035 2471 1152 2523 qua:
1187 2452 1258 2507 ob
1283 2440 1676 2508 deformitatem
1715 2447 1840 2502 odio
1888 2445 2141 2511 liabeliar,

562 2550 864 2606 consolatus
883 2555 984 2608 est,
1009 2544 1295 2612 odiumque
1315 2540 1582 2596 transtulit
1603 2541 1656 2593 in
1678 2553 1918 2592 sororem
1946 2550 2144 2590 meam.

566 2641 633 2698 Ut
667 2639 853 2710 peperit
873 2647 1040 2690 autem
1077 2633 1268 2688 ludam
1294 2673 1309 2696 ,
1363 2632 1570 2700 inquit,
1612 2628 1820 2683 cessavit
1863 2643 2060 2699 parere.
2092 2627 2144 2680 1.

562 2732 688 2788 Cum
715 2740 880 2784 autent
909 2727 1107 2780 vidisset
1133 2724 1326 2778 Rachel
1351 2724 1468 2794 quia
1489 2739 1588 2776 non
1615 2721 1888 2791 peperisset
1916 2719 2109 2774 Jacobo
2128 2760 2143 2784 ,

562 2825 800 2879 a'mulata
825 2829 896 2874 est
929 2819 1073 2873 Liam
1106 2833 1327 2872 sororem
1353 2832 1496 2870 suam
1517 2856 1531 2880 ,
1575 2823 1620 2868 et
1642 2814 1768 2866 dixit
1805 2812 1996 2867 Jacobo
2017 2855 2032 2879 ,
2065 2813 2146 2866 Da

565 2915 688 2968 mihi
717 2912 850 2981 ﬁlios
871 2928 889 2964 :
919 2911 996 2963 sin
1025 2910 1210 2974 minus,
1245 2907 1433 2962 moriar
1457 2923 1549 2977 ego
1588 2904 1739 2978 (Cap.
1769 2904 1879 2975 50).
1907 2904 2144 2960 Incensi-

562 3004 745 3060 derata
772 3012 825 3058 ct
852 3001 1124 3056 muliebris
1151 3008 1231 3055 est
1270 2999 1384 3054 hate
1411 2998 1593 3068 petitio
1622 2997 1918 3068 anima-que
1945 2999 2148 3070 zeloty-

564 3097 648 3168 pia
682 3095 1020 3168 impugnataf,
1052 3090 1133 3145 Du
1156 3091 1277 3144 mihi
1304 3092 1455 3150 filios.
1485 3089 1599 3143 Non
1630 3090 1845 3153 audisti,
1878 3088 2015 3157 quod
2042 3105 2146 3143 non

566 3187 663 3242 viri
709 3185 1020 3240 concubitus
1064 3182 1139 3236 illi
1187 3191 1394 3250 partum
1421 3179 1724 3250 praebuerit,
1767 3181 1860 3234 sed
1897 3179 2149 3232 Dominus

569 3281 707 3335 Deus
733 3296 747 3333 :
774 3277 860 3348 qui
888 3274 953 3331 Ut
982 3275 1102 3328 vidit
1121 3314 1134 3339 ,
1169 3271 1367 3342 inquit,
1397 3271 1531 3343 quod
1558 3270 1674 3324 odio
1706 3271 1988 3333 haberetur,
2029 3285 2150 3338 ape-

567 3373 667 3426 ruit
714 3372 909 3423 vulvam
938 3369 1046 3439 ejus
1067 3367 1094 3419 .’
1130 3367 1306 3432 Quare
1353 3377 1383 3417 a
1433 3363 1544 3416 viro
1574 3362 1710 3430 petis
1736 3376 1796 3414 ea
1823 3377 1940 3429 qna.-
1989 3376 2147 3429 supra

568 3474 808 3519 natumut
840 3468 984 3524 sunt,
1013 3467 1068 3513 et
1096 3457 1280 3510 relicto
1321 3463 1520 3508 natune
1571 3452 1795 3505 Domino
1843 3451 2012 3504 virum
2057 3465 2146 3504 ar-

568 3556 685 3626 guis
714 3595 729 3619 ,
759 3551 845 3621 qui
867 3549 932 3604 ad
969 3550 1068 3601 hoc
1093 3546 1223 3600 nihil
1263 3544 1505 3600 conferre
1531 3543 1620 3596 tibi
1655 3542 1884 3611 poterit?
1916 3539 1994 3594 Da
2028 3541 2150 3594 mihi

570 3650 725 3718 ﬁlios:
758 3647 835 3699 sin
863 3644 1048 3707 minus,
1073 3640 1260 3693 ntoriar
1287 3654 1398 3707 ego.
1425 3635 1594 3691 Grave
1622 3635 1817 3688 malum
1842 3644 1923 3688 est
1951 3634 2150 3705 zeloty-

569 3741 676 3810 pia,
708 3748 760 3792 et
790 3733 985 3790 desinit
1015 3733 1065 3786 in
1093 3732 1452 3801 insipientiam
1484 3746 1497 3780 ε
1529 3729 1578 3782 id
1613 3727 1754 3797 quod
1790 3738 1843 3781 et
1879 3726 1996 3780 huic
2024 3742 2149 3781 eve-

569 3833 662 3888 nit.
695 3829 890 3884 Videns
912 3827 1052 3882 enim
1073 3826 1294 3880 chorum
1326 3824 1553 3876 liliortun
1583 3837 1673 3875 sor
1709 3823 1804 3885 ris,
1837 3831 1889 3875 et
1911 3821 2148 3890 cogitans

567 3939 720 3979 suam
764 3920 1104 3976 solitudinem
1129 3959 1144 3981 ,
1195 3931 1298 3970 non
1330 3915 1528 3969 ferebat
1570 3914 1706 3969 hanc
1732 3915 2105 3968 contumeliam
2131 3953 2148 3980 ,

569 4030 741 4085 neque
767 4012 1040 4066 continere
1071 4017 1278 4079 poterat
1305 4006 1682 4082 cogitationem
1708 4021 1826 4074 qua:
1872 4020 1929 4058 se
1971 4005 2150 4059 turba-

568 4109 688 4170 bat,
720 4105 812 4161 sed
853 4105 938 4158 illa
967 4102 1281 4173 insipientia:
1322 4101 1472 4169 plena
1505 4099 1660 4153 verba
1690 4099 2040 4168 loqurbatur:
2075 4097 2152 4150 Da

571 4199 694 4252 mihi
721 4197 854 4265 ﬁlios
885 4212 903 4248 :
929 4196 1006 4248 sin
1035 4194 1219 4255 minus,
1245 4191 1431 4244 moriar
1460 4207 1569 4260 ego.
1606 4190 1866 4243 Fortassis
1895 4189 2022 4242 vidit
2051 4189 2151 4243 viri

571 4305 694 4360 erga
724 4289 868 4342 illam
895 4301 1129 4339 amorem
1156 4324 1171 4348 ,
1218 4292 1269 4337 et
1297 4281 1511 4350 putabat
1538 4297 1598 4335 ea
1621 4281 1688 4335 de
1718 4296 1872 4334 causa
1903 4281 2045 4334 illam
2077 4289 2155 4335 tot

576 4382 713 4436 filios
739 4379 1004 4445 habuisse,
1036 4385 1088 4432 et
1118 4391 1176 4430 se
1218 4374 1452 4430 nondum
1473 4374 1742 4443 peperisse
1776 4392 1788 4426 :
1825 4373 1963 4428 unde
1985 4373 2149 4440 dicit,

573 4473 654 4526 Da
684 4471 806 4524 mihi
833 4471 988 4538 filios.
1039 4467 1236 4521 Deinde
1267 4477 1464 4521 terrere
1511 4464 1693 4518 volens
1721 4464 1910 4528 virum,
1933 4463 2107 4517 subdit
2136 4482 2149 4516 :

575 4564 723 4630 Quod
749 4563 791 4614 si
818 4563 980 4613 minus
1006 4601 1018 4622 ,
1072 4560 1258 4611 moriar
1282 4576 1388 4628 ego.
1437 4557 1572 4624 Quid
1600 4556 1755 4626 igitur
1783 4558 1898 4624 pius
1929 4565 1983 4611 et
2027 4557 2151 4609 reli-

571 4654 749 4724 giosus
776 4650 980 4706 Jacob?
1009 4651 1062 4702 2.
1097 4649 1391 4702 Succensuit
1413 4690 1424 4709 ,
1453 4649 1641 4716 inquit,
1671 4649 1738 4700 ad
1767 4648 1913 4700 verba
1941 4649 2077 4712 lucc,
2107 4657 2153 4703 et

571 4747 699 4798 dixit
730 4745 774 4797 ci
801 4760 820 4797 :
855 4740 1112 4810 Numquid
1135 4756 1224 4808 pro
1255 4738 1360 4799 Deo
1381 4755 1468 4808 ego
1491 4755 1600 4790 sum
1627 4778 1639 4802 ,
1667 4738 1752 4806 qui
1778 4739 1944 4806 [metu
1972 4740 2154 4794 ventris

571 4846 618 4889 te
639 4835 848 4905 privavit
867 4834 890 4886 ?
908 4833 1083 4908 Quare
1105 4829 1359 4884 derelicto
1384 4839 1586 4882 natura:
1615 4827 1836 4881 Domino
1861 4830 2152 4896 reprehen-

569 4931 774 4984 sioncm
822 4925 948 4979 mihi
994 4923 1236 4978 inducis?
1268 4922 1358 4976 Ille
1396 4931 1476 4976 cst
1519 4921 1606 4990 qui
1637 4921 1858 4989 privavit
1909 4930 1959 4974 te
1983 4921 2152 4975 fructu

572 5019 792 5075 ventris.
821 5017 996 5084 Quare
1027 5030 1129 5069 non
1168 5013 1235 5066 ab
1263 5013 1352 5067 illo
1376 5015 1507 5082 petis
1531 5055 1544 5075 ,
1593 5012 1683 5082 qui
1732 5022 1904 5081 potest
1943 5012 2152 5080 aperire

574 5120 780 5165 natura:
806 5106 1092 5170 ofﬁcinam,
1120 5114 1170 5157 et
1195 5103 1490 5158 [iucundam
1524 5103 1698 5157 facere
1718 5103 1968 5156 vulvam?
2002 5103 2154 5158 Disce

573 5204 730 5274 igitur
756 5202 902 5256 illum
931 5215 1048 5254 esse
1076 5199 1162 5268 qui
1193 5210 1242 5252 te
1274 5198 1494 5267 privavit
1525 5197 1697 5252 fruetu
1725 5199 1924 5253 ventris
1950 5198 2054 5262 tui,
2100 5208 2154 5252 et

569 5296 740 5351 sorori
775 5305 877 5348 tua:
906 5301 1103 5347 tantam
1134 5292 1526 5345 fmcnnditatem
1557 5292 1818 5362 praestitit.
1843 5291 1919 5345 Ne
1943 5290 2102 5360 igitur
2123 5306 2151 5344 a

570 5403 656 5442 tne
683 5401 892 5457 quteras
913 5399 1029 5453 qua:
1057 5382 1296 5451 prtuliere
1322 5397 1427 5434 non
1459 5398 1690 5449 possum,
1716 5392 1767 5437 et
1793 5398 2017 5452 quorum
2046 5398 2151 5436 non

568 5493 686 5533 sum
714 5476 980 5530 dominus.
1014 5473 1144 5527 Nam
1178 5471 1224 5527 si
1253 5471 1354 5526 hoc
1381 5471 1432 5525 in
1464 5487 1548 5526 me
1593 5471 1812 5538 fuisset,
1853 5474 2073 5528 omnino
2101 5484 2154 5528 te

486 5629 495 5636 ,
569 5567 737 5624 sorori
770 5567 1118 5638 prmtulissem
1144 5611 1157 5633 ,
1191 5565 1448 5634 majorem
1487 5580 1610 5635 erga
1648 5575 1697 5622 te
1728 5567 2150 5622 benevolentiam

569 5659 787 5717 habens.
842 5662 910 5714 At
948 5666 1160 5729 quando
1200 5658 1406 5713 etiamsi
1462 5659 1512 5711 in
1565 5660 1824 5714 infinitum
1868 5664 2051 5731 majori
2103 5673 2153 5719 te

631 5851 706 5914 (ti)
728 5860 757 5898 Α
777 5865 889 5899 voce
913 5854 1119 5910 namque
1137 5846 1278 5903 312W
1294 5847 1491 5908 audiuit,
1511 5846 1752 5898 derivatur
1771 5847 1918 5924 ῖτειυ
1934 5863 2147 5914 ειμηεοη.

1261 431 1315 488 8.
1357 426 1634 485 JOANSIS
1670 416 2153 481 CHRYSOSTOMI
2192 416 2508 473 ARCIIIEP.
2539 417 3074 477 CONSTANTINOP.

3726 422 3829 478 4ῦί

2238 535 2562 606 complectar
2592 536 2960 593 benevolentia
2983 579 2999 605 ,
3047 537 3179 592 nihil
3226 536 3317 592 tibi
3347 538 3398 592 in
3431 537 3532 594 hoc
3575 538 3832 608 prodesse

2240 637 2428 696 potero
2453 672 2467 693 ,
2509 629 2576 684 ab
2605 630 2694 684 illo
2722 645 2903 699 qurere
2926 673 2940 697 ,
2983 630 3071 699 qui
3099 638 3154 685 ct
3183 631 3519 686 sterilitatem
3555 631 3751 686 alierre
3775 641 3843 685 et‘

2238 718 2451 774 solvere
2475 731 2666 789 potest.
2695 721 2829 777 Vide
2848 721 2973 790 justi
2999 720 3355 792 prudentiam,
3379 721 3646 793 quomodo
3665 723 3826 776 etiam

2240 809 2309 863 ob
2340 810 2486 866 illius
2511 809 2649 866 dicta
2675 827 3015 875 succensens,
3052 827 3364 880 responsum
3400 813 3472 868 illi
3500 813 3596 867 dat
3612 813 3828 882 sapien-

2242 898 2462 955 tissimis
2489 903 2664 957 verbis
2692 920 2705 954 :
2734 902 2934 957 docens
2963 904 3246 973 diligenter
3275 905 3474 967 omnia,
3505 919 3830 973 cauSamqne

2241 990 2611 1058 manifestans,
2642 1002 2698 1046 ut
2721 1009 2825 1047 nou
2856 993 3042 1048 relicto
3066 993 3291 1048 Domino
3313 1005 3516 1064 qumrat
3540 995 3608 1048 ab
3631 995 3740 1049 alio
3768 1011 3828 1051 ea

2240 1096 2360 1150 qua:
2391 1081 2480 1136 ille
2504 1082 2650 1136 solus
2688 1094 2938 1152 lirwsmre
2968 1094 3160 1153 potest.
3207 1083 3369 1154 Igitur
3399 1094 3453 1139 ut
3479 1085 3663 1140 didicit
3687 1085 3831 1156 quod

2241 1173 2436 1227 sterilis
2458 1173 2596 1230 facta
2622 1186 2762 1231 esset
2788 1191 2816 1229 a
2851 1176 2961 1232 Deo
2984 1219 2999 1242 ,
3045 1187 3100 1232 et
3142 1177 3330 1232 videns
3365 1193 3604 1234 sororem
3646 1180 3828 1234 liberis

2243 1261 2435 1319 flarere
2462 1305 2478 1328 ,
2528 1266 2608 1321 vel
2655 1266 2923 1321 mediocre
2965 1268 3212 1323 solatium
3249 1269 3562 1338 requirens.
3611 1270 3743 1324 dicit
3767 1272 3830 1325 ad

2242 1353 2406 1409 Jacob
2437 1373 2450 1409 :
2481 1354 2743 1422 Quoniam
2773 1372 2912 1411 nunc
2937 1357 3164 1414 docuisti
3208 1374 3294 1413 me
3319 1374 3424 1413 non
3467 1359 3622 1430 culpa
3651 1371 3736 1415 tua
3767 1361 3832 1414 li-

2248 1444 2280 1498 b
2318 1445 2389 1498 ris
2418 1460 2636 1509 carere.
2670 1447 2857 1502 saltem
2889 1448 3134 1503 ancillam
3160 1464 3331 1504 nteant
3354 1449 3558 1520 accipe,
3588 1450 3835 1520 filiusque

2244 1553 2309 1591 ex
2337 1553 2399 1593 ea
2427 1553 2646 1609 procrea
2669 1579 2683 1602 ,
2731 1549 2786 1593 ut
2807 1555 3028 1609 parvum
3075 1540 3288 1610 aliquod
3315 1541 3562 1595 solatium
3593 1541 3834 1598 invenire

2246 1631 2465 1699 possim,
2488 1646 2550 1685 ea
2569 1632 2696 1686 mihi
2721 1633 2993 1686 vindicans
3016 1649 3135 1703 qua:
3155 1633 3224 1688 ab
3245 1633 3334 1688 illa
3360 1644 3664 1690 nascentur.
3688 1636 3742 1691 ι.
3768 1635 3835 1691 Et

2245 1722 2381 1775 dedit
2419 1723 2487 1789 ei,
2518 1722 2688 1793 inquit
2707 1764 2721 1786 ,
2758 1722 2962 1778 Batiam
2987 1723 3228 1779 ancillam
3252 1740 3398 1780 suam
3428 1742 3634 1780 uxorem
3660 1743 3679 1781 :
3700 1727 3755 1784 5.
3792 1737 3836 1782 et

2245 1815 2448 1868 intravit
2477 1815 2546 1869 ad
2573 1831 2717 1882 eam;
2756 1827 2804 1872 et
2830 1817 3091 1888 concepit,
3135 1827 3181 1871 et
3211 1819 3402 1890 peperit
3422 1819 3587 1888 ﬁlium
3608 1819 3834 1887 Jacobo,

2248 1907 2298 1962 6.
2331 1916 2376 1960 et
2397 1907 2525 1962 dixit
2556 1906 2747 1962 Rachel
2772 1908 3070 1964 :ludicarit
3112 1911 3238 1964 mihi
3279 1910 3419 1966 Deus
3440 1953 3455 1980 ,
3499 1923 3546 1967 et
3580 1913 3838 1967 exaudivit

2247 2015 2416 2054 vocem
2441 2017 2624 2066 meam,
2656 2003 2892 2072 deditque
2913 2005 3037 2058 mihi
3063 2005 3250 2073 ﬁlium.
3288 2004 3503 2076 PrOpter
3531 2008 3627 2062 hoc
3647 2009 3837 2062 vocarit

2247 2108 2428 2144 nomen
2455 2094 2562 2164 ejus
2588 2092 2702 2146 Dan
2739 2094 2838 2165 (η).
2883 2095 3074 2150 Habuit
3099 2096 3279 2168 aliquo
3299 2097 3453 2153 modt-
3480 2099 3719 2167 pariente
3744 2113 3838 2154 au-
3928 2147 3929 2154 ξ

2245 2187 2366 2243 cilla
2409 2188 2492 2242 vel
2540 2189 2754 2244 brevem
2800 2192 3270 2248 consolationem:
3316 2193 3436 2250 ideo
3481 2195 3596 2266 ipsa
3641 2211 3837 2252 nomen

2249 2298 2415 2352 puero
2447 2285 2670 2354 imponit
2692 2326 2706 2350 ,
2734 2286 3038 2357 gratiasque
3078 2288 3188 2357 agit
3222 2289 3446 2342 Domino
3483 2305 3578 2359 pro
3607 2298 3754 2344 nato.
3785 2291 3835 2344 7.

2249 2372 2315 2427 Et
2344 2375 2593 2444 concepit,
2615 2377 2803 2444 inquit,
2828 2377 3005 2431 iterum
3036 2376 3184 2431 Batla
3206 2420 3221 2444 ,
3256 2390 3303 2432 et
3333 2381 3522 2450 peperit
3543 2381 3752 2451 ﬁliuni;
3779 2383 3834 2437 8.

2249 2477 2296 2520 et
2324 2465 2453 2520 dixit
2486 2467 2678 2522 Rachel
2703 2484 2722 2521 :
2751 2469 2956 2538 Adjuvit
2984 2486 3062 2524 me
3096 2469 3233 2525 Deus
3253 2512 3267 2534 ,
3318 2482 3364 2526 et
3399 2482 3700 2527 conuersata
3729 2489 3839 2527 sum

2249 2574 2364 2611 cum
2394 2575 2564 2612 sorore
2589 2575 2717 2625 mea,
2745 2570 2791 2614 et
2818 2561 3029 2615 invalui.
3073 2560 3138 2615 Et
3172 2563 3365 2616 vocavit
3395 2579 3576 2617 nomen
3597 2565 3707 2635 ejus
3738 2562 3841 2621 Ne-

2253 2648 2522 2718 plttltalim.
2563 2649 2630 2704 Et
2671 2651 2849 2705 didicit
2887 2657 3069 2723 postea
3109 2652 3390 2709 manifeste
3427 2669 3521 2722 per
3554 2657 3840 2724 ancillam,

2249 2739 2505 2795 Jaeohum
2548 2757 2652 2796 non
2696 2743 2748 2796 in
2790 2758 2950 2796 causa
2993 2742 3155 2799 fuisse
3185 2759 3351 2814 quare
3390 2745 3570 2800 liberis
3610 2755 3837 2801 careret.

2251 2830 2378 2886 ldeu
2407 2840 2562 2886 natos
2581 2833 2732 2902 quasi
2759 2849 2886 2888 suos
2924 2833 3062 2888 filios
3089 2834 3371 2900 educavit,
3421 2844 3476 2891 et
3520 2836 3733 2890 nomina
3765 2838 3842 2891 eis

2257 2923 2530 2993 imposuit,
2567 2926 2850 2978 maximam
2885 2925 3006 2981 inde
3033 2927 3130 2982 sibi
3156 2927 3254 2997 ipsi
3281 2929 3699 2984 consolationem
3723 2944 3843 2985 esse

2253 3024 2387 3068 rata.
2413 3013 2468 3068 9.
2497 3013 2564 3069 Ut
2589 3025 2755 3068 autem
2780 3016 2899 3069 vidit
2923 3017 3016 3069 Lia
3040 3018 3175 3086 quod
3193 3028 3430 3072 cessasset
3453 3035 3649 3088 parere,
3673 3028 3717 3073 et
3731 3021 3844 3089 ipsa

2253 3105 2494 3158 ancillam
2542 3122 2687 3159 suam
2732 3106 2981 3176 Zelpham
3019 3109 3157 3161 dedit
3181 3107 3373 3162 Iacobo
3403 3126 3607 3163 uxorem
3631 3127 3649 3164 :
3679 3112 3761 3165 10.
3798 3122 3843 3164 et

2254 3196 2516 3264 concepit,
2545 3207 2593 3250 et
2623 3200 2844 3269 peperit,
2881 3200 2965 3252 11.
2996 3198 3061 3252 Et
3091 3200 3214 3253 dixit
3236 3199 3332 3252 Lia
3361 3217 3379 3254 :
3415 3200 3698 3255 Fortunata
3728 3204 3804 3273 {ui
3826 3245 3840 3268 ,

2256 3285 2501 3352 hoc’est,
2571 3288 2685 3342 Voti
2731 3304 2950 3358 compos
2977 3291 3111 3343 facta
3150 3306 3292 3345 sum.
3340 3291 3402 3344 Et
3431 3296 3622 3346 vocavit
3665 3311 3844 3348 nomen

2254 3380 2363 3448 ejus
2408 3378 2540 3432 Gad.
2590 3380 2656 3435 Et
2686 3383 2945 3451 quoniam
2979 3384 3152 3451 reipsa
3197 3383 3375 3438 evenit
3411 3385 3550 3454 quod
3592 3387 3841 3456 optabat,

2254 3469 2456 3523 vocavit
2504 3486 2696 3524 numen
2732 3471 2848 3540 ejus
2886 3471 3020 3527 Gad.
3059 3472 3143 3526 12.
3198 3472 3263 3525 Et
3299 3475 3524 3542 concepit
3566 3477 3769 3544 adhuc,
3801 3491 3843 3533 et

2256 3563 2446 3631 peperit
2490 3561 2649 3616 alium
2681 3579 2700 3616 :
2733 3566 2815 3618 l3.
2872 3565 3097 3635 dixitque
3142 3565 3239 3618 Lia
3287 3583 3306 3620 :
3351 3566 3505 3620 licata
3548 3585 3643 3640 ego
3668 3611 3684 3634 ,
3729 3573 3845 3642 quia

2254 3652 2449 3706 beatam
2476 3670 2554 3707 me
2573 3655 2738 3708 dicent
2765 3656 2998 3711 mulieres
3026 3673 3044 3711 :
3071 3667 3117 3711 et
3140 3661 3330 3712 vocavit
3359 3677 3536 3714 nomen
3565 3663 3674 3731 ejus
3703 3665 3843 3717 Aser.

2325 3746 2378 3803 5.
2425 3746 2612 3801 Vidisti
2646 3748 2914 3816 quutnudu
2940 3758 2994 3802 et
3018 3749 3131 3804 huic
3162 3761 3314 3804 natos
3341 3767 3406 3806 cx
3440 3753 3630 3805 ancilla
3661 3765 3718 3806 ut
3748 3754 3844 3807 sibi

2256 3843 2499 3912 proprius
2523 3841 2762 3905 haberet,
2793 3851 2841 3895 ei
2875 3842 3082 3895 beatam
3114 3857 3171 3896 se
3200 3858 3318 3897 esse
3345 3844 3507 3907 dicat,
3536 3853 3590 3898 et
3617 3845 3846 3899 beatitu-

2256 3935 2378 3988 dine
2404 3934 2613 4004 dignam
2645 3937 2713 3988 oh
2744 3935 3163 4004 procreationem
3206 3935 3454 3988 filiorum.
3491 3934 3597 3990 Sed
3643 3937 3764 3992 vide
3787 3953 3846 3992 ea

2257 4041 2466 4095 quoque
2486 4041 2603 4094 qua:
2631 4036 2746 4094 post
2779 4025 2893 4079 luce
2922 4035 3066 4096 gesta
3099 4035 3242 4093 sunt,
3269 4039 3319 4079 ut
3352 4027 3528 4082 discas
3576 4029 3850 4098 quomodo

2258 4119 2532 4188 zelotypia‘.
2559 4119 2767 4173 all'ectio
2797 4118 2898 4174 huc
2920 4128 2974 4174 et
2999 4119 3123 4172 illuc
3150 4120 3422 4183 transiliat,
3459 4129 3514 4173 ct
3542 4137 3682 4175 nunc
3713 4121 3846 4186 luce,

2259 4225 2399 4263 nunc
2440 4209 2523 4263 illa
2563 4210 2986 4280 impugnabatur.
3017 4211 3099 4264 14.
3132 4209 3196 4263 Et
3226 4211 3334 4276 ivit,
3368 4212 3555 4282 inquit,
3593 4211 3768 4265 Ruben
3799 4213 3848 4265 in

2257 4302 2431 4356 diebus
2457 4303 2629 4356 messis
2661 4305 2891 4368 trilicem,
2925 4315 2971 4356 et
2999 4303 3183 4358 invenlt
3221 4304 3357 4357 mala
3389 4305 3847 4374 mandragoramm

2258 4393 2310 4446 in
2338 4412 2482 4464 agro,
2511 4405 2557 4447 et
2587 4395 2752 4448 attulit
2780 4413 2838 4448 ea
2865 4398 3016 4449 matri
3042 4412 3167 4450 suta.
3201 4395 3439 4464 Dixitque
3466 4396 3657 4449 Rachel
3696 4395 3805 4450 Lia:
3831 4412 3849 4450 :

2259 4487 2341 4540 Da
2375 4488 2496 4540 mihi
2523 4487 2584 4540 de.
2610 4488 2958 4558 mandragoris
2987 4490 3081 4556 ﬁlii
3108 4489 3200 4542 tui.
3229 4489 3310 4544 15.
3343 4487 3486 4541 Dixit
3513 4500 3684 4542 autem
3717 4488 3808 4541 Liu
3835 4509 3850 4544 :

2263 4583 2381 4637 Non
2408 4584 2527 4636 satis
2553 4583 2638 4634 tibi
2659 4583 2794 4653 quod
2817 4583 3050 4650 accepisti
3082 4584 3242 4634 virum
3267 4583 3475 4634 mcum?
3503 4599 3621 4633 num
3643 4591 3690 4633 et
3714 4597 3849 4633 man-

2258 4678 2501 4746 dragoras
2531 4676 2625 4743 [itii
2657 4678 2751 4727 mei
2779 4675 3033 4743 accipies?
3079 4673 3236 4728 Vides
3276 4673 3543 4742 quomodo
3573 4672 3847 4740 a-gritudi-

2262 4784 2381 4821 nem
2427 4769 2587 4821 animi
2621 4767 2794 4820 verbis
2822 4766 3155 4819 manifestam
3209 4764 3364 4818 facit?
3409 4763 3528 4818 Non
3571 4764 3693 4818 satis
3738 4764 3844 4827 tibi,

2261 4860 2447 4929 inquit,
2481 4859 2614 4928 quod
2633 4859 2869 4926 accepisti
2897 4859 3058 4911 virum
3085 4858 3287 4911 meum?
3318 4874 3437 4909 num
3461 4867 3506 4909 et
3537 4858 3844 4927 mandrago-

2259 4967 2343 5003 ras
2377 4951 2471 5018 ﬁlii
2499 4951 2594 5004 mei
2619 4950 2875 5019 accipies?
2910 4948 3050 5003 Dixit
3099 4959 3268 5002 autem
3321 4947 3514 5001 Rachel
3540 4965 3558 5000 :
3587 4947 3707 5002 Non
3735 4951 3805 5002 sic
3827 4963 3846 5002 :

2260 5042 2479 5095 dormiat
2505 5054 2669 5095 tecum
2701 5052 2843 5096 nocte
2871 5041 2966 5093 hac
2996 5059 3086 5112 pro
3119 5040 3469 5111 mandragoris
3509 5040 3602 5108 lilii
3648 5053 3743 5092 tut.
3776 5039 3842 5092 Da

2260 5134 2386 5189 mihi
2405 5135 2470 5188 de
2487 5136 2873 5203 mandragoris,
2898 5145 2946 5188 et
2966 5135 3148 5202 accipe
3171 5133 3329 5187 hodie
3351 5143 3527 5187 tecum
3557 5133 3728 5185 virum
3751 5132 3842 5202 (ὑ).

2265 5227 2391 5281 Vide
2420 5227 2687 5297 quomodo
2713 5225 3217 5280 exhibetttraﬂ'ectui
3245 5225 3488 5278 llacltelis
3515 5223 3737 5277 omnino
3757 5225 3846 5278 de-

2259 5319 2419 5372 ditus.
2455 5319 2586 5373 Nam
2617 5321 2659 5373 si
2694 5327 2837 5371 mitto
2861 5317 3025 5371 choro
3056 5319 3283 5372 liliorunt
3316 5317 3423 5371 Lize
3455 5327 3600 5379 nato,
3631 5317 3728 5370 fttit
3752 5318 3842 5370 ad.-

2322 5542 2392 5605 (a)
2430 5543 2664 5592 Itelnaicc
2701 5548 2774 5624 ττ.
2811 5544 2949 5594 ltadix
2989 5553 3063 5593 est
3089 5550 3184 5625 ἶτῐ,
3195 5541 3453 5605 judicavit.
3503 5545 3621 5593 Iliue
3671 5556 3844 5593 nomen

2261 5649 2412 5698 puero
2435 5636 2614 5693 datum,
2638 5644 2688 5686 ut
2714 5638 2761 5684 iu
2787 5645 2926 5686 textu
2950 5637 3143 5686 dicitur.

2322 5720 2394 5781 (b)
2429 5721 2724 5769 Existimavit
2749 5730 2890 5770 vetus
2929 5728 3172 5782 tnterpres
3206 5723 3308 5770 lucc
3335 5721 3485 5770 verba
3508 5734 3571 5772 ex
3600 5730 3739 5771 tevtu
3777 5721 3846 5770 ιιι.

2261 5782 2384 5834 [dico
2409 5795 2538 5832 csse.
2579 5783 2668 5832 Sed
2708 5792 2818 5833 sunt
2858 5797 2885 5832 τι
2922 5783 3250 5844 t‘ht'ysos‘tetuo
3286 5784 3471 5846 adjecta
3517 5783 3849 5848 explicationis

2259 5857 2419 5898 ωυδα.
