4170 6486
331 371 433 424 4-ἱό

336 484 438 537 huc
469 499 656 540 amore
686 485 849 554 magis
883 499 1175 554 propensus
1207 485 1257 538 in
1290 484 1575 540 thcitelcm
1600 506 1608 538 :
1633 489 1675 542 si
1711 487 1932 540 ltocnou

336 579 522 630 luisset
553 577 770 641 factum,
805 577 1071 647 quomodo
1113 577 1254 632 ferre
1300 584 1557 648 potuisset
1602 578 1692 633 Lia
1734 582 1936 635 sororis

333 669 780 724 eoutubcrnium?
811 669 876 724 Ut
917 671 1057 724 enim
1102 686 1316 725 omnem
1355 671 1452 724 viri
1485 681 1796 739 potestatem
1838 672 1930 725 ht-

338 761 489 824 liens,
516 761 584 814 ita
611 761 866 830 permittit
895 763 940 814 ei
975 777 1069 831 pro
1093 763 1461 832 mandragoris
1488 763 1680 827 virum,
1711 775 1763 818 et
1785 764 1930 817 dicit:

337 851 573 905 Dormiat
589 853 737 906 ltodie
754 864 915 905 tecum
941 870 1032 922 pro
1061 855 1431 924 mandragoris.
1461 853 1707 920 Satisfac,
1743 855 1931 924 inquit,

340 960 461 1000 meo
487 941 773 1007 desiderio,
806 955 860 999 et
886 946 1067 1014 accipe
1090 948 1281 1000 virum.
1307 948 1388 1002 16.
1422 949 1726 1002 Adveniente
1744 959 1932 1014 autem,

341 1035 530 1104 inquit,
561 1031 744 1098 Iacob,
780 1052 980 1104 egressa
1023 1037 1073 1089 in
1106 1053 1370 1089 occursum
1400 1039 1510 1104 ejus
1539 1037 1634 1090 Lia
1660 1039 1790 1092 dixit
1815 1055 1833 1092 :
1859 1038 1935 1090 Ad

344 1141 422 1179 me
445 1125 743 1194 ingredieris
767 1126 946 1188 hodie;
979 1127 1203 1180 mercede
1223 1129 1354 1180 enim
1382 1128 1600 1182 conduxi
1628 1139 1674 1180 te
1699 1130 1822 1181 mihi
1845 1146 1936 1197 pro

343 1217 696 1285 mandragoris
722 1217 820 1279 ﬁlii
843 1219 975 1270 mei:
1006 1227 1050 1272 et
1093 1218 1327 1272 dormivit
1376 1236 1492 1272 cum
1541 1236 1598 1272 ea
1651 1229 1795 1273 nocte
1821 1220 1929 1273 illa.

342 1309 428 1362 17.
467 1306 532 1361 Et
559 1310 812 1361 exaudivit
843 1309 976 1362 Deus
1007 1307 1172 1374 Liam,
1207 1319 1251 1361 et
1293 1311 1517 1377 concepit
1545 1320 1590 1362 et
1619 1311 1808 1379 peperit
1835 1309 1934 1362 Ia-

339 1399 462 1453 cobo
487 1386 725 1469 quintum
745 1401 925 1467 ﬁlium.
957 1401 1040 1454 18.
1070 1399 1134 1453 Et
1164 1402 1291 1454 dixit
1320 1401 1412 1453 Lia
1435 1417 1450 1454 :
1474 1401 1622 1454 Dedit
1655 1403 1777 1455 milii
1801 1403 1938 1456 Deus

341 1491 620 1544 mercedem
641 1507 820 1553 meam,
848 1508 903 1544 eo
926 1492 1062 1560 quod
1077 1493 1195 1544 dedi
1221 1494 1460 1545 ancillam
1489 1509 1651 1546 meam
1681 1495 1786 1546 viro
1805 1511 1931 1546 meo.

344 1582 410 1636 Et
437 1583 627 1635 vocavit
652 1599 833 1635 nomen
863 1584 972 1650 ejus
1000 1581 1235 1646 Istic/utr,
1261 1599 1392 1652 quoa
1420 1594 1492 1637 est
1519 1601 1723 1637 merces.
1762 1584 1938 1636 Exau-

336 1673 485 1736 dioit,
518 1673 706 1741 inquit,
742 1671 876 1725 Deus
909 1672 1070 1725 Liam.
1105 1674 1234 1740 Quia
1260 1675 1473 1728 videbat
1497 1691 1612 1728 eam
1642 1676 1932 1739 dolentem,

342 1779 516 1832 neque
546 1763 698 1816 valde
727 1765 918 1816 marito
949 1775 1241 1833 acceptam,
1277 1766 1546 1819 exaudivit
1573 1782 1710 1829 eam,
1747 1767 1933 1835 inquit,

344 1857 503 1917 licus,
535 1867 586 1910 ct
618 1859 841 1924 peperit,
876 1872 936 1910 ac
963 1857 1093 1910 dixit
1115 1879 1126 1911 :
1152 1857 1268 1910 Tuli
1313 1859 1636 1923 mercedem,
1681 1875 1748 1913 eo
1793 1859 1933 1928 quod

339 1947 460 2001 dedi
496 1948 738 2000 ancillam
785 1963 978 2000 meam.
1033 1948 1316 2016 Propterea
1362 1950 1570 2002 vocavit
1602 1964 1793 2002 nomen
1823 1950 1937 2017 ejus

341 2037 572 2092 lsachar.
611 2039 694 2092 19.
735 2036 797 2089 Et
841 2039 1068 2106 concepit
1109 2039 1278 2090 adhuc
1327 2038 1440 2102 Lia,
1476 2050 1520 2091 et
1548 2041 1741 2107 peperit
1772 2040 1936 2106 ﬁlium

338 2139 549 2183 sextunt.
586 2129 675 2182 20.
716 2127 786 2181 Et
821 2131 948 2183 dixit
980 2128 1078 2181 Lia
1100 2148 1118 2181 :
1146 2127 1359 2182 Donavit
1401 2131 1524 2183 tui/ti
1566 2130 1700 2183 Deus
1747 2131 1935 2183 donum

341 2222 546 2274 bonum.
582 2219 734 2272 Nunc
763 2222 998 2288 temporis
1027 2238 1104 2272 me
1134 2222 1278 2290 eliget
1306 2222 1377 2272 vir
1404 2238 1572 2286 meus;
1607 2223 1774 2290 peperi
1802 2221 1935 2274 enim

340 2315 384 2367 ei
414 2315 550 2380 ﬁlios
577 2329 684 2367 sex.
715 2313 780 2366 Et
813 2315 1003 2367 vocavit
1041 2330 1218 2365 nomen
1247 2315 1356 2382 ejus
1381 2312 1630 2366 Zttbttlott.
1683 2313 1931 2378 Posthac,

339 2408 525 2475 inquit,
551 2406 797 2460 amabilis
823 2422 917 2459 cro
945 2415 998 2460 et
1027 2422 1146 2474 ego,
1171 2406 1292 2475 quia
1317 2408 1492 2473 peperi
1522 2420 1612 2458 sex
1640 2406 1792 2457 lilios.
1815 2404 1935 2459 Ideo

337 2497 548 2550 vocavit
579 2512 769 2552 nomen
798 2499 912 2564 ejus
951 2497 1205 2550 Zabulou.
1251 2497 1340 2548 2|.
1375 2495 1576 2562 Peperit
1604 2505 1769 2548 autem
1795 2507 1841 2549 et
1873 2497 1934 2563 [i-

325 2587 480 2652 liam,
507 2595 553 2638 et
590 2589 779 2639 rocat'it
810 2604 989 2640 nomen
1032 2588 1143 2658 ejus
1197 2586 1348 2640 Dina.
1391 2587 1480 2638 22.
1529 2587 1837 2640 llecordatus
1864 2597 1935 2640 est

336 2687 507 2729 autem
532 2675 668 2730 Deus
698 2676 954 2734 Rue/telis.
983 2689 1026 2732 et
1059 2680 1316 2732 exaudivit
1343 2695 1475 2744 eam,
1523 2687 1566 2731 et
1597 2679 1796 2747 aperuit
1824 2681 1934 2747 ejus

335 2770 557 2824 vulvam.
580 2769 670 2825 ΞΒ.
697 2770 764 2824 Et
793 2775 1040 2842 concepit,
1073 2783 1118 2826 et
1144 2773 1333 2842 peperit
1361 2773 1522 2840 ﬁlium
1546 2773 1760 2826 Jacubo.
1793 2773 1935 2826 Dixit

333 2873 500 2918 autem
555 2865 779 2918 Rachel:
804 2865 1021 2919 Abstulit
1047 2883 1078 2918 a
1108 2883 1185 2918 me
1226 2865 1363 2919 Deus
1392 2868 1720 2936 opprobrium
1747 2883 1930 2920 meum.

334 2955 424 3010 24.
474 2954 536 3008 Et
589 2957 778 3008 vocavit
823 2973 1004 3008 nomen
1052 2958 1162 3026 ejus
1203 2955 1413 3026 Ioseph,
1453 2957 1934 3026 dicens:.4pposuit

333 3047 463 3100 milii
489 3046 622 3102 Deus
645 3048 806 3116 ﬁlium
837 3049 1016 3101 alium.
1053 3049 1268 3100 Abstulit
1293 3065 1323 3099 a
1351 3065 1446 3112 me,
1471 3049 1662 3118 inquit,
1691 3048 1825 3100 Deus
1843 3065 1926 3116 op-

331 3139 591 3209 probrium
604 3156 626 3201 ;
647 3140 803 3194 solvit
823 3141 1187 3194 sterilitatem:
1214 3140 1470 3208 pr0pitius
1489 3140 1658 3193 lactus
1678 3148 1760 3194 est
1779 3139 1931 3206 mihi,

332 3240 385 3283 ct
410 3231 655 3284 idoneam
686 3229 809 3284 fecit
848 3230 912 3284 ad
945 3231 1329 3299 procreandum
1370 3229 1504 3283 lilios
1529 3247 1770 3298 vutvam,
1803 3231 1935 3284 tibe-

335 3337 556 3390 ram-gue
583 3337 670 3376 me
699 3321 821 3377 fecit
841 3322 908 3375 ab
951 3322 1237 3391 opprobrio
1260 3337 1403 3376 meo.
1432 3321 1499 3374 Et
1527 3324 1716 3375 vocavit
1754 3340 1932 3396 nomen

330 3415 442 3484 ejus
469 3411 684 3481 Ioseph,
712 3413 884 3464 dicens
907 3428 925 3465 :
956 3413 1207 3482 Apposuit
1241 3413 1363 3465 mihi
1388 3412 1525 3466 Deus
1554 3414 1717 3480 ﬁlium
1745 3414 1926 3468 alium.

334 3502 495 3558 Vides
524 3504 792 3572 quomodo
831 3504 1085 3572 paulatim
1131 3503 1516 3573 promissioncs
1565 3505 1657 3559 Dei
1708 3507 1758 3559 in
1798 3522 1932 3575 opus

330 3593 561 3661 e'gressze
588 3593 745 3646 sunt?
774 3593 910 3648 Ecce
956 3595 1098 3647 enim
1141 3605 1396 3663 quantum
1436 3605 1658 3664 repente
1707 3596 1932 3650 chorum

334 3685 566 3738 filiorum
597 3686 735 3739 circa
782 3700 839 3739 se
873 3684 1054 3738 habuit
1096 3686 1294 3755 justus,
1336 3697 1554 3758 propter
1597 3687 1931 3742 manifestam

335 3776 425 3828 hci
467 3790 590 3844 erga
621 3791 681 3831 se
728 3777 1132 3844 providentiam.
1180 3778 1438 3843 Quoniam
1488 3783 1629 3833 enim
1683 3795 1929 3848 magnam

333 3883 440 3936 pra:
471 3882 528 3922 se
561 3868 676 3921 tulit
705 3869 1031 3938 patientiam,
1064 3871 1466 3939 quatuordecim
1507 3871 1660 3925 annis
1697 3876 1929 3926 servitu-

331 3969 437 4012 tem
461 3960 657 4025 ferens,
683 3969 960 4029 propterea
981 3972 1035 4015 et
1061 3961 1434 4016 universorum
1463 3964 1718 4016 Dominus
1743 3979 1924 4017 remu-

333 4067 526 4104 nerans
545 4051 674 4120 justi
706 4052 982 4121 pietatem,
1033 4054 1083 4106 in
1127 4062 1333 4107 tantum
1359 4069 1482 4108 eum
1509 4071 1754 4110 crescere
1783 4054 1925 4121 fecit,

333 4153 387 4194 ut
417 4152 470 4195 et
498 4143 719 4212 posthac
747 4141 1036 4197 invidiosus
1077 4146 1193 4199 aliis
1234 4147 1406 4210 ﬁeret,
1439 4149 1575 4200 sicut
1604 4163 1668 4200 ex
1696 4163 1929 4217 sequen-

331 4233 473 4288 tibus
503 4235 789 4300 discemus,
821 4252 939 4305 quu:
966 4236 1156 4291 vellem
1186 4247 1528 4307 pertractare.

436 4327 490 4381 6.
553 4327 768 4381 Moralis
830 4329 1056 4400 epilogus
1100 4345 1118 4392 ,'
1181 4331 1461 4383 humanum
1515 4334 1761 4385 auxilium
1825 4351 1924 4386 non

326 4421 948 4490 mummium—Verum
983 4438 1048 4476 ne
1090 4423 1345 4491 prolixius
1389 4438 1694 4478 sermonem
1735 4434 1926 4479 exten-

325 4509 552 4574 damus,
601 4526 734 4564 neve
781 4512 1035 4565 molestus
1078 4526 1197 4582 esse
1229 4513 1411 4568 videar
1453 4514 1659 4568 caritati
1698 4523 1921 4580 vestrm,

327 4602 371 4656 si
408 4603 600 4671 placet,
651 4618 769 4671 qum
802 4604 997 4673 reliqua
1024 4615 1148 4659 sunt
1175 4606 1225 4658 in
1267 4593 1578 4675 scqueut‘em
1611 4607 1922 4662 concionem

328 4695 691 4759 reservaturi,
727 4695 969 4750 liniamus
1026 4696 1112 4750 hic
1155 4713 1460 4752 sermonem
1490 4741 1503 4762 ,
1551 4699 1674 4752 illud
1708 4700 1920 4754 interim

323 4786 600 4840 caritatem
652 4800 878 4842 γρῆυ-πω
909 4789 1258 4845 admonentes
1279 4833 1293 4856 ,
1330 4801 1384 4843 ut
1406 4806 1591 4846 eorum
1623 4806 1741 4860 qur:
1781 4791 1920 4846 dicta

322 4886 452 4931 sunt
482 4893 773 4944 memores,
807 4880 1084 4934 imitemini
1129 4883 1424 4951 priscorum
1470 4885 1718 4936 virtutem
1741 4925 1755 4949 ,
1787 4883 1922 4937 tilias

323 4967 630 5034 eloeando,
678 4986 874 5038 pueros
921 4972 1102 5041 nuptui
1154 4973 1444 5036 tradendo,
1503 4982 1682 5026 vestra
1725 4974 1922 5029 virtute

279 5105 284 5108 .
325 5059 418 5114 llci
450 5061 674 5129 gratiam
706 5064 991 5118 conciliare
1028 5066 1179 5119 vobis
1204 5063 1486 5119 studendo.
1529 5062 1660 5117 Nam
1684 5079 1804 5119 cum
1831 5065 1920 5120 ille

323 5151 480 5206 nobis
503 5151 708 5206 amicus
737 5151 911 5213 fuerit,
940 5155 1148 5208 etiamsi
1182 5157 1232 5208 in
1255 5157 1424 5211 aliena
1458 5165 1597 5211 terra
1625 5155 1880 5212 fuerimus
1902 5197 1915 5221 ,

321 5245 534 5298 etiamsi
563 5245 630 5299 ab
675 5246 920 5299 omnibus
944 5247 1215 5312 destituti,
1249 5251 1454 5304 etiamsi
1495 5251 1658 5305 nullis
1685 5251 1916 5322 cogniti,

321 5338 570 5390 onmibus
613 5337 812 5390 erimus
863 5337 1138 5390 clariores.
1183 5338 1320 5392 Nihil
1365 5342 1506 5396 enim
1557 5342 1764 5398 beatius
1806 5343 1920 5395 viro

319 5443 550 5497 soperua
581 5445 739 5483 manu
789 5430 990 5498 adjuto.
1029 5433 1236 5486 Etenim
1271 5433 1454 5489 beatus
1493 5434 1659 5490 Jacob
1689 5435 1780 5489 illo
1810 5436 1915 5491 tre-

322 5531 406 5575 tus
450 5523 738 5590 [utr-sidit),
792 5524 844 5577 in
892 5535 1087 5578 tantam
1133 5528 1384 5594 paulatim
1427 5528 1650 5598 gloriam
1702 5542 1919 5584 cvecms

317 5626 431 5677 est,
463 5625 518 5668 ttt
549 5623 602 5668 et
649 5617 711 5668 iis
751 5618 836 5686 qui
881 5626 985 5670 tam
1035 5619 1205 5672 amice
1247 5600 1593 5688 exceperant,
1628 5621 1920 5676 invidiosus

318 5707 383 5760 sit
415 5706 601 5760 tactus.
635 5705 744 5759 Hoc.
774 5707 931 5777 igitur
957 5715 1012 5762 et
1035 5723 1131 5763 nos
1161 5710 1473 5764 Studeamus
1497 5753 1512 5775 ,
1546 5720 1600 5763 ut
1627 5726 1916 5780 supernum

314 5799 660 5872 acquiramus
696 5800 984 5865 auxilium,
1019 5810 1072 5855 ct
1113 5815 1214 5856 non
1243 5802 1310 5858 ad
1341 5801 1600 5858 humanos
1648 5801 1920 5874 coniugia-

1369 370 1428 424 l.\'
1469 368 1616 426 (I.\l‘.
1671 372 1833 427 XXX.
1877 373 2120 428 GENliS.
2168 372 2394 427 llOllll..
2441 373 2596 428 LVII.

3539 379 3636 436 ωι

2044 503 2159 541 mlh
2184 487 2510 557 principatus
2529 529 2544 554 ,
2577 503 2748 558 nequc
2776 488 2982 544 illorum
3009 491 3310 559 przrsidiunt
3334 501 3627 554 sectemur:

2041 579 2167 634 nihil
2202 581 2341 634 enim
2375 581 2761 650 periculosius;
2815 582 2864 636 id
2895 582 3035 652 quod
3081 600 3258 638 rerum
3309 587 3640 654 t‘xpericntia

2038 671 2165 724 satis
2196 670 2472 726 discimus.
2504 673 2708 726 Etenim
2745 673 2984 727 videmus
3023 675 3258 744 quotidie
3286 692 3372 731 res
3402 693 3461 732 se
3490 687 3633 734 tanta

2041 763 2317 817 velocitate
2345 763 2408 816 ad
2436 765 2781 819 mutationem
2814 765 3102 832 inclinare,
3128 777 3182 821 et
3210 769 3341 823 verti
3374 771 3424 822 in
3452 769 3634 824 divcr.

2039 869 2157 907 sum
2185 854 2393 920 onmia,
2425 869 2656 924 cumque
2684 855 2773 926 qui
2807 855 2858 910 in
2887 871 3093 910 summa
3123 859 3480 926 prosperitate
3512 876 3640 928 pau-

2042 943 2090 996 lo
2123 953 2243 998 ante
2269 953 2414 1008 erat,
2449 946 2625 999 subito
2654 947 2703 999 in
2733 955 3026 1001 extremam
3057 945 3417 1002 infelicitatem
3446 949 3632 1019 dejici,

2045 1050 2104 1088 ac
2135 1051 2281 1089 reum
2312 1051 2454 1106 scepe
2501 1038 2604 1106 agi.
2634 1037 2857 1103 Quantae
2901 1038 3063 1107 igitur
3102 1039 3422 1108 insipientim
3450 1042 3632 1096 fuerit.

2041 1124 2228 1179 horum
2256 1141 2492 1195 qua-rere
2522 1129 2827 1197 prtrsidium
2850 1169 2863 1193 ,
2897 1130 2984 1198 qui
3013 1132 3063 1182 in
3095 1139 3200 1183 tam
3248 1131 3452 1184 incerto
3501 1143 3641 1184 statu

2043 1229 2322 1272 versantur
2345 1261 2358 1284 ,
2394 1235 2455 1274 ac
2483 1237 2547 1274 ne
2592 1237 2686 1274 sua
2733 1221 2948 1290 quidem
2980 1232 3200 1289 possunt
3250 1223 3301 1276 iu
3336 1231 3448 1275 tuto
3473 1225 3640 1278 collo-

2043 1308 2216 1362 care?
2261 1307 2384 1362 ldeo
2428 1311 2493 1362 ab
2520 1311 2662 1363 omni
2716 1312 2949 1364 humano
2994 1313 3239 1380 prmsitlio
3282 1311 3641 1380 desistamus,

2042 1415 2309 1452 memores
2335 1404 2493 1453 etiam
2520 1401 2792 1470 prOphetm
2818 1402 3044 1456 dicentis
3077 1419 3090 1455 :
3125 1403 3428 1458 Maledictus
3457 1405 3608 1459 homo
3627 1444 3642 1471 ,

2040 1490 2125 1557 qui
2164 1507 2304 1556 spent
2349 1493 2488 1557 ponit
2535 1492 2584 1542 in
2626 1493 2827 1544 homine
2856 1491 2986 1558 (Jer.
3026 1494 3110 1546 17.
3142 1494 3220 1561 5).
3256 1493 3420 1548 Vides
3469 1495 3632 1550 talem

2046 1581 2312 1634 hominem
2346 1598 2450 1634 non
2499 1582 2670 1635 solum
2723 1583 3056 1650 insipientem
3082 1625 3094 1644 ,
3145 1585 3238 1637 sed
3269 1587 3430 1638 etiam
3470 1586 3642 1640 male-

2043 1671 2238 1724 dictum
2266 1688 2383 1726 csse
2410 1691 2422 1725 :
2453 1682 2636 1742 utpote
2664 1675 2752 1742 qui
2784 1675 2966 1728 relicto
2998 1664 3223 1727 Domino
3253 1676 3490 1729 omnium
3518 1715 3533 1740 ,
3576 1675 3641 1730 ad

2043 1777 2358 1816 conservum
2405 1766 2610 1829 currit,
2657 1765 2746 1833 qui
2791 1766 3136 1833 semetipsum
3176 1765 3364 1833 juvarc
3419 1768 3645 1838 nequit?

2044 1854 2328 1924 Fugiamus
2359 1858 2516 1926 igitur
2573 1857 3000 1911 tnaledietionem
3051 1858 3219 1922 hanc,
3265 1876 3396 1923 oro,
3444 1872 3499 1914 et
3527 1877 3645 1914 om-

2043 1962 2162 1999 nem
2213 1962 2361 2015 spem
2394 1948 2444 2000 iu
2489 1948 2653 2002 Deum
2698 1950 3099 2002 transferamus.
3151 1950 3251 2003 Ista
3296 1951 3439 2003 enim
3473 1951 3638 2004 solida

2042 2046 2122 2089 est
2151 2048 2199 2090 et
2247 2038 2533 2092 immobilis
2560 2049 2611 2092 et
2645 2041 2821 2092 nescia
2860 2040 3272 2107 vicissitudinis,
3306 2042 3456 2109 cujus
3489 2042 3643 2111 plena

2044 2139 2123 2180 est
2156 2129 2238 2179 illa
2267 2145 2423 2196 quam
2456 2131 2504 2182 in
2552 2130 2855 2184 hominibus
2884 2130 3164 2186 habemus.
3202 2132 3294 2185 Vel
3327 2133 3468 2186 cnim
3503 2149 3648 2187 mors

2042 2219 2179 2272 tollit
2208 2220 2494 2274 luuuanum
2544 2223 2877 2290 pra-sidiam,
2908 2232 2962 2276 et
2991 2238 3083 2276 eos
3111 2225 3200 2291 qui
3233 2223 3297 2276 ad
3330 2227 3428 2277 hoc
3455 2223 3643 2276 confu-

2041 2310 2220 2378 giunt,
2273 2311 2542 2366 solitarius
2589 2313 2864 2382 nudosque
2908 2313 3161 2382 relinquit
3210 2323 3311 2367 :ct
3359 2313 3436 2367 vel
3487 2314 3644 2366 etiam

2040 2412 2164 2452 ante
2213 2413 2440 2455 mortem
2487 2406 2709 2456 mutatio
2755 2420 2933 2457 rerum
2984 2405 3245 2457 ambobus
3293 2404 3470 2459 omnia
3513 2420 3645 2456 vana

2043 2491 2231 2544 l‘etldil.
2289 2493 2448 2546 Plena
2478 2503 2560 2547 est
2613 2495 2725 2548 time
2770 2496 2873 2549 vita
2906 2497 3165 2564 exemplis
3195 2496 3410 2549 talibus.
3447 2496 3570 2549 Ideo
3605 2496 3636 2548 ii

2041 2593 2159 2652 post
2181 2593 2378 2637 tantam
2409 2586 2796 2653 experientiam
2835 2586 2982 2640 nulla
3011 2587 3161 2639 venia
3195 2595 3318 2640 sunt
3347 2585 3523 2654 digni,
3560 2587 3645 2653 qui

2038 2674 2214 2729 adhuc
2258 2675 2489 2730 humano
2541 2678 2780 2730 nituntur
2829 2678 3108 2747 praesidio,
3143 2686 3194 2729 ct
3236 2692 3377 2744 sa-pe
3408 2677 3474 2728 ab
3503 2677 3640 2739 illis.

2039 2765 2131 2834 qui
2182 2767 2260 2820 eis
2291 2768 2539 2836 Opitulari
2591 2768 2943 2834 videbantur,
3000 2769 3202 2822 iutinita
3256 2767 3395 2822 mala
3443 2766 3645 2821 lerunt.

2039 2857 2287 2928 ansque
2305 2859 2456 2920 cnim
2479 2860 2646 2913 crevit
2674 2860 2890 2924 mal.tia,
2919 2871 2969 2912 ttt
2998 2861 3132 2914 mala
3167 2858 3462 2930 rrpcndant
3487 2859 3645 2914 etiam

2043 2951 2109 3002 iis
2135 2952 2224 3019 qui
2259 2955 2401 3020 ipsps
2450 2967 2793 3020 summopere
2822 2952 3091 3007 colebant.
3129 2951 3326 3006 Verum
3354 2952 3492 3021 apud
3527 2952 3647 3005 uui-

2039 3055 2314 3094 vcrsorum
2348 3041 2512 3095 Deum
2544 3057 2700 3095 secus
2738 3057 2824 3096 res
2853 3057 2912 3095 sc
2941 3042 3097 3095 habet
3125 3059 3140 3108 ;
3176 3058 3295 3095 nam
3327 3043 3448 3095 licet
3472 3041 3646 3110 quati-

2039 3131 2125 3186 die
2151 3131 2342 3203 ingrati
2372 3133 2570 3196 simus,
2606 3133 2870 3188 benefacit
2900 3145 3074 3188 tamen
3098 3175 3113 3200 ,
3143 3149 3350 3202 suoque
3392 3134 3646 3204 praesidio

2039 3240 2137 3278 nos
2163 3239 2268 3279 non
2297 3225 2564 3286 destituit,
2600 3243 2705 3280 non
2753 3226 2820 3280 ad
2879 3227 3142 3296 ingratum
3175 3237 3418 3280 nostrum
3471 3227 3644 3296 respi-

2038 3319 2184 3371 ciens
2212 3320 2468 3384 animum,
2491 3319 2582 3372 scd
2611 3319 2663 3372 in
2688 3317 2938 3372 omnibus
2969 3335 3064 3388 pro
3086 3333 3180 3372 sua
3209 3332 3374 3387 agens
3400 3319 3633 3372 clemen-

2040 3410 2147 3461 tia:
2179 3425 2281 3476 qua
2314 3411 2465 3463 nobis
2519 3410 2770 3464 omnibus
2821 3409 2921 3463 frui
2971 3409 3296 3464 concedatur
3323 3452 3336 3472 ,
3370 3411 3542 3476 gratia
3587 3419 3639 3464 et

2038 3499 2402 3552 misericordia
2455 3501 2661 3554 Domini
2710 3502 2877 3554 ttOstri
2909 3500 3036 3555 Jesu
3081 3499 3317 3567 Christi,
3368 3516 3488 3552 cum
3535 3514 3642 3567 quo

2039 3589 2178 3643 l‘atri
2221 3590 2379 3643 simul
2411 3602 2463 3644 et
2507 3591 2724 3660 Spiritui
2750 3602 2935 3646 sancto
2975 3592 3045 3646 sit
3074 3591 3237 3661 gl0ria
3266 3633 3279 3655 ,
3316 3592 3639 3658 imperium,

2039 3681 2238 3748 honor,
2289 3699 2430 3737 nunc
2460 3693 2513 3738 ct
2557 3699 2802 3754 semper,
2845 3694 2898 3738 et
2949 3684 3001 3737 in
3044 3684 3238 3738 scccula
3295 3683 3636 3739 sa‘culot‘um.

2036 3773 2225 3828 Amen.

2577 3887 2856 3942 llOMlLlA
2937 3887 3095 3942 LVII.

2034 4003 2257 4057 Factum
2281 4014 2352 4056 est
2381 4014 2548 4055 autem
2577 4014 2840 4072 postquam
2869 4003 3059 4072 peperit
3091 4002 3284 4056 Rachel
3311 4000 3526 4072 Ioseph,
3554 4003 3636 4056 di-

2102 4096 2174 4149 a'it
2203 4093 2366 4148 Iacob
2389 4095 2456 4146 ad
2485 4094 2655 4146 Lnban
2689 4109 2707 4146 :
2735 4092 2944 4146 Dimitte
2969 4109 3063 4156 me,
3097 4103 3152 4146 ut
3183 4092 3358 4146 abeant
3387 4093 3439 4146 in
3467 4094 3636 4146 locum

2106 4205 2271 4242 meum
2291 4197 2336 4241 et
2366 4188 2417 4242 in
2445 4197 2630 4241 terram
2657 4204 2816 4241 meam
2835 4185 3095 4258 (Gen.30.
3121 4187 3229 4258 25).

2107 4323 2158 4376 1.
2177 4321 2427 4393 Exempla
2450 4332 2742 4376 sanctorum
2768 4321 3014 4375 imitanda
3051 4320 3196 4376 nobis
3236 4321 3473 4390 proponit
3499 4321 3640 4378 Scri-

2031 4425 2204 4483 ptura.
2238 4414 2631 4468 Mansuetudine
2672 4413 2802 4467 niltil
2839 4413 3073 4467 validius.
3107 4443 3179 4454 —
3201 4412 3474 4483 Reliquias
3519 4413 3633 4468 heri

2029 4503 2291 4559 dictorum
2347 4514 2588 4560 nostrum
2624 4516 2707 4560 est
2731 4504 2891 4560 hodie
2918 4513 3110 4559 vestra:
3135 4505 3342 4560 caritati
3369 4504 3630 4572 reddere,

2031 4609 2088 4650 ut
2123 4614 2187 4650 ex
2234 4597 2318 4651 his
2348 4614 2464 4669 qua:
2497 4614 2638 4651 nunc
2683 4597 2935 4652 dicuntur
2963 4597 3234 4652 discentes
3261 4606 3315 4652 et
3343 4596 3633 4668 providen-

2033 4691 2155 4745 tiam
2188 4691 2277 4745 Dei
2296 4733 2309 4751 ,
2339 4706 2498 4760 quam
2536 4707 2660 4760 erga
2687 4690 2855 4745 Jacob
2882 4689 3198 4756 declaravit,
3219 4700 3274 4745 ct
3295 4691 3424 4758 justi
3460 4691 3633 4760 pieta-

2032 4793 2137 4836 tem
2169 4791 2503 4852 speetantcs,
2538 4782 2804 4836 imitemur
2832 4781 2949 4850 ejus
2977 4781 3243 4835 virtutem.
3276 4781 3460 4851 Neque
3481 4783 3624 4837 enim

2029 4879 2232 4946 abSque
2275 4893 2434 4932 causa
2487 4877 2658 4932 sancti
2711 4877 2942 4946 Spiritus
2982 4878 3150 4946 gratia
3199 4877 3428 4948 scriptas
3477 4877 3636 4932 nobis

2029 4970 2240 5038 reliquit
2288 4969 2448 5025 hasce
2499 4971 2782 5034 historias,
2814 4968 2908 5023 sed
2954 4977 3012 5022 ut
3039 4969 3106 5022 ad
3145 4969 3544 5024 aemulationem
3577 4976 3633 5023 ct

2029 5062 2380 5117 imitationem
2433 5073 2699 5118 tantorum
2769 5063 3004 5116 virorum
3067 5071 3342 5131 provocet.
3404 5062 3633 5128 Quando

2027 5155 2169 5208 enim
2231 5154 2479 5209 audimus
2536 5154 2692 5224 hujus
2757 5152 2971 5222 quidem
3031 5151 3426 5220 obedientiam,
3479 5153 3632 5206 istius

2028 5259 2204 5302 autem
2249 5247 2667 5311 continentiam,
2700 5247 2844 5300 illius
2889 5260 3017 5299 vero
3044 5245 3096 5298 in
3145 5245 3444 5314 hospitibus
3473 5244 3626 5301 colli-

2027 5341 2213 5412 gelidis
2240 5339 2655 5395 sollicitudinem
2677 5381 2693 5407 ,
2726 5353 3080 5409 magnamque
3105 5337 3439 5406 singulorum
3464 5338 3634 5391 virtu-

2031 5447 2236 5496 tem.ac
2285 5434 2554 5504 quomodo
2613 5433 2947 5497 claruerint,
3013 5432 3080 5487 ad
3133 5431 3329 5487 similia
3389 5429 3631 5485 iacienda

2025 5529 2346 5584 excitamur.
2390 5529 2500 5597 Age
2531 5527 2692 5595 igitur
2719 5526 2785 5581 ad
2817 5543 2878 5582 ea
2913 5543 3032 5597 qua:
3067 5525 3247 5580 relicta
3280 5533 3405 5579 sunt
3449 5524 3500 5577 in
3549 5523 3633 5577 lti-
3665 5529 3668 5532 '

2026 5619 2190 5674 storia
2222 5619 2368 5674 illius
2389 5618 2517 5688 justi
2547 5616 2706 5673 hodie
2725 5617 3065 5685 accedentes
3102 5617 3261 5672 linem
3291 5618 3631 5686 imponamus

2024 5711 2280 5766 sermoni.
2322 5709 2412 5766 25.
2466 5707 2685 5763 Factum
2741 5720 2815 5764 est
2858 5721 3060 5776 autem,
3112 5694 3314 5779 inquit,
3364 5720 3630 5778 postquam

2022 5808 2217 5874 peperit
2251 5803 2440 5864 Rachel
2467 5800 2695 5872 Ioseph,
2723 5801 2850 5857 dixit
2876 5801 3036 5857 Iacob
3061 5801 3128 5854 ad
3164 5799 3336 5853 Laban
3370 5816 3386 5850 :
3422 5799 3632 5854 Dimitte
