4120 6476
577 343 683 400 ωε

575 472 656 510 tne
677 497 694 522 ,
721 465 778 509 ut
805 454 979 510 abeant
1003 454 1054 509 in
1092 454 1258 508 locum
1300 468 1465 507 meum
1487 461 1534 505 et
1558 451 1612 505 in
1636 461 1827 505 terram
1854 463 2036 504 nteant.
2066 444 2159 501 26.

585 549 760 605 Redde
786 550 910 603 milii
934 562 1115 602 uxores
1133 559 1181 599 et
1205 542 1340 614 [ilics
1359 560 1495 599 meos
1519 560 1614 614 pro
1639 543 1818 613 quibus
1844 541 2025 597 servivi
2052 539 2160 594 tibi.

1341 335 1392 393 s.
1436 331 1712 390 JOANNIS
1746 324 2224 388 cnnvsosrout
2261 326 2578 387 ancntt-zp.
2619 295 3148 390 consummata

3768 337 3874 394 ιθσ

2276 455 2449 502 tuum.
2473 447 2619 504 Dixit
2647 460 2817 506 autem
2859 453 2908 507 ei
2949 452 3112 508 Iacob
3139 470 3161 510 :
3193 451 3316 509 Non
3366 453 3513 510 dabis
3562 457 3686 512 mild
3723 458 3879 527 φαει-

2273 552 2451 606 quam.
2474 537 2537 594 Si
2556 554 2674 594 vero
2889 542 3089 596 uerbum
3117 543 3286 610 istud,
3316 546 3498 599 iterum
3523 562 3732 614 pascant
3760 562 3882 602 olus

583 639 717 695 Vide
740 639 866 709 justi
911 640 1157 708 magnam
1185 636 1239 691 in
1267 636 1458 691 affectu
1512 634 1828 706 probitatem
1850 675 1867 700 ,
1894 632 2164 705 quomodo
2271 638 2405 684 tuas.
2429 629 2568 685 Nihil
2598 632 2722 688 volo
2745 649 2775 687 a
2805 642 2858 689 te
2885 636 3149 690 mercedis
3180 639 3401 692 nomine
3429 646 3742 708 reportare.
3775 638 3874 694 sed

581 730 772 786 videns
793 729 1068 784 manifeste
1092 727 1257 784 Deum
1281 727 1362 783 sui
1389 726 1588 783 habere
1605 741 1788 782 curam
1814 767 1829 788 ,
1857 741 1960 778 non
1985 737 2164 793 super-

582 820 710 879 bivit
735 828 917 874 contra
948 818 1162 886 Lahan,
1211 818 1304 874 sed
1349 833 1471 873 cum
1521 831 1709 888 magna
1758 814 2164 870 mansuetudine

582 909 752 976 dixit,
804 909 1013 963 Dimitte
1045 925 1154 976 tne,
1210 918 1266 963 ut
1303 909 1498 964 abeant.
1553 906 1691 963 Vere
1731 905 1865 961 nihil
1908 920 2161 960 mansuc-

581 1002 763 1058 tudiue
806 1001 1067 1069 validius,
1114 1002 1246 1057 nihil
1309 1002 1610 1072 potentius.
1650 998 1786 1055 Vide
1814 999 1972 1068 igitur
2026 1011 2165 1068 quo-

583 1094 743 1149 modo
790 1097 1018 1164 primum
1089 1095 1494 1158 mansuetudine
1544 1109 1674 1150 usus
1711 1135 1726 1157 ,
1778 1094 1956 1150 eﬂ’ecit
2003 1103 2060 1148 ut
2111 1102 2168 1148 et

583 1186 760 1243 laihan
801 1203 991 1259 magna
1027 1189 1076 1242 ei
1115 1188 1482 1244 benevolentia
1511 1186 1894 1259 responderit.
1931 1187 2022 1242 27.
2070 1185 2166 1240 Di-

579 1278 653 1332 xit
686 1280 818 1333 enim
842 1279 889 1333 ei
900 1321 916 1344 ,
948 1278 1156 1349 inquit,
1197 1277 1369 1333 Laban
1394 1291 1426 1333 ξ’
1467 1277 1528 1334 Si
1553 1279 1720 1333 inveni
1754 1279 1971 1350 gratiam
1995 1293 2167 1332 coram

581 1380 630 1422 te
653 1411 666 1436 ,
709 1369 952 1439 siquidem
990 1373 1273 1441 conjectare
1306 1382 1441 1425 certo
1479 1387 1683 1440 possum
1720 1370 1858 1441 quod
1897 1369 2166 1425 benedice-

580 1459 647 1512 rit
667 1475 746 1512 me
769 1457 907 1514 Deus
933 1459 983 1514 in
1009 1459 1234 1530 ingressu
1255 1471 1342 1514 tuo
1361 1460 1479 1519 .28.
1508 1459 1694 1514 Indica
1724 1460 1852 1514 milii
1890 1461 2167 1515 mercedem

582 1560 741 1614 tuam,
773 1559 822 1603 et
868 1549 1020 1605 dabo.
1048 1549 1162 1604 Non
1212 1551 1399 1620 ignoro
1422 1592 1438 1618 ,
1471 1552 1676 1622 inquit,
1711 1561 1831 1622 post
1877 1550 2166 1606 adventum

584 1651 731 1695 tuum
753 1642 1158 1711 locupletiorem
1181 1643 1309 1698 mihi
1331 1643 1563 1699 divinam
1591 1645 2016 1700 benevolentiam
2039 1659 2171 1700 con-

585 1733 789 1802 tigisse.
819 1731 980 1802 Igilur
1007 1733 1128 1802 quia
1166 1735 1341 1788 sentio
1364 1734 1621 1790 beneficia
1648 1751 1769 1805 qua:
1791 1735 1920 1790 mihi
1950 1745 2171 1806 promer

582 1825 866 1879 adventum
916 1834 1063 1879 tuum
1110 1825 1231 1880 data
1277 1837 1432 1890 sunt.
1460 1837 1713 1898 quantam
1753 1828 1834 1883 vis
1863 1828 2170 1886 mercedem

585 1914 779 1976 indica.
802 1924 857 1969 et
877 1931 975 1985 ego
1007 1927 1248 1986 prompte
1280 1919 1566 1988 prteslaho.
1595 1921 1883 1976 Considera
1914 1932 2171 1992 quantum

587 2005 758 2060 valeat
789 2009 1140 2063 mansuetudo
1166 2026 1180 2063 :
1215 2025 1282 2065 ne
1314 2012 1670 2080 perfunctorie
1695 2013 1896 2070 dictum
1927 2026 2169 2070 transea-

589 2112 742 2163 mus;
773 2098 866 2154 sed
889 2099 1106 2154 attende
1134 2101 1407 2172 quomodo
1427 2102 1604 2173 justus
1636 2121 1808 2178 neque
1836 2109 2171 2176 cogitaverit,

588 2203 762 2257 neque
807 2191 1138 2247 mentionem
1166 2193 1368 2259 iecerit,
1407 2211 1581 2266 neque
1625 2199 1927 2268 requisierit
1967 2216 2174 2256 merce-

587 2277 708 2334 dem
759 2280 1162 2347 laborum;sed
1210 2284 1312 2340 huc
1342 2286 1514 2342 solum
1556 2288 1791 2357 dixerit,
1822 2289 1999 2348 Redde
2049 2294 2175 2347 mihi

588 2387 772 2425 uxores
796 2381 842 2426 et
863 2361 1046 2428 liberos
1075 2391 1168 2444 pro
1201 2376 1383 2447 quibus
1403 2379 1581 2434 servivi
1609 2379 1730 2447 tibi,
1759 2392 1813 2436 ut
1840 2382 2013 2437 abeam
2039 2399 2058 2439 :
2085 2383 2174 2439 ille

589 2463 994 2532 reveritusjusti
1019 2481 1262 2536 magnam
1288 2471 1614 2539 arquitatem.
1645 2472 1816 2544 inquit
1847 2491 1862 2528 :
1894 2475 1985 2530 Dic
2013 2490 2173 2546 quam

590 2551 668 2605 vis
699 2553 790 2606 tibi
818 2555 1122 2611 mercedem
1153 2573 1181 2610 a
1211 2573 1296 2613 me
1323 2559 1473 2628 dari,
1496 2573 1548 2618 et
1570 2565 1714 2619 illam
1748 2579 1993 2635 prompte
2012 2567 2175 2625 dabo.

594 2641 784 2695 Annon
815 2657 934 2697 cum
968 2645 1086 2716 ipso
1111 2659 1268 2705 erant
1301 2653 1557 2710 mulieres
1585 2664 1640 2710 et
1668 2657 2053 2726 puerilouane
2080 2661 2180 2732 igi-

595 2740 684 2784 tur
703 2733 867 2798 dixit,
893 2734 1070 2791 Redde
1096 2741 1220 2795 mihi
1248 2759 1428 2799 uxores
1453 2755 1500 2799 et
1519 2763 1703 2816 pueros
1723 2749 1750 2803 2
1777 2749 1944 2820 Digno
1976 2754 2182 2809 honore

593 2837 718 2877 eum
767 2838 1122 2897 proscquutus
1151 2841 1271 2899 est,
1306 2849 1571 2906 suumque
1613 2855 1818 2896 morem
1870 2859 1965 2913 per
1998 2847 2179 2902 omnia

594 2911 868 3002 observat,
892 2926 946 2970 ct
975 2917 1142 2975 libere
1170 2921 1446 2981 discedere
1472 2927 1742 2986 vult.Vide
1772 2911 1930 3002 igitur
1950 2949 2014 2990 ει
2049 2950 2174 2992 ver-

596 3001 677 3054 bis
702 3002 830 3072 ipsis
857 3009 1127 3076 quomodo
1152 3018 1372 3069 attraxit
1397 3016 1690 3086 Labaimm,
1709 3032 1763 3076 ut
1791 3001 1851 3079 se
1876 3027 2179 3084 mercedem

596 3091 847 3148 daturum
877 3110 1069 3166 sponte
1102 3105 1412 3172 promittat,
1443 3119 1601 3179 atque
1629 3113 1948 3171 electionem
1979 3120 2028 3172 ei
2057 3135 2182 3190 per-

597 3185 792 3239 mittat.
843 3187 980 3256 Quid
1027 3191 1188 3262 igitur
1234 3195 1449 3265 justus?
1476 3200 1609 3257 Vide
1655 3207 2014 3265 excellentem
2057 3185 2186 3281 iejus

602 3282 1089 3354 mansuetudinem,
1114 3293 1382 3359 quomodo
1410 3312 1585 3367 neque
1611 3297 1688 3355 sic
1713 3317 1973 3360 onerosus
1992 3315 2046 3362 et
2073 3321 2190 3363 mo-

605 3367 771 3424 lestus
798 3381 883 3427 cst
927 3373 1164 3434 bibant).
1197 3381 1304 3438 Sed
1325 3386 1492 3455 quid?
1518 3388 1694 3458 Ipsum
1728 3403 1916 3450 testem
1942 3395 2068 3452 facit
2102 3399 2186 3454 sui

601 3457 821 3516 allectus
851 3473 905 3519 et
928 3466 1228 3528 officiorum
1257 3489 1504 3540 suorum.
1535 3457 1589 3535 et
1619 3497 1732 3538 sua:
1758 3489 1902 3542 omni
1947 3498 2188 3560 tempore

603 3551 654 3604 iu
685 3553 776 3608 illo
804 3558 1089 3615 serviendo
1119 3563 1534 3625 benevolentizu.
1556 3572 1646 3629 29.
1672 3573 1751 3630 Tu
1775 3580 1943 3646 nosti,
1973 3551 2184 3652 inquit,

603 3644 824 3706 qualiter
847 3648 940 3740 tibi
975 3654 1233 3740 seruiet-im
1263 3658 1280 3689 ⁸
1300 3700 1316 3723 ,
1356 3669 1403 3713 et
1441 3677 1633 3733 quanta
1677 3668 1865 3739 fuerint
1890 3644 2070 3740 pecora
2101 3644 2198 3728 tuti

606 3747 816 3826 mecum.
843 3737 931 3793 50.
960 3739 1132 3798 Parua
1155 3749 1289 3802 enim
1325 3761 1468 3806 erant
1495 3737 1793 3826 coramvtne,
1824 3770 1872 3813 et
1890 3737 2045 3816 aucta
2071 3775 2189 3819 sunt

603 3824 658 3877 in
705 3843 941 3900 magnam
977 3837 1382 3909 multitudinem,
1413 3856 1459 3899 et
1487 3847 1738 3903 benedixit
1766 3824 1813 3904 te
1839 3852 2088 3909 Dominus
2123 3859 2191 3912 ad

811 3939 974 4019 meum
996 3943 1016 3982 :
1043 3945 1178 3986 nunc
1204 3933 1360 4004 igitur
1383 3935 1589 4005 quando
1629 3943 1815 4012 faciam
1859 3957 1905 4000 et
1943 3965 2032 4019 ego
2066 3953 2192 4007 mihi

604 4008 703 4078 ipsi
725 4012 930 4068 domum
950 4018 977 4070 1
1000 4020 1074 4075 'l‘e
1097 4037 1232 4078 voco
1249 4036 1440 4084 testem
1461 4008 1704 4090 laborum
1731 4008 2189 4098 meorum:Vidisti

606 4099 749 4156 enim
773 4116 976 4202 quanto
1003 4112 1181 4168 studio
1209 4128 1259 4170 et
1292 4117 1394 4174 ﬁde
1423 4124 1602 4179 omnia
1639 4125 2060 4188 administrarim
2080 4175 2098 4202 ,
2127 4152 2192 4192 ae

606 4193 875 4258 quomodo
923 4198 975 4252 in
1023 4215 1188 4270 parvo
1233 4223 1456 4265 numero
1499 4217 1798 4285 acceperim
1833 4235 2023 4290 pecora
2064 4193 2187 4291 tua,

610 4294 729 4350 quae
748 4283 1022 4355 diligentia
1043 4293 1421 4368 vigilantiaque
1449 4317 1562 4357 mea
1592 4283 1645 4360 in
1673 4283 1876 4364 tantum
1905 4283 2186 4370 numerum

609 4386 854 4474 crescere
891 4383 1095 4437 curavi.
1131 4385 1332 4445 Deinde
1361 4405 1666 4451 tuenstrans
1695 4413 1844 4456 suam
1876 4379 2188 4476 religionem

614 4462 783 4534 inquit
809 4486 821 4521 :
854 4468 1117 4529 Benedixit
1157 4481 1290 4534 enim
1316 4491 1364 4535 te
1389 4483 1638 4542 Dominus
1679 4489 1748 4542 ad
1774 4494 1950 4560 pedem
1975 4462 2145 4552 ineunt
2173 4514 2193 4555 :

613 4572 746 4613 nunc
775 4561 931 4632 igitur
956 4569 1160 4636 quando
1181 4575 1367 4643 faciam
1397 4587 1444 4631 et
1467 4596 1558 4651 ego
1585 4583 1710 4637 mihi
1733 4585 1977 4643 domum?
2005 4590 2191 4647 Vidisti

613 4651 775 4706 etiam
826 4655 938 4724 ipse
982 4670 1101 4729 post
1153 4680 1328 4722 meum
1369 4670 1654 4729 adventum
1691 4681 1917 4748 gratiam
1957 4683 2192 4740 divinam

617 4751 736 4799 tuas
764 4748 980 4804 auxisse
1007 4751 1302 4814 facultates.
1336 4761 1485 4817 Nunc
1516 4765 1698 4836 igitur,
1731 4775 1982 4841 quoniam
2015 4787 2068 4831 ct
2093 4792 2194 4847 ego

610 4849 731 4902 quae
753 4853 885 4894 mea:
910 4856 1062 4900 erant
1093 4844 1358 4906 facultatis
1387 4857 1565 4911 omnia
1599 4875 1785 4932 magna
1808 4865 1970 4919 animi
2001 4844 2193 4925 alacri-

615 4938 724 4984 tate
754 4932 956 4990 faciens
978 4980 991 5004 ,
1027 4941 1380 5000 ministerium
1414 4949 1635 5019 perfeci,
1666 4963 1718 5008 ct
1748 4960 1918 5026 gratia
1951 4961 2042 5016 Dei
2083 4979 2194 5015 ma-

618 5022 808 5121 nifesta
831 5029 940 5082 visa
963 5033 1296 5103 estzjustum
1323 5051 1408 5095 est
1433 5054 1488 5095 ut
1511 5054 1565 5098 et
1594 5062 1691 5116 ego
1717 5022 1844 5104 mihi
1876 5052 1973 5121 ipsi
2001 5054 2191 5110 faciam

617 5113 854 5212 domum.
884 5120 1018 5186 Quid
1057 5138 1137 5179 est
1171 5169 1186 5192 ,
1225 5130 1353 5185 Mihi
1397 5133 1584 5191 faciam
1629 5113 1841 5196 domum
1867 5113 1974 5200 ?'ld
2002 5156 2104 5212 est,
2139 5149 2192 5204 in

615 5205 862 5264 libertate
905 5223 1085 5281 postea
1133 5233 1336 5286 verser,
1371 5233 1424 5278 et
1462 5239 1645 5282 curam
1695 5229 1885 5286 domus
1928 5252 2060 5291 mea:
2103 5237 2196 5291 ha-

616 5300 793 5396 beam.
830 5302 951 5357 llmc
979 5316 1034 5360 ut
1066 5309 1267 5364 audivit
1298 5313 1500 5384 Laban,
1535 5318 1620 5374 3|.
1652 5319 1797 5377 Dixit
1819 5327 1864 5380 ei
1894 5343 1913 5380 :
1941 5327 2076 5396 Quid
2107 5331 2195 5384 tibi

614 5391 741 5447 dabo
758 5393 785 5448 ρ
809 5397 945 5462 Quid
980 5400 1058 5454 vis
1077 5418 1104 5456 a
1126 5419 1210 5459 me
1242 5406 1338 5461 tibi
1365 5409 1521 5464 dari?
1545 5413 1814 5473 Conlitcor
1839 5391 2002 5486 enim,
2033 5433 2086 5478 et
2115 5425 2195 5479 in-

617 5485 763 5541 licias
793 5503 898 5541 non
939 5507 1002 5544 eo
1032 5507 1045 5544 :
1077 5493 1188 5548 scio
1213 5499 1353 5554 cnim
1397 5517 1592 5571 quanta
1627 5507 1753 5563 mihi
1787 5509 1983 5568 fuerint
2022 5530 2051 5568 a
2085 5517 2194 5571 Deo

615 5575 758 5644 data,
789 5589 841 5634 et
891 5583 1031 5651 quod
1091 5585 1419 5646 hcnediserit
1471 5611 1555 5652 me
1598 5597 1735 5656 Deus
1775 5601 1840 5657 ad
1893 5604 2192 5676 ingressum

665 5741 681 5775 ί
721 5739 934 5801 Quatuor
960 5755 1084 5809 uss,
1111 5763 1219 5811 qua
1245 5754 1328 5806 tibi
1351 5757 1587 5810 dederim.

2274 720 2377 776 hoc
2423 731 2630 776 tantmn
2687 724 2828 793 quod
2882 724 3004 780 dico
3049 728 3363 797 suscipere,
3391 739 3446 784 et
3479 726 3673 782 lterum
3715 746 3878 797 pasco

2273 825 2389 864 ores
2417 821 2550 866 tuas.
2577 812 2731 879 Quod
2777 823 2960 869 autem
3009 817 3162 881 volo,
3195 817 3298 871 hoc
3327 828 3432 874 est.
3470 817 3604 874 \‘ide
3645 818 3882 889 justum,

2271 903 2396 972 quia
2421 905 2658 973 speravit
2685 904 2738 958 in
2769 905 2975 961 auxilio
3005 905 3221 973 divino,
3252 909 3429 979 qualia
3461 920 3725 978 proponat
3774 908 3883 964 La-

2272 995 2432 1050 bano.
2459 995 2548 1050 32.
2589 995 2935 1065 Praetereunt,
2968 1000 3176 1070 inquit,
3224 1016 3339 1055 oues
3365 1012 3466 1054 tute
3511 1001 3756 1067 hodie,“
3795 1020 3849 1057 se

2272 1103 2428 1158 grega
2461 1088 2603 1142 illinc
2631 1107 2829 1144 omnem
2855 1108 2998 1146 ouem
3047 1093 3246 1161 fuscam
3288 1091 3342 1144 in
3395 1092 3543 1162 agnis
3563 1131 3580 1158 ,
3611 1103 3662 1145 et
3701 1095 3878 1148 omnis

2237 1180 2595 1256 'subulbicans
2635 1191 2682 1233 et
2725 1183 2984 1236 ntaculosa
3023 1183 3075 1236 in
3125 1183 3314 1267 capris,
3335 1182 3430 1236 erit
3482 1183 3610 1237 mihi
3661 1199 3882 1238 merces.

2273 1270 2364 1326 35.
2394 1269 2462 1324 Et
2491 1273 2724 1325 exaudiet
2752 1289 2830 1325 me
2843 1273 3049 1344 jnstitia
3079 1290 3190 1327 mea
3213 1274 3266 1327 in
3287 1272 3371 1328 die
3396 1274 3643 1341 crastino,
3661 1274 3785 1344 quia
3809 1285 3888 1329 est

2273 1378 2462 1417 merces
2484 1380 2593 1418 mea
2609 1381 2781 1418 coram
2813 1375 2860 1420 te
2882 1382 2902 1416 :
2924 1381 3074 1420 omne
3101 1365 3240 1437 quod
3257 1382 3359 1421 non
3383 1368 3538 1438 fuerit
3559 1367 3886 1422 maculosum

2274 1464 2320 1510 et
2347 1456 2485 1512 uarie
2501 1456 2728 1511 albicans
2757 1459 2810 1513 in
2834 1459 3026 1530 capris,
3045 1458 3248 1530 etquod
3275 1460 3448 1530 rufum
3467 1461 3518 1513 in
3544 1462 3718 1532 agnis,
3739 1463 3886 1530 [sata

2274 1547 2532 1602 sublatum
2560 1549 2654 1603 erit
2677 1566 2709 1604 a
2735 1567 2834 1604 nte.

2345 1639 2399 1692 9.
2441 1641 2730 1699 considera
2770 1642 2897 1712 justi
2955 1643 3309 1711 prudentiam.
3359 1645 3622 1714 Queniam
3662 1647 3874 1703 sciebat

2275 1741 2472 1801 quanta
2497 1731 2598 1786 sibi
2622 1747 2853 1803 superne
2873 1735 3042 1803 gratia
3069 1734 3438 1806 affulgeret,et
3464 1737 3746 1793 videbatur
3773 1739 3878 1794 sibi

2276 1825 2570 1881 secundum
2599 1837 2804 1881 natura:
2825 1827 3070 1882 ordinem
3101 1830 3183 1883 vel
3208 1829 3429 1885 difficile
3459 1845 3578 1886 esse
3601 1873 3616 1896 ,
3651 1832 3733 1886 vel
3761 1848 3885 1886 om-

2280 1915 2408 1970 nino
2437 1915 2770 1986 impossibile
2799 1923 3001 1984 (rarum
3035 1919 3179 1973 enim
3205 1927 3289 1974 est
3317 1920 3526 1975 varium
3568 1935 3690 1976 esse
3726 1922 3886 1976 colo-

2279 2019 2392 2060 rem
2417 2005 2676 2074 pecudum
2700 2022 2889 2062 recens
2919 2007 3212 2082 natarum),
3235 2009 3350 2064 haec
3375 2011 3508 2082 petit
3534 2011 3602 2066 ab
3629 2027 3719 2075 eo,
3740 2013 3887 2066 unde

2282 2095 2522 2166 petitioni
2550 2094 2667 2165 ejus
2695 2095 2875 2152 Laban
2906 2098 3085 2152 statim
3122 2100 3332 2165 annuit,
3363 2111 3418 2154 et
3448 2101 3620 2170 inquit
3645 2117 3661 2154 :
3689 2103 3776 2156 54.
3805 2103 3890 2158 Sit

2273 2188 2430 2259 juxta
2459 2189 2662 2242 verbum
2686 2200 2846 2243 luunt.
2872 2190 2962 2246 53.
2994 2189 3058 2244 Et
3086 2191 3254 2245 divisit
3274 2193 3327 2244 in
3353 2192 3436 2245 die
3457 2193 3549 2246 illa
3579 2195 3750 2248 hircos
3779 2211 3888 2248 ma-

2281 2276 2480 2331 culosos
2507 2287 2553 2333 et
2574 2278 2945 2336 subalbicantes
2965 2323 2980 2347 ,
3013 2293 3061 2336 et
3088 2299 3260 2337 omnes
3295 2300 3478 2351 capras
3509 2286 3796 2339 maculosus
3839 2296 3890 2340 et

2281 2367 2672 2434 subalbicantes,
2702 2381 2746 2424 et
2779 2387 2928 2426 omne
2969 2373 3106 2440 quod
3146 2385 3253 2427 erat
3287 2375 3338 2427 in
3384 2375 3456 2428 eis
3501 2377 3780 2429 candidum
3800 2418 3816 2442 ,
3842 2385 3892 2430 et

2285 2475 2434 2514 omne
2453 2462 2591 2531 quod
2608 2473 2716 2516 erat
2751 2465 2950 2533 fuscum
2988 2465 3040 2517 in
3079 2464 3272 2530 ovibus,
3293 2476 3338 2519 et
3368 2465 3505 2520 dedit
3545 2484 3636 2535 per
3679 2485 3891 2522 manum

2289 2551 2511 2619 ﬁliorum
2534 2569 2740 2607 suorum
2770 2571 2788 2608 :
2817 2556 2905 2611 36.
2927 2565 2974 2610 et
3001 2557 3118 2628 fecit
3133 2557 3322 2612 distare
3350 2559 3478 2612 uiam
3510 2561 3662 2613 trium
3690 2560 3892 2616 dictum

2289 2641 2418 2695 inter
2443 2658 2502 2696 ea
2522 2653 2569 2696 et
2594 2644 2725 2698 inter
2747 2643 2928 2700 Iacob.
2954 2645 3252 2716 Separavtt,
3275 2648 3461 2716 inquit,
3483 2664 3674 2719 greges
3695 2664 3895 2705 secun-

2288 2732 2417 2788 dum
2447 2737 2862 2805 propositionem
2892 2737 2954 2792 la
2990 2739 3060 2793 ob
3083 2780 3098 2802 .
3132 2750 3187 2794 et
3215 2739 3361 2795 dedit
3389 2741 3512 2795 liliis
3541 2747 3654 2796 suis
3680 2761 3694 2797 :
3725 2742 3893 2799 Jacob

2292 2837 2457 2881 autent
2499 2829 2635 2898 pavit
2681 2831 2897 2900 pecudes
2923 2829 3098 2884 Laban
3125 2830 3366 2902 reliquas.
3399 2832 3721 2900 Qualcsnam
3769 2837 3894 2892 liae?

2293 2917 2502 2972 Nullam
2535 2920 2740 2974 scilicet
2785 2921 3043 2978 habentes
3074 2923 3273 2978 coloris
3299 2923 3634 2980 varietatem.
3654 2925 3770 2981 Iloc
3797 2941 3894 2981 au-

2293 3019 2400 3064 tem
2451 3020 2618 3066 tutum
2661 3010 2856 3068 factum
2907 3023 3012 3081 est,
3045 3026 3101 3070 ut
3140 3015 3318 3084 justus
3339 3016 3516 3086 reipsa
3559 3025 3892 3087 compertam

2295 3099 2518 3157 haberet
2550 3102 2642 3158 Dei
2669 3117 2796 3175 erga
2828 3120 2888 3159 se
2929 3105 3360 3175 providentiam,
3389 3118 3444 3162 et
3478 3106 3656 3163 Lalnm
3687 3107 3896 3165 videret

2296 3201 2552 3262 quantum
2578 3193 2672 3248 Dei
2714 3194 2968 3251 auxilium
2997 3195 3222 3252 haberet
3243 3196 3428 3254 Jacob.
3448 3199 3538 3254 57.
3566 3199 3774 3270 Accepit
3795 3217 3895 3254 au-

2298 3291 2395 3335 tem
2423 3281 2610 3350 Jacob,
2645 3283 2835 3355 inquit,
2858 3287 2953 3339 sibi
3009 3287 3198 3358 uirgam
3247 3290 3554 3359 stgraeinmn
3593 3291 3803 3344 viridem
3846 3300 3895 3346 et

2295 3373 2675 3444 amygdalum»:
2698 3385 2744 3428 et
2770 3376 2985 3446 platani,
3018 3389 3063 3431 et
3084 3379 3407 3433 dccorticarit
3432 3377 3595 3435 Iacob
3623 3398 3708 3435 cas
3728 3382 3781 3436 in
3807 3384 3896 3438 de-

2294 3463 2669 3518 corticationem
2703 3465 2870 3520 albam
2895 3507 2912 3530 ,
2943 3465 3193 3524 abradens
3209 3470 3346 3538 quod
3389 3471 3547 3524 uiride
3569 3486 3588 3534 ,°
3614 3475 3896 3542 apparebat

2295 3562 2462 3606 autem
2485 3553 2534 3607 in
2564 3556 2715 3627 virgis
2737 3557 2928 3614 album.
2956 3559 3093 3630 quod
3117 3561 3451 3615 decorticarat
3475 3563 3687 3618 varium.
3707 3565 3799 3620 58.
3825 3563 3896 3620 Et

2295 3644 2537 3712 apposuit
2565 3647 2749 3718 virgas,
2768 3665 2895 3718 quas
2913 3650 3256 3717 dccorticarit,
3278 3652 3331 3706 in
3353 3654 3554 3708 canales
3576 3658 3892 3725 aquatorios,

2299 3747 2354 3792 ut
2377 3754 2491 3790 cum
2518 3740 2737 3792 venirent
2758 3741 2972 3810 pecudes
2993 3741 3063 3794 ad
3090 3741 3378 3809 bibendum,
3405 3745 3725 3816 conciperent
3741 3765 3895 3819 petu-

2296 3829 2384 3883 dcs
2421 3831 2694 3884 secundum
2726 3833 2910 3903 virgas.
2951 3832 3042 3888 39.
3074 3832 3138 3888 Et
3179 3835 3527 3904 concipit-bant
3563 3843 3782 3908 pecuda
3807 3857 3889 3895 ss-

2295 3921 2515 3975 cundum
2545 3922 2711 3993 virgas
2730 3965 2746 3989 ,
2777 3933 2822 3977 et
2855 3935 3155 3993 pepererunt
3182 3927 3395 3995 pecuda
3415 3927 3682 3992 subalbas,
3714 3946 3891 3984 inaru-

2296 4015 2432 4069 losas
2473 4026 2519 4069 et
2549 4017 2784 4092 cinericio
2825 4017 2993 4071 colore
3047 4035 3275 4088 simrsas.
3309 4022 3433 4074 llaec
3477 4019 3682 4076 faciens
3716 4022 3893 4092 justus

2299 4121 2404 4160 non
2442 4121 2472 4159 a
2502 4089 2680 4177 scipio
2730 4107 3066 4176 movebatur,
3097 4109 3192 4165 sed
3222 4109 3518 4181 inspirante
3567 4089 3733 4168 tuenti
3778 4114 3892 4184 ejus

2297 4210 2531 4264 superna
2579 4196 2771 4268 gratia.
2821 4196 3005 4267 Neque
3044 4199 3337 4253 secundum
3387 4212 3591 4256 natura:
3645 4204 3890 4258 ordinem

2296 4300 2413 4344 erat
2443 4288 2584 4358 quod
2617 4288 2809 4355 ﬂebat,
2859 4290 2954 4345 sed
3003 4291 3156 4346 valde
3200 4291 3551 4358 admirabile,
3584 4304 3639 4348 ct
3687 4303 3890 4350 natura

2298 4379 2512 4433 modum
2547 4381 2949 4437 transcetidens.
2982 4381 3072 4436 40.
3107 4380 3171 4435 Et
3191 4398 3370 4453 agnos,
3399 4383 3603 4452 inquit,
3636 4385 3887 4455 distinxit,

2298 4485 2344 4523 et
2370 4472 2541 4523 statuit
2571 4488 2743 4526 coram
2769 4475 2940 4526 auibus
2983 4473 3193 4526 arietem
3227 4473 3620 4527 subulbicantem
3637 4490 3656 4538 ;
3676 4489 3721 4529 et
3749 4495 3892 4532 omne

2298 4565 2492 4616 uarium
2521 4563 2570 4615 in
2601 4565 2774 4618 ovibus
2798 4579 2816 4617 :
2839 4574 2887 4616 et
2907 4564 3157 4632 separavit
3186 4578 3300 4618 om
3327 4581 3467 4632 snas,
3496 4575 3542 4619 et
3563 4583 3662 4620 non
3696 4570 3889 4623 miscuit

2299 4672 2382 4710 eas
2403 4674 2516 4710 cun.
2546 4659 2717 4711 ovibus
2745 4656 2938 4710 Laium.
2964 4656 3154 4711 Postea
3184 4658 3306 4728 quia
3336 4657 3516 4713 omnia
3543 4674 3664 4728 qu;e
3696 4676 3884 4716 nasce-

2301 4749 2512 4811 bantur,
2543 4760 2695 4802 crant
2729 4751 2848 4803 talia
2877 4751 3050 4819 qualia
3082 4751 3377 4822 proposuit,
3411 4753 3679 4820 separavit
3706 4769 3768 4807 ea
3799 4795 3813 4819 ,
3840 4765 3888 4807 ut

2301 4839 2422 4894 fecit
2453 4841 2551 4893 sibi
2594 4855 2783 4908 greges
2826 4849 3119 4908 separatos.
3165 4841 3253 4894 41.
3282 4838 3498 4894 Factum
3535 4853 3609 4894 est
3638 4853 3811 4898 autem
3840 4844 3887 4896 in

2301 4942 2521 5003 tempore
2545 4949 2644 5002 quo
2673 4933 2961 4999 concipiunt
2984 4949 3094 4986 ores
3125 4935 3346 5002 gravida;
3368 4975 3382 4997 ,
3417 4936 3585 5002 posuit
3603 4935 3766 4989 Jacob
3794 4938 3886 4991 eir-

2300 5042 2414 5094 gam
2437 5041 2606 5077 coram
2633 5025 2806 5089 oribus
2827 5026 2877 5077 in
2899 5025 3174 5086 canalibus,
3200 5035 3250 5076 ut
3274 5027 3591 5095 conciperent
3612 5029 3770 5098 juxta
3795 5031 3887 5082 viro

2302 5133 2414 5186 gas.
2454 5115 2535 5169 69..
2571 5115 2788 5179 Quando
2827 5125 2990 5168 autem
3032 5116 3290 5183 pariebant
3321 5133 3470 5182 ores,
3514 5133 3613 5170 non
3655 5122 3882 5187 ponebat.

2302 5206 2464 5260 Facta
2489 5219 2657 5258 autent
2685 5215 2798 5259 sunt
2829 5222 2927 5259 non
2957 5208 3154 5276 signata
3181 5206 3380 5268 Laban.
3413 5207 3613 5276 signata
3649 5226 3765 5262 vero
3791 5208 3877 5264 Ju-

2299 5300 2386 5355 cob
2411 5318 2430 5366 ;
2457 5301 2546 5354 4'5.
2573 5311 2616 5352 ct
2640 5299 2826 5352 ditatus
2851 5310 2920 5352 est
2948 5301 3095 5353 homo
3117 5301 3263 5354 valde
3289 5301 3455 5354 ualde.
3487 5300 3624 5370 Quid
3657 5304 3768 5356 vult
3792 5304 3882 5358 sibi

2301 5393 2388 5447 illa
2447 5391 3155 5461 repetitio?Abundantium
3220 5391 3442 5446 multam
3502 5392 3877 5462 signiﬁcant»

2299 5501 2420 5539 cum
2467 5499 2570 5538 non
2606 5483 2764 5536 modo
2811 5483 3057 5550 ditatum,
3087 5484 3179 5539 sed
3229 5495 3279 5539 et
3332 5484 3620 5541 admodum
3666 5488 3882 5544 ditatum

2299 5575 2484 5629 fuisse.
2521 5572 2752 5626 Fuerunt
2780 5575 2920 5629 enim
2948 5575 2992 5628 ei
3010 5617 3021 5639 ,
3054 5575 3242 5643 inquit,
3276 5591 3459 5645 pecora
3491 5577 3650 5631 multa
3679 5589 3728 5633 et
3749 5583 3883 5634 bores

2300 5680 2343 5721 et
2371 5666 2498 5720 servi
2523 5676 2570 5719 el
2597 5667 2817 5721 ancilla;
2845 5666 2950 5723 Sed
2989 5666 3106 5722 vide
3136 5667 3220 5720 hic
3249 5666 3438 5721 iterum
3462 5668 3606 5736 justo
3637 5670 3880 5726 invidiam

2307 5759 2470 5815 nasci.
2509 5759 2557 5812 l.
2593 5759 2790 5810 Audiuit
2834 5774 2973 5813 enim
2996 5797 3009 5824 ,
3042 5760 3242 5829 inquit,
3273 5759 3418 5813 verba
3445 5759 3669 5829 ﬁliorum
3717 5761 3880 5818 Labaa
