4170 6506
275 459 369 516 197

272 570 543 628 dicentium
562 582 582 622 :
614 564 814 636 Accepit
841 562 1002 617 Iacob
1029 558 1199 613 omnia
1214 569 1326 628 qua!
1340 561 1456 606 sunt
1484 548 1642 619 patris
1671 542 1854 605 uestri,

271 675 323 719 at
344 678 409 716 ex
441 662 521 715 Itis
550 675 664 731 quo!
694 668 813 712 sunt
839 653 997 726 patris
1024 649 1183 705 nostri
1212 647 1329 716 fecit
1358 659 1555 700 onmem
1584 643 1715 694 hanc
1740 637 1854 731 glo-

269 754 398 806 rians
441 729 607 821 (Cap.
632 746 745 820 51).
785 745 916 801 Vide
943 739 1213 813 quomodo
1242 736 1437 793 invidia
1468 734 1705 821 ingratos
1740 729 1859 821 illos

270 818 504 898 reddidit
522 857 537 905 ;
556 818 673 895 non
702 818 819 892 illos
838 843 1016 889 autem
1044 830 1216 887 solum
1237 868 1254 894 ,
1285 826 1379 883 sed
1407 836 1462 881 et
1482 826 1655 893 ipsum
1682 818 1857 875 Laba-

271 950 424 989 nuxn.
457 931 596 986 Vidit
625 930 791 995 enim,
820 927 1012 997 inquit,
1038 922 1201 978 Jacob
1223 920 1404 991 faciem
1427 915 1603 969 Laban
1621 954 1637 977 ,
1669 920 1717 967 et
1750 924 1864 965 erce

270 1040 374 1078 non
402 1030 509 1079 erat
535 1037 654 1092 erga
681 1035 736 1075 se
760 1017 889 1073 sicut
920 1016 1025 1070 lteri
1049 1023 1098 1068 et
1124 1003 1688 1066 nudius'tertius.‘ierba
1716 999 1861 1055 enim

272 1114 503 1169 ﬁliwusn
524 1110 663 1166 illius
690 1116 925 1165 mentem
951 1106 1067 1176 ejus
1093 1103 1453 1160 turbaverant.
1475 1105 1527 1153 et
1542 1093 1862 1151 oblivionem

273 1202 599 1258 induxerant
626 1212 812 1254 eorum
840 1210 961 1267 quin
999 1192 1206 1263 pridem
1234 1189 1416 1245 Laban
1443 1187 1652 1242 dixerat
1679 1182 1745 1237 ad
1775 1180 1864 1237 Ja-

271 1292 377 1348 cub
402 1290 486 1346 bis
514 1288 691 1345 verbis
719 1306 733 1341 :
763 1284 1027 1341 Bcnedixit
1052 1298 1131 1336 me
1160 1280 1296 1335 Deus
1322 1277 1389 1332 ad
1418 1278 1698 1347 :‘ngrasum
1722 1282 1866 1327 tuum

274 1381 430 1451 (Gen.
459 1379 548 1437 30.
576 1380 691 1451 27),
715 1387 770 1434 et
787 1376 989 1448 gratias
1011 1381 1195 1445 egerat
1215 1370 1463 1436 Domino,
1483 1366 1625 1439 quod
1648 1372 1867 1436 propter

274 1473 562 1528 adventum
599 1469 731 1540 justi
768 1468 1047 1523 facultates
1083 1479 1195 1520 sua:
1232 1471 1402 1519 auctre
1442 1460 1687 1515 fuerant:
1725 1469 1868 1512 nunc

274 1570 482 1618 mutato
522 1575 616 1628 per
644 1559 871 1613 ﬁliorum
900 1556 1043 1611 dicta
1092 1555 1273 1608 animo
1301 1560 1357 1608 et
1384 1550 1580 1605 invidia
1611 1548 1860 1619 ﬂagrans,

276 1652 417 1707 fcis-te
443 1650 565 1722 quia
589 1648 804 1704 videbat
828 1647 1030 1718 justum
1052 1644 1208 1700 valde
1234 1642 1507 1699 abundare
1525 1682 1541 1709 ,
1572 1656 1677 1696 non
1706 1640 1866 1694 talem

278 1758 341 1798 se
370 1742 445 1797 illi
470 1741 795 1805 exhibebat,
820 1739 1030 1809 qualem
1059 1746 1237 1793 antea.
1283 1736 1420 1789 Vidit
1448 1735 1591 1790 enim
1612 1774 1628 1799 ,
1660 1732 1862 1803 inquit,

275 1831 442 1887 Iacob
468 1832 652 1902 {aciem
672 1829 849 1884 Laban
869 1870 883 1894 ,
906 1837 954 1883 et
979 1844 1092 1883 ecce
1111 1843 1211 1882 non
1233 1836 1343 1881 erat
1366 1842 1489 1895 erga
1514 1840 1570 1879 se
1592 1824 1720 1879 sicut
1760 1822 1869 1876 lteri

276 1933 329 1977 et
357 1919 933 1976 nudiustertius.\'idisti
959 1919 1089 1988 justi
1115 1932 1359 1988 magnam
1382 1916 1867 1981 mansuetudinem,

278 2023 335 2068 et
362 2012 571 2066 illorum
602 2011 862 2080 ingratum
885 2010 1122 2065 animum
1142 2050 1157 2073 ,
1192 2022 1256 2063 ac
1278 2006 1550 2077 quomodo
1578 2020 1701 2062 cum
1728 2005 1867 2061 invi-

276 2100 424 2155 diam
452 2099 593 2155 ferre
634 2114 741 2154 non
773 2106 1013 2168 possent,
1045 2098 1209 2168 patris
1252 2105 1484 2152 mentem
1514 2096 1867 2166 perturbave-

279 2190 449 2245 runt?
474 2189 624 2255 Vide,
643 2189 872 2244 obsecro
896 2229 911 2255 ,
937 2202 1081 2244 nunc
1105 2201 1160 2243 et
1186 2188 1278 2243 Dei
1311 2186 1632 2243 ineffabilem
1659 2187 1871 2242 miseri-

279 2281 541 2344 cordiam.
577 2289 630 2336 ct
650 2289 849 2351 quanta
876 2278 1320 2351 attemperatione
1347 2287 1554 2343 utatur,
1576 2293 1697 2333 cum
1728 2277 1871 2333 videt

282 2389 382 2429 nos
412 2389 531 2444 qua:
553 2385 733 2428 nostra
759 2381 883 2427 sunt
914 2371 1113 2428 facere.
1148 2370 1348 2426 Videas
1382 2370 1526 2426 enim
1565 2370 1767 2439 justum
1802 2369 1872 2424 ab

280 2464 386 2519 illis
414 2462 541 2517 odio
569 2461 774 2529 haberi,
806 2461 936 2516 dicit
961 2462 1028 2516 ad
1053 2458 1217 2517 lacob
1245 2478 1257 2513 :
1288 2460 1340 2515 5.
1373 2457 1637 2514 Reuertere
1675 2460 1729 2513 in
1765 2467 1869 2513 ter-

278 2570 392 2608 ram
441 2564 645 2623 patrum
671 2562 895 2618 tuorum,
926 2562 973 2607 et
1010 2553 1079 2606 ad
1107 2553 1481 2623 generationem
1509 2561 1647 2605 tuam
1665 2593 1679 2617 ,
1714 2560 1758 2604 et
1784 2566 1869 2604 ero

275 2656 468 2702 tecum.
497 2645 638 2700 Satis
660 2643 751 2699 diu
790 2654 1031 2699 versatus
1058 2660 1146 2709 es,
1185 2644 1390 2715 inquit,
1416 2645 1466 2699 in
1502 2653 1642 2698 terra
1672 2642 1869 2697 aliena.

279 2736 412 2793 Nam
441 2752 561 2808 qure
588 2737 792 2807 pridem
821 2738 915 2792 tibi
943 2737 1181 2808 promisi,
1209 2736 1392 2792 dicens
1411 2778 1426 2801 ,
1466 2734 1721 2790 Reducem
1745 2746 1792 2788 te
1818 2734 1871 2788 in

280 2838 472 2882 terram
505 2837 643 2882 tuam
672 2828 827 2901 (Gen.
858 2828 1101 2897 28.15),
1144 2843 1208 2884 ea
1254 2843 1395 2881 nunc
1438 2841 1604 2897 apere
1649 2826 1872 2895 implere

280 2920 405 2974 Volo
432 2939 446 2975 :
473 2929 744 2975 revertere
794 2921 953 2991 igitur
996 2919 1127 2974 nibil
1174 2920 1412 2983 timens;
1444 2917 1554 2988 Ego
1600 2918 1743 2972 enim
1784 2932 1872 2970 ero

282 3022 467 3066 tecum.
503 3011 572 3067 Ut
599 3011 757 3081 Igitur
789 3011 964 3079 justus
1004 3009 1217 3079 segnior
1256 3024 1363 3064 non
1409 3008 1499 3063 fiat
1554 3009 1605 3061 in
1661 3006 1873 3076 proﬁci-

281 3100 516 3167 scendo,
546 3102 637 3156 sed
680 3115 868 3169 magna
903 3100 1093 3154 ﬁducia
1134 3099 1235 3153 iter
1274 3099 1530 3168 arripiat:
1564 3098 1683 3153 ideo
1709 3096 1868 3163 dicit,

288 3193 395 3264 Ego
426 3210 513 3246 ero
544 3203 756 3246 tecum:
784 3192 875 3262 qui
914 3191 1187 3262 hucusque
1216 3207 1303 3247 res
1332 3202 1449 3247 tuas
1478 3190 1790 3262 gubernavi,
1819 3198 1874 3245 et

283 3285 469 3357 augeri
494 3284 676 3338 curavi
717 3296 901 3337 semen
933 3290 1079 3337 tuum
1105 3322 1121 3347 ,
1152 3296 1252 3352 ego
1282 3291 1336 3336 ct
1363 3281 1417 3336 in
1448 3290 1718 3351 posterum
1765 3279 1872 3335 Ero

282 3384 467 3428 tecum.
501 3374 626 3428 ιιςυο
651 3383 709 3428 ut
732 3373 932 3428 audivit
966 3374 1142 3442 justus
1167 3389 1196 3426 a
1226 3373 1337 3428 Deo
1358 3413 1371 3437 ,
1401 3387 1507 3427 non
1550 3372 1648 3426 fuit
1697 3373 1869 3443 negli-

280 3480 432 3534 gens,
459 3462 552 3517 sed
576 3463 642 3518 ad
672 3463 773 3517 iter
800 3477 860 3517 se
885 3464 1133 3517 accinxit.
1159 3463 1213 3518 4.
1244 3462 1388 3516 Misit
1415 3463 1567 3528 enim,
1607 3464 1796 3534 inquit,
1824 3472 1871 3517 et

281 3554 471 3608 vocavit
498 3553 646 3607 Limn
673 3562 722 3607 et
751 3553 944 3608 Rachel
974 3556 1027 3608 in
1056 3570 1291 3624 campum
1317 3554 1402 3608 ubi
1427 3565 1572 3609 erant
1597 3572 1796 3627 greges,
1823 3566 1869 3609 et

278 3646 409 3699 dixit
435 3645 529 3700 eis.
560 3646 865 3715 Proponere
896 3645 1005 3701 vult
1036 3647 1349 3701 mulieribus
1386 3647 1729 3715 profectionis
1771 3663 1869 3703 ne-

278 3739 483 3807 gotium
506 3777 519 3801 ,
552 3744 605 3791 et
643 3736 944 3806 signiﬁcare
973 3737 1052 3792 eis
1096 3736 1404 3793 mandatum
1433 3737 1565 3802 Dei,
1606 3748 1663 3792 et
1706 3739 1871 3808 patris

278 3841 406 3896 erga
430 3841 487 3882 se
516 3826 720 3881 odium.
740 3828 792 3882 5.
830 3827 970 3881 Dixit
998 3827 1140 3882 enim
1162 3869 1177 3892 ,
1209 3828 1412 3897 inquit,
1441 3829 1514 3882 eis
1539 3844 1559 3882 :
1597 3826 1755 3882 Video
1780 3844 1869 3899 ego

282 3920 467 3985 faciem
497 3918 656 3988 patris
676 3920 845 3983 uestri,
864 3920 1001 3990 quod
1030 3935 1129 3973 non
1158 3920 1223 3973 sit
1256 3936 1374 3989 erga
1418 3936 1497 3972 me
1524 3920 1652 3973 sicut
1683 3919 1792 3972 lteri
1822 3927 1867 3972 et

277 4008 647 4061 nudiustertius
674 4023 694 4062 :
719 4008 857 4063 Deus
899 4019 1065 4062 autem
1112 4009 1273 4079 patris
1304 4010 1400 4063 mei
1447 4010 1544 4081 fuit
1573 4025 1785 4063 mecum.
1812 4008 1867 4064 6.

279 4098 422 4169 Ipse
461 4110 627 4154 autem
648 4102 807 4168 scitis,
831 4102 964 4171 quod
994 4104 1173 4157 servivi
1220 4104 1356 4174 patri
1397 4114 1559 4158 vestro
1598 4121 1691 4176 pro
1730 4106 1868 4159 omni

276 4190 412 4244 uirili
444 4206 574 4244 mea.
617 4192 669 4245 7.
711 4191 869 4245 Pater
909 4203 1076 4247 autent
1114 4204 1275 4248 vester
1315 4194 1639 4249 circumuenit
1672 4211 1750 4249 me
1772 4238 1787 4262 ,
1820 4206 1869 4250 et

274 4283 484 4333 mutavit
516 4282 791 4337 mercedem
817 4299 978 4336 meam
1005 4284 1179 4337 decem
1208 4288 1354 4357 agnis
1387 4285 1426 4351 ί,
1457 4296 1503 4338 et
1532 4303 1633 4340 non
1660 4288 1796 4340 dedit
1822 4287 1895 4357 ei_

274 4371 418 4426 Deus
467 4381 524 4424 ut
576 4388 655 4425 me
702 4373 955 4444 afﬂigeret.
995 4375 1049 4430 8.
1086 4374 1146 4429 Et
1183 4393 1299 4430 cum
1337 4378 1409 4431 sic
1446 4378 1633 4433 dicere!
1662 4394 1681 4431 :
1710 4376 1868 4433 Varia

270 4473 422 4518 erunt
453 4479 638 4517 merces
669 4473 755 4516 tua
787 4480 806 4518 :
835 4474 880 4518 et
905 4466 1165 4535 pariebant
1191 4485 1362 4525 omnes
1390 4485 1505 4523 oves
1545 4471 1705 4525 varia.
1737 4469 1865 4525 Cum

270 4562 443 4607 autem
473 4554 658 4607 diceret
685 4570 705 4608 :
733 4554 966 4610 Candida
986 4567 1131 4611 erunt
1167 4576 1353 4613 merces
1383 4570 1470 4613 tua
1491 4577 1511 4615 .'
1534 4571 1580 4616 et
1603 4562 1864 4633 pariebant

268 4664 445 4701 omnes
465 4664 580 4701 oves
606 4648 827 4702 candida
850 4665 868 4703 :
897 4650 951 4705 9.
983 4661 1029 4704 et
1056 4652 1169 4704 tulit
1192 4650 1330 4706 Deus
1371 4654 1542 4707 omnia
1563 4670 1744 4723 pecora
1764 4672 1863 4725 pa-

268 4738 363 4791 tris
390 4740 559 4803 uestri,
590 4748 637 4793 et
657 4740 795 4793 dedit
816 4742 937 4794 mihi
963 4758 1041 4795 ea.

343 4831 397 4885 5.
433 4828 566 4885 Vide
592 4831 861 4899 quomodo
890 4843 1175 4903 utrumque
1206 4835 1381 4895 docet.
1408 4846 1461 4891 et
1489 4838 1656 4903 patris
1684 4838 1863 4909 ingra-

270 4929 381 4974 tum
409 4934 533 4988 erga
556 4935 616 4975 se
644 4920 905 4989 animum,
927 4931 982 4978 et
1008 4939 1161 4980 suum
1188 4927 1421 4983 studium
1450 4929 1589 4999 quod
1618 4933 1667 4984 in
1690 4930 1863 4985 servi-

269 5020 382 5065 tute
410 5010 725 5066 declaravit.
751 5012 907 5069 Scitis
936 5017 1101 5083 enim,
1135 5019 1339 5090 inquit,
1369 5038 1449 5076 me
1472 5038 1566 5091 pro
1594 5022 1730 5077 uirili
1750 5039 1861 5077 mea

268 5102 530 5156 serviuisse
559 5106 691 5170 patri
723 5118 905 5162 oestro.
938 5109 1003 5163 Et
1022 5111 1316 5167 declaravit
1356 5123 1608 5183 quantam
1649 5116 1731 5169 sui
1761 5130 1858 5169 cu-

267 5205 380 5245 ram
414 5190 555 5247 Deus
592 5192 872 5260 habuerit,
907 5208 1213 5257 monstrans
1258 5217 1553 5272 supernum
1600 5206 1857 5261 auxilium

263 5283 446 5337 omnia
477 5296 757 5354 operatum
796 5287 988 5355 fuisse,
1032 5300 1087 5346 et
1132 5292 1412 5350 facultates
1452 5294 1653 5352 Labani
1695 5299 1747 5353 in
1796 5313 1857 5356 se

265 5374 624 5431 transtulisse.
659 5375 796 5432 Tulit
825 5380 970 5434 enim
1004 5380 1141 5437 Deus
1168 5386 1340 5439 omnia
1367 5404 1553 5457 pecora
1578 5391 1741 5460 patris
1770 5408 1854 5445 oe-

262 5464 381 5531 stri,
412 5464 604 5537 inquit,
632 5463 680 5521 et
707 5468 847 5523 dedit
876 5472 1002 5527 mihi
1028 5489 1106 5528 ea.
1145 5475 1232 5530 10.
1261 5475 1479 5543 Quando
1503 5491 1671 5536 autem
1689 5484 1860 5537 conci-

329 5648 783 5730 Ll‘n-‘ltebrmojest.
806 5654 950 5705 D’JD
1197 5666 1278 5713 ubi
1305 5665 1467 5730 aquila
1503 5670 1666 5729 vertit,
1690 5671 1856 5723 decem

261 5713 629 5795 1:1,

1275 439 1337 493 IN
1378 436 1526 493 CAP.
1573 429 1762 487 XXXI.
1805 426 2052 484 Gl-LNES.
2098 424 2325 482 IIOMIL.
2370 425 2521 483 LV".

3455 427 3557 482 ‘98

1968 536 2169 611 piebant
2192 554 2331 607 oues,
2358 552 2405 595 et
2430 541 2534 594 uidi
2561 539 2724 596 oculis
2746 540 2867 595 nnis
2895 543 2946 594 in
2976 556 3153 594 somno
3173 582 3186 604 ,
3211 550 3257 595 et
3284 555 3395 594 ecce
3430 540 3557 593 liii-ri

1968 643 2015 687 et
2042 634 2224 687 arietes
2270 633 2607 687 ascendebant
2654 648 2806 702 super
2833 647 2947 686 oues
2990 641 3037 685 et
3079 648 3300 703 capras,
3330 631 3556 685 subalbi-

1968 736 2138 781 cantes
2184 736 2232 780 et
2280 727 2428 792 uarii,
2450 734 2499 781 et
2541 724 2780 780 cinericio
2814 725 2983 779 colore
3000 725 3186 795 sparsi.
3218 724 3306 779 11.
3327 722 3392 777 Et
3432 724 3561 777 dicit

1968 816 2093 870 mihi
2112 816 2322 889 angelus
2350 816 2447 871 Dei
2470 818 2524 871 in
2547 832 2724 871 somno
2744 831 2764 870 :
2782 813 3086 885 Jacob.Ego
3106 823 3273 868 autem
3294 813 3519 867 dicebam
3542 829 3561 867 :

1973 910 2107 977 Quid
2132 910 2248 965 est?
2278 910 2345 964 Et
2373 911 2499 966 dixit
2527 925 2547 965 :
2575 908 2659 965 12.
2691 910 2875 979 Aspice
2899 908 3061 961 oculis
3091 907 3211 973 tuis,
3242 916 3291 961 et
3320 905 3432 959 vide
3458 906 3563 957 Itir-

1968 1020 2054 1059 cos
2082 1014 2127 1059 et
2150 1004 2332 1058 arietes
2363 1002 2688 1058 ascendentes
2707 1018 2860 1071 super
2884 1016 3066 1072 capras
3088 1010 3133 1055 et
3160 1014 3297 1064 oues,
3326 997 3562 1052 subalbos

1971 1104 2018 1148 ct
2037 1094 2203 1148 varios
2222 1136 2237 1159 ,
2269 1103 2314 1147 et
2340 1093 2577 1147 cinericio
2609 1093 2777 1147 colore
2812 1107 3018 1161 sparsos
3046 1105 3065 1145 :
3092 1089 3195 1146 vili
3245 1089 3377 1143 enim
3419 1101 3557 1156 qua-'-

1970 1200 2182 1256 cumque
2209 1183 2386 1238 Laban
2416 1182 2504 1238 tibi
2542 1182 2852 1257 facit.Vides
2871 1197 3032 1237 omne
3052 1180 3193 1251 quod
3226 1188 3353 1235 tunc
3384 1177 3561 1242 ﬁebat,

1971 1290 2200 1347 superna
2212 1275 2503 1347 contigisse
2519 1274 2848 1346 operatione,
2870 1289 2988 1344 quae
3002 1270 3129 1343 justi
3152 1272 3364 1329 labores
3383 1284 3563 1327 remu-

1974 1367 2445 1423 nerabaturiNam
2471 1368 2723 1439 quoniam
2745 1366 2834 1423 ille
2861 1366 3097 1437 ingratus
3122 1378 3246 1435 erga
3274 1378 3395 1419 eum
3425 1369 3564 1427 erat,

1974 1460 2235 1530 benignus
2266 1459 2523 1515 Dominus
2542 1459 2742 1529 justum
2782 1456 3012 1512 ubertim
3050 1462 3394 1511 remunerat:
3436 1450 3555 1507 Vidi

1974 1552 2105 1607 enim
2128 1567 2455 1623 quotcumque
2478 1550 2658 1605 Laban
2686 1549 2774 1603 tibi
2794 1550 2932 1621 fecit.

2048 1641 2189 1698 Deus
2217 1659 2318 1697 non
2357 1642 2567 1711 despicit
2592 1658 2676 1697 eos
2715 1642 2801 1713 qui
2830 1641 3140 1696 calumniam
3188 1641 3471 1712 patiuntur.
3496 1668 3554 1679 —

1977 1736 2113 1791 llinc
2137 1734 2393 1790 discimus
2424 1718 2723 1803 quomodo,
2758 1734 2974 1805 quando
3003 1734 3194 1803 injuria
3222 1732 3378 1788 nobis
3405 1731 3563 1788 infer.

1978 1836 2081 1893 tur,
2113 1826 2157 1881 si
2188 1827 2447 1883 mansueti
2473 1836 2528 1882 et
2557 1826 2715 1882 mites
2740 1841 2804 1881 ac
2826 1826 3117 1881 tolerantes
3143 1824 3418 1889 fuerimus,
3450 1838 3566 1878 nia-

1974 1916 2080 1988 juri
2136 1927 2191 1973 et
2233 1915 2446 1987 largiori
2497 1917 2698 1971 auxilio
2748 1914 2930 1970 divino
2977 1914 3233 1985 fruamur.
3280 1913 3357 1970 Ne
3413 1912 3567 1985 igitur

1976 2009 2312 2065 obluctemur
2333 2008 2397 2063 iis
2417 2006 2505 2078 qui
2534 2020 2633 2062 nos
2657 2015 2928 2078 premunt,
2949 2016 3000 2061 et
3018 2004 3333 2060 calumniari
3362 2004 3567 2068 volunt,

1976 2098 2071 2155 sed
2118 2099 2355 2154 feramus
2399 2112 2697 2169 generose,
2730 2098 2961 2152 scientes
3003 2096 3243 2152 omnium
3285 2096 3567 2151 Dominum

1978 2205 2077 2246 nos
2124 2206 2230 2245 non
2275 2189 2656 2260 despecturum
2692 2202 2851 2255 esse,
2884 2187 3175 2242 dummodo
3220 2202 3319 2242 nos
3361 2198 3568 2257 gratum

1978 2281 2227 2338 aﬁ‘ectum
2250 2292 2301 2337 et
2324 2280 2751 2337 benevolentiam
2776 2280 3225 2336 demonstremus.
3252 2279 3386 2334 Mihi
3404 2282 3566 2343 enim.

1977 2376 2176 2445 inquit,
2206 2375 2427 2428 uindicta
2444 2388 2464 2438 ;
2489 2391 2581 2446 ego
2624 2374 2917 2438 retribuam,
2947 2372 3069 2426 dicit
3110 2371 3360 2426 Dominus
3387 2371 3566 2440 (Rom.

1983 2466 2068 2521 12.
2100 2466 2167 2521 19
2183 2475 2229 2519 et
2249 2465 2397 2520 Deut.
2421 2465 2507 2520 52.
2528 2465 2643 2533 55).
2664 2465 2890 2533 Propter
2919 2464 3018 2518 hoc
3034 2474 3087 2518 et
3115 2462 3283 2517 Jacob
3312 2462 3522 2517 dicebat
3546 2481 3557 2515 :

1981 2556 2103 2611 Non
2132 2557 2268 2609 dedit
2310 2557 2357 2610 ei
2416 2555 2570 2623 Deus,
2602 2565 2656 2609 ut
2699 2556 2934 2626 afﬂigeret
2984 2572 3079 2609 me.
3114 2554 3243 2609 Nam
3290 2555 3413 2624 quia
3459 2554 3573 2623 ipse

1980 2650 2191 2719 privare
2241 2662 2327 2703 me
2373 2647 2613 2703 laborum
2662 2646 2912 2702 mercede
2952 2646 3146 2711 voluit,
3177 2646 3432 2700 Dominus
3464 2653 3570 2698 tam

1979 2742 2196 2796 uberem
2236 2740 2287 2795 in
2343 2754 2431 2795 me
2478 2737 2770 2795 declaravit
2813 2736 3233 2793 misericordiam
3282 2745 3337 2791 et
3387 2736 3562 2805 provi-

1978 2829 2236 2895 dentiam,
2266 2838 2319 2883 ut
2362 2829 2538 2885 omnis
2579 2828 2697 2899 ejus
2740 2828 3038 2883 substantia
3085 2828 3136 2881 in
3182 2842 3270 2882 me
3314 2826 3570 2881 translata

1979 2921 2157 2977 fuerit.
2188 2921 2376 2977 Sciens
2414 2920 2560 2977 enim
2592 2935 2679 2977 me
2707 2920 2852 2975 omni
2897 2918 3073 2975 studio
3102 2919 3384 2986 serviisse,
3424 2918 3568 2972 illum

1977 3022 2155 3067 autem
2207 3026 2313 3067 non
2374 3013 2723 3084 respondisse
2774 3010 2903 3066 mihi
2956 3011 3136 3065 amcio
3182 3024 3319 3076 suo,
3370 3018 3569 3065 tantam

1980 3102 2151 3157 nostri
2182 3102 2367 3157 liabuit
2393 3118 2602 3158 curam.
2632 3103 2700 3158 Et
2729 3101 2870 3173 quod
2902 3116 3008 3157 non
3035 3100 3149 3156 ha-c
3175 3101 3377 3171 absque
3409 3116 3569 3155 causa

1978 3203 2033 3249 ct
2063 3208 2197 3248 vane
2222 3193 2396 3248 dicam
2417 3236 2433 3261 ,
2462 3209 2636 3265 neque
2663 3202 2867 3249 temere
2910 3207 3180 3259 accusem,
3212 3194 3373 3247 etiam
3400 3193 3567 3247 Deum

1980 3283 2237 3339 habemus
2265 3293 2457 3339 testem
2489 3300 2675 3340 eorum
2718 3300 2837 3355 qua:
2888 3294 3041 3356 pater
3080 3293 3263 3339 vester
3286 3284 3395 3353 egit
3442 3298 3567 3353 erga

1978 3393 2085 3432 me.
2123 3376 2245 3431 Vidi
2283 3376 2437 3442 enim,
2462 3378 2666 3448 inquit,
2697 3392 3022 3447 quaecumque
3051 3375 3139 3428 tibi
3179 3373 3355 3428 Laban
3409 3376 3562 3447 fecit.

1977 3470 2118 3539 quod
2166 3486 2271 3525 non
2312 3469 2484 3524 solum
2538 3468 2841 3524 mercedem
2882 3466 3182 3529 abstulerit,
3215 3465 3309 3521 sed
3346 3473 3402 3520 et
3429 3464 3570 3535 quod

1979 3576 2085 3615 non
2113 3570 2169 3616 ut
2197 3569 2355 3615 antea
2403 3574 2528 3630 erga
2573 3569 2624 3614 te
2672 3572 2813 3613 nunc
2845 3555 3066 3613 aﬁ‘ectus
3110 3557 3199 3621 sit,
3226 3556 3321 3610 sed
3365 3554 3567 3609 aliena-

1977 3653 2112 3708 vcrit
2144 3652 2404 3707 animum.
2436 3654 2522 3709 15.
2555 3650 2664 3723 Ego
2701 3666 2812 3705 sum
2840 3648 2977 3703 Deus
3009 3648 3098 3720 qui
3122 3647 3344 3717 apparui
3388 3646 3476 3699 tibi
3519 3645 3572 3698 in

1977 3745 2085 3798 loco
2116 3743 2198 3797 ubi
2228 3742 2474 3797 inunxisti
2523 3742 2648 3795 milii
2693 3740 3003 3794 columnam.
3052 3736 3109 3792 lu
3160 3736 3475 3793 memoriam
3521 3736 3570 3789 ei

1978 3838 2182 3893 referre
2207 3836 2339 3902 vult,
2369 3852 2488 3906 qua:
2519 3834 2616 3905 ipsi
2646 3844 2772 3889 tunc
2809 3833 3074 3902 pollicitus
3116 3831 3308 3895 fuerit,
3340 3829 3526 3884 dicens
3556 3848 3571 3883 :

1978 3930 2043 3984 In
2073 3928 2447 3983 multitudinem
2471 3936 2517 3983 te
2541 3942 2760 3981 crescere
2781 3926 2967 3997 faciam
3008 3933 3054 3978 ct
3093 3921 3378 3976 custodiam
3407 3930 3487 3988 te,
3513 3936 3575 3973 ac

1975 4023 2215 4077 reducam
2252 4030 2300 4075 te
2325 4021 2377 4074 in
2413 4030 2599 4074 terram
2628 4029 2765 4073 tuam
2788 4017 2939 4092 (Gen.
2964 4016 3057 4072 28.
3082 4016 3167 4071 14.
3196 4015 3305 4085 15).
3332 4013 3444 4083 Ego
3471 4014 3567 4082 igi-

1978 4126 2083 4181 tur,
2118 4114 2308 4185 inquit,
2334 4113 2424 4185 qui
2471 4122 2598 4168 tunc
2644 4109 2866 4181 apparui
2910 4108 3037 4174 tibi,
3080 4116 3133 4162 et
3185 4105 3569 4175 promissioncs

1977 4209 2069 4263 tibi
2099 4207 2197 4263 feci
2228 4225 2243 4263 :
2272 4221 2373 4278 ego
2401 4207 2560 4262 etiam
2594 4220 2735 4259 nunc
2757 4245 2771 4269 ,
2812 4201 3027 4273 quando
3054 4210 3267 4269 tempus
3295 4198 3439 4252 venit
3464 4211 3570 4265 quo

1974 4317 2038 4357 ea
2069 4316 2188 4371 quae
2219 4309 2343 4355 tunc
2366 4297 2586 4368 promisi
2616 4310 2780 4367 Opere
2802 4291 3118 4365 complenda
3161 4299 3283 4345 sunt
3306 4332 3320 4357 ,
3358 4289 3567 4358 regredi

1974 4403 2025 4447 te
2047 4393 2211 4462 jubeo
2241 4392 2443 4460 absque
2469 4391 2613 4445 omni
2647 4389 2841 4445 mentis
2865 4384 3283 4456 angore.1‘ecnm
3301 4383 3433 4436 enim
3460 4398 3565 4435 cro.

1975 4487 2084 4557 Ego
2111 4503 2225 4541 sum
2253 4484 2391 4539 Deus
2426 4484 2511 4554 qui
2539 4482 2758 4554 apparui
2785 4480 2872 4534 tibi
2897 4480 2949 4533 in
2978 4478 3090 4533 loco
3117 4479 3169 4531 in
3197 4493 3294 4547 quo
3323 4475 3565 4529 inuuxisti

1972 4580 2094 4633 milii
2133 4578 2419 4631 columnam
2452 4574 2545 4646 (α),
2571 4583 2617 4627 et
2648 4571 2824 4627 vovisti
2860 4570 2985 4624 milii
3012 4578 3200 4622 uotum.
3253 4564 3566 4620 Memoriam

1972 4671 2070 4739 ipsi
2112 4667 2331 4724 refricat
2372 4666 2479 4721 voti
2519 4675 2574 4719 et
2616 4660 3025 4734 promissionis,
3063 4672 3221 4729 quam
3266 4662 3565 4724 receperat.

1970 4762 2249 4830 Quodnam
2276 4768 2459 4813 autem
2488 4765 2607 4812 erat
2634 4753 2856 4810 votum?
2878 4752 2955 4806 De
2975 4753 3036 4806 iis
3060 4766 3173 4821 quin
3197 4750 3323 4803 mihi
3344 4748 3563 4810 dederis,

1969 4853 2189 4906 decimas
2212 4850 2297 4902 tibi
2317 4846 2530 4916 oﬁ'eram
2552 4844 2704 4918 (Gen.
2732 4843 2823 4900 28.
2846 4842 2964 4913 22).
2990 4841 3253 4909 Quoniam
3278 4848 3405 4894 tunc
3433 4838 3566 4893 nihil

1971 4954 2146 4998 tecum
2198 4940 2463 4995 all‘erebas
2486 4978 2502 5003 ,
2534 4936 2684 5008 quasi
2717 4933 2973 5005 profugus
3018 4933 3119 4987 iter
3162 4931 3363 4986 faciens
3394 4947 3409 4985 :
3438 4944 3561 4985 cum

1966 5045 2145 5092 autem
2197 5034 2293 5089 tibi
2333 5045 2645 5103 apparerem
2669 5070 2684 5095 ,
2723 5027 2916 5083 vovisti
2963 5034 3183 5092 votum,
3226 5023 3455 5079 dicens:
3491 5021 3567 5075 De

1967 5127 2198 5181 omnibus
2222 5140 2337 5195 qua:
2374 5122 2500 5177 mihi
2540 5120 2759 5185 dederis,
2792 5117 3014 5173 decimas
3052 5115 3183 5169 dabo
3209 5115 3332 5180 tibi,
3354 5126 3481 5167 voto
3506 5121 3561 5167 et

1967 5217 2325 5290 promissione
2374 5214 2666 5284 potentiam
2723 5226 2896 5266 meam
2946 5208 3310 5279 presignans,
3338 5215 3396 5261 et
3438 5205 3560 5260 ﬁdei

1966 5310 2133 5365 oculis
2166 5307 2464 5378 praevidens
2494 5304 2724 5359 futuram
2774 5302 2869 5357 tibi
2903 5316 3083 5357 rerum
3129 5298 3508 5354 abundantiam
3542 5314 3558 5352 :

1968 5414 2109 5454 nunc
2134 5399 2254 5467 quia
2282 5403 2577 5451 evenerunt
2603 5402 2657 5448 et
2685 5392 2898 5461 impleta
2932 5399 3058 5445 sunt
3083 5404 3204 5460 qua:
3238 5403 3269 5442 a
3299 5403 3387 5443 me
3416 5403 3557 5457 pra:-

1965 5491 2104 5545 dicta
2129 5530 2143 5553 ,
2163 5489 2368 5558 justum
2393 5487 2555 5542 fuerit
2584 5494 2642 5540 ut
2670 5492 2725 5539 et
2751 5491 2937 5537 votum
2968 5492 3117 5537 tuum
3147 5477 3553 5548 impleas.Nunc

1965 5597 2083 5653 ergo
2103 5622 2119 5648 ,
2152 5579 2358 5649 inquit,
2387 5592 2558 5647 surge,
2586 5585 2631 5630 et
2673 5575 2911 5647 egredere
2933 5573 2997 5627 de
3025 5582 3159 5627 terra
3203 5572 3321 5639 ista,
3345 5578 3389 5623 et
3428 5568 3554 5622 vade

2024 5736 2100 5799 (a)
2132 5741 2183 5785 In
2204 5742 2386 5794 Meo,
2412 5744 2563 5799 suam,
2589 5732 2721 5796 quod
2742 5739 2857 5799 ante
2878 5732 3074 5795 cippum
3093 5734 3332 5799 verteris,
3356 5728 3436 5799 vel
3456 5742 3559 5799 me-

1964 5791 2240 5855 lius.'aram
2278 5808 2295 5845 :
2320 5791 2403 5844 ara
2428 5791 2562 5844 enim
2593 5791 2715 5844 iere
2737 5791 2845 5851 i'uit,
2867 5791 3013 5856 quam
3031 5791 3276 5853 religione
3302 5798 3462 5843 motus
3482 5792 3564 5840 in-

1963 5859 2122 5919 unxit,
2148 5864 2199 5908 et
2224 5857 2270 5906 in
2294 5869 2389 5919 qua
2412 5866 2587 5918 preces
2609 5862 2662 5905 et
2682 5864 2793 5905 vota
2818 5855 2998 5906 emisit.
