4170 6484
620 425 738 484 -ειςο

631 542 684 595 in
703 551 896 594 terram
925 540 1190 595 nativitatis
1216 548 1314 593 tua:
1332 581 1346 604 ,
1375 550 1419 593 et
1448 557 1527 594 ero
1559 551 1737 593 tecum.
1773 540 1883 609 Ego
1923 548 1972 594 te
2004 539 2198 608 ubique

629 633 956 698 comitabor,
989 647 1088 701 ego
1119 632 1210 686 tibi
1239 630 1446 686 facilem
1473 631 1748 686 ostendam
1776 633 1914 686 viam
1939 673 1954 698 ,
1981 640 2035 686 et
2076 629 2198 684 nul-

634 723 742 778 lum
791 739 820 778 a
856 723 1107 793 quopiam
1146 722 1395 777 damnum
1423 721 1597 787 feres;
1625 722 1840 778 dextera
1889 723 2036 777 enim
2079 736 2196 776 mea

628 810 821 884 ubique
851 822 902 866 te
927 821 1185 883 proteget.
1220 813 1306 868 Η.
1337 811 1460 867 Hcce
1493 815 1751 868 audientes
1782 812 1973 868 Rachel
1999 821 2043 866 et
2064 811 2158 866 Lia
2177 852 2193 878 ,

626 903 861 955 dixerunt
884 903 928 956 ei
954 917 973 956 :
995 901 1257 973 Numquid
1282 913 1352 958 est
1379 905 1521 958 nobis
1568 916 1686 974 pars
1728 905 1805 959 vel
1839 905 2104 958 ltwreditas
2143 903 2196 957 in

624 991 771 1044 domo
799 992 955 1061 patris
989 992 1188 1047 nostri?
1215 994 1301 1048 l5.
1338 992 1524 1048 Nonne
1551 1004 1606 1047 ut
1635 994 1812 1048 aliena
1834 1003 2077 1064 reputatae
2103 1010 2194 1047 su-

615 1096 734 1134 mus
757 1082 895 1151 apud
919 1081 1079 1170 eum;
1109 1083 1340 1137 Vendidit
1367 1086 1499 1138 enim
1527 1101 1636 1149 nos,
1664 1094 1711 1139 et
1739 1085 2025 1139 devorando
2052 1102 2194 1139 cont-

621 1174 969 1244 edit'pretium
1000 1186 1242 1230 nostrum.
1272 1178 1356 1232 l6.
1377 1176 1446 1230 Et
1474 1194 1598 1247 quas
1615 1194 1797 1232 omnes
1823 1177 1962 1232 Deus
1989 1179 2194 1233 abstulit

613 1264 820 1318 divitias
845 1275 894 1318 et
921 1266 1133 1334 gloriam
1161 1283 1193 1318 α
1221 1275 1362 1335 patre
1388 1276 1579 1332 nostra,
1613 1266 1702 1320 tibi
1731 1267 1870 1320 dedit
1899 1284 1917 1321 :
1948 1284 2078 1320 nunc
2099 1268 2197 1338 igi-

620 1364 704 1409 tur
725 1372 1050 1426 quacumque
1069 1357 1250 1411 dixerit
1281 1358 1368 1412 tibi
1389 1358 1527 1413 Deus
1554 1368 1686 1422 tuus,
1711 1361 1814 1430 fac.
1845 1357 1976 1412 Vide
2004 1366 2058 1412 et
2098 1357 2194 1412 has

618 1455 904 1516 sequentes
932 1446 1022 1501 Dei
1051 1447 1355 1515 arbitrium,
1380 1458 1432 1503 et
1481 1449 1765 1503 afferentes
1807 1449 2067 1503 rationem
2108 1448 2193 1502 cui

617 1537 907 1592 contradici
939 1554 1042 1592 non
1073 1540 1262 1608 potuit.
1285 1539 1421 1593 Num
1450 1547 1529 1594 est
1562 1539 1756 1608 aliquid
1782 1553 2065 1594 commune
2091 1554 2194 1594 no-

619 1627 704 1682 bis
727 1669 742 1695 ,
768 1629 936 1695 aiunt,
960 1645 1078 1684 cum
1109 1639 1258 1699 patre
1279 1632 1499 1686 nostro?
1526 1631 1700 1686 Semel
1751 1632 1894 1686 enim
1937 1647 2034 1687 nos
2064 1647 2195 1687 ven-

619 1717 771 1773 didit.
798 1719 1013 1775 Divitias
1039 1731 1086 1775 et
1124 1722 1337 1792 gloriam
1365 1738 1514 1788 quam
1553 1721 1760 1776 abstulit
1795 1721 1935 1778 Deus
1975 1739 2007 1776 a
2051 1733 2194 1792 patre

615 1821 808 1876 nostro,
835 1821 883 1866 et
906 1813 1041 1865 dedit
1069 1813 1153 1865 tibi
1175 1829 1194 1877 ;
1216 1829 1305 1866 nos
1340 1812 1626 1866 habebimus
1645 1855 1660 1879 ,
1692 1822 1737 1866 et
1767 1813 1864 1881 ﬁlii
1896 1813 2073 1866 nostri.
2108 1812 2187 1867 Ne

616 1914 765 1954 cessa
787 1902 961 1971 igitur.
989 1917 1159 1972 neque
1177 1901 1349 1967 differ,
1383 1902 1474 1957 sed
1505 1901 1584 1956 fac
1604 1918 1720 1972 qua:
1743 1901 1836 1957 tibi
1867 1917 1897 1955 a
1929 1902 2037 1956 Deo
2068 1909 2194 1955 sunt

617 1990 891 2060 imperata.
928 1990 1078 2046 Nunc
1097 1993 1254 2062 igitur
1273 2007 1594 2063 quwcumque
1625 1992 1752 2045 dixit
1779 1992 1865 2045 tibi
1894 1991 2031 2045 Deus
2054 2001 2190 2056 tuus,

613 2085 719 2151 fac.
752 2083 836 2136 l7.
867 2082 988 2137 Haec
1021 2093 1074 2136 ut
1102 2085 1293 2138 audivit
1313 2084 1494 2149 Iacob,
1525 2085 1743 2139 surrexit
1767 2094 1812 2138 et
1841 2085 2030 2154 accepit
2069 2101 2193 2139 uaso-

617 2190 698 2227 res
741 2191 894 2240 suas,
927 2185 972 2228 et
1001 2176 1168 2242 ﬁlios,
1200 2185 1246 2229 et
1289 2177 1555 2229 ascendere
1591 2176 1708 2244 fecit
1741 2192 1890 2245 super
1933 2176 2150 2232 camelos
2174 2192 2193 2230 :

612 2264 701 2319 l8.
748 2276 795 2318 et
830 2265 1040 2318 abduxit
1075 2266 1244 2319 omnia
1289 2281 1401 2336 qua
1445 2265 1654 2319 habebat
1681 2308 1696 2334 ,
1727 2275 1773 2319 et
1839 2267 2193 2336 supellectilem

614 2370 779 2420 suam,
807 2371 956 2426 quam
982 2355 1279 2424 acquisierat
1301 2356 1352 2410 in
1376 2355 1741 2425 Mesopotamia
1757 2398 1772 2424 ,
1796 2367 1840 2411 et
1866 2359 2034 2411 omnia
2077 2375 2189 2424 sua,

609 2458 664 2500 ut
693 2447 850 2501 abiret
870 2447 937 2500 ad
964 2448 1112 2501 Isaac
1135 2457 1327 2518 patrem
1358 2465 1520 2503 suum.

676 2538 736 2592 ι.
753 2536 799 2590 Ε
817 2538 964 2590 domo
982 2537 1171 2591 Labani
1189 2538 1317 2608 fugit
1334 2537 1521 2602 Iacob;
1539 2554 1649 2608 qua
1664 2543 1837 2608 fugam
1851 2548 2055 2609 sequuta
2071 2541 2191 2604 sint;

607 2627 912 2696 prtedicatur
937 2643 1057 2680 cura
1082 2625 1178 2680 Dei
1200 2643 1318 2698 erga
1344 2644 1463 2682 suos
1485 2668 1500 2694 ,
1531 2643 1644 2696 quae
1681 2629 1732 2681 in
1775 2645 1988 2699 persona
2033 2629 2193 2683 Iacob

610 2717 786 2771 elucet.
811 2747 878 2758 —
921 2716 1243 2784 Considera,
1285 2719 1546 2786 obsecro,
1590 2717 1950 2774 fortitudinem
2004 2721 2194 2775 anima:

605 2809 772 2879 justi,
811 2819 866 2864 ct
909 2808 1175 2879 quomodo
1219 2809 1428 2879 repulso
1456 2809 1599 2863 omni
1649 2811 1840 2866 mentis
1889 2827 2086 2880 angore
2133 2827 2196 2868 ac

606 2910 790 2966 metu,
861 2899 1109 2955 mandato
1153 2899 1418 2955 dominico
1476 2899 1877 2968 obtemperavit.
1933 2903 2192 2977 Quoniam

605 2993 749 3048 enim
779 2993 907 3047 vidit
930 2993 1064 3047 male
1092 3007 1273 3047 sanam
1303 3001 1531 3046 mentem
1571 2991 1767 3045 Labani
1789 3033 1804 3058 ,
1854 3006 1959 3047 non
2013 2993 2148 3046 ultra
2174 3034 2190 3060 ,

604 3087 743 3141 sicut
767 3086 948 3156 prius,
980 3084 1306 3155 interrogare
1332 3100 1453 3139 eum
1480 3084 1680 3138 voluit:
1713 3083 1806 3138 sed
1835 3084 1975 3154 quod
2022 3086 2192 3154 impe-

604 3185 776 3231 ratum
806 3187 971 3231 erata
998 3177 1251 3243 Domino,
1283 3176 1569 3246 implebat,
1599 3185 1653 3231 et
1683 3178 1915 3244 acceptis
1957 3177 2194 3232 mulieri-

604 3265 705 3321 bus
733 3276 787 3321 et
813 3267 992 3336 pueris
1010 3309 1022 3331 ,
1054 3266 1155 3320 iter
1182 3265 1421 3335 arripuit.
1454 3265 1538 3319 19.
1571 3264 1744 3319 Laban
1770 3277 1934 3319 autem
1957 3307 1971 3329 ,
2001 3265 2190 3335 inquit,

605 3359 795 3412 abierat
819 3359 886 3411 ad
903 3358 1204 3412 tondendum
1224 3373 1334 3411 oves
1353 3374 1493 3413 suas.
1518 3355 1711 3410 Furata
1730 3367 1892 3412 autent
1914 3367 1984 3411 cst
2006 3357 2197 3412 Rachcl

605 3451 742 3504 idola
771 3452 927 3518 patris
946 3450 1044 3503 sui.
1070 3449 1252 3519 Neque
1276 3448 1378 3504 hoc
1415 3449 1613 3518 absque
1635 3465 1791 3503 causa
1824 3451 1975 3505 nobis
2005 3464 2194 3521 propo-

603 3543 761 3595 situm
787 3551 868 3596 est
890 3582 904 3606 ,
936 3541 1030 3596 sed
1074 3551 1131 3595 ut
1166 3542 1395 3595 sciamus
1419 3541 1682 3610 quomodo
1707 3542 1880 3597 adhuc
1922 3554 2193 3612 paternam

608 3633 863 3688 habentes
915 3633 1387 3698 consuetudinem,
1442 3633 1702 3687 idolorum
1754 3635 1916 3689 cultui
1973 3635 2195 3690 addictus

605 3732 776 3778 crant.
807 3722 1179 3779 Animadverte
1204 3723 1345 3779 enim
1372 3766 1387 3791 ,
1436 3733 1690 3794 quantum
1721 3725 1804 3778 illa
1851 3725 1904 3779 in
1935 3725 2034 3780 hoc
2080 3737 2193 3780 stu-

606 3813 751 3866 dium
783 3812 1094 3882 impenderit
1118 3855 1133 3879 ,
1158 3830 1278 3869 cum
1306 3814 1437 3868 nihil
1463 3816 1604 3869 aliud
1630 3830 1659 3870 a
1688 3825 1836 3885 patre
1862 3816 2073 3872 auferre
2098 3833 2194 3872 vo-

607 3905 801 3971 luerit,
848 3921 1005 3975 quam
1054 3905 1194 3960 idola
1247 3907 1399 3976 ejus,
1457 3907 1614 3975 idque
1654 3907 1876 3962 faciebat
1924 3909 2196 3978 ignorante

605 3994 721 4049 viro
745 4013 759 4049 :
788 4010 958 4064 neque
982 3996 1121 4050 enim
1151 3996 1236 4049 ille
1260 3996 1360 4050 hoc
1383 3997 1716 4076 permisisset
1745 3998 1876 4050 fieri.
1903 3998 1990 4053 20.
2014 3997 2197 4052 Occul-

607 4086 726 4138 ιαυὶι
745 4095 914 4140 autem
938 4127 952 4151 ,
979 4086 1147 4155 inquit
1170 4128 1184 4151 ,
1211 4085 1372 4139 Iacob
1398 4104 1429 4140 a
1457 4085 1629 4141 Laban
1652 4087 1787 4158 Syro
1803 4130 1816 4153 ,
1842 4105 1903 4141 ne
1923 4092 2196 4142 annuntia-

606 4184 744 4229 retur
761 4176 806 4230 ei
824 4176 956 4244 quod
971 4179 1179 4247 fugeret.
1194 4175 1282 4229 21.
1302 4175 1367 4230 Et
1387 4178 1617 4232 abscessit
1637 4179 1804 4248 ipsaet
1828 4181 1995 4232 omnia
2015 4180 2194 4250 ipsius,

606 4279 653 4322 et
680 4270 890 4323 transito
918 4271 1071 4339 fluvio
1089 4312 1105 4336 ,
1133 4271 1384 4324 contendit
1415 4272 1483 4324 ad
1508 4283 1724 4338 montem
1761 4273 1979 4328 Galaad.
2031 4273 2161 4329 \‘ide
2179 4315 2193 4342 ,

606 4358 832 4413 obsecro
853 4400 868 4425 ,
906 4363 1062 4415 etiam
1093 4360 1178 4415 hic
1211 4375 1453 4431 magnam
1498 4362 1593 4416 Dei
1622 4364 2035 4432 providentiam,
2061 4382 2195 4436 quo-

608 4449 803 4518 modo,
831 4451 998 4505 donec
1032 4451 1210 4521 justus
1257 4452 1435 4522 procul
1463 4453 1787 4522 aufugisset,
1819 4468 1921 4508 non
1962 4456 2201 4524 permisit

608 4552 665 4595 ut
691 4541 868 4596 Laban
898 4542 1036 4597 illius
1064 4557 1330 4597 secessum
1360 4544 1538 4598 sciret.
1585 4543 1676 4598 22.
1711 4545 1888 4599 Tribus
1917 4546 2058 4600 enim
2090 4546 2200 4598 dic-

609 4634 700 4686 bus
725 4674 740 4698 ,
767 4631 967 4701 inquit,
991 4635 1254 4702 prateritis
1273 4674 1287 4697 ,
1309 4635 1407 4704 ipsi
1432 4631 1608 4689 Laban
1646 4635 1880 4690 innotuit.
1909 4636 2000 4692 25.
2027 4636 2093 4690 Et
2117 4654 2202 4693 as-

609 4725 824 4795 sumptis
846 4725 1073 4779 omnibus
1108 4727 1344 4796 fratribus
1368 4727 1471 4781 suis
1493 4769 1511 4794 ε
1535 4739 1820 4798 persecutus
1857 4739 1931 4782 est
1973 4745 2086 4783 eum
2120 4730 2201 4783 via

611 4815 806 4868 dierum
844 4826 1064 4883 septem;
1091 4826 1137 4870 et
1175 4827 1507 4887 consequutus
1548 4835 1658 4872 eum
1682 4820 1734 4873 in
1773 4830 1939 4873 monte
1980 4819 2198 4877 Galaad.

612 4906 845 4962 Obsecro
885 4909 968 4963 hic
993 4923 1200 4980 quoque
1223 4910 1469 4965 attendas
1507 4910 1597 4965 Dei
1625 4912 2029 4981 providentiam.
2070 4912 2200 4967 Nam

616 5000 707 5069 qui
729 4999 898 5064 dixit,
929 5000 1191 5054 Revertere
1211 5002 1265 5055 in
1291 5011 1474 5056 terram
1499 5012 1666 5068 tuam,
1712 5012 1755 5056 et
1801 5019 1884 5056 ero
1904 5013 2091 5070 tecum,
2117 5005 2203 5059 ille

611 5090 771 5145 etiam
798 5105 940 5145 nunc
963 5105 1111 5146 suam
1150 5092 1378 5148 declarat
1429 5093 1832 5164 providentiam.
1883 5095 2017 5162 Quia
2064 5098 2201 5151 enim

619 5181 746 5236 vidit
775 5181 954 5236 Laban
986 5196 1105 5237 cum
1137 5183 1298 5237 multa
1325 5183 1681 5254 indignatione
1707 5187 1949 5256 persequi
1974 5187 2198 5256 justum,

615 5284 668 5328 et
689 5288 897 5343 pmnam
925 5273 1101 5329 furtivi
1127 5289 1370 5330 secessus
1389 5318 1403 5343 ,
1427 5284 1486 5330 ut
1510 5276 1579 5330 ita
1604 5275 1772 5331 dicam
1797 5320 1811 5343 ,
1837 5287 2170 5348 sumpturum
2188 5321 2202 5345 ,

615 5365 860 5434 apparuit
901 5364 1081 5421 Laban
1121 5377 1276 5421 nocte
1315 5366 1365 5421 in
1393 5382 1602 5422 somno.
1628 5369 1717 5422 24.
1758 5368 1900 5423 Venit
1943 5370 2103 5435 enim,
2129 5371 2206 5424 in-

613 5455 727 5525 quit
747 5494 762 5520 ,
791 5455 924 5510 Deus
943 5457 1013 5510 ad
1035 5456 1209 5512 Laban
1232 5458 1419 5530 Syrum
1441 5459 1492 5513 in
1518 5476 1693 5514 somno
1713 5471 1853 5515 nocte
1870 5504 1883 5526 ,
1908 5472 1954 5516 et
1975 5463 2101 5516 dixit
2141 5466 2205 5518 ei.

620 5545 753 5600 Vide
784 5545 877 5601 Dei
907 5547 1280 5618 indulgentiam
1299 5592 1314 5615 ,
1345 5550 1612 5621 quomodo
1635 5551 1703 5606 ob
1729 5568 1876 5608 suam
1923 5555 1974 5608 in
2007 5555 2206 5624 justum

616 5635 1002 5704 providentiam
1030 5652 1150 5692 cum
1180 5639 1359 5695 Laban
1387 5641 1706 5710 colloquitur
1735 5660 1748 5695 :
1795 5654 1852 5697 ut
1890 5645 2070 5699 territa
2096 5645 2209 5714 ejus

623 5737 799 5782 mente
820 5729 1072 5798 impetum
1101 5730 1214 5801 ejus
1235 5747 1264 5787 a
1286 5732 1448 5789 Jacob
1471 5743 1732 5789 coerceat.
1758 5734 1887 5790 Cave
1910 5737 2029 5804 tibi,
2054 5754 2116 5791 ne
2140 5739 2210 5792 lo-

611 5819 918 5891 auariscum
931 5819 1089 5878 Iacob
1111 5821 1264 5878 mala.
1291 5823 1473 5897 Magna
1502 5823 1710 5882 Domini
1736 5824 2047 5898 benignitas.
2075 5827 2210 5897 Quia

1369 424 1428 481 S.
1457 424 1739 482 ‘JOANNIS
1775 419 2245 482 CliRYSOSTOMI
2285 423 2602 499 ARCHIEP.
2641 430 3168 490 CONSTANTINOP.

3789 442 3889 498 500

2306 539 2446 594 enim
2461 542 2661 598 sciebat
2680 559 2804 598 eum
2827 545 2892 599 ad
2916 563 3139 617 pugnam
3165 549 3510 617 contendere,
3537 562 3590 606 et
3609 564 3792 608 contra
3811 557 3892 624 ju—

2301 639 2442 686 stum
2459 632 2730 704 insurgere
2750 637 2902 701 velle,
2921 638 3018 693 hoc
3036 640 3196 694 verbo
3211 651 3438 695 mentem
3456 644 3573 711 ejus
3583 650 3892 714 compescit,

2299 723 2355 769 et
2373 713 2531 771 dicit:
2560 716 2690 772 Cave
2713 718 2816 785 tibi,
2842 736 2904 774 ne
2925 721 3145 788 loquaris
3164 740 3277 776 cum
3296 722 3455 777 Iacob
3478 727 3612 778 mala
3639 744 3653 780 :
3677 713 3899 794 pcrinde

2299 818 2363 860 ac
2386 805 2431 860 si
2461 806 2696 863 diceret:
2723 807 2862 865 Cave
2888 825 2954 866 ne
2992 812 3074 866 vel
3102 813 3279 868 verbis
3307 812 3577 869 offendere
3615 813 3782 870 Iacob
3805 833 3895 871 t2-

2300 899 2477 954 neris:
2506 899 2600 956 sed
2639 916 2794 956 serva
2824 903 3051 972 teipsum
3071 944 3084 968 ,
3107 905 3324 959 contine
3350 907 3545 960 malum
3578 906 3716 961 hunc
3746 915 3894 962 tuum

2299 987 2553 1058 impetum
2577 1032 2594 1057 ,
2639 993 2930 1062 comprime
2972 992 3203 1049 furorem
3227 1037 3243 1063 ,
3271 995 3478 1052 rcfrena
3506 998 3696 1051 iratum
3746 1006 3893 1054 tuum

2297 1078 2531 1134 animum
2553 1122 2567 1144 .
2596 1095 2659 1136 ac
2697 1098 2763 1138 ne
2787 1084 2870 1138 vel
2894 1083 3058 1139 verbo
3088 1085 3259 1154 ipsum
3307 1087 3618 1142 contristare
3643 1087 3797 1143 velis.
3829 1088 3892 1143 Et

2297 1169 2572 1225 considera
2599 1172 2690 1227 Dei
2726 1173 3086 1228 clementiam.
3114 1174 3225 1228 Non
3254 1175 3527 1244 imperavit
3576 1176 3795 1232 Labano
3839 1188 3891 1233 ut

2297 1260 2362 1316 ad
2391 1263 2601 1333 propria
2639 1273 3020 1332 reverteretur,
3062 1265 3153 1319 sed
3184 1266 3355 1319 solum
3389 1265 3630 1334 prohibet
3673 1283 3738 1322 ne
3768 1269 3897 1338 quid

2295 1353 2486 1408 durum
2517 1356 2601 1410 vel
2642 1357 2921 1413 molestum
2971 1373 3090 1411 cum
3114 1357 3258 1426 justo
3290 1358 3551 1428 loquatur.
3580 1360 3785 1428 Quare,
3842 1371 3899 1416 et

2297 1452 2512 1514 pr0pter
2539 1445 2706 1513 quid?
2731 1445 2797 1500 Ut
2826 1446 2993 1500 discat
3025 1462 3118 1515 per
3152 1449 3360 1517 negotia
3384 1429 3436 1502 ἑι
3467 1463 3561 1517 per
3588 1463 3752 1518 opera
3782 1451 3896 1519 ipsa

2290 1533 2496 1604 justus,
2524 1547 2773 1606 quautam
2797 1539 2881 1592 sui
2902 1553 3083 1592 curam
3109 1548 3260 1609 gerat
3286 1540 3442 1594 Deus.
3471 1540 3599 1595 Nam
3626 1543 3672 1596 si
3703 1557 3894 1598 rever-

2296 1640 2386 1681 sus
2411 1627 2594 1681 fuisset
2615 1628 2791 1683 Laban
2818 1670 2831 1693 ,
2857 1630 2994 1684 unde
3027 1629 3153 1684 illud
3181 1631 3428 1685 scivisset
3451 1630 3615 1685 Jacob
3634 1672 3648 1695 ,
3669 1642 3758 1686 aut
3779 1636 3898 1702 ejus

2299 1718 2536 1772 uxores?
2560 1718 2683 1772 ideo
2711 1719 2964 1788 permittit
2997 1721 3043 1774 ei
3073 1729 3126 1774 nt
3153 1720 3330 1786 abeat,
3364 1721 3614 1790 etlingua
3641 1737 3736 1776 sna
3761 1737 3895 1776 con-

2297 1809 2504 1863 fiteatur
2519 1825 2636 1878 quae
2655 1809 2792 1864 Deus
2808 1809 2939 1864 dixit
2952 1810 3016 1865 ad
3033 1826 3114 1878 se,
3131 1827 3236 1881 quo
3251 1821 3304 1868 et
3321 1812 3496 1880 justus
3513 1815 3769 1882 majorem
3787 1814 3899 1867 ala-

2294 1899 2535 1954 critatem
2566 1899 2759 1955 habeat
2803 1901 3214 1970 proficiscendo,
3250 1902 3597 1972 ﬁduciamth
3626 1903 3893 1973 accipiat,

2295 1998 2345 2045 et
2388 1999 2447 2044 ut
2494 1991 2649 2059 hujus
2715 2005 2909 2046 uxores
2956 1993 2973 2023 ί
3028 1992 3233 2047 discant
3275 2003 3474 2063 quanto
3520 1994 3695 2047 studio
3753 1993 3899 2048 Deus

2295 2083 2533 2137 omnium
2582 2083 2832 2136 Dominus
2875 2083 3127 2140 Iacobum
3178 2095 3362 2149 curet,
3405 2085 3753 2153 rejiciantque
3802 2099 3894 2138 er-

2296 2187 2471 2227 rorem
2534 2183 2847 2241 paternum,
2909 2183 2962 2228 et
3015 2174 3287 2228 imitentur
3332 2174 3568 2243 justum,
3620 2184 3779 2242 atque
3831 2173 3898 2228 ad

2296 2264 2722 2334 cognoscendum
2752 2265 2918 2320 Deum
2950 2265 3300 2320 sufficientem
3330 2265 3626 2320 doctrinam
3656 2264 3778 2319 inde
3805 2280 3900 2319 ac-

2294 2357 2510 2423 cipiant.
2533 2355 2716 2424 Neque
2747 2355 2887 2409 enim
2921 2356 2998 2410 sic
3051 2355 3155 2410 fide
3195 2355 3349 2425 digna
3379 2365 3529 2410 erant
3575 2370 3694 2423 qua:
3732 2354 3901 2409 Jacob

2293 2447 2503 2501 dicebat
2527 2487 2541 2512 ,
2569 2456 2625 2501 ut
2651 2463 2767 2517 utne
2792 2463 2822 2501 a
2844 2445 3023 2502 Laban
3054 2446 3389 2510 dicebantur,
3419 2449 3507 2514 qui
3549 2443 3724 2498 adhuc
3751 2445 3896 2499 idola

2295 2539 2520 2594 colebat.
2551 2538 2773 2608 Semper
2793 2540 2932 2594 enim
2955 2538 3244 2593 inﬁdelium
3265 2547 3314 2593 et
3335 2537 3732 2592 adversantium
3752 2552 3897 2591 verae

2296 2630 2536 2700 religioni
2581 2630 2880 2685 testimonia
2914 2629 3168 2698 majorem
3207 2627 3404 2684 habent
3455 2626 3636 2681 fidem.
3681 2627 3750 2681 Et
3801 2627 3902 2681 hoc

2295 2732 2378 2777 est
2403 2738 2466 2777 ex
2507 2721 2858 2791 omnipotenti
2896 2721 3151 2790 sapientia
3183 2719 3274 2774 Dei
3293 2761 3308 2787 ,
3335 2734 3456 2774 cum
3487 2719 3728 2772 inimicos
3759 2717 3902 2772 veri-

2295 2814 2419 2869 tatis
2451 2813 2594 2881 ipsos
2624 2821 2788 2868 testes
2817 2812 3052 2866 veritatis
3077 2810 3276 2875 efficit,
3303 2819 3359 2865 et
3401 2825 3494 2864 sua
3527 2810 3704 2879 lingua
3733 2809 3902 2878 ipsam

2298 2903 2510 2960 firmare
2532 2914 2792 2973 satagunt.
2809 2902 2898 2958 25.
2917 2901 3258 2972 Consequutus
3273 2910 3344 2954 est
3363 2910 3528 2954 autem
3545 2898 3718 2951 Laban
3744 2898 3900 2952 Iaco-

2296 2995 2432 3049 bum.
2491 2994 2644 3048 Iacob
2672 3003 2838 3047 autem
2878 2995 2990 3063 fixit
3027 2993 3403 3046 tabernaculum
3428 3008 3572 3046 suum
3596 2991 3646 3044 in
3689 2999 3855 3043 monte
3881 3009 3899 3044 :

2296 3087 2472 3141 Laban
2496 3103 2609 3142 vero
2635 3087 2886 3140 constituit
2921 3089 3102 3156 fratres
3126 3100 3244 3137 suos
3286 3084 3338 3136 in
3367 3092 3530 3136 monte
3558 3081 3778 3135 Galaad.
3809 3078 3901 3132 26.

2297 3176 2440 3232 Dixit
2461 3188 2624 3232 autem
2641 3175 2815 3230 Laban
2839 3175 2905 3229 ad
2918 3174 3078 3228 Iacob
3102 3190 3121 3228 :
3151 3172 3253 3227 Cur
3268 3173 3361 3226 hoc
3383 3172 3584 3243 fecisti?
3611 3170 3740 3225 Vide
3770 3184 3905 3239 quo-

2299 3270 2458 3324 modo
2485 3278 2806 3338 praeceptum
2852 3267 2947 3321 Dei
2975 3280 3222 3335 magnum
3262 3264 3404 3318 illius
3426 3263 3660 3316 calorem
3690 3276 3905 3331 repres-

2299 3361 2395 3427 sit,
2423 3368 2478 3414 et
2503 3359 2734 3414 furorem
2756 3356 3042 3412 refrenavit
3067 3374 3079 3409 :
3104 3364 3154 3410 et
3182 3355 3377 3410 idcirco
3402 3368 3521 3408 cum
3543 3367 3732 3423 magna
3755 3367 3906 3406 man-

2299 3451 2572 3508 suetudine
2589 3449 2912 3519 colloquium
2930 3449 3088 3502 habet
3102 3461 3221 3501 cum
3251 3461 3315 3500 eo
3336 3486 3350 3511 ,
3380 3445 3529 3514 quasi
3548 3459 3604 3497 se
3619 3457 3905 3515 excusans,

2299 3553 2351 3598 et
2381 3551 2652 3612 paternam
2679 3539 3016 3594 dilectionem
3033 3552 3155 3607 erga
3187 3536 3330 3589 illum
3360 3535 3656 3590 declarans.
3684 3534 3906 3601 Quando

2298 3634 2441 3689 enim
2471 3646 2700 3701 superna
2744 3628 3078 3700 providentia
3121 3627 3274 3681 nobis
3313 3625 3542 3690 assistit,
3577 3639 3682 3678 non
3731 3625 3905 3678 soluat

2303 3724 2567 3777 malorum
2599 3721 2872 3776 hominum
2902 3717 3120 3772 insidias
3167 3715 3400 3784 effugere
3443 3728 3761 3783 possumus,
3811 3711 3904 3767 sed

2299 3815 2399 3870 etsi
2448 3815 2500 3868 in
2551 3813 2747 3868 bestias
2783 3813 2925 3881 ipsas
2968 3808 3300 3874 incidamus,
3343 3808 3474 3861 nihil
3518 3806 3725 3861 adversi
3751 3805 3907 3860 nobis

2299 3906 2494 3962 evenit.
2524 3904 2770 3960 Omnium
2797 3903 2937 3957 enim
2970 3901 3223 3954 Dominus
3249 3913 3361 3953 suae.
3395 3897 3604 3951 virtutis
3652 3905 3908 3966 praestan-

2300 4002 2426 4054 tiam
2455 3998 2733 4054 declarans
2755 4037 2770 4062 ,
2802 3994 3090 4050 bestiarum
3120 3998 3289 4046 mutat
3313 3997 3557 4043 naturam
3576 4028 3590 4052 ,
3620 4001 3817 4055 easque
3846 3985 3901 4040 in

2300 4107 2429 4148 oves
2454 4097 2762 4144 mansuetas
2781 4084 3119 4142 transformat
3139 4099 3157 4136 :
3182 4097 3288 4137 non
3317 4079 3460 4151 quod
3505 4077 3781 4134 bestialem
3829 4077 3907 4132 eis

2300 4194 2543 4239 naturam
2589 4182 2833 4236 immutet
2855 4220 2869 4242 ,
2911 4175 3005 4231 sed
3034 4175 3244 4230 relictas
3269 4172 3322 4227 in
3349 4181 3533 4226 natura
3563 4183 3656 4225 eas
3678 4211 3694 4236 ,
3727 4169 3906 4224 ovium

2301 4293 2479 4333 mores
2504 4286 2558 4330 et
2585 4284 2830 4329 naturam
2857 4270 3111 4326 exhibere
3138 4266 3349 4337 satagit.
3396 4264 3558 4334 quue
3596 4277 3701 4317 non
3732 4261 3906 4316 solum

2302 4371 2354 4427 in
2381 4371 2507 4426 feris
2525 4369 2646 4440 quis
2672 4367 2855 4422 videre
2886 4364 3117 4434 poterit,
3144 4360 3239 4417 sed
3275 4368 3328 4413 ct
3356 4359 3407 4412 in
3433 4358 3712 4412 elementis
3757 4356 3902 4426 ipsis.

2303 4463 2527 4532 Quando
2547 4462 2688 4517 enim
2719 4460 2868 4527 vult,
2893 4466 3020 4512 tunc
3047 4463 3100 4510 et
3123 4454 3385 4510 elementa
3417 4452 3530 4521 ipsa
3559 4449 3771 4504 virtutis
3799 4463 3909 4503 suae

2305 4557 2703 4619 obliviscuntur,
2725 4561 2780 4608 et
2805 4565 2977 4620 neque
3003 4549 3138 4618 ignis
3164 4546 3288 4600 facit
3315 4543 3456 4614 quod
3488 4543 3624 4613 ignis
3652 4541 3811 4596 solet.
3843 4540 3908 4595 Et

2308 4648 2409 4704 hoc
2428 4662 2635 4717 quoque
2655 4645 2860 4700 discere
2883 4641 3078 4712 poterit
3105 4638 3294 4708 aliquis
3317 4646 3422 4691 tam
3446 4636 3500 4690 in
3520 4633 3688 4690 tribus
3705 4633 3906 4703 pueris,

2306 4757 2460 4812 quam
2475 4741 2527 4795 in
2547 4739 2762 4800 Daniele
2778 4736 2995 4808 (Dan.6.
3011 4733 3125 4803 22).
3142 4732 3271 4787 Nam
3295 4729 3434 4785 hunc
3445 4728 3627 4783 leones
3638 4731 3911 4782 sicutoves

2306 4829 2735 4894 circumdabant,
2762 4837 2816 4884 et
2842 4840 3074 4896 superno
3093 4822 3290 4878 auxilio
3310 4830 3487 4876 retusa
3509 4816 3917 4874 eornmvferoci-

2309 4930 2417 4978 tate
2438 4963 2454 4989 ,
2487 4920 2614 4976 nihil
2639 4921 2713 4974 illi
2746 4917 3067 4974 incommodi
3090 4913 3308 4970 dabant.
3335 4911 3467 4966 Nam
3496 4908 3636 4980 quod
3666 4907 3905 4964 ferocita-

2309 5023 2415 5069 tem
2445 5027 2551 5066 non
2579 5018 2888 5066 exercentes
2915 5007 3072 5072 ferai,
3107 5020 3224 5061 eam
3253 5012 3430 5058 tamen
3477 4999 3791 5056 retinuerint
3814 5041 3831 5068 ,
3880 4998 3932 5053 ii

2307 5105 2400 5178 qui
2426 5103 2554 5160 feris
2583 5101 2989 5158 truculentiores
3015 5108 3167 5154 erant
3194 5099 3368 5166 reipsa
3389 5093 3595 5164 experti
3623 5101 3770 5148 sunt.

2383 5197 2437 5251 5.
2481 5195 2591 5249 Hoc
2635 5203 2816 5248 autem
2859 5191 2926 5247 ad
2965 5190 3224 5260 majorem
3264 5188 3476 5243 illorum
3519 5184 3915 5241 accusationem

2317 5289 2518 5344 factum
2543 5295 2625 5342 est
2645 5327 2657 5351 ,
2681 5287 2805 5356 quia
2833 5285 3038 5338 ratione
3071 5281 3327 5351 insigniti,
3356 5276 3671 5334 crudelitate
3710 5273 3910 5330 bestias

2316 5380 2524 5435 ratione
2550 5385 2797 5432 carentes
2818 5375 3119 5431 vincebant.
3165 5369 3519 5437 Tandemque
3557 5367 3734 5435 reipsa
3769 5363 3906 5418 didi.

2315 5478 2504 5526 cerunt
2545 5468 2814 5539 quomodo
2857 5483 2922 5522 ex
2963 5464 3174 5520 Domini
3219 5460 3548 5532 providentia
3595 5456 3725 5512 ferae
3775 5457 3904 5526 ipsa:

2312 5563 2511 5632 justum
2536 5560 2646 5614 sint
2694 5558 2955 5624 reveritus,
2996 5569 3169 5625 neque
3216 5565 3361 5607 ausa:
3409 5549 3605 5605 fuerint
3646 5546 3763 5617 ejus
3788 5561 3902 5601 cor-

2317 5670 2415 5726 pus
2463 5653 2760 5722 attingerc:
2813 5648 2890 5703 illi
2935 5661 3065 5703 vero
3109 5645 3249 5701 feras
3292 5641 3623 5699 immanitate
3666 5654 3889 5710 supera-

2308 5775 2516 5899 τέὲιὲθχ
2563 5772 2707 5836 Mss,
2755 5778 2800 5824 et
2841 5775 2895 5823 ut
2937 5769 3085 5836 hujus
3128 5767 3283 5838 ﬁlim,
3321 5769 3404 5821 ml
3445 5771 3496 5818 αι
3545 5766 3722 5817 τούτου
3764 5769 3901 5828 eum.
