4120 6490
342 417 442 473 501

339 546 469 593 runt
496 537 607 594 ’.Ει
651 553 717 594 ne
744 546 987 609 putarent
1017 538 1131 595 lucc
1157 553 1222 595 ex
1244 539 1358 594 visu
1387 539 1507 593 solo
1526 553 1589 594 ac
1610 537 1787 609 specie
1804 536 1937 591 facta

340 644 483 695 esse;
501 632 793 703 pereosqui
810 640 989 700 postea
1007 632 1060 686 in
1079 630 1247 686 lacum
1262 630 1437 701 iniecti
1450 636 1935 700 suntagnoverunt,

339 734 436 775 eas
459 735 583 776 cum
608 721 751 790 justo
774 722 888 775 viro
910 722 1091 777 ovium
1119 721 1581 777 mansuetudinem
1611 721 1862 787 imitatas,
1884 727 1940 775 et

342 818 549 866 natura
585 826 697 866 sua:
725 812 919 867 oblitas
948 828 1106 868 esse:
1149 827 1271 869 cum
1302 812 1366 867 iis
1406 821 1584 869 autem
1633 812 1725 882 qui
1756 820 1939 882 postea

342 901 528 972 iujecti
558 914 682 957 sunt
708 902 961 959 ferociam
986 918 1138 960 suam
1162 903 1488 959 exhibuisse.
1522 903 1783 960 Similiter
1803 912 1858 959 et
1885 903 1938 959 in

343 990 562 1048 fornace
584 994 719 1063 ignis
747 993 942 1050 factum
972 1005 1054 1051 est
1084 995 1311 1067 (Daniel.
1345 996 1424 1063 5).
1456 994 1591 1051 Nam
1621 1009 1715 1051 eos
1738 994 1828 1066 qui
1861 994 1943 1050 in-

341 1093 430 1138 tus
450 1092 603 1139 erant
628 1086 973 1142 reverebatur
989 1087 1337 1153 elementum,
1356 1095 1409 1143 et
1430 1102 1537 1142 non
1561 1088 1747 1143 urebat
1767 1088 1936 1159 ignis:

340 1174 437 1229 scd
461 1177 615 1247 quasi
638 1177 793 1247 ligata
821 1180 1133 1250 operatione
1160 1195 1277 1246 sua,
1302 1181 1375 1236 ita
1396 1180 1529 1236 nihil
1557 1182 1784 1236 nocebat
1811 1195 1941 1251 pue-

340 1281 527 1323 rorum
553 1271 891 1340 corporibus,
920 1280 976 1327 et
999 1287 1171 1342 neque
1192 1272 1416 1343 capillos
1445 1287 1636 1329 eorum
1673 1276 1940 1343 attingere

338 1372 505 1415 ausus
545 1359 665 1427 fuit,
694 1363 844 1434 quasi
884 1363 1137 1419 mandato
1181 1364 1408 1435 alicujus
1449 1364 1777 1420 elementum
1816 1379 1946 1434 pro-

340 1450 516 1519 priam
536 1450 813 1510 declarare
849 1454 1099 1509 virtutem
1151 1454 1575 1525 prohiberetur:
1622 1468 1717 1511 eos
1758 1462 1938 1509 autem

339 1542 432 1610 qui
458 1550 607 1597 extra
637 1542 907 1600 fornacem
927 1556 1100 1610 erant,
1134 1546 1449 1617 absumpsit.
1478 1544 1536 1601 In
1563 1555 1791 1616 utroque
1820 1559 1938 1599 ma-

339 1646 443 1699 gna
474 1632 564 1687 Dei
594 1635 828 1705 potentia
852 1634 1153 1691 declaratur
1171 1677 1187 1703 ,
1217 1644 1272 1691 et
1297 1636 1419 1707 quia
1446 1634 1519 1691 illi
1548 1636 1692 1691 intus
1721 1649 1937 1691 manse-

340 1730 468 1777 runt
509 1720 700 1791 illiusi,
730 1734 787 1781 et
829 1726 953 1796 quia
995 1726 1086 1797 qui
1116 1727 1245 1783 foris
1267 1736 1462 1795 erant,
1507 1726 1803 1798 perierunt.
1850 1724 1940 1781 Sic

339 1812 556 1881 quando
603 1828 836 1884 superno
880 1817 1080 1871 auxilio
1135 1818 1446 1884 munimur,
1497 1830 1603 1871 non
1634 1814 1810 1872 solum
1854 1814 1939 1871 ef-

341 1902 572 1972 fugimus
622 1904 960 1961 inimicorum
1012 1906 1271 1972 insidias,
1336 1906 1433 1963 sed
1481 1906 1584 1963 etsi
1631 1905 1688 1962 in
1738 1904 1939 1961 bestias

342 1992 488 2062 ipsas
508 1992 826 2059 incidamus,
864 1995 995 2051 nihil
1020 1997 1249 2066 patimur
1286 2012 1467 2069 grave.
1498 1997 1589 2053 Del
1627 1997 1771 2053 enim
1818 2012 1938 2051 ma-

340 2098 445 2138 nus
475 2085 740 2153 potentior
776 2095 860 2144 est
891 2087 1179 2155 omnibus;
1225 2089 1339 2158 ipsa
1381 2105 1480 2145 nos
1529 2089 1764 2161 undique
1806 2089 1939 2145 satis

339 2176 531 2241 munit,
548 2185 605 2232 et
622 2176 845 2233 invictos
865 2178 990 2234 facit
1013 2198 1026 2233 :
1055 2179 1105 2233 id
1119 2180 1261 2249 quod
1282 2190 1336 2236 et
1351 2180 1405 2235 in
1420 2180 1566 2251 justo
1586 2180 1689 2236 hoc
1699 2180 1940 2236 declam-

340 2274 456 2320 tum
477 2275 577 2321 est.
609 2266 739 2323 Nam
766 2270 855 2338 qui
887 2278 1037 2325 tanto
1065 2270 1264 2340 impetu
1290 2271 1752 2341 comprehendere
1771 2271 1936 2327 Iaco-

338 2354 491 2423 bum,
516 2364 571 2412 et
597 2373 811 2427 plenam
840 2359 974 2431 fuga:
1002 2359 1071 2416 de
1096 2376 1163 2416 eo
1191 2376 1406 2417 sumere
1432 2362 1676 2430 volebat;
1705 2378 1813 2419 non
1845 2378 1937 2418 so-

339 2446 453 2500 lum
484 2447 613 2501 nihil
640 2463 892 2519 aSperum
919 2460 974 2506 et
1001 2450 1196 2506 durum
1224 2452 1484 2509 adversus
1509 2467 1632 2509 eum
1655 2454 1893 2525 loquitur
1915 2494 1933 2520 ,

338 2536 439 2593 sed
464 2538 598 2593 sicut
626 2550 777 2610 pater
810 2541 977 2596 lilium
1006 2544 1338 2613 compellans
1361 2586 1378 2613 ,
1411 2544 1482 2600 ita
1523 2544 1733 2601 blandis
1760 2546 1938 2602 verbis

338 2629 592 2684 convenit
616 2648 629 2682 :
660 2630 792 2686 dicit
817 2633 962 2689 enim
991 2653 1003 2688 :
1032 2633 1123 2690 26.
1148 2635 1253 2690 Cur
1279 2638 1374 2691 hoc
1400 2636 1563 2707 fecisti
1580 2637 1609 2691 .’
1630 2654 1786 2707 quare
1805 2640 1938 2693 clam

337 2721 663 2777 abscessisti.’
692 2724 825 2781 Vide
865 2737 1061 2796 quanta
1104 2731 1367 2784 mutatio:
1416 2730 1536 2786 vide
1577 2731 1847 2802 quomodo
1892 2733 1938 2786 is

336 2813 430 2881 qui
459 2825 515 2868 ut
542 2812 709 2868 bestia
740 2815 1059 2884 insaniebat,
1094 2820 1276 2875 ovium
1302 2820 1537 2875 imitatur
1567 2822 1936 2878 mansuetudi-

337 2916 484 2958 nem.
518 2902 690 2971 Quare
726 2906 959 2962 clanculo
1002 2909 1297 2978 discessisti,
1329 2920 1377 2965 et
1416 2927 1528 2967 mea
1554 2912 1731 2983 furtim
1760 2914 1935 2968 abstu-

338 2993 443 3047 listi
464 3035 479 3060 ,
525 3005 572 3049 et
614 2996 872 3053 abduxisti
917 3000 1055 3069 ﬁlias
1094 3017 1233 3056 meas
1258 3005 1405 3074 quasi
1453 3006 1675 3075 captiuas
1720 3004 1938 3077 gladio?

336 3085 516 3153 Quare
534 3128 550 3153 ,
580 3087 783 3158 inquit,
812 3089 916 3146 hoc
944 3092 1155 3148 fecisti?
1179 3095 1305 3165 quid
1336 3095 1550 3151 tandem
1576 3097 1631 3152 in
1659 3099 1937 3169 proposito

339 3178 810 3251 liabuisti‘lquare
853 3184 931 3239 sic
970 3185 1181 3241 occulte
1224 3187 1423 3257 parasti
1461 3186 1802 3245 discessum?
1843 3189 1935 3244 27.

341 3271 483 3325 Nam
508 3273 553 3327 si
579 3276 933 3330 annuntiasses
962 3277 1087 3330 mihi
1112 3318 1127 3343 ,
1158 3294 1273 3332 cum
1300 3296 1484 3351 magno
1512 3281 1703 3337 honore
1726 3290 1772 3336 et
1801 3282 1935 3337 licti-

336 3363 411 3416 tia
436 3363 641 3435 fuissem
666 3375 714 3420 te
737 3378 1088 3437 prosequutus.
1118 3369 1409 3426 Enimvero
1438 3371 1482 3427 si
1507 3372 1612 3429 hoc
1634 3373 1934 3444 scivissem,

336 3453 466 3508 Cum
494 3455 697 3509 musicis
715 3497 731 3523 ,
762 3467 810 3511 et
839 3460 1091 3528 tympanis
1126 3469 1173 3513 et
1203 3460 1401 3515 cithara
1448 3471 1782 3533 prosequutus
1809 3464 1936 3533 fuis-

333 3561 441 3599 sent
459 3555 523 3599 te.
548 3545 638 3601 28.
661 3545 781 3602 Non
796 3564 910 3602 sum
934 3549 1119 3621 dignus
1145 3551 1345 3606 habitus
1368 3552 1589 3607 osculari
1606 3554 1744 3621 filias
1765 3571 1934 3610 meas:

334 3653 473 3690 stunc
508 3646 679 3692 autem
720 3639 1013 3709 insipienter
1055 3642 1217 3712 egisti.
1263 3640 1428 3699 Vides
1477 3645 1750 3714 quomodo
1793 3661 1935 3701 nunc

334 3727 687 3797 semetipsum
724 3730 922 3799 arguit,
972 3739 1027 3785 et
1070 3748 1165 3801 per
1207 3731 1443 3804 linguam
1487 3748 1642 3790 suam
1697 3734 1931 3805 fatetur,

333 3832 459 3873 sese
486 3818 699 3890 quidem
720 3820 926 3891 justum
946 3822 1086 3878 male
1109 3824 1324 3880 afficere
1352 3834 1594 3897 paratum
1622 3826 1807 3895 fuisse,
1840 3829 1932 3885 Dei

331 3918 517 3963 autem
551 3911 937 3978 providentiam
959 3954 974 3980 ,
1006 3927 1036 3968 a
1063 3914 1340 3972 molimine
1367 3931 1466 3972 suo
1494 3916 1666 3988 ipsum
1702 3918 1933 3989 impedi-

337 3996 501 4054 uisse.
527 3998 617 4055 29.
651 3999 843 4069 Potest,
874 4003 1064 4074 inquit,
1096 4021 1277 4060 manus
1302 4022 1414 4060 mea
1432 4016 1483 4061 te
1514 4008 1767 4080 affligere;
1790 4007 1934 4065 Deus

331 4099 505 4144 autem
534 4092 692 4161 patris
717 4094 791 4147 tui
820 4095 929 4148 heri
952 4096 1077 4150 mihi
1102 4097 1230 4151 dixit
1248 4114 1268 4152 :
1296 4098 1427 4153 Cane
1449 4099 1538 4154 tibi
1567 4100 1686 4171 ipsi,
1718 4118 1781 4157 ne
1802 4106 1935 4172 forte

330 4180 560 4250 loqntm's
587 4200 702 4238 cum
723 4184 886 4241 Iacob
911 4189 1064 4241 mala.
1098 4188 1282 4261 Cogita
1311 4191 1397 4248 hic
1422 4202 1622 4263 quanta
1646 4210 1767 4251 cum
1803 4212 1931 4252 con-

332 4273 596 4331 solatione
614 4275 743 4347 justi
774 4278 969 4335 emissa
997 4279 1194 4337 fuerint
1221 4282 1337 4338 haec
1363 4285 1545 4352 verba,
1568 4295 1624 4341 et
1649 4287 1930 4344 considera

330 4366 603 4434 quomodo
631 4367 717 4424 hic
743 4368 934 4426 effatur
960 4387 1078 4443 quae
1104 4373 1365 4431 adversus
1384 4376 1587 4446 justum
1609 4378 1928 4447 decreverit,

328 4469 386 4513 et
404 4459 634 4529 qualiter
651 4477 774 4517 eum
795 4465 1255 4535 comprehendere
1279 4469 1520 4535 voluerit,
1547 4486 1713 4543 seque
1739 4474 1931 4529 timore

332 4550 429 4606 Dei
449 4566 477 4605 a
509 4553 663 4608 malis
689 4557 928 4613 consiliis
953 4557 1246 4615 cohibitum
1276 4560 1459 4618 fuisse.
1483 4561 1623 4619 Deus
1650 4566 1809 4634 patris
1832 4568 1926 4632 tui,

330 4642 522 4712 inquit.
554 4642 685 4700 Vide
710 4647 978 4717 quomodo
998 4649 1113 4718 ipse
1138 4649 1320 4706 Labau
1342 4667 1446 4706 non
1475 4668 1662 4723 parum
1688 4656 1930 4712 utilitatis

330 4730 457 4787 hinc
476 4736 809 4804 perceperit,
842 4738 1129 4793 maximam
1155 4754 1223 4795 ex
1252 4740 1316 4795 iis
1342 4757 1464 4811 qua:
1500 4743 1603 4798 sibi
1641 4743 1781 4800 dicta
1812 4747 1927 4803 fue-

331 4833 458 4881 runt
484 4827 693 4884 virtutis
724 4828 818 4884 Dei
854 4831 1126 4902 accipiens
1165 4832 1698 4893 demonstrationem.
1732 4839 1925 4895 Verum

327 4917 452 4987 quia
472 4927 617 4985 ettu,
639 4920 831 4991 inquit,
852 4922 953 4979 hoc
969 4923 1276 4993 decrevisti,
1296 4937 1349 4983 et
1366 4927 1509 4984 Deus
1524 4938 1606 4985 est
1621 4932 1708 5001 qui
1728 4941 1925 4988 tantam

329 5010 406 5064 tui
426 5025 607 5066 curam
622 5015 779 5083 gerit,
803 5014 892 5070 30.
918 5016 1073 5070 Nunc
1090 5017 1245 5088 igitur
1264 5018 1390 5073 uade
1406 5035 1425 5073 :
1447 5037 1631 5092 magno
1652 5024 1783 5077 enini
1801 5024 1927 5079 desi-

326 5104 470 5159 derio
492 5105 791 5161 desiderasti
805 5108 945 5162 abire
959 5110 1010 5162 in
1028 5110 1233 5163 domum
1250 5112 1409 5181 patris
1424 5114 1517 5167 tui.
1545 5114 1713 5180 Quare
1727 5116 1926 5185 furatus

325 5211 380 5249 es
399 5195 518 5251 deos
538 5198 712 5253 meos?
733 5197 884 5265 Esto,
914 5199 1116 5271 inquit;
1146 5200 1249 5257 hoc
1268 5202 1575 5261 decreveris
1600 5215 1655 5261 ut
1679 5208 1841 5264 abeas
1871 5209 1925 5265 in

323 5286 541 5342 domum
560 5287 722 5358 patris
736 5290 837 5344 tui:
867 5304 1031 5361 quare
1045 5291 1175 5347 deos
1194 5308 1343 5349 meos
1357 5294 1559 5350 furatus
1573 5298 1667 5352 es?
1686 5298 1730 5353 0
1746 5299 1927 5370 ingen-

327 5388 434 5434 tem
451 5377 834 5449 insipientiam!
861 5383 1062 5437 talesne
1082 5396 1204 5439 sunt
1223 5386 1295 5439 dii
1317 5386 1414 5454 tui,
1430 5397 1487 5442 ut
1506 5387 1628 5458 quis
1643 5404 1737 5445 eos
1757 5389 1923 5448 furari

320 5472 527 5542 queat?
550 5472 664 5528 Non
693 5474 969 5531 erubescis
1005 5476 1224 5543 dicens,
1257 5476 1428 5544 Quare
1466 5482 1665 5551 furatus
1710 5499 1761 5537 es
1802 5484 1923 5538 deos

324 5563 499 5618 meos?
527 5562 658 5620 Vide
685 5576 879 5635 quanta
911 5565 1011 5621 fuit
1048 5569 1248 5624 erroris
1273 5571 1516 5640 gravitas
1540 5614 1556 5639 ,
1606 5572 1735 5629 dum
1763 5575 1799 5630 ii
1830 5576 1921 5645 qui

324 5656 532 5712 ratione
561 5656 768 5726 prmditi
802 5667 978 5725 erant,
1022 5652 1274 5717 colebant
1320 5661 1523 5733 lapides
1562 5673 1617 5720 et
1660 5666 1821 5737 ligna.
1854 5665 1921 5722 lli

389 5763 403 5790 ι
438 5757 552 5837 llaec
586 5759 738 5833 verba
761 5760 893 5837 ,Λιιιρ
946 5776 1063 5837 vero
1096 5762 1251 5837 feras-
1271 5762 1569 5837 inmanitate

323 5821 471 5931 αὖτ’ῖὲ
500 5821 643 5933 diu:
666 5824 759 5872 τῶν
783 5824 955 5887 Θηρίων
997 5821 1128 5890 αὖτῷ
1177 5828 1336 5891 χεῖρον
1384 5830 1633 5897 διέθηκαν,

320 5896 411 5933 mu
479 5895 503 5930 s
636 5919 650 5934 .

1356 422 1424 480 lN
1454 422 1608 480 CAP.
1652 420 1845 478 XXXI.
1887 419 2133 479 GENES.
2176 421 2405 480 nomn.
2448 424 2641 485 LVIL.

3545 428 3674 487 509:

2050 547 2174 593 sunt
2200 536 2273 594 dii
2303 540 2376 596 tul
2398 582 2414 609 ,
2445 555 2480 597 o
2510 538 2713 610 Laban,
2742 540 2835 613 qui
2863 556 3037 614 neque
3061 555 3184 598 cum
3210 541 3432 599 furaturi
3453 558 3513 601 se
3532 546 3653 616 qui-

2047 631 2170 688 dam
2191 642 2363 698 erant,
2385 633 2575 704 juvare
2596 649 2655 690 se
2675 635 3005 704 potuerunt?
3027 634 3129 702 Qui
3154 636 3300 692 enim
3322 645 3541 705 possent
3560 639 3651 706 qui

2046 737 2078 777 e
2109 722 2284 793 lapide
2307 733 2432 779 sunt
2456 724 2729 781 confecti?
2767 725 2910 781 Deus
2947 734 3127 782 autem
3164 725 3339 796 justi,
3370 727 3653 798 ignorante

2043 813 2189 883 justo
2209 856 2224 882 ,
2254 814 2511 884 impetum
2538 826 2689 871 tuum
2712 816 2971 872 coercuit.
3004 816 3072 872 Et
3090 830 3199 872 non
3224 817 3429 888 cogitas
3449 818 3653 874 erroris

2047 905 2488 973 magnitudinem,
2536 916 2597 981 et.
2619 907 2825 977 justum
2870 906 2996 963 furti
3036 909 3259 978 arguis?
3287 908 3465 977 Quare
3508 910 3669 966 cnim

2040 994 2222 1064 justus
2250 996 2372 1051 illos
2397 996 2563 1051 furari
2592 983 2850 1054 voluisset
2869 1000 2890 1063 ,‘
2912 1013 3051 1069 quos
3077 998 3511 1067 abominabatur,
3539 999 3651 1057 imo

2044 1101 2181 1157 quos
2226 1086 2430 1160 sciebat
2457 1103 2578 1145 esse
2617 1104 2781 1145 sensu
2809 1105 3008 1146 vacuos
3057 1090 3308 1160 lapides?
3336 1092 3505 1148 Porro
3535 1091 3652 1149 hinc

2044 1191 2167 1231 cum
2212 1178 2451 1234 audisset
2493 1178 2681 1247 Iacob,
2731 1180 2963 1250 primum
3009 1197 3196 1253 magna
3240 1182 3654 1240 mansuetudine

2045 1269 2113 1325 de
2134 1270 2362 1340 objectis
2386 1271 2698 1327 criminibus
2724 1286 2783 1329 se
2813 1283 3022 1344 purgat,
3055 1281 3111 1329 et
3139 1283 3265 1330 tunc
3294 1284 3351 1329 ut
3380 1275 3654 1346 inquiran-

2046 1368 2132 1415 tur
2159 1360 2233 1416 dii
2273 1360 2444 1431 jubet.
2471 1363 2561 1418 5i.
2594 1361 2717 1417 Dixi
2758 1364 2927 1429 enim,
2961 1365 3156 1436 inquit,
3184 1382 3249 1421 ne
3276 1369 3406 1437 forte
3442 1370 3654 1438 auferas

2045 1451 2181 1520 ﬁlias
2207 1461 2321 1507 tuas
2345 1469 2377 1506 a
2402 1469 2498 1522 me,
2530 1464 2578 1508 et
2606 1456 2777 1508 omnia
2803 1470 2936 1509 mea.
2968 1455 3128 1523 Quia,
3162 1456 3367 1527 inquit,
3398 1456 3650 1514 videbam

2046 1550 2098 1596 te
2142 1558 2249 1597 non
2280 1542 2418 1599 bene
2457 1559 2585 1615 erga
2631 1560 2724 1601 me
2760 1544 3012 1601 affectum
3033 1586 3049 1613 ,
3078 1546 3270 1602 anxius
3310 1546 3381 1601 fui
3413 1561 3483 1603 ne
3514 1546 3653 1602 forte

2044 1637 2320 1691 couareris
2348 1636 2558 1693 auferre
2589 1637 2723 1693 filias
2753 1648 2870 1693 tuas
2898 1647 2955 1694 et
2982 1638 3261 1696 facultates
3288 1654 3459 1703 meas,
3488 1649 3652 1711 atque

2047 1728 2258 1797 privare
2297 1745 2384 1783 me
2422 1729 2580 1795 meis,
2612 1730 2752 1785 sicut
2794 1729 3063 1800 quondam
3114 1729 3305 1785 fecisti.
3358 1728 3460 1785 Ista
3492 1729 3654 1801 igitur

2042 1831 2206 1873 causa
2232 1818 2441 1875 timoris
2467 1818 2626 1885 fecit,
2658 1827 2719 1874 ut
2744 1819 2885 1874 clam
2915 1828 2966 1875 te
2991 1818 3218 1874 abirem.
3248 1819 3515 1875 Cmterum
3558 1818 3649 1876 52.

2044 1906 2199 1977 Apud
2222 1925 2367 1979 quem
2395 1909 2645 1964 inveneris
2671 1910 2792 1983 deos
2817 1918 2950 1976 tuos,
2978 1925 3081 1962 non
3108 1909 3237 1964 vivet
3266 1925 3440 1963 coram
3469 1908 3651 1979 fratri-

2044 1998 2137 2054 bus
2174 2002 2380 2057 nostris.
2412 2000 2571 2056 Vides
2598 2001 2876 2071 ignorasse
2919 1999 3088 2055 Iacob
3132 2001 3330 2055 furtum
3356 2015 3388 2054 a
3417 1999 3653 2055 Rachele

2044 2093 2411 2148 commissum.
2434 2093 2571 2149 Vide
2599 2094 2742 2149 enim
2772 2102 2969 2163 quanta
2991 2092 3308 2148 austeritate
3330 2091 3651 2162 supplicium

2042 2184 2284 2241 dmruit
2304 2185 2358 2240 ei
2380 2185 2471 2256 qui
2501 2184 2700 2239 furtum
2730 2183 3044 2239 admiserat.
3076 2183 3233 2253 Apud
3257 2200 3426 2254 quem,
3455 2183 3651 2254 inquit,

2043 2278 2233 2332 inventi
2260 2274 2470 2349 fuerint,
2512 2294 2613 2332 non
2639 2277 2764 2332 vivet
2787 2293 2963 2331 coram
3003 2276 3246 2347 fratribus
3274 2276 3479 2329 nostris.
3533 2274 3651 2330 Non

2044 2368 2217 2423 solum
2238 2409 2254 2435 ,
2286 2369 2458 2440 inquit
2478 2409 2497 2438 ,
2527 2368 2653 2439 quia
2682 2367 2918 2423 ablatum
2948 2377 3052 2434 est,
3084 2367 3178 2422 sed
3209 2376 3263 2422 et
3301 2366 3425 2438 quia
3454 2366 3651 2425 furtum

2043 2461 2134 2533 qui
2166 2460 2372 2529 facerit,
2406 2461 2750 2518 manifestum
2774 2463 2857 2517 sui
2885 2461 3071 2533 ﬂagitii
3104 2461 3358 2517 indicium
3389 2459 3647 2532 proferet.

2045 2553 2195 2610 Scias
2219 2556 2262 2609 si
2287 2552 2412 2625 quid
2440 2562 2513 2608 est
2543 2562 2746 2607 tuorum
2771 2554 2914 2623 apud
2943 2570 3041 2618 me,
3063 2562 3112 2607 et
3136 2554 3329 2624 accipe.
3359 2553 3615 2608 Scrutare
3631 2592 3649 2619 ,

2045 2646 2234 2717 inquit,
2269 2659 2397 2701 num
2438 2643 2567 2717 quid
2606 2643 2923 2699 abstulerim
2956 2643 3103 2714 quod
3126 2643 3195 2698 ad
3226 2658 3314 2698 me
3340 2657 3446 2698 non
3489 2643 3652 2712 perti-

2045 2737 2242 2792 nuerit.
2269 2735 2411 2790 Nihil
2437 2734 2580 2791 aliud
2616 2736 2671 2790 in
2698 2748 2784 2790 me
2803 2749 3029 2805 arguere
3061 2734 3284 2805 poteris,
3317 2749 3479 2803 quam
3505 2732 3650 2803 quod

2042 2826 2181 2882 clam
2206 2825 2430 2882 abierim
2455 2842 2470 2879 :
2498 2835 2554 2882 et
2574 2826 2677 2881 hoc
2710 2840 2820 2881 non
2849 2834 3042 2897 sponte
3072 2823 3196 2891 feci,
3223 2824 3319 2881 sed
3342 2824 3649 2894 suspicatus

2044 2917 2381 2985 iniustitiam,
2409 2925 2466 2973 et
2494 2917 2693 2972 timens
2718 2930 2788 2972 ne
2813 2915 2981 2971 velles
3007 2915 3230 2971 auferre.
3255 2915 3392 2969 filias
3418 2922 3563 2981 tuas,
3596 2923 3651 2969 et

2041 3009 2174 3063 alias
2201 3023 2349 3063 meas
2379 3006 2698 3073 facultates,
2729 3008 2775 3063 si
2812 3007 2865 3062 id
2909 3007 3161 3062 rescires.
3209 3006 3278 3061 Et
3307 3023 3408 3060 non
3446 3006 3651 3079 agnouit

2041 3099 2182 3169 apud
2209 3115 2326 3153 eum
2349 3098 2567 3167 aliquid.
2602 3096 2873 3151 Nesciebat
2897 3107 3066 3151 autem
3089 3096 3254 3151 Iacob
3281 3098 3419 3168 quod
3453 3097 3651 3152 Rachel

2042 3207 2172 3244 uxor
2198 3206 2292 3243 sua
2321 3189 2495 3259 furata
2522 3189 2699 3258 fuisset
2725 3204 2831 3243 eos.
2862 3189 2953 3244 35.
2984 3186 3255 3260 Ingressus
3278 3198 3449 3244 autem
3470 3188 3649 3244 Laban

2042 3290 2296 3335 scrutatus
2322 3289 2396 3334 est
2425 3280 2632 3333 domum
2659 3278 2771 3334 Lit:
2788 3321 2804 3345 ,
2832 3289 2882 3333 et
2906 3296 3009 3334 non
3035 3280 3241 3334 invenit.
3283 3278 3552 3351 Ingressus
3577 3290 3652 3337 est

2040 3381 2208 3425 autem
2247 3380 2297 3425 et
2340 3372 2395 3424 in
2434 3370 2643 3424 domum
2680 3369 2894 3425 Rachel.
2936 3370 3026 3426 54.
3067 3369 3263 3425 Rachel
3294 3387 3412 3427 vero
3455 3372 3651 3442 accepit

2042 3463 2200 3529 idola,
2227 3472 2274 3517 et
2299 3461 2469 3532 posuit
2496 3478 2557 3516 ea
2580 3461 2751 3517 subter
2775 3473 3051 3515 stramenta
3079 3462 3413 3528 camelorum,
3443 3472 3491 3517 et
3520 3465 3650 3519 sedit

2040 3568 2193 3626 super
2233 3572 2312 3612 ea.
2345 3555 2412 3610 Et
2450 3554 2583 3610 dixit
2626 3556 2762 3625 patri
2790 3570 2925 3610 suo:
2955 3555 3044 3611 35.
3089 3553 3174 3610 Ne
3214 3557 3438 3627 grauiter
3481 3556 3657 3627 feras,

2040 3650 2243 3703 domine
2267 3650 2336 3702 nti
2358 3665 2378 3702 :
2405 3665 2507 3704 non
2536 3664 2742 3719 possunt
2771 3663 2979 3718 surgere
3001 3663 3178 3702 coram
3209 3659 3285 3714 te,
3314 3648 3437 3719 quia
3462 3664 3649 3703 secun-

2040 3743 2161 3795 dum
2185 3742 2599 3798 consuetudinem
2622 3741 2891 3796 mulierum
2920 3741 3045 3795 mihi
3065 3750 3158 3796 est.
3184 3741 3458 3799 Scrutatus
3477 3752 3647 3797 autem

2039 3844 2113 3889 est
2140 3832 2317 3888 Laban
2337 3834 2390 3889 in
2415 3842 2518 3889 tota
2538 3833 2690 3889 domo
2712 3834 2842 3904 ejus,
2874 3841 2921 3889 et
2945 3849 3047 3888 non
3076 3834 3285 3888 invenit.

2112 3927 2167 3982 6.
2211 3926 2399 3997 Magna
2447 3924 2698 3981 llachelis
2745 3923 2987 3992 solertia,
3032 3939 3127 3994 per
3171 3940 3333 3994 quam
3390 3924 3649 3983 deludere

2042 4019 2211 4088 potuit
2239 4017 2538 4073 Labanum.
2568 4016 2804 4085 Audjant
2843 4016 2935 4087 qui
2982 4013 3163 4071 adhuc
3208 4015 3487 4071 erroribus
3522 4025 3649 4072 sunt

2038 4110 2261 4175 addicti,
2310 4118 2366 4165 et
2413 4102 2774 4164 id'ololatriam
2828 4107 3009 4180 magni
3066 4106 3288 4169 faciunt.
3352 4105 3538 4163 Posuit
3588 4126 3649 4164 ea

2038 4202 2208 4256 subter
2234 4211 2512 4257 stramento
2539 4202 2874 4270 camelorum,
2930 4202 3124 4273 inquit,
3169 4211 3215 4258 et
3235 4201 3365 4257 sedit
3384 4218 3538 4274 super
3563 4220 3646 4260 ea.

2038 4294 2175 4363 Quid
2203 4293 2287 4349 his
2319 4296 2487 4367 magis
2511 4294 2798 4351 ridiculum
2818 4296 2842 4350 ?
2863 4295 2963 4363 Qui
2992 4295 3203 4351 ratione
3234 4295 3440 4366 prmditi
3469 4307 3645 4362 erant,

2038 4395 2093 4440 et
2134 4393 2337 4441 tantam
2386 4385 2753 4441 misericordia
2786 4386 2882 4443 Dci
2920 4387 3197 4457 assequuti
3238 4388 3450 4443 fuerant
3474 4387 3647 4461 digni-

2040 4485 2202 4532 tatem
2228 4518 2243 4544 ,
2298 4476 2501 4547 lapides
2542 4492 2709 4533 sensu
2748 4491 2946 4532 vacuos
2986 4486 3177 4556 putant
3213 4478 3472 4535 colendos
3502 4498 3515 4535 :
3547 4496 3647 4537 nec

2040 4567 2203 4637 pudet
2230 4582 2347 4634 eos,
2378 4582 2478 4622 nec
2504 4576 2705 4622 tantam
2728 4581 2916 4622 secum
2949 4578 3199 4639 reputant
3228 4568 3643 4635 absurditatem,

2038 4660 2133 4715 sed
2159 4674 2189 4713 a
2217 4659 2615 4715 consuetudine
2660 4660 2811 4729 quasi
2840 4674 2971 4715 oves
3018 4660 3399 4716 abducuntur?
3444 4661 3646 4718 Idcirco

2040 4747 2234 4802 Paulus
2262 4761 2475 4818 quoque
2496 4746 2739 4802 scribens
2762 4746 2975 4803 dicebat
3010 4766 3022 4801 :
3053 4746 3209 4803 Scitis
3238 4750 3445 4818 quando
3472 4760 3644 4821 gentes

2040 4843 2222 4906 eratis,
2278 4842 2347 4895 ad
2389 4841 2530 4895 idola
2580 4851 2723 4895 muta
2768 4850 3040 4911 utcumque
3088 4841 3412 4899 dacebamini
3472 4852 3644 4899 euntes

2040 4935 2115 5005 (Ι.
2145 4934 2266 4993 Cor.
2295 4936 2379 4990 ιιι.
2409 4934 2493 5006 ‘2).
2526 4935 2594 4990 Et
2620 4943 2765 4990 recte
2786 4934 2940 4998 dixit,
2975 4934 3143 4989 Muta.
3176 4934 3277 5001 Qui
3304 4950 3514 5001 vocem,
3557 4937 3641 4991 in-

2034 5028 2167 5096 quit,
2202 5027 2411 5083 habetis
2432 5035 2487 5083 et
2522 5041 2698 5090 aures,
2727 5035 2784 5081 et
2809 5027 3034 5082 rationis
3057 5027 3189 5082 estis
3230 5028 3539 5097 participes,
3571 5028 3640 5082 ad

2033 5134 2096 5174 ea
2123 5135 2243 5190 qua:
2287 5120 2492 5175 nullum
2531 5134 2749 5175 sensum
2789 5117 3006 5185 habent,
3038 5119 3177 5174 sicut
3222 5118 3379 5173 bruta
3416 5118 3639 5175 abduci-

2034 5212 2186 5267 mini.
2243 5211 2313 5266 Et
2360 5212 2574 5282 qualem
2618 5210 2710 5281 qui
2739 5211 2875 5266 tales
2911 5219 3039 5266 sunt
3078 5210 3287 5265 veniam
3319 5211 3640 5266 merentur?

2032 5302 2139 5358 Sed
2171 5302 2447 5358 videamus
2468 5302 2939 5373 quomodojustus
2980 5315 3126 5356 nunc
3173 5300 3425 5355 ﬁduciam
3470 5314 3635 5358 acce-

2032 5396 2192 5465 perit,
2224 5395 2416 5465 partim
2458 5408 2529 5450 es
2576 5394 2640 5449 iis
2668 5410 2786 5465 quze
2841 5393 3024 5449 Laban
3064 5392 3348 5449 confessus
3372 5402 3477 5458 est,
3512 5406 3635 5463 par-

2034 5488 2126 5541 tim
2170 5486 2422 5556 quoniam
2494 5486 2699 5541 nullum
2755 5488 2962 5541 crimen
3010 5495 3197 5541 contra
3244 5499 3304 5539 se
3358 5485 3636 5539 invenerat

2032 5579 2449 5648 reprehensione
2501 5580 2717 5651 dignum
2748 5621 2765 5646 ,
2797 5579 2923 5649 quid
2976 5578 3155 5633 dicit?
3204 5577 3293 5633 36.
3341 5574 3515 5630 Iratus
3565 5586 3639 5631 est

2026 5682 2218 5738 autem,
2250 5672 2439 5744 inquit,
2490 5671 2675 5739 Iacob,
2708 5682 2753 5727 et
2775 5672 3038 5725 contendit
3068 5688 3184 5724 cum
3226 5668 3425 5735 Laban,
3481 5679 3529 5723 et
3551 5670 3637 5722 di-

2028 5766 2124 5819 xit.
2149 5762 2282 5820 Vide
2331 5764 2601 5834 quomodo
2649 5764 2811 5819 etiam
2858 5761 3251 5833 expostulando
3279 5762 3476 5817 anima:
3523 5777 3633 5817 sua:

2037 5855 2287 5913 virtutem
2316 5855 2535 5929 detegit.
2585 5856 2714 5926 Qute
2749 5858 3001 5927 injustitia
3031 5872 3161 5925 mea,
3194 5854 3269 5911 vel
3297 5854 3435 5926 quod
3459 5871 3630 5926 pecca-
