4120 6466
605 353 710 408 503

597 479 700 518 tum
743 482 925 532 meum,
975 465 1164 534 inquit,
1210 467 1344 534 quod
1383 475 1709 534 persequutus
1733 483 1784 520 es
1813 467 1930 519 me?
1983 468 2179 534 Quare,

599 557 784 624 inquit,
819 565 964 608 tanto
991 555 1188 622 impetu
1222 555 1510 608 insectatus
1549 569 1608 608 es
1659 556 1786 608 me?
1838 557 2046 624 qualem
2100 558 2182 609 in-

598 649 846 710 iastitiam
901 647 1027 700 mihi
1080 657 1228 716 potes
1273 647 1641 716 exprobrare?
1680 647 1833 715 quale
1866 651 2184 715 peccatum?

598 743 774 811 Neque
804 744 852 797 id
905 747 1054 806 satis,
1084 745 1184 799 nisi
1233 756 1285 800 et
1319 755 1517 799 tantam
1562 746 2024 815 superinduxisses
2049 757 2179 796 con-

598 844 648 884 tu
676 834 885 892 neliam,
933 845 984 887 ut
1018 837 1330 888 scrutareris
1357 837 1532 889 omnia
1583 853 1699 905 qua:
1745 837 1798 890 in
1841 835 1999 888 domo
2041 847 2178 885 mea.

598 927 687 977 37.
720 925 853 989 Quid
896 928 1120 978 invenisti
1149 927 1210 978 de
1237 927 1466 979 amnibus
1493 928 1622 979 vasis
1658 942 1769 996 qute
1795 927 1848 978 in
1874 927 2021 978 domo
2049 934 2136 975 tua
2159 924 2184 975 .’

606 1013 746 1066 I’one
775 1017 854 1067 llic
882 1032 1050 1068 coram
1083 1015 1322 1085 fratribus
1354 1018 1450 1070 tuis
1477 1027 1522 1068 et
1544 1017 1789 1086 fratribus
1829 1017 1973 1080 meis,
2019 1024 2062 1068 et
2092 1016 2180 1082 ju.

596 1107 762 1159 dicent
791 1108 918 1158 inter
942 1124 1032 1159 nos
1062 1108 1209 1160 duos.
1243 1109 1432 1173 Tanto,
1487 1109 1676 1176 inquit,
1725 1108 1983 1163 scrutinio
2015 1105 2176 1169 facto,

602 1198 884 1263 [MltliSlillB
939 1197 1134 1265 aliquid
1186 1197 1424 1252 invenire
1469 1199 1609 1268 quod
1653 1199 1718 1252 ad
1773 1214 1857 1253 me
1894 1213 1998 1252 non
2057 1198 2179 1251 atti-

595 1296 736 1346 neat.
795 1287 872 1340 vel
902 1288 1042 1357 quod
1072 1297 1218 1342 tuum
1252 1289 1358 1342 sit?
1385 1288 1437 1343 Si
1466 1291 1733 1354 invenisti,
1762 1288 1938 1359 profer
1984 1289 2034 1341 in
2065 1305 2178 1343 me-

595 1381 760 1440 dium,
802 1388 857 1432 ut
915 1381 1002 1449 qui
1046 1381 1130 1434 hic
1174 1381 1369 1435 adsunt
1412 1384 1548 1450 apud
1596 1398 1680 1436 me
1721 1392 1774 1436 et
1811 1391 1882 1448 te,
1916 1380 2174 1449 judicium

603 1471 849 1522 reddant.
896 1470 1154 1537 Quoniam
1183 1472 1311 1525 vidit
1338 1487 1396 1526 se
1427 1473 1751 1540 inculpatum
1797 1474 1847 1526 in
1889 1471 2134 1526 omnibus
2160 1513 2172 1533 ,

596 1576 782 1629 magna
816 1571 1022 1629 sumpta
1055 1561 1264 1624 fiducia,
1317 1572 1593 1616 enumerat
1634 1563 1887 1616 beneficia
1934 1577 2050 1630 qua:
2103 1561 2175 1613 illi

595 1665 688 1715 per
728 1665 882 1702 omne
931 1660 1136 1718 tempus
1184 1652 1441 1716 exhibuit,
1491 1663 1545 1707 et
1594 1653 1763 1720 inquit
1796 1669 1810 1705 :
1844 1652 1930 1706 38.
1963 1650 2029 1703 Hi
2060 1659 2178 1705 sunt

595 1740 764 1804 viginti
789 1741 908 1792 anni
928 1782 940 1801 ,
973 1743 1150 1808 quibus
1178 1752 1336 1794 tecum
1363 1759 1492 1794 sum.
1562 1743 1664 1796 Pro
1691 1743 1871 1796 labore
1899 1751 1975 1795 tot
2004 1757 2174 1796 anno-

596 1846 732 1895 rum,
758 1831 975 1886 haccine
1005 1833 1193 1903 dignus
1223 1851 1368 1889 eram
1396 1837 1750 1890 contumelia?
1778 1835 1845 1889 Ili
1866 1837 1989 1889 mihi
2005 1837 2178 1905 viginti

595 1925 736 1974 anni.
792 1922 958 1978 Hodie
997 1926 1182 1994 viginti
1229 1941 1488 1980 annorum
1531 1927 1792 1996 complevi
1826 1929 1875 1980 in
1901 1927 2060 1981 domo
2090 1937 2174 1982 tua

595 2028 895 2066 numerum.
929 2014 1057 2068 Oves
1085 2026 1184 2068 tute
1212 2027 1257 2070 et
1284 2034 1451 2087 capra’
1471 2029 1568 2071 tua:
1593 2019 1784 2070 steriles
1811 2035 1909 2071 non
1940 2023 2170 2089 fuerunt,

591 2104 771 2155 arietes
797 2106 960 2158 ovium
987 2116 1187 2161 tuarum
1214 2127 1312 2162 non
1339 2111 1532 2164 comedi
1564 2128 1581 2164 :
1609 2112 1697 2166 59.
1754 2125 1957 2179 captum
1997 2131 2028 2166 a
2064 2113 2172 2182 fera

591 2193 679 2244 tibi
709 2211 806 2246 non
835 2198 1001 2249 attuli.
1038 2195 1147 2266 Ego
1177 2201 1398 2269 satisfeci
1429 2202 1488 2254 de
1509 2217 1636 2263 meo,
1667 2201 1803 2270 furta
1833 2203 1930 2254 diei
1961 2214 2005 2255 et
2036 2203 2174 2270 furta

597 2287 777 2338 noctis.
802 2286 888 2340 60.
923 2287 1020 2341 Die
1045 2290 1225 2342 urebar
1248 2303 1395 2356 testu,
1422 2302 1467 2345 et
1496 2304 1640 2345 nocte
1663 2295 1796 2363 gelu,
1822 2305 1866 2347 et
1893 2295 2173 2348 discedebat

589 2392 796 2430 somnus
834 2379 897 2432 ab
945 2382 1104 2435 oculis
1149 2384 1288 2437 meis.
1329 2383 1536 2439 Oblitus
1565 2400 1639 2448 es,
1693 2387 1880 2456 inquit,
1934 2388 2172 2442 laborum

591 2480 726 2532 quos
771 2470 1034 2524 exantlavi
1084 2488 1307 2541 pascens
1353 2489 1482 2528 oves
1532 2485 1648 2529 tuas
1694 2487 1746 2530 et
1783 2478 2011 2546 capras?
2038 2478 2172 2532 Num

592 2567 742 2620 potes
764 2573 986 2627 arguere
1022 2563 1161 2630 quod
1194 2579 1440 2632 umquam
1471 2579 1597 2618 oves
1628 2567 1706 2618 vel
1738 2582 1910 2635 capra:
1938 2578 2038 2621 tua:
2062 2569 2174 2623 fue-

595 2646 699 2698 rint
727 2650 969 2705 steriles?
1026 2653 1155 2708 Vide
1186 2667 1434 2723 quantam
1460 2657 1787 2712 demonstrat
1813 2674 1840 2711 a
1873 2661 1980 2714 Deo
2010 2661 2172 2716 bene-

597 2736 876 2791 volentiam
917 2743 1199 2810 contigisse
1242 2746 1419 2800 domui
1451 2746 1625 2800 Laban
1656 2759 1871 2817 propter
1899 2769 2052 2806 suum
2079 2753 2173 2806 ad-

597 2835 828 2880 ventum.
865 2829 975 2884 lloc
1000 2835 1140 2887 enim
1171 2848 1250 2890 est
1283 2839 1332 2891 id
1364 2841 1502 2908 quod
1535 2853 1587 2897 et
1614 2861 1770 2915 supra
1793 2845 2000 2900 dicebat
2033 2865 2044 2898 :
2077 2845 2171 2899 Be-

594 2916 783 2968 nedixit
810 2928 854 2970 te
880 2919 1015 2974 Deus
1041 2925 1108 2976 ad
1137 2929 1311 2995 pedem
1340 2948 1523 2986 meum.
1576 2935 1686 2990 Hoc
1735 2939 1875 2990 enim
1926 2938 2098 2992 nullus
2141 2952 2171 2990 a

596 3014 805 3070 pastore
847 3011 1103 3080 exigeret.
1153 3015 1334 3087 Neque
1374 3023 1514 3076 enim
1569 3028 1846 3094 pastoralis
1892 3030 2020 3082 artis
2072 3029 2172 3083 hoc

594 3110 725 3194 opus
755 3110 854 3164 est,
885 3105 975 3158 sed
1006 3117 1227 3164 naturze.
1275 3112 1563 3182 Propterea
1587 3129 1710 3174 ante
1740 3123 1915 3175 omnia
1948 3123 2047 3176 hoc
2077 3139 2171 3192 po-

596 3193 1169 3282 nit,“providentiaque
1193 3215 1421 3270 superna
1447 3205 1639 3262 factum
1672 3210 1772 3264 hoc
1805 3211 1964 3268 fuisse
1994 3214 2045 3266 in
2080 3227 2172 3282 pe-

592 3279 814 3333 cudibus
860 3288 1110 3341 ostendit.
1157 3292 1348 3346 Arietes
1389 3299 1552 3350 ovium
1593 3310 1791 3354 tuarum
1823 3320 1920 3356 non
1959 3279 2168 3358 comedi.

596 3367 726 3422 Num
758 3382 928 3439 potes,
956 3375 1143 3445 inquit,
1168 3383 1343 3437 dicere
1372 3388 1511 3454 quod
1539 3389 1824 3459 aliquando
1849 3394 2169 3448 comederim

593 3463 811 3518 arietem
845 3468 910 3520 de
937 3472 1183 3539 gregibus
1217 3477 1349 3544 tuis,
1400 3480 1489 3549 qui
1519 3481 1719 3538 scilicet
1758 3486 2042 3540 multorum
2075 3503 2168 3554 pa-

591 3565 794 3610 storum
828 3574 942 3614 mos
968 3563 1082 3619 CSl?
1126 3567 1167 3617 Α
1197 3567 1350 3622 bestia
1376 3584 1579 3642 captum
1614 3592 1712 3630 non
1739 3579 1883 3632 attuli
1907 3581 2012 3632 tibi.
2060 3578 2169 3632 Ne-

592 3661 695 3740 que
741 3649 872 3740 ipse,
920 3651 1108 3721 inquit,
1165 3659 1451 3729 aliquando
1489 3667 1735 3735 comedi,
1793 3686 1966 3740 neque
2001 3671 2168 3727 bestia

592 3736 876 3804 aliquando
923 3758 1109 3811 rapere
1152 3753 1338 3816 potuit.
1401 3754 1540 3809 Num
1577 3759 1721 3811 attuli
1747 3736 1988 3830 aliquida
2015 3762 2170 3816 bestia

591 3831 838 3924 captum?
885 3833 1075 3889 Annon
1117 3842 1350 3906 quotidie
1401 3847 1546 3901 vides
1585 3864 1699 3913 eos,
1744 3853 1936 3920 quibus
1980 3870 2170 3924 greges

591 3919 777 4010 crediti
803 3931 942 3987 sunt,
993 3938 1143 3996 capta
1186 3945 1215 3982 a
1245 3931 1427 3988 bestiis
1445 3936 1646 4010 afferre
1685 3919 1956 3996 dominis?
1985 3919 2169 3998 ‘At‘tu

593 4009 717 4062 nihil
748 4013 849 4068 tale
893 4018 970 4070 vel
1021 4018 1387 4080 demonstrare
1425 4007 1507 4081 v1.1
1536 4031 1767 4098 obiicere
1797 4035 1988 4088 factum
2017 4047 2169 4105 potes

593 4101 641 4148 in
677 4101 856 4167 viginti
884 4107 1057 4157 anuis.
1093 4109 1154 4160 Et
1185 4113 1307 4179 quid
1336 4114 1452 4169 dico
1479 4128 1687 4187 captum
1714 4137 1742 4174 a
1781 4123 1887 4177 iera
1907 4125 1929 4176 ?
1952 4101 2054 4180 Sed
2083 4142 2168 4181 nc-

589 4205 692 4256 que
720 4193 762 4244 si
794 4192 932 4248 furto
957 4195 1187 4252 ablatum
1217 4203 1364 4271 quid,
1398 4216 1453 4260 ut
1478 4222 1619 4279 Stepe
1641 4215 1919 4284 contingit,
1971 4217 2036 4272 ad
2071 4234 2168 4272 no-

593 4284 759 4383 titiam
784 4298 942 4383 tuam
976 4299 1157 4355 venire
1184 4305 1364 4358 curavi
1397 4324 1410 4359 :
1441 4308 1533 4362 sed
1563 4325 1662 4379 ego
1687 4327 1781 4380 pro
1808 4313 1871 4368 iis
1910 4330 2027 4383 qua:
2054 4316 2162 4368 fur-

590 4379 680 4429 tim
712 4379 883 4436 ablata
916 4383 1125 4443 fuerunt
1149 4393 1412 4460 satisfeci;
1444 4397 1555 4453 sive
1586 4379 1810 4456 dieisive
1842 4379 1996 4460 nocte
2022 4407 2163 4460 acci-

829 4472 895 4526 Et
941 4491 1060 4531 cum
1112 4493 1272 4537 restas
1319 4485 1585 4556 ﬂagraret,
1632 4491 1866 4547 ferebam
1909 4493 2117 4549 fortiter
2147 4537 2160 4562 ,

593 4559 836 4614 similiter
873 4576 926 4618 et
965 4567 1127 4638 frigus
1176 4576 1368 4642 noctis,
1415 4588 1469 4631 ut
1521 4579 1668 4634 illaesi
1721 4559 2164 4657 congervarentur

586 4669 780 4724 greges
809 4659 878 4711 tui
913 4677 924 4711 :
955 4675 1017 4716 ac
1047 4679 1148 4717 non
1179 4665 1278 4720 hoc
1305 4671 1474 4723 solum
1499 4713 1512 4735 ,
1561 4674 1652 4726 sed
1696 4685 1748 4728 et
1787 4677 1898 4744 ipse
1944 4693 2160 4733 somnus

587 4757 808 4816 propter
833 4753 1047 4806 multam
1084 4771 1262 4811 curam
1294 4759 1600 4816 discedebat
1626 4765 1693 4819 ab
1721 4767 1888 4822 oculis
1919 4771 2071 4823 meis.

658 4837 896 4910 Increpat
933 4849 1231 4915 negligentes
1266 4853 1552 4907 animarum
1591 4867 1834 4926 pastores.
1866 4890 1936 4898 —
1974 4860 2156 4916 Vidisti

587 4935 810 4996 pastoris
837 4937 1154 5004 vigilantiam
1182 4942 1202 4994 ?
1226 4944 1398 4998 vidisti
1429 4947 1686 5002 intentum
1716 4951 1947 5005 studium
1969 4952 1991 5004 Υ
2012 4953 2156 5019 Qua-

586 5022 685 5075 lem
735 5025 1000 5081 habebunt
1059 5037 1452 5090 excusationem
1494 5039 1563 5105 ii,
1636 5042 1829 5110 quibus
1877 5046 2158 5100 rationales

585 5129 770 5182 greges
797 5119 980 5172 crediti
1010 5131 1148 5185 sunt,
1199 5141 1548 5197 magnamque
1577 5147 1682 5199 pra:
1710 5147 1766 5185 se
1794 5134 1966 5187 ferunt
1994 5137 2158 5205 negli-

583 5208 808 5270 gentiam
841 5223 855 5261 :
887 5220 942 5264 et
967 5215 1218 5280 quotidie,
1266 5219 1553 5272 secundum
1613 5224 1942 5292 prophetam,
1997 5242 2155 5294 pecu-

583 5298 676 5349 des
705 5300 834 5355 alias
875 5314 1104 5359 mactant
1154 5308 1377 5376 (Ezech.
1407 5312 1492 5365 ⁸54.
1527 5313 1664 5382 3-6)
1709 5333 1719 5366 :
1753 5317 1884 5370 alias
1914 5333 1941 5370 a
1974 5317 2155 5372 bestiis

583 5399 760 5454 raptas
787 5405 1129 5451 contemnunt
1161 5419 1171 5451 :
1222 5402 1350 5454 alias
1385 5417 1512 5456 vero
1542 5403 1607 5456 ab
1637 5406 1737 5457 illis
1783 5418 1958 5476 raptas
2000 5407 2152 5461 redu-

584 5494 704 5534 cere
755 5499 856 5536 non
892 5500 1076 5543 curant
1124 5508 1137 5548 ;
1182 5496 1386 5548 tametsi
1441 5496 1614 5549 minor
1650 5499 1715 5548 sit
1747 5497 1912 5561 labor,
1950 5509 2000 5551 ct
2027 5514 2150 5552 cura

587 5573 825 5629 facilior?
869 5581 1053 5634 Anima
1081 5584 1220 5637 enim
1252 5597 1332 5640 est
1363 5603 1477 5655 qute
1503 5589 1721 5642 docetur
1767 5607 1779 5641 :
1829 5590 1936 5646 illic
1975 5601 2148 5645 autem

585 5664 775 5716 umltus
800 5679 879 5720 est
905 5679 960 5724 et
981 5676 1218 5742 corporis
1243 5685 1290 5730 et
1320 5678 1510 5739 animze
1541 5679 1706 5733 labor.

653 5756 699 5804 7.
749 5757 872 5814 Vide
897 5764 1033 5816 enim
1072 5766 1192 5835 quid
1227 5767 1380 5823 dicat.
1419 5767 1512 5825 Die
1541 5772 1716 5825 urebar
1743 5783 1863 5826 a'stu
1888 5813 1901 5839 ,
1946 5784 1989 5826 ct
2035 5767 2149 5844 gelu

1273 355 1326 410 S.
1370 354 1643 411 JOANNIS
1681 353 2158 412 CllllYSOSTOMI
2201 355 2514 412 AilClllEl’.
2560 357 3089 414 CUNSTANTLVOP.

3784 363 3880 417 5οἱ

2298 477 2458 530 nocte,
2511 479 2558 521 et
2587 469 2878 522 discedebat
2899 485 3104 523 somnus
3140 486 3169 520 a
3195 485 3289 522 me.
3324 469 3452 536 Quis
3479 472 3593 525 lucc
3625 489 3766 528 nunc
3794 490 3886 543 po-

2296 569 2397 612 test
2428 560 2627 623 dicere,
2678 575 2736 613 se
2779 571 2993 628 pr0pter
3029 576 3215 613 eorum
3247 561 3471 615 salutem
3513 577 3653 631 quos
3686 566 3882 632 pascit.

2295 662 2370 704 tot
2396 651 2532 706 ferre
2566 652 2774 705 labores
2808 661 2861 706 et
2903 652 3180 720 pericula?
3231 653 3294 706 Et
3337 653 3440 708 hoc
3483 655 3701 723 quidem
3747 671 3884 709 nunc

2293 744 2469 796 nullus
2495 743 2670 796 dicere
2707 744 2882 797 audet.
2914 743 3077 796 Paulo
3101 755 3277 796 autem
3307 745 3405 798 soli
3436 746 3582 799 orbis
3630 747 3887 815 magistro

2291 833 2416 887 licet
2463 834 2562 887 hoc
2603 835 2826 888 fidenter
2855 835 3056 899 dicere,
3087 843 3244 904 atque
3273 837 3356 888 his
3387 837 3611 905 majora.
3664 837 3727 891 Et
3775 838 3884 900 ubi,

2292 924 2482 992 inquis,
2511 923 2702 976 l‘aulus
2731 924 2842 978 hare
2873 925 3161 977 sustinuit?
3208 924 3343 977 Audi
3384 941 3503 978 eum
3553 926 3822 982 dicentem
3876 945 3890 980 :

2293 1015 2416 1078 Quis
2447 1016 2753 1080 inﬁrmatur,
2784 1026 2830 1067 et
2866 1032 2956 1085 ego
2987 1032 3086 1069 non
3127 1016 3396 1082 inﬁrmor.’
3425 1018 3535 1086 quis
3554 1020 3886 1072 scandaliza-

2289 1114 2386 1164 tur,
2420 1115 2465 1156 et
2495 1121 2584 1174 ego
2613 1122 2712 1158 non
2741 1122 2860 1159 uror
2910 1107 2984 1175 (ί.
3017 1106 3135 1160 Cor.
3167 1107 3253 1160 ll.
3282 1107 3421 1176 29)?
3467 1106 3510 1161 Ο
3551 1111 3783 1176 pastoris
3814 1110 3890 1164 di-

2288 1193 2602 1248 lectionem!
2655 1195 2857 1249 Aliena:
2888 1197 3076 1261 ruinae,
3128 1197 3313 1266 inquit,
3365 1213 3513 1252 meos
3544 1199 3758 1254 dolones
3787 1217 3882 1254 au-

2284 1292 2429 1352 gent,
2457 1285 2624 1338 aliena
2665 1285 2910 1339 scandala
2958 1286 3226 1340 fornacem
3273 1286 3474 1340 doloris
3523 1288 3626 1341 mei
3658 1303 3886 1343 succeu-

2283 1376 2434 1430 dunt.
2471 1375 2619 1430 llunc
2659 1393 2847 1433 omnes
2880 1379 3170 1444 imitentur,
3201 1378 3394 1448 quibus
3423 1380 3715 1435 rationales
3754 1395 3887 1434 oves

2285 1469 2607 1522 concredita:
2634 1480 2775 1533 sunt,
2824 1481 2879 1524 et
2925 1486 2991 1524 ne
3040 1471 3335 1525 deteriores
3368 1470 3494 1524 fiant
3523 1471 3616 1524 illo
3641 1472 3732 1540 qui
3759 1481 3885 1524 tau-

2286 1570 2349 1615 tae
2377 1563 2430 1616 in
2462 1561 2630 1616 brutis
2679 1563 2969 1631 pecudibus
3019 1563 3381 1618 custodiendis
3425 1563 3710 1632 vigilantia:
3759 1562 3880 1624 fuit,

2284 1655 2440 1724 idque
2469 1665 2545 1708 tot
2574 1671 2834 1708 annorum
2872 1671 3110 1708 numero.
3161 1655 3227 1708 Et
3271 1655 3380 1708 illic
3423 1654 3660 1724 quidem,
3713 1657 3759 1708 si
3804 1656 3883 1708 in-

2283 1747 2425 1799 curia
2467 1746 2708 1815 quaedam
2763 1746 3040 1812 acciderit,
3087 1745 3288 1798 nullum
3331 1744 3625 1798 damnum:
3659 1745 3746 1798 hic
3782 1761 3881 1798 au-

2287 1847 2390 1890 tem
2441 1839 2483 1890 si
2510 1837 2590 1892 vel
2634 1853 2735 1891 una
2787 1839 2901 1892 ovis
2955 1839 3224 1892 rationalis
3272 1839 3510 1907 perierit,
3541 1840 3621 1893 vel
3649 1854 3677 1891 a
3711 1839 3881 1893 bestia

2285 1929 2441 1982 fuerit
2489 1938 2660 1998 capta,
2711 1945 2872 1999 grave
2917 1929 3188 1993 damnum,
3241 1929 3529 1983 maximum
3576 1929 3880 1984 detrimen-

2285 2028 2414 2083 tum,
2467 2018 2748 2073 inefl'abilis
2803 2033 2976 2088 ptena.
3015 2017 3145 2072 Nam
3192 2020 3234 2072 si
3267 2019 3521 2072 Dominus
3553 2029 3737 2072 noster
3764 2033 3883 2072 san-

2279 2110 2493 2178 guinem
2544 2125 2696 2164 suum
2745 2111 3017 2179 pr0prium
3064 2109 3341 2164 effundere
3373 2125 3468 2178 pro
3515 2109 3599 2163 illa
3639 2125 3746 2162 non
3777 2110 3880 2163 de—

2279 2199 2517 2263 clinavit,
2563 2213 2665 2268 qua
2699 2200 2849 2252 venia
2881 2199 3073 2268 dignus
3118 2198 3296 2263 fuerit,
3339 2199 3426 2268 qui
3455 2200 3530 2252 sic
3562 2197 3880 2252 honoratam

2280 2304 2307 2341 a
2351 2289 2573 2343 Domino
2604 2290 2881 2358 despicere
2911 2289 3158 2352 voluerit,
3209 2297 3262 2342 et
3306 2303 3408 2340 non
3434 2288 3609 2341 omnia
3636 2304 3754 2356 qua:
3784 2303 3880 2356 po.

2283 2391 2386 2436 test
2427 2383 2479 2435 in
2527 2381 2762 2435 curanda
2793 2382 2998 2435 ovicula
3045 2379 3454 2449 adimpleverit?
3506 2379 3770 2434 Cmterum
3811 2381 3881 2434 ad

2280 2473 2472 2528 seriem
2524 2475 2786 2527 sermonis
2831 2473 3132 2526 redeamus.
3162 2473 3251 2526 41.
3286 2469 3357 2524 Hi
3381 2472 3525 2535 mihi,
3557 2471 3747 2539 inquit,
3801 2471 3880 2522 oi-

2278 2566 2404 2634 ginti
2445 2566 2583 2628 anni,
2644 2565 2823 2632 quibus
2869 2581 2982 2617 sum
3039 2564 3093 2616 in
3147 2565 3295 2616 donto
3345 2573 3452 2617 tua.
3533 2561 3727 2617 Servilii
3790 2563 3880 2616 tibi

2279 2655 2656 2724 quatuordecim
2682 2655 2828 2707 annis
2874 2671 2964 2723 pro
2995 2655 3199 2721 ﬁliabus
3228 2654 3345 2718 tuis,
3400 2665 3446 2706 et
3487 2670 3575 2707 se:
3601 2654 3751 2707 annis
3782 2670 3878 2721 pro

2279 2749 2448 2800 ovibus
2493 2747 2612 2808 tuis,
2650 2757 2696 2799 et
2723 2747 2974 2815 fraudasti
3021 2747 3295 2800 mercedem
3324 2763 3486 2800 meam
3510 2747 3680 2800 decem
3710 2763 3878 2815 agna-

2278 2839 2385 2890 bus.
2423 2837 2510 2891 42.
2563 2837 2629 2890 Et
2677 2840 2772 2890 nisi
2821 2837 2958 2891 Deus
3005 2838 3161 2905 patris
3206 2837 3304 2891 mei
3356 2838 3593 2899 Abrahae,
3642 2849 3690 2889 et
3735 2836 3877 2891 Deus

2278 2927 2474 2980 lsaac'
2520 2929 2693 2997 fuisset
2749 2928 2871 2979 mihi
2921 2929 3143 2998 adjutor,
3190 2945 3325 2980 nunc
3365 2931 3495 2997 forte
3536 2944 3614 2981 me
3661 2945 3874 2982 tantum

2277 3019 2567 3071 dimisisses.
2635 3017 2987 3072 Humilitatem
3044 3035 3204 3071 meam
3251 3028 3298 3072 ct
3347 3019 3568 3072 laborem
3626 3036 3873 3074 manuum

2278 3127 2500 3163 mearum
2526 3110 2646 3162 oidit
2675 3109 2831 3175 Deus,
2879 3119 2924 3164 et
2965 3111 3132 3180 arguit
3181 3120 3230 3164 te
3274 3110 3400 3164 fieri.
3442 3109 3570 3165 Vide
3601 3112 3874 3180 quomodo

2277 3216 2338 3256 ea
2369 3217 2486 3272 qua:
2516 3202 2794 3257 confessus
2837 3213 2919 3257 est
2963 3201 3163 3264 Laban,
3215 3201 3515 3256 animarunt
3553 3202 3775 3272 justum,
3815 3213 3871 3258 ut

2275 3307 2394 3345 cum
2447 3291 2636 3345 ﬁducia
2692 3291 2836 3345 illum
2890 3290 3329 3361 reprehenderet.
3384 3290 3598 3357 Vidisti,
3651 3293 3867 3363 inquit,

2275 3383 2542 3452 quomodo
2575 3383 2758 3452 viginti
2805 3397 3066 3436 annorum
3097 3397 3320 3437 numero
3349 3383 3543 3437 servivi
3591 3383 3720 3449 tibi,
3775 3399 3872 3454 pro

2277 3477 2522 3542 filiabus,
2574 3475 2975 3545 quatuordecim
3037 3476 3222 3540 annis,
3280 3474 3498 3542 reliquis
3547 3482 3726 3529 autem
3774 3491 3871 3544 pro

2275 3570 2463 3623 ovibus
2497 3586 2508 3620 :
2544 3577 2718 3622 tamen
2753 3567 2960 3637 privare
2989 3582 3074 3621 me
3111 3566 3325 3621 voluisti
3352 3565 3618 3632 mercede,
3661 3575 3716 3622 et
3761 3583 3867 3622 non

2279 3668 2329 3712 te
2368 3673 2527 3726 super
2573 3657 2674 3711 hoc
2716 3657 2909 3724 argui?
2952 3656 3146 3710 Verum
3201 3671 3271 3711 ex
3313 3655 3416 3710 illis
3462 3656 3611 3724 ipsis,
3652 3672 3771 3725 qua:
3812 3666 3866 3710 tu

2275 3747 2550 3802 confessus
2575 3763 2653 3811 es,
2676 3748 2788 3802 scio
2843 3745 2982 3817 quod
3030 3745 3130 3799 nisi
3175 3744 3317 3800 Deus
3345 3744 3610 3798 Abraham
3639 3754 3692 3799 et
3723 3744 3869 3800 Isaac

2277 3842 2461 3896 fuisset
2496 3839 2624 3894 mihi
2663 3839 2904 3908 adjutor,
2957 3851 3096 3892 nunc
3146 3852 3231 3891 me
3279 3852 3502 3890 vacuum
3564 3836 3865 3892 dimisisses

2275 3944 2325 3987 et
2374 3931 2592 3998 nudum,
2630 3932 2806 3985 omnia
2860 3929 2994 3984 forte
3039 3929 3358 3983 abstulisses
3407 3944 3436 3981 a
3488 3943 3596 3991 me,
3647 3939 3700 3982 et
3729 3930 3866 3996 inju-

2274 4023 2492 4085 stilialn,
2521 4037 2680 4090 quam
2708 4034 3080 4089 proposueras,
3119 4033 3283 4088 opere
3324 4018 3725 4088 complevisses.
3758 4019 3864 4074 Sed

2274 4117 2414 4170 Deus
2459 4116 2548 4186 qui
2580 4115 2678 4168 scit
2712 4113 3058 4167 Humilitatem
3098 4129 3258 4166 meam
3284 4123 3331 4166 et
3373 4113 3592 4166 laborem
3620 4130 3863 4166 manuum

2274 4226 2515 4262 mearum.
2579 4207 2712 4274 Quid
2758 4217 2878 4271 est,
2937 4205 3287 4260 Humilitatem
3327 4223 3488 4259 meam
3536 4217 3584 4260 et
3640 4208 3862 4262 laborem

2274 4318 2511 4353 manuum
2556 4298 2822 4352 mearum?
2869 4298 3152 4364 Quoniam,
3199 4297 3386 4367 inquit,
3429 4300 3528 4352 scit
3557 4298 3697 4354 Deus
3722 4315 3862 4368 quo-

2273 4391 2430 4446 modo
2463 4405 2562 4460 ego
2609 4405 2800 4458 magno
2842 4389 3016 4443 studio
3054 4387 3360 4443 servitutem
3403 4403 3575 4444 meam
3621 4389 3862 4458 perfece-

2274 4485 2407 4548 rim,
2474 4492 2526 4536 et
2575 4491 2827 4550 quantum
2894 4479 3130 4534 laborem
3199 4481 3581 4546 sustinuerim,
3634 4496 3860 4550 pascens

2270 4587 2416 4639 oves,
2469 4573 2554 4627 die
2600 4582 2865 4641 noctuque
2917 4571 2968 4624 in
3018 4571 3158 4625 curis
3208 4579 3454 4625 versatus
3492 4571 3599 4625 :ad
3634 4573 3746 4637 illa,
3776 4574 3856 4627 in-

2269 4682 2450 4734 quam,
2500 4666 2731 4733 respexit
2768 4664 3026 4733 benignus
3080 4663 3336 4718 Dominus
3377 4678 3496 4717 cum
3529 4663 3643 4718 beri
3684 4667 3858 4736 arguit

2271 4768 2319 4810 te
2343 4775 2351 4808 :
2376 4757 2609 4810 cdercuit
2640 4756 2944 4824 injustitiam
2975 4770 3129 4823 quam
3157 4755 3440 4809 adversum
3471 4771 3557 4809 me
3586 4758 3853 4825 struebas,

2266 4858 2319 4902 et
2367 4847 2751 4901 irrationabiles
2795 4856 2913 4899 tuos
2952 4854 3194 4899 conatus.
3257 4844 3400 4900 Satis
3453 4847 3622 4915 tetigit
3668 4848 3849 4902 deien.

2264 4937 2439 4992 dendo
2476 4953 2534 4990 se
2597 4936 2902 4999 Labanum,
2969 4945 3023 4988 et
3089 4943 3367 5004 postquam
3420 4936 3852 5004 reprehendisset

2267 5031 2406 5083 illius
2451 5029 2502 5081 in
2548 5043 2605 5081 se
2657 5026 2987 5095 injustitiam,
3051 5041 3144 5080 sua
3191 5026 3242 5079 in
3284 5025 3430 5080 illum
3473 5025 3727 5081 beneficia
3761 5045 3850 5083 re-

2263 5119 2488 5173 censuit.
2516 5119 2635 5172 Ideo
2665 5119 2749 5171 ille
2777 5118 3102 5172 erubescens
3125 5116 3192 5170 de
3215 5117 3278 5170 iis
3299 5131 3416 5185 qua:
3442 5115 3674 5182 dixerat,
3710 5134 3850 5173 nunc

2264 5211 2313 5264 in
2349 5211 2588 5263 timorem
2613 5225 2794 5262 versus
2825 5216 2923 5269 est,
2950 5217 3004 5261 et
3032 5205 3229 5263 fwdera
3254 5207 3388 5261 inire
3409 5208 3516 5260 vult
3536 5223 3657 5259 cum
3679 5209 3844 5276 justo.

2265 5303 2392 5355 Vide
2421 5302 2801 5371 providentiam
2832 5301 2942 5354 Dei.
2987 5299 3085 5366 Qui
3134 5310 3280 5354 tanto
3318 5302 3513 5369 impetu
3553 5301 3618 5354 ad
3664 5317 3847 5370 perse-

2261 5397 2526 5462 quendum
2559 5397 2779 5459 exierat,
2818 5405 2960 5447 tanto
2990 5397 3176 5447 timore
3207 5393 3427 5447 affectus
3462 5405 3560 5454 est,
3602 5406 3660 5448 nt
3685 5397 3751 5448 ab
3781 5412 3844 5450 eo

2263 5487 2455 5540 fmdera
2483 5496 2762 5554 qmereret.
2793 5488 2878 5539 45.
2931 5484 3256 5553 Respondeas
3296 5497 3460 5536 autent
3487 5484 3679 5549 Laban,
3713 5489 3843 5541 dixit

2260 5579 2323 5629 ad
2347 5576 2504 5629 Iacob
2535 5593 2551 5629 :
2583 5575 2730 5629 Filia:
2758 5589 2872 5640 tute,
2903 5578 3023 5642 ﬁlim
3052 5594 3172 5631 mete
3199 5593 3217 5630 :
3248 5589 3293 5629 et
3319 5578 3414 5644 ﬁlii
3446 5577 3536 5638 tui,
3581 5578 3678 5642 ﬁlii
3703 5579 3800 5631 mei
3823 5596 3842 5631 :

2261 5683 2303 5726 et
2354 5686 2532 5739 pecora
2573 5681 2678 5736 tua,
2728 5687 2905 5738 pecora
2961 5687 3068 5723 mea
3103 5681 3190 5726 :et
3218 5671 3384 5723 omnia
3418 5686 3741 5740 quttcumque
3790 5681 3842 5724 tu

2320 5794 2330 5821 ‘
2363 5794 2486 5841 lioisl
2535 5799 2584 5839 et
2615 5789 2758 5848 Hild,
2789 5796 2934 5839 uictus
2960 5789 3142 5847 Isaac,
3178 5789 3203 5835 6
3233 5785 3374 5848 φόϐος
3411 5782 3591 5832 Ἰσαάκ.
