4120 6490
310 429 414 485 51ῖό

305 539 509 607 διάτῆε
533 532 715 607 μάχης
730 536 827 606 τῆς
856 533 1064 598 οἰκείας
1086 534 1265 603 ψυχῆς
1296 529 1628 584 Ξκκαλύπτει
1647 529 1744 599 τὴν
1760 529 1889 599 ἀρε-

306 623 421 688 τήν.
480 618 540 670 Τί
562 616 628 670 τὸ
660 616 921 685 ἀδίκημά
952 634 1093 685 μου,
1119 616 1281 686 φησίν
1303 634 1316 678 ;
1338 614 1374 681 ἢ
1402 614 1458 665 τί
1485 614 1549 665 τὸ
1580 612 1894 681 ἁμάρτημά

303 719 442 769 μου.
477 700 562 753 ὅτι
585 699 941 764 κατεδίωξας
966 700 1158 753 ὀπίσω
1167 713 1319 767 μου;
1345 695 1501 757 Τίνος
1516 696 1721 755 ἐνεκεν,
1736 694 1889 763 φησὶ,

310 783 447 852 μετά
467 781 732 850 τοσαύτης
750 783 926 851 ὁρμῆς
944 780 1277 847 κατεδίωξάς
1320 796 1388 849 με
1423 793 1437 840 ;
1472 778 1625 828 ποῖον
1645 775 1891 845 ἀδίκημα

307 866 556 934 ἐγκαλεῖν
573 864 710 933 ἔχων
731 880 745 927 ;
770 866 922 916 ποῖον
940 862 1163 935 ἀμάρτη
1172 879 1249 932 μα
1272 877 1286 924 ;
1318 860 1427 913 Καὶ
1443 860 1503 911 οὐ
1527 858 1687 929 μόνον
1707 858 1887 918 τοῦτο,

303 948 441 1001 ἀλλὰ
471 950 564 1001 καὶ
580 944 849 1016 τοσαύτην
890 944 1050 1017 ὓϐριν
1099 946 1233 1014 ήμίν
1270 944 1576 1014 ἐπήγαγες,
1607 939 1748 993 ὥστε
1795 940 1890 991 καὶ

303 1032 593 1101 ἐρευνῆσαι
620 1028 800 1082 πάντα
848 1028 918 1082 τὰ
966 1029 1024 1081 ἐν
1066 1025 1139 1095 τῷ
1162 1026 1298 1097 οίκῳ
1331 1042 1455 1096 μου.
1488 1024 1550 1077 Τί
1573 1020 1747 1091 εὗρες
1768 1021 1888 1077 ἀπὸ

302 1113 541 1167 πάντων
558 1111 799 1167 σκευῶν
823 1111 930 1165 τοῦ
956 1111 1126 1165 οἴκου
1154 1126 1306 1173 σου;
1331 1109 1442 1174 Θὲς
1466 1102 1584 1161 ὦδε
1608 1106 1889 1161 ἐναντίον

299 1195 419 1248 τῶν
432 1194 711 1263 ἀδελφῶν
737 1208 855 1248 σου
884 1193 1112 1247 καὶτῶν
1136 1190 1417 1261 ἀδελφῶν
1435 1208 1577 1260 μου,
1604 1190 1701 1243 καὶ
1726 1191 1889 1258 ἐλεγ-

300 1278 581 1343 ξάτωσαν
603 1278 719 1332 ἀνὰ
732 1276 929 1345 μέσον
957 1276 1077 1330 τῶν
1100 1276 1210 1331 δύο
1241 1275 1429 1345 ἡμῶν.
1462 1273 1765 1343 Τοσαύτην,
1785 1290 1887 1345 φη-

300 1362 408 1426 σὶν,
446 1360 671 1431 ἔρευναν
694 1360 1081 1431 ποιησάμενος,
1099 1355 1208 1431 ἄρα
1231 1357 1501 1428 ἡδυνήθης
1514 1374 1565 1410 τι
1582 1357 1761 1423 εὑρεῖν
1779 1354 1885 1407 τῶν

300 1443 379 1514 μὴ
396 1443 780 1512 προσηκόντων
799 1459 888 1512 μοι
908 1460 923 1509 ;
947 1443 979 1513 ἢ
998 1442 1106 1495 τῶν
1119 1458 1201 1494 σοι
1217 1439 1605 1510 διαφερόντων;
1625 1440 1689 1491 Εί
1704 1434 1882 1509 εὗρες,

297 1527 357 1579 ἐν
378 1525 455 1596 τῷ
480 1526 631 1595 μέσῳ
649 1524 963 1595 παράγαγε,
1160 1522 1241 1576 ἵνα
1260 1524 1310 1576 οί
1342 1521 1595 1584 συνόντες
1617 1540 1706 1593 μοι
1725 1522 1819 1574 καὶ
1836 1523 1883 1573 οἱ

300 1606 443 1677 μετὰ
466 1607 559 1661 σοῦ
611 1608 1048 1679 παραγενόμενοι
1081 1606 1180 1677 τὴν
1201 1607 1477 1673 διάκρισιν
1522 1607 1881 1674 ποιήσωνται.

298 1689 522 1761 Ἐπειδὴ
545 1685 683 1743 εἶδεν
702 1688 997 1742 ἀνεύθυνον
1016 1688 1209 1742 ἐαυτὸν
1227 1689 1285 1741 ἐν
1303 1687 1477 1743 ἅπασι
1491 1689 1883 1758 γεγενημένον,

294 1773 501 1845 πολλὴν
548 1772 733 1826 λοιπὸν
766 1773 1082 1845 παρρησίαν
1120 1771 1446 1843 προσλαϐὼν
1490 1773 1885 1843 ἀπαριθμεῖται

298 1858 402 1929 τὴν
437 1856 673 1921 εὖνοιαν,
702 1856 773 1927 ἠν
807 1857 937 1926 περὶ
970 1855 1135 1909 αὑτὸν
1156 1857 1214 1907 ἐν
1241 1856 1406 1909 παντὶ
1442 1854 1519 1926 τῷ
1546 1855 1726 1927 χρόνῳ
1778 1856 1881 1907 ἐπ-

293 1938 558 2004 εδείξατο,
588 1937 681 1991 καί
696 1952 849 2009 φησι*
878 1937 1177 2007 Ταῦτάμοι
1198 1939 1435 1992 εικοσιν
1461 1939 1586 2005 ἐτη.
1616 1937 1770 1993 Μετά
1791 1936 1883 1991 τὸν

294 2020 546 2091 κάματον
575 2019 683 2073 τῶν
702 2019 974 2073 τοσούτων
996 2019 1136 2074 ἐτῶν
1164 2020 1391 2084 τούτων,
1408 2022 1557 2092 ήμην
1584 2020 1733 2085 ἄξιος
1750 2018 1884 2073 ταύ-

291 2118 396 2171 της
428 2102 527 2172 τῆς
561 2101 803 2173 ῦϐρεωςς
849 2100 1047 2155 Ταῦτά
1076 2120 1179 2172 μοι
1212 2104 1448 2157 εικοσιν
1482 2104 1609 2171 ἔτη.
1635 2105 1884 2175 Σήμερον

292 2185 501 2238 εἴκοσιν
522 2185 657 2239 ἐτῶν
675 2184 906 2255 ἀριθμὸν
923 2184 1031 2251 ἔχω
1063 2188 1121 2239 ἐν
1145 2184 1223 2256 τῷ
1256 2186 1390 2257 οἴκῳ
1421 2186 1498 2256 τῷ
1528 2187 1625 2257 σῷ.
1652 2188 1728 2240 Τὰ
1748 2187 1886 2254 πρόο

290 2268 442 2323 ϐατά
456 2284 571 2323 σου
589 2268 683 2322 καί
702 2272 760 2322 αὶ
774 2264 936 2337 αίγές
947 2284 1063 2343 σου
1084 2270 1195 2323 οὐκ
1219 2269 1666 2338 ἠτεκνώθησανο
1683 2268 1885 2339 κριοὺς

291 2350 414 2406 τῶν
440 2352 752 2420 προϐάτων
764 2368 882 2407 σου
897 2355 968 2406 οὐ
997 2352 1336 2423 κατέφαγον
1354 2370 1366 2383 ·
1386 2353 1759 2421 θηριάλωτον
1773 2360 1885 2412 οὐκ

287 2432 559 2504 ἐνήνοχά
575 2452 694 2489 σοι.
724 2434 864 2504 Ἐγὼ
880 2435 1245 2489 ἀπετίννυον
1256 2436 1393 2504 παρ’
1414 2435 1695 2504 ἐμαυτοῦ,
1712 2442 1886 2509 κλέμ-

283 2534 450 2586 ματα
466 2517 687 2588 ἡμέρας
710 2518 806 2571 καί
828 2517 1135 2587 κλέμματα
1156 2521 1401 2584 νυκτός.
1433 2519 1756 2588 Ἐγενόμην
1774 2522 1885 2589 τῆς

289 2601 519 2671 ἡμέρας
545 2602 983 2670 συγκαιόμενος
1029 2598 1110 2665 τῷ
1144 2601 1421 2670 καύματι,
1441 2601 1635 2667 καὶτῷ
1649 2602 1885 2672 παγετῷ

286 2683 403 2752 τῆς
430 2684 671 2751 νυκτὸς,
695 2683 791 2737 καί
807 2685 1104 2753 ἀφίστατο
1123 2687 1155 2738 ὸ
1173 2685 1498 2750 ὕπνοςάπὸ
1527 2684 1884 2755 τῶνόςρθαλο

282 2766 421 2837 μῶν
435 2786 577 2837 μου.
610 2767 931 2831 Ἐπελάθου,
952 2769 1106 2838 φησι,
1136 2766 1244 2820 τῶν
1279 2768 1543 2837 καμάτων
1577 2768 1685 2821 τῶν
1706 2770 1880 2839 ἐμῶν,

287 2847 369 2906 ὦν
390 2852 751 2923 ἐπεδειξάμην
777 2854 1080 2923 ποιμαίνων
1095 2852 1164 2905 τά
1180 2851 1430 2923 πρόϐατά
1457 2842 1549 2905 σόα
1571 2858 1665 2907 καὶ
1679 2857 1775 2918 τάς
1799 2853 1884 2909 αἶ-

290 2953 399 3005 γας
421 2954 435 3002 ;
462 2939 552 3009 Μή
567 2937 710 3007 ἔχεις
730 2937 1028 3006 ἐγκαλέσαι
1046 2938 1127 2990 ὅτι
1152 2937 1282 2991 ποτέ
1305 2937 1373 2990 τά
1386 2937 1654 3009 πρόϐατα,
1672 2940 1704 3010 ἢ
1723 2942 1776 2993 αί
1796 2937 1881 2994 αἷ-

287 3038 387 3090 γες
410 3021 832 3092 ἡτεκνώθησανς
856 3023 997 3092 Ὅρα
1025 3020 1198 3091 πόσην
1222 3021 1467 3074 δείκνυσι
1481 3022 1579 3091 τὴν
1600 3023 1750 3091 παρά
1780 3024 1877 3076 τοῦ

286 3104 427 3157 Θεοῦ
446 3104 658 3158 εῦνοιαν
676 3105 1054 3176 γεγενημένην
1072 3107 1152 3168 είς
1183 3104 1273 3158 τὸν
1301 3100 1449 3158 οἷκον
1469 3104 1562 3157 τοῦ
1580 3106 1769 3159 Λάϐαν
1791 3109 1880 3163 διά

286 3188 392 3257 τὴν
424 3188 587 3241 αὑτοῦ
623 3189 944 3259 παρουσίαν.
980 3186 1152 3241 Τοῦτο
1179 3188 1291 3260 γάρ
1322 3190 1470 3241 ἐστιν
1492 3189 1631 3260 ὅπερ
1657 3191 1751 3243 καὶ
1767 3191 1881 3246 ἀνω

286 3274 476 3341 ἔλεγεν
500 3288 514 3301 ο
536 3272 853 3342 summa
868 3288 941 3327 σε
959 3276 991 3327 ὸ
1021 3272 1165 3338 Θεὸς
1179 3271 1277 3325 ἐπὶ
1296 3271 1374 3337 τῷ
1390 3271 1532 3325 ποδί
1548 3289 1689 3341 μου.
1711 3274 1884 3328 Τοῦτο

287 3357 400 3429 γάρ
417 3356 592 3419 ούδεὶς
609 3356 673 3409 ἂν
692 3356 841 3427 παρὰ
858 3349 1646 3427 ποιμένος’ἀπαιτήσειεν.οὐδέ
1660 3358 1768 3431 γάρ
1784 3360 1882 3431 τῆς

288 3438 659 3509 ποιμαντικῆς
681 3439 837 3492 τοῦτο
856 3440 1035 3509 ἔργονο
1058 3438 1274 3508 φύσεως
1288 3439 1398 3507 γάρ
1428 3439 1564 3493 ἐστι.
1592 3440 1690 3494 Διά
1722 3442 1881 3495 τοῦτο

290 3524 403 3595 πρὸ
418 3523 634 3575 πάντων
652 3521 811 3575 τοῦτο
839 3521 1151 3592 προτίθησι,
1176 3523 1269 3575 καὶ
1290 3522 1491 3594 πολλὴν
1510 3523 1752 3579 δείκνυσι
1780 3527 1881 3597 τὴν

288 3609 501 3667 ἄνωθεν
518 3608 889 3678 γεγενημένην
908 3606 1165 3679 πρόνοιαν
1179 3623 1245 3659 πε
1254 3608 1306 3678 pl
1320 3606 1389 3661 τά
1407 3606 1634 3678 ποίμνια
1660 3612 1878 3678 Κριοὺς

289 3691 414 3747 τῶν
428 3690 736 3760 προϐάτων
750 3707 867 3745 σου
884 3691 957 3744 οὐ
974 3689 1333 3760 κατέφαγον.
1349 3690 1441 3761 Μὴ
1458 3690 1684 3746 δύνασαι
1701 3694 1881 3747 εἰπεῖν

287 3780 375 3832 δτι
395 3776 526 3830 ποτέ
547 3775 853 3843 κατέφαγον
876 3774 1028 3847 κριὸν
1044 3776 1108 3827 ὲκ
1125 3772 1237 3827 τῶν
1254 3772 1545 3843 προϐάτων
1568 3793 1685 3840 σου,
1700 3777 1728 3829 ὃ
1749 3778 1879 3831 πολ-

287 3861 403 3924 λοῖς
420 3871 444 3899 ι
468 3858 574 3911 τῶν
598 3857 871 3928 ποιμένων
886 3860 1058 3911 ποιεῖν
1080 3856 1228 3923 ἔθος;
1255 3856 1636 3926 Θηριάλωτον
1654 3862 1765 3915 οὐκ
1781 3861 1880 3914 ἐν·

286 3942 487 4011 ήνοχὰ
517 3959 637 3996 σοι.
673 3940 811 3995 Οὔτε
843 3941 1028 4004 αὐτὸς,
1050 3942 1204 4011 φησι,
1238 3942 1365 3995 ποτέ
1399 3941 1732 4011 κατέφαγον,
1754 3943 1877 3997 ούτε

288 4030 359 4098 θη
369 4027 478 4099 ρίον
499 4025 687 4095 ἴσχυσέ
703 4041 832 4091 ποτε
845 4023 1161 4094 ἀφελέσθαι.
1175 4024 1273 4092 Μὴ
1286 4024 1551 4094 ἐνήνοχά
1559 4043 1659 4081 σοι
1677 4027 1879 4095 θηριά-

285 4116 517 4181 λωτον;
543 4109 614 4161 Ἢ
634 4109 755 4178 οὐχὶ
783 4109 903 4160 καθ’
919 4107 1156 4177 ἑκάστην
1176 4108 1391 4179 ἡμέραν
1412 4111 1538 4171 τοὺς
1556 4108 1625 4161 τά
1651 4108 1877 4180 ποίμνια

289 4192 766 4264 ἐγχειριζομένους
786 4192 918 4262 ὁρᾷς
941 4190 1254 4261 θηριάλωτα
1274 4193 1386 4254 τοῖς
1399 4191 1685 4255 δεσπόταις
1702 4209 1876 4264 προσ-

289 4278 556 4345 άγοντας;
594 4274 753 4327 Ἀλλά
775 4276 839 4327 σὺ
858 4273 1012 4327 οὐδὲν
1028 4271 1264 4327 τοιοῦτον
1281 4274 1575 4342 ἐγκαλέσαι
1593 4274 1818 4348 δυνήσῃ,
1840 4275 1873 4346 ἦ

287 4360 461 4427 δεῖξαι
479 4357 847 4429 γεγενημένον
866 4359 924 4411 ἐν
943 4360 1056 4420 τοῖς
1077 4358 1280 4410 είκοσιν
1308 4356 1473 4411 ἔτεσι.
1507 4357 1618 4410 Καὶ
1644 4356 1695 4409 τί
1732 4358 1876 4427 λέγω

289 4442 658 4514 θηριάλωτον;
688 4439 828 4493 Ἀλλ’
844 4438 965 4492 οὐδὲ
984 4440 1032 4492 εἰ
1054 4438 1266 4509 ἐκλάπη
1280 4440 1430 4505 ποτέ,
1449 4433 1537 4491 οἷα
1557 4439 1875 4510 συμϐαίνειν

288 4527 460 4590 εἰκὸς,
480 4526 559 4589 είς
590 4525 689 4595 τὴν
720 4525 820 4594 σὴν
899 4515 1101 4586 γνῶσιν
1172 4517 1329 4574 τοῦτο
1430 4524 1729 4595 πεποίηκα,
1759 4526 1874 4578 ἀλλ’

290 4610 407 4677 ἐγὼ
434 4609 528 4661 καὶ
553 4607 846 4676 κλέμματα
875 4605 1217 4676 κλεπτόμενα
1243 4604 1584 4671 ἀπετίννυον,
1617 4608 1688 4661 τά
1720 4625 1779 4661 τε
1818 4612 1875 4662 ἐν

287 4692 497 4763 ἡμέρα,
520 4689 590 4743 τά
606 4706 666 4741 τε
694 4690 752 4740 ἐν
773 4688 931 4741 νυκτὶ
952 4689 1231 4757 γινόμενα.
1246 4688 1355 4740 Καὶ
1376 4688 1639 4759 διηνεκῶς
1668 4690 1763 4743 καὶ
1783 4692 1875 4745 τὸν

284 4773 387 4828 τοῦ
408 4774 685 4844 καύματος
718 4770 971 4824 καύσωνα
1000 4772 1192 4841 ἔφερον
1220 4769 1505 4838 γενναίως,
1523 4771 1725 4825 καὶτὸν
1744 4790 1875 4843 κρυ-

291 4860 393 4930 μὸν
422 4859 513 4912 τὸν
539 4857 649 4911 ἀπὸ
674 4856 775 4926 τῆς
806 4856 1019 4917 νυκτΰς,
1040 4854 1180 4923 ὑπὲρ
1212 4852 1307 4905 τοῦ
1342 4852 1552 4925 ἀϐλαϐῆ
1581 4871 1663 4907 σοι
1687 4855 1755 4909 τά
1767 4856 1878 4909 ποί-

291 4957 425 4995 unua
444 4938 843 4994 διασώσασθαι·
862 4937 957 4990 καὶ
978 4936 1039 4988 ού
1065 4934 1221 4989 τοῦτο
1240 4935 1420 5006 μόνον,
1440 4935 1577 4989 ἀλλά
1600 4937 1694 4990 καὶ
1714 4939 1876 5003 αὐτὸς

282 5027 316 5079 0
351 5023 518 5087 ῦπνος
544 5022 630 5075 διὰ
658 5024 755 5092 τὴν
777 5020 979 5090 πολλὴν
1010 5018 1266 5089 φροντίδα
1298 5019 1567 5087 ἀφίστατο
1593 5022 1690 5073 ἀπ’
1713 5022 1870 5092 ἐμοῦ.

359 5105 511 5171 Εἶδες
548 5105 805 5175 ποιμένος
844 5103 1180 5174 ἀγρυπνίαν;
1230 5099 1367 5167 εἶδες
1418 5104 1653 5173 σπουδὴν
1688 5107 1873 5159 ἔπιτε-

281 5190 558 5261 ταμένηνς
603 5190 771 5242 Ποίαν
815 5188 880 5242 ἂν
922 5188 1095 5259 ἔχοιεν
1144 5187 1442 5255 ἀπολογίαν
1482 5188 1531 5240 οί
1569 5189 1638 5243 τὰ
1680 5190 1875 5259 λογικά

281 5275 514 5345 ποίμνια
548 5271 1032 5343 ἐγκεχειρισμένοι,
1074 5271 1167 5324 καὶ
1208 5271 1405 5342 πολλὴν
1450 5271 1550 5345 τὴν
1602 5273 1875 5345 ρᾳθυμίαν

280 5354 739 5431 ἐπιδεικνύμενοι,
783 5356 877 5410 καὶ
923 5355 1043 5409 καθ’
1074 5356 1311 5428 ἑκάστην
1336 5357 1579 5428 ἡμέραν,
1616 5359 1759 5412 κατά
1783 5359 1874 5413 τὸν

281 5446 593 5514 προφήτην,
623 5441 691 5515 τά
740 5440 837 5511 μὶν
872 5440 1380 5507 κατασφάττοντες,
1425 5440 1493 5493 τὰ
1540 5441 1597 5494 δὲ
1639 5442 1873 5513 ὁρῶντες

281 5526 629 5598 θηριόϐρωτα
665 5523 941 5593 γινόμενα,
974 5521 1038 5596 τά
1082 5522 1138 5575 δέ
1173 5522 1276 5591 ὑφ’
1318 5522 1523 5594 ἐτέρων
1566 5523 1871 5595 συλώμενα,

276 5610 378 5666 καὶ
408 5608 663 5679 οὐδεμίαν
686 5605 1008 5679 κηδεμονίαν
1029 5605 1209 5659 αὐτῶν
1226 5604 1496 5659 ποιεῖσθαι
1523 5605 1835 5678 βουλόμενοι
1856 5625 1871 5672 ;

278 5692 459 5748 καίτοι
501 5708 565 5761 γε
604 5690 835 5744 ἐνταῦθα
866 5688 1109 5744 ἐλάττων
1152 5690 1181 5741 0
1214 5688 1393 5751 πόνος,
1446 5688 1541 5741 καὶ
1582 5688 1802 5753 εὖκολος
1839 5693 1873 5761 ή

276 5776 592 5847 ἐπιμέλεια.
627 5775 788 5844 Ψυχή
836 5774 945 5843 γάρ
978 5774 1127 5825 ἐστιν
1158 5774 1191 5841 ή
1222 5771 1614 5841 παιδευομένη·
1656 5772 1774 5826 ἐκεῖ
1816 5774 1872 5825 δὲ

277 5863 448 5925 πολὺς
476 5860 571 5913 καὶ
599 5859 675 5931 τῷ
696 5858 908 5929 σώματι
938 5857 1031 5911 καὶ
1080 5858 1147 5927 τῇ
1169 5856 1314 5926 ψυχῇ
1349 5855 1378 5906 ό
1412 5856 1595 5918 πόνος.

348 5948 565 6019 ζ¹.“ορπι
581 5945 686 6016 γὰρ
702 5944 753 5997 τί
780 5960 967 6016 φησιν’
994 5942 1322 6010 Ἐγενόιιην
1346 5939 1453 6007 τῆς
1476 5939 1693 6011 ἡμέρας
1712 5958 1861 6010 (νυγ-

345 6043 368 6072 ⁸
399 6042 473 6093 Sic
501 6039 647 6092 (Zoisl.
677 6040 921 6092 Edcbalur
960 6038 1170 6095 πολλούς.
1201 6036 1333 6087 lion.

1332 420 1397 475 IN
1432 418 1586 477 CAP.
1628 416 1773 473 XXX
1811 414 2056 474 GENES.
2100 414 2331 473 HOMZL.
2373 413 2531 471 LVII.

3486 417 3592 472 504

2002 529 2316 599 καιόμενος
2339 530 2417 595 τῷ
2440 531 2717 599 καύματι,
2746 527 2843 582 καί
2864 527 2943 593 τῷ
2955 526 3189 597 παπ-ετῷ
3212 526 3319 596 τῆς
3344 529 3589 595 νυκτὸς,

1996 614 2092 666 καί
2111 615 2405 683 ἀφίστατο
2432 618 2464 668 ό
2489 614 2677 679 ὕπνος
2714 614 2814 666 ἀπ’
2839 610 3007 682 ἐμοῦ.
3034 612 3132 675 Τίς
3168 611 3236 665 ἂν
3285 611 3444 665 τοῦτο
3494 610 3592 664 νῦν

1995 696 2246 767 δυνηθείη
2276 698 2301 736 δ
2328 700 2523 760 εἰπεῖν,
2549 697 2630 750 δτι
2668 695 2757 767 διά
2784 696 2883 765 τὴν
2920 693 3196 765 σωτηρίαν
3226 694 3337 748 τῶν
3369 694 3463 747 ὐπ’
3490 695 3591 747 αύμ-

1992 778 2089 831 τοῦ
2114 766 2558 850 ποιμαινομένων
2591 766 2742 851 [55θῖ
2774 776 3052 840 κινδύνους
3073 774 3365 841 ἀνεδέξατο
3381 776 3476 831 καὶ
3494 794 3590 829 τα-

1992 860 2325 933 λαιπωρίαςς
2346 863 2467 915 Τῶν
2488 863 2586 932 μέν
2606 861 2700 915 νῦν
2717 860 2892 923 οὐδεὶς
2911 859 2976 913 ἂν
2992 860 3155 914 τοῦτο
3176 861 3350 913 εἰπεῖν
3378 860 3607 930 τολμή-’

1994 960 2128 997 σειε.
2148 944 2413 1015 Παύλῳδέ
2438 946 2583 1016 μόνῳ
2602 944 2781 1009 ἔξεστι
2799 942 2972 997 ταῦτα
2998 945 3136 1013 μετά
3164 943 3483 1015 παρρησίας
3511 942 3591 995 λέ·

1992 1042 2055 1094 γε
2064 1044 2129 1090 ιν,
2139 1027 2233 1081 καὶ
2244 1026 2451 1081 τούτων
2466 1045 2533 1097 με
2542 1027 2689 1092 ίζονα
2698 1026 2794 1096 ,τῷ
2810 1025 3118 1095 διδασκάλῳ
3129 1027 3226 1096 τῆς
3236 1026 3586 1096 οἰκουμένης.

1993 1108 2098 1163 Καὶ
2113 1109 2238 1174 ποῦ,
2254 1110 2408 1180 φησὶ,
2430 1108 2641 1172 Παῦλος
2655 1109 2831 1163 ταῦτα
2853 1107 3147 1179 ὑπέμεινεν
3163 1125 3178 1173 ;
3200 1110 3401 1161 Ἄκουε
3418 1107 3590 1161 αὑτοῦ

1990 1193 2267 1261 λέγοντος·
2288 1194 2381 1259 Τίς
2395 1192 2660 1255 ἀσθενεῖ,
2681 1193 2775 1246 καὶ
2801 1194 2912 1247 οὐκ
2929 1193 3201 1256 ἀσθενῶ;
3218 1192 3309 1258 τίς
3328 1192 3593 1245 σκανδα-

1989 1275 2229 1341 λίζεται,
2251 1276 2347 1328 καὶ
2376 1278 2488 1329 οὐκ
2529 1276 2644 1346 ἐγὼ
2685 1274 3020 1345 πυροῦμαι;
3055 1275 3120 1327 Ὢ
3154 1274 3409 1345 ποιμένος
3441 1274 3591 1342 φιλο-

1993 1360 2238 1430 στοργία,
2263 1359 2343 1413 Τὰ
2372 1359 2592 1430 ἐτέρων,
2613 1360 2765 1430 φησι,
2784 1358 3054 1429 πτώματα
3071 1359 3194 1429 ἐμοὶ
3216 1358 3473 1411 ἐπιτείνει
3491 1358 3590 1422 τάς

1990 1443 2312 1515 ἀλγηδόνας
2332 1442 2397 1496 τά
2426 1444 2628 1512 ἐτέρων
2652 1442 2923 1495 σκάνδαλα
2951 1443 3074 1511 ἐμοὶ
3100 1443 3200 1511 τὴν
3224 1442 3457 1512 κάμινον
3489 1441 3587 1509 τῆς

1990 1527 2183 1597 ὀδύνης
2200 1527 2448 1580 ἀνάπτει.
2468 1526 2669 1580 Τοῦτον
2686 1527 2919 1589 ἅπαντες
2940 1524 3288 1595 ζηλούτωσαν
3304 1525 3353 1577 οἱ
3366 1525 3464 1593 τήν
3479 1523 3590 1576 τῶν

1990 1610 2225 1677 λογικῶν
2256 1610 2546 1681 προϐάτιον
2588 1609 3059 1681 ἐγκεχειρισμένα
3109 1608 3467 1679 προστασίαν,
3491 1607 3590 1660 καὶ

1993 1694 2066 1763 μὴ
2090 1694 2309 1763 χείρους
2324 1693 2675 1761 γενέσθωσαν
2691 1692 2785 1745 τοῦ
2820 1694 2949 1761 περὶ
2975 1693 3073 1764 τὴν
3098 1692 3208 1745 τῶν
3232 1690 3444 1759 ἀλόγων
3463 1689 3590 1760 πρό-

1990 1792 2139 1829 νοιαν
2155 1775 2423 1845 τοσαύτην
2443 1774 2750 1845 ἀγρυπνίαν
2763 1774 3198 1845 ἐπιδειξαμένου,
3226 1774 3321 1827 καὶ
3345 1774 3435 1826 ἐπὶ
3463 1788 3589 1825 τοσ-

1989 1855 2144 1910 οῦτον
2164 1858 2302 1910 ἐτῶν
2327 1856 2579 1928 ἀριθμόν.
2630 1859 2779 1910 Ἐκεῖ
2810 1858 2908 1928 μὲν
2942 1858 3052 1926 γὰρ
3082 1857 3187 1910 κᾶν
3222 1856 3464 1927 ῥᾳθυμία
3501 1871 3588 1917 τις

1989 1942 2407 2013 γένηται,οὺδέν
2438 1942 2497 1994 τὸ
2516 1941 2732 2011 βλάϐος·
2761 1942 2994 1995 ἐνταῦθα
3024 1942 3079 1995 δὲ
3102 1944 3209 1995 κᾶν
3230 1941 3288 1995 ἐν
3315 1940 3588 2013 πρόϐατον

1989 2025 2204 2091 λογικὸν
2225 2025 2517 2095 ἀπόληται,
2548 2026 2579 2095 ἢ
2614 2024 2951 2097 θηριά).ωτον
2971 2026 3222 2097 γένηται,
3251 2023 3422 2095 πολλὴ
3443 2024 3475 2093 ή
3498 2022 3589 2093 C11-

1990 2110 2110 2179 μία,
2135 2109 2366 2180 μεγίστη
2388 2112 2421 2180 ή
2465 2109 2663 2180 βλάϐη,
2681 2110 2935 2179 ἀφατοςή
2962 2110 3205 2172 κόλασις.
3232 2109 3294 2162 Εί
3320 2108 3429 2180 γάρ
3455 2109 3590 2160 όΔε-

1988 2193 2195 2264 σπότης
2221 2196 2249 2247 0
2276 2193 2619 2265 ήμέτεροςτδ
2650 2186 2790 2264 αἷμα
2813 2192 2874 2245 τὸ
2897 2192 3027 2246 ἴδιον
3041 2193 3231 2262 ἐκχέαι
3259 2191 3399 2263 ὑπὲρ
3418 2190 3584 2245 αὐτοῦ

1986 2278 2047 2330 ού
2088 2266 2467 2348 παρῃτήσατο,
2494 2277 2675 2339 ,ποίας
2709 2275 2775 2330 ἂν
2798 2276 2881 2346 είη
2914 2278 2943 2329 0
2965 2275 3207 2339 τοιοῦτος
3252 2272 3586 2345 συγγνώμης

1986 2359 2198 2424 ἀξιος,ό
2230 2359 2322 2412 τὸν
2354 2358 2497 2413 οῦτω
2524 2358 2825 2429 τιμηθέντα
2849 2357 3001 2429 παρά
3020 2352 3112 2411 τοῦ
3141 2358 3413 2410 Δεσπότου
3440 2373 3585 2427 παρ-

1986 2446 2119 2516 ορᾷν
2151 2443 2501 2514 ἀνεχόμενος,
2527 2444 2621 2496 καὶ
2644 2442 2719 2513 μὴ
2753 2442 2821 2495 τά
2842 2442 2975 2512 παρ’
3009 2442 3201 2495 ἐαυτοῦ
3235 2442 3412 2494 πάντα
3448 2438 3587 2510 πλη-

1991 2527 2097 2598 ρῶν
2127 2530 2208 2591 είς
2233 2527 2333 2597 τήν
2361 2525 2456 2579 106
2484 2525 2758 2598 προϐάτου
2800 2524 3150 2595 ἐπιμέλειαν;
3201 2523 3343 2577 Ἀλλ’
3362 2525 3453 2576 ἐπὶ
3483 2523 3585 2594 τήν

1984 2610 2309 2663 ἀκολουθίαν
2322 2609 2592 2679 τοῦλόγου
2616 2608 3027 2679 ἐπανέλθωμεν.
3050 2606 3239 2663 Ταῦτά
3248 2626 3370 2677 μοι,
3392 2606 3583 2677 φησὶν,

1985 2692 2220 2746 εἴκοσιν
2260 2694 2364 2760 ἐτη
2387 2666 2517 2760 εἶμί.
2532 2690 2602 2745 ἐν
2622 2689 2699 2759 τῇ
2718 2692 2876 2757 οἰκίᾳ
2897 2666 3033 2747 σου.
3082 2666 3467 2745 Ἑϐούῖίειλοίά.
3484 2666 3585 2743 σοι

1985 2774 2399 2843 δεκατέσσαρα
2420 2775 2524 2841 ἐτη
2540 2773 2674 2829 ἀντὶ
2690 2772 2810 2827 τῶν
2824 2774 2934 2827 δύο
2960 2774 3301 2843 θυγατέρων
3325 2790 3465 2837 σου,
3483 2774 3582 2827 καί

1984 2857 2055 2922 ἐξ
2078 2858 2186 2925 ἐτη
2202 2858 2271 2910 ἐν
2299 2856 2425 2922 τοῖς
2454 2856 2773 2924 προϐάτοις
2794 2872 2933 2920 σου,
2953 2857 3049 2910 καί
3074 2857 3458 2926 παρελοτίσω
3476 2855 3587 2909 τὸν

1979 2942 2203 3012 μισθόν
2216 2957 2335 3010 μοι»
2356 2939 2499 2993 δέκα
2514 2928 2805 3008 ἀμνάδας.
2828 2942 2895 2994 Et
2910 2938 2999 3008 μὴ
3020 2942 3053 2992 ό
3076 2938 3221 3006 Θεὸς
3237 2939 3343 2992 τοῦ
3360 2939 3587 3007 πατρὸς

1978 3043 2100 3094 μου
2140 3022 2406 3091 Ἀϐραὰμ,
2425 3020 2523 3077 καὶ
2546 3025 2578 3076 ό
2606 3023 2753 3087 Θεὸς
2790 3022 2997 3076 Ἰσαὰκ
3017 3016 3098 3092 ἦν
3123 3023 3253 3091 μετ’
3272 3020 3441 3090 ἐμοῦ,
3466 3020 3587 3075 νῦν

1984 3107 2062 3161 ἄν
2085 3124 2161 3176 με
2184 3106 2367 3160 κενὸν
2409 3103 2865 3171 ἐξαπέστειλας.
2912 3102 3029 3171 Τὴν
3068 3103 3435 3157 ταπείνωσιν
3461 3121 3584 3173 μου

1984 3189 2083 3242 καὶ
2113 3189 2218 3241 τὸν
2235 3190 2426 3241 κόπον
2469 3184 2590 3238 τῶν
2629 3184 2843 3255 χειρῶν
2860 3203 2981 3255 μου
3013 3182 3174 3239 εἶδεν
3204 3190 3235 3239 ὸ
3269 3187 3435 3251 Θεὸς,
3482 3184 3583 3239 καὶ

1983 3270 2205 3341 ἥ.1εγξέ
2241 3287 2315 3326 σε
2344 3268 2507 3340 χθές.
2529 3270 2669 3340 Ὅρα
2691 3268 2809 3333 πῶς
2838 3269 2905 3323 τά
2929 3269 3081 3341 παρά
3106 3268 3201 3322 τοῦ
3237 3268 3423 3324 Λάϐαν
3454 3272 3584 3341 όμο-

1983 3358 2281 3430 λογηθέντα
2313 3354 2697 3426 παρεθάρρυνε
2727 3354 2819 3407 τὸν
2834 3354 3062 3415 δίκαιον,
3090 3355 3185 3408 καὶ⁸
3207 3354 3348 3425 μετὰ
3370 3357 3585 3425 παρρη-

1984 3442 2106 3505 σίας
2138 3441 2228 3493 τδν
2258 3438 2481 3509 ἔλεγχον
2512 3440 2765 3492 ποιεῖται.
2790 3434 2972 3502 Οἶδας,
2993 3438 3341 3509 φησὶν,ὃπως
3374 3438 3483 3491 τῶν
3512 3440 3582 3491 ετ-

1982 3540 2135 3577 κοσιν
2164 3522 2302 3575 ἐτῶν
2324 3522 2415 3575 τὸν
2429 3518 2663 3591 ἀριθμὸν
2684 3520 2975 3575 ἐδούλευσά
2992 3537 3093 3587 σοι,
3116 3520 3258 3591 ὑπὲρ
3280 3519 3389 3573 τῶν
3414 3521 3583 3588 θυγα-

1980 3607 2156 3679 τέρων
2177 3623 2271 3659 σου
2287 3604 2357 3659 τά
2381 3604 2756 3676 δεκατέσσαρα
2777 3604 2968 3675 ἔτη,ἐν
2982 3604 3040 3658 δὲ
3060 3607 3170 3668 τοῖς
3197 3604 3490 3673 προϐάτοις
3512 3604 3581 3659 τά

1982 3690 2269 3746 ὑπόλοιπα·
2312 3689 2407 3743 καί
2451 3690 2602 3760 ὅμως
2648 3688 3023 3759 ἀποστερῆσαί
3068 3704 3135 3758 με
3182 3686 3457 3752 κατεδέξω
3487 3688 3581 3741 τὸν

1985 3774 2194 3846 μισθὸν,
2224 3773 2321 3826 καὶ
2350 3772 2500 3826 ούδέν
2532 3773 2673 3843 ὑπὲρ
2706 3770 2897 3825 τούτου
2927 3771 3258 3837 ἐνεκάλεσα;
3290 3770 3463 3826 Τοῦτο
3498 3772 3578 3837 δὲ,

1981 3856 2040 3923 ἐξ
2065 3851 2139 3910 ὧν
2167 3856 2329 3919 αὐτὸς
2372 3855 2753 3925 ὡμολόγησας,
2787 3850 2923 3920 οῖδα,
2946 3856 3028 3908 ὅτι
3057 3856 3105 3907 εί
3140 3854 3215 3927 μὴ
3254 3857 3283 3908 0
3311 3854 3443 3918 Θεὸς
3482 3853 3579 3907 τοῦ

1994 3937 2245 4010 Ἀϐραὰμ
2272 3938 2366 3990 καὶ
2394 3936 2486 3990 τοῦ
2503 3936 2691 3990 ἰσαάκ
2704 3932 2773 4008 ἦν
2808 3954 2899 4009 μοι
2929 3934 3143 4007 βοηθὸς,
3169 3936 3263 3991 νῦν
3288 3937 3354 3991 ἀν
3388 3953 3455 4008 με
3487 3953 3582 3990 κε-

1979 4023 2069 4077 νὸν
2091 4020 2501 4088 ἐξαπέστειλας,
2546 4020 2772 4091 ἔρημον,
2814 4021 2909 4073 καὶ
2939 4020 3121 4074 πάντα
3153 4020 3219 4074 ἂν
3241 4020 3451 4090 ἀφείλω
3481 4020 3579 4074 ἀπ’

1979 4104 2138 4178 ἐμοῦ,
2161 4106 2255 4160 xal
2274 4103 2374 4175 τὴν
2406 4104 2643 4170 ἀδικίαν,
2674 4104 2741 4175 ἢν
2771 4102 3027 4176 προέθου,
3062 4105 3143 4167 είς
3163 4103 3323 4174 ἔργον
3354 4104 3420 4159 ἂν
3442 4105 3579 4175 ἤγα-

1978 4208 2095 4259 γες.
2134 4189 2273 4243 Ἀλλ’
2315 4190 2343 4241 0
2372 4188 2505 4252 Θεὸς
2535 4190 2563 4242 0
2590 4186 2747 4252 εἰδὼς
2782 4187 2904 4256 Τὴν
2931 4187 3300 4242 ταπείνωσιν
3320 4206 3444 4258 μου
3476 4190 3577 4243 καί

1978 4273 2087 4326 τὸν
2114 4272 2307 4327 κόπον
2332 4270 2451 4325 τῶν
2487 4270 2703 4341 χειρῶν
2723 4288 2864 4341 μου.
2884 4271 2951 4325 Τί
2980 4272 3117 4337 ἐστι,
3139 4270 3259 4339 Τὴν
3284 4271 3577 4325 ταπείνω-

1979 4357 2085 4411 σίν
2122 4374 2243 4426 μου
2274 4355 2373 4409 καὶ
2406 4354 2514 4408 τὸν
2550 4357 2745 4409 κόπον
2783 4352 2903 4407 τῶν
2930 4353 3147 4424 χειρῶν
3168 4369 3326 4425 μου;
3356 4353 3578 4426 Ἐπειδὴ

1978 4440 2138 4511 ᾔδειό
2162 4439 2314 4503 Θεὸς,
2352 4440 2503 4503 ὅπως
2548 4438 2647 4509 μὲν
2686 4436 2798 4507 ἐγὼ
2826 4439 2967 4509 μετά
3000 4438 3206 4509 πολλῆς
3231 4439 3328 4509 τῆς
3361 4440 3576 4503 εὐνοίας

1978 4524 2078 4594 τὴν
2109 4522 2355 4576 δουλείαν
2385 4522 2863 4593 ἐποιησάμην,καὶ
2878 4523 2968 4576 τὸν
3000 4523 3168 4577 κόπον
3198 4524 3323 4577 ὅσον
3348 4524 3576 4593 ὑπέμει-

1980 4625 2046 4661 να
2069 4607 2373 4677 ποιμαίνων
2405 4606 2474 4659 τά
2504 4606 2773 4677 πρόϐατα,
2805 4606 2900 4660 καὶ
2920 4607 2978 4658 ἐν
3005 4606 3191 4677 ἡμέρα
3216 4607 3311 4660 καὶ⁵
3340 4608 3399 4660 ἐν
3419 4609 3575 4661 νυκτὶ

1979 4688 2279 4761 φροντίζων
2300 4688 2587 4753 διετέλουν,
2623 4689 2760 4761 πρὸς
2791 4689 2975 4741 ἐκεῖνα
2994 4688 3116 4741 ίδὼν
3136 4691 3165 4742 ό
3190 4688 3575 4761 φιλάνθρωπος

1977 4772 2251 4842 Δεσπότης
2277 4772 2403 4843 χθὲς
2436 4770 2631 4843 ηλεγξέ
2671 4788 2752 4834 σε,
2785 4772 2983 4841 ἐπέσχε
3013 4772 3111 4842 τῆς
3136 4772 3256 4825 κατ’
3288 4772 3422 4843 ἐμοῦ
3457 4774 3576 4827 ἀδι-

1983 4858 2105 4921 κίας
2133 4857 2226 4910 καὶ
2253 4856 2354 4926 τῆς
2384 4854 2669 4923 ἀλογίστου
2710 4855 2908 4926 ὁρμῆς.
2927 4855 3147 4919 Ίκανῶς
3172 4857 3230 4908 ἐν
3260 4856 3411 4921 τάξει
3438 4858 3576 4911 ἀπο-

1976 4940 2161 5009 λογίας
2190 4938 2447 4993 καθίκετο
2475 4938 2571 4993 τοῦ
2614 4938 2821 5003 Λάϐαν,
2850 4939 2945 4992 καὶ
2976 4940 3116 5011 μετά
3146 4939 3208 4992 τὸ
3232 4938 3449 5008 ἐλέγξαι
3476 4940 3575 5012 τὴν

1977 5026 2055 5087 είς
2076 5023 2241 5076 αὑτὸν
2260 5022 2496 5085 ἀδικίαν,
2515 5022 2609 5074 καὶ
2641 5021 2741 5085 τὰς
2766 5025 2896 5092 παρ’
2926 5022 3091 5075 αὐτοῦ
3114 5024 3195 5086 εἰς
3225 5022 3389 5077 αὐτὸν
3418 5024 3573 5095 εὐερ.

1976 5106 2167 5175 γεσίας
2202 5105 2649 5177 ἀπηριθμήσατο.
2675 5105 2765 5158 Διὸ
2792 5105 3060 5169 αἰδεσθεὶς
3105 5109 3311 5168 ἐκεῖνος
3343 5108 3412 5160 τά
3441 5110 3573 5180 παρ’

1976 5190 2141 5245 αὐτοῦ
2197 5190 2487 5261 εἰρημένα,
2524 5188 2713 5242 λοιπὸν
2754 5191 2847 5242 καὶ
2892 5189 2972 5252 είς
3000 5188 3201 5243 δειλίαν
3227 5190 3570 5258 καθίσταται,

1977 5276 2071 5329 καὶ
2100 5274 2375 5345 συνθήκας
2404 5273 2705 5343 ἀπαιτῆσαι
2739 5272 2987 5341 βούλεται
3020 5273 3172 5344 παρά
3202 5274 3296 5327 τοῦ
3334 5275 3569 5331 δικαίου.

1977 5359 2120 5433 Ὅρα
2141 5358 2277 5411 Θεοῦ
2299 5356 2649 5427 κηδεμονίαν.
2667 5356 2725 5409 '0
2747 5355 2891 5410 οῦτω
2918 5359 3459 5428 παρεσκευασμένος,
3480 5362 3572 5414 καὶ

1980 5446 2118 5517 μετὰ
2132 5442 2401 5512 τοσαύτης
2417 5441 2593 5513 όρμῆς
2612 5442 2711 5512 τὴν
2737 5442 3060 5507 καταδίωξιν
3090 5445 3477 5515 ποιησάμενος.
3493 5449 3572 5510 εἰς

1974 5528 2242 5598 τοσαύτην
2264 5526 2507 5599 κατέστη
2525 5526 2747 5593 δειλίαν,
2766 5528 2842 5591 ὼς
2852 5527 2953 5591 τὰς
2966 5530 3097 5599 παρ’
3111 5529 3276 5583 αὑτοῦ
3297 5531 3571 5601 συνθήκας

1976 5612 2273 5682 ἐπιζητεῖν.
2295 5609 2654 5675 Ἀποκριθεὶς
2672 5610 2782 5677 γὰρ
2806 5611 3030 5679 Λάϐαν,
3052 5611 3205 5686 [560]
3228 5615 3415 5685 φησὶν,
3438 5611 3571 5668 εἷπε

1975 5695 2055 5760 τῷ
2071 5691 2295 5749 Ἰακώϐ·
2311 5695 2381 5747 AI
2414 5692 2731 5761 θυγατέρες
2744 5711 2883 5759 σου,
2902 5696 3219 5765 θυγατέρες
3236 5699 3493 5768 μου,καί
3516 5702 3569 5753 οὶ

1974 5777 2094 5831 υἱοί
2121 5791 2260 5837 σου,
2294 5774 2681 5843 υιοίμου.καὶ
2703 5778 2774 5832 τὰ
2800 5778 2991 5848 κτήνη
3019 5796 3153 5846 σου,
3196 5780 3390 5849 κτήνη
3423 5801 3565 5851 μου.

1976 5860 2073 5914 καὶ
2095 5859 2292 5913 πάντα
2318 5860 2433 5912 ὅσα
2454 5858 2535 5912 σὺ
2565 5858 2730 5927 ὁρᾷς,
2756 5860 2868 5931 ἐμά
2895 5862 3026 5915 ἐστι
3052 5862 3149 5915 καί
3182 5860 3302 5917 τῶν
3326 5866 3566 5933 θυγατέ·

1968 5959 2093 6011 ρων
2122 5942 2337 6012 μου“τί
2360 5940 2594 6007 ποιήσω
2626 5944 2868 6010 ταύταις
2899 5944 3186 6015 σήμερον,
3235 5948 3268 6015 ῖι
3308 5947 3431 6015 τοῖς
3482 5948 3564 6001 τέο

2038 6037 2063 6077 δ
2084 6036 2335 6088 Ειίώειιυῐ
2359 6040 2527 6101 δυνηθῇ
2581 6040 2725 6090 ίζυίδῐ.
2752 6042 2977 6100 εῖν-ιηηιῖηη
3008 6040 3142 6091 limi.
