4120 6492
286 453 394 511 505

288 572 447 636 vides,
503 583 615 623 mea
660 576 796 635 sunt,
846 576 892 622 et
934 565 1161 635 ﬁliarum
1195 581 1423 618 mearum
1450 580 1469 617 :
1498 564 1620 635 quid
1668 565 1886 634 [acerem

288 664 393 719 illis
418 662 590 728 hodie,
625 662 703 717 vel
717 661 888 733 pueris
909 659 995 730 qui
1022 659 1084 713 ab
1105 658 1177 713 eis
1198 668 1312 712 sunt
1340 658 1447 710 nati
1468 656 1493 710 1’
1519 657 1663 721 Scio,
1694 655 1884 724 inquit,

286 756 431 829 quod
464 757 587 811 illim
608 770 741 810 mea:
770 760 916 819 sunt,
942 761 996 807 et
1022 751 1200 806 omnia
1228 762 1581 821 quaecumque
1610 746 1792 812 babes,
1820 763 1886 802 ex

287 847 588 905 substantia
620 859 736 900 mea
765 851 1128 898 accesserunt.
1164 839 1303 905 Quid
1342 840 1500 910 igitur
1541 843 1761 911 facerem
1785 838 1887 892 illis

288 941 458 1006 hodie,
490 938 570 993 rel
595 938 766 1008 pueris
791 936 879 1009 qui
906 936 969 991 ab
993 936 1066 991 eis
1094 933 1239 989 nati.’
1263 934 1353 989 ιι.
1386 930 1541 987 Nunc
1565 932 1723 1003 igitur
1750 931 1882 995 veni,

283 1042 333 1086 et
364 1033 594 1085 ineamus
621 1029 789 1100 {tedas
812 1044 906 1099 ego
935 1035 982 1082 et
1009 1036 1086 1093 tu,
1114 1035 1162 1079 et
1187 1024 1282 1080 erit
1310 1024 1362 1078 in
1392 1023 1727 1079 testimonium
1754 1024 1885 1077 inter

284 1138 366 1177 me
391 1131 441 1176 et
481 1130 547 1175 te.
574 1119 757 1185 Pacta,
780 1118 974 1190 inquit,
1004 1118 1282 1185 faciamus,
1316 1115 1384 1170 Et
1404 1126 1549 1170 erum
1577 1116 1630 1169 in
1660 1116 1885 1170 testimo-

282 1213 426 1265 nium
454 1213 586 1267 inter
617 1227 698 1265 me
724 1218 771 1265 et
800 1220 847 1264 te
876 1224 896 1264 :
922 1209 975 1264 in
989 1208 1245 1280 judicium
1266 1215 1323 1264 et
1344 1206 1880 1262 demonstrationem.

283 1302 430 1357 Dixit
458 1310 636 1356 autem
662 1302 715 1356 ei
746 1318 761 1355 :
805 1300 861 1355 Si
900 1299 1021 1370 quis
1066 1297 1369 1369 transgredi
1397 1298 1739 1353 attentaverit
1763 1311 1883 1366 qua:

280 1409 425 1448 nunc
455 1408 487 1448 a
515 1392 668 1447 nobis
692 1400 817 1448 sunt
841 1390 1113 1463 proposita
1157 1408 1171 1446 :
1219 1388 1353 1445 Ecce
1394 1388 1569 1444 nullus
1595 1388 1878 1456 nobiseum,

280 1482 422 1539 Deus
447 1493 617 1537 autem
643 1483 781 1538 testis
806 1484 937 1537 inter
964 1498 1044 1535 me
1068 1490 1113 1535 et
1143 1490 1209 1535 te.
1864 1485 1868 1488 ’

353 1574 407 1630 8.
450 1572 745 1628 Considera
786 1570 1057 1642 quomodo
1102 1568 1355 1639 paulatim
1395 1578 1449 1624 et
1475 1567 1655 1625 Laban
1686 1567 1754 1623 ad
1784 1583 1881 1623 ro-

277 1666 576 1737 gnitionem
623 1664 720 1720 Dei
763 1662 995 1719 ducitur.
1052 1661 1185 1717 Nam
1216 1661 1304 1731 qui
1332 1671 1455 1717 ante
1485 1659 1589 1716 hoc
1624 1661 1883 1731 arguebat

276 1761 477 1830 justum
508 1759 575 1815 de
606 1759 747 1814 furto
774 1758 1001 1815 deorum
1030 1774 1272 1823 suorum,
1324 1768 1379 1813 et
1412 1766 1613 1812 tantam
1662 1764 1881 1827 propter

276 1867 373 1909 eos
399 1852 784 1908 scrutationem
822 1851 1071 1919 faciebat,
1122 1865 1265 1906 nunc
1296 1849 1504 1921 inquit:
1536 1850 1670 1918 Quia
1701 1848 1880 1903 nullus

275 1953 358 2001 est
403 1944 544 1999 inter
588 1959 709 2011 nos,
752 1944 843 2015 qui
872 1943 1061 2014 possit,
1116 1943 1160 1998 si
1208 1941 1335 2014 quid
1378 1942 1599 2012 posthac
1625 1948 1877 1995 novatum

275 2034 457 2099 fuerit,
499 2034 652 2090 testis
677 2048 798 2089 esse
823 2033 1045 2089 hederis
1074 2035 1265 2099 nostri,
1299 2033 1442 2088 Deus
1467 2032 1620 2091 testis
1644 2032 1712 2087 sit
1740 2031 1881 2086 inter

216 2188 228 2196 ,
275 2143 367 2184 me
393 2136 448 2183 et
492 2137 563 2182 te.
612 2126 936 2198 llle,inquit,
976 2126 1149 2192 adest,
1177 2126 1266 2197 qui
1295 2126 1474 2181 omnia
1504 2125 1671 2192 videt,
1717 2138 1877 2194 quem

276 2220 409 2276 nihil
437 2222 607 2277 latere
634 2229 831 2293 potest,
875 2221 967 2291 qui
996 2219 1413 2290 uniuscujusque
1440 2228 1673 2273 mentem
1710 2232 1877 2288 agno-

274 2313 398 2368 scit.
422 2314 512 2369 45.
564 2313 785 2369 Sumens
824 2321 1015 2380 autem,
1066 2312 1258 2383 inquit,
1304 2310 1467 2365 Jacob
1494 2311 1651 2366 erexit
1677 2310 1876 2363 colum-

275 2420 415 2468 nam,
463 2413 512 2457 et
549 2405 666 2475 fecit
691 2405 871 2459 collem
894 2405 932 2471 ‘,
965 2412 1012 2459 et
1037 2402 1363 2459 comederunt
1384 2418 1534 2473 super
1551 2401 1751 2455 collem.
1786 2401 1876 2455 47.

275 2492 349 2547 Et
388 2495 518 2549 dixit
562 2496 607 2549 ei
647 2493 826 2549 Laban
872 2511 891 2548 :
938 2494 1095 2550 Collis
1122 2494 1203 2548 hic
1232 2503 1446 2548 testatur
1478 2494 1610 2547 inter
1633 2508 1713 2546 me
1736 2503 1783 2545 et
1810 2502 1876 2545 te.

269 2584 413 2663 Quid
443 2594 543 2651 est,
583 2584 743 2641 Collis
768 2586 894 2640 hic?
945 2584 1002 2640 Id
1027 2594 1131 2652 est,
1182 2583 1356 2639 Verba
1390 2599 1509 2654 qua:
1536 2582 1667 2638 ﬁunt
1693 2581 1745 2636 in
1779 2580 1881 2635 hoc

272 2678 413 2732 colle
436 2678 692 2731 memoria
719 2685 974 2747 perpetua
1002 2675 1158 2731 nobis
1187 2683 1362 2730 erunt.
1393 2672 1457 2727 Et
1479 2674 1673 2727 vocavit
1698 2685 1880 2725 nomen

276 2770 392 2835 eius
422 2768 538 2835 loci,
573 2769 733 2825 Collis
763 2768 1058 2822 testimonii.
1106 2765 1306 2821 Deinde
1332 2765 1505 2835 inquit
1537 2784 1550 2819 :
1583 2764 1672 2820 49.
1728 2764 1879 2833 Arpi-

273 2867 376 2921 eiat
413 2864 552 2919 Deus
594 2865 725 2917 inter
756 2877 836 2915 me
870 2871 919 2916 et
951 2870 1018 2915 te.
1070 2860 1301 2916 Attende
1345 2857 1617 2929 quomodo
1667 2872 1877 2929 prunam

275 2959 469 3012 iterum
513 2970 541 3007 a
588 2953 699 3008 Deo
739 2952 1061 3022 deprecatur
1102 2951 1305 3005 Laban.
1362 2951 1629 3020 Aspieiat,
1687 2948 1877 3019 inquit,

274 3047 418 3101 Deus
441 3046 571 3100 inter
581 3060 664 3099 me
688 3056 734 3100 et
753 3044 886 3098 inter
909 3053 978 3109 te,
1001 3044 1122 3115 quia
1143 3042 1432 3097 secedemus
1458 3041 1589 3098 alter
1610 3040 1671 3094 ab
1693 3040 1876 3096 altero.

274 3137 451 3203 Nunc,
484 3138 676 3207 inquit,
726 3136 1119 3207 separabimur,
1151 3143 1206 3189 et
1232 3146 1284 3189 tu
1317 3133 1532 3205 quidem
1559 3133 1660 3190 ibis
1683 3134 1734 3187 in
1768 3141 1881 3188 ter-

274 3244 390 3283 ram
411 3228 699 3299 propriam,
720 3242 821 3299 ego
844 3234 1023 3282 autem
1049 3224 1235 3281 redibo
1257 3225 1308 3279 in
1330 3224 1547 3279 domum
1571 3238 1769 3279 meam.
1787 3222 1879 3277 50.

276 3319 339 3377 Si
366 3318 709 3373 huudliaveris
737 3319 873 3387 ﬁlias
900 3334 1058 3382 meas,
1088 3317 1133 3371 si
1158 3316 1411 3385 acceperis
1440 3330 1622 3369 uxores
1644 3314 1713 3366 ad
1744 3312 1881 3380 ﬁlias

274 3428 435 3475 meas,
486 3410 617 3475 vide,
664 3410 837 3465 nullus
882 3408 1146 3463 nobiscum
1196 3416 1271 3462 est
1321 3407 1409 3479 qui
1465 3406 1669 3471 videat;
1742 3403 1881 3459 Deus

250 3505 436 3560 testis.
481 3500 777 3557 Considera
825 3499 1098 3571 quomodo
1149 3499 1318 3554 semel
1368 3506 1421 3553 et
1474 3497 1670 3552 iterum
1718 3504 1881 3565 atque

276 3595 477 3664 szepius
530 3592 699 3648 Deum
753 3592 806 3646 in
858 3600 1049 3646 testem
1093 3598 1268 3645 vocat.
1322 3588 1457 3655 Quia
1510 3585 1875 3657 providentia,

276 3701 439 3757 quam
496 3692 753 3753 expertus
821 3690 938 3737 erat
998 3680 1204 3745 Jacob,
1273 3679 1454 3734 docuit
1515 3692 1638 3735 eum
1706 3685 1879 3747 Quan-

276 3785 331 3831 ta
372 3783 517 3830 esset
541 3773 751 3827 Domini
779 3770 1013 3842 potentia
1030 3813 1044 3838 ,
1075 3778 1130 3825 et
1156 3770 1297 3841 quod
1326 3767 1657 3839 impossibile
1684 3768 1756 3823 sit
1782 3766 1883 3821 ali-

278 3869 404 3941 quid
439 3868 708 3925 oecultum
744 3880 866 3922 esse
892 3866 1049 3921 oculo
1074 3864 1164 3935 qui
1191 3863 1483 3918 dormitare
1508 3861 1713 3931 nequit.
1744 3859 1879 3913 Pro-

280 3968 465 4030 pterea
513 3956 682 4027 inquit
725 3974 739 4011 :
790 3954 1014 4010 Etiamsi
1057 3968 1401 4023 separemur,
1443 3951 1653 4007 etiamsi
1700 3949 1881 4005 nullus

277 4050 417 4105 alius
445 4048 584 4105 adsit
612 4047 703 4119 qni
734 4046 1004 4103 testificari
1039 4046 1237 4116 possit,
1268 4046 1357 4100 ille
1386 4046 1537 4099 testis
1562 4042 1663 4098 erit
1686 4042 1883 4112 ubique

277 4156 521 4213 praesens
554 4160 567 4197 :
601 4156 697 4211 per
721 4140 929 4211 singula
954 4140 1113 4194 verba
1143 4136 1301 4193 docet
1331 4137 1505 4207 ipsum
1535 4136 1698 4193 totius
1724 4143 1883 4191 terra:

276 4248 403 4290 esse
449 4232 750 4287 Dominum.
800 4233 891 4288 5|.
942 4230 1009 4285 Et
1051 4231 1179 4284 dixit
1220 4228 1381 4284 Jacob
1413 4245 1432 4283 :
1461 4228 1593 4283 Ecce
1628 4228 1773 4283 collis
1798 4226 1884 4280 ille

281 4335 513 4380 tutatur.
555 4324 647 4382 52.
675 4324 871 4379 Deinde
898 4324 1079 4378 iterum
1109 4322 1286 4377 Laban
1312 4323 1471 4394 inquit
1499 4338 1517 4377 :
1552 4321 1612 4377 Si
1636 4322 1769 4377 enim
1792 4336 1884 4391 ego

280 4434 386 4471 non
428 4418 675 4471 transiero
715 4418 784 4471 ad
830 4427 910 4482 te,
956 4433 1114 4487 neque
1152 4427 1205 4469 tu
1244 4425 1473 4469 transeas
1498 4414 1567 4468 ad
1598 4430 1678 4468 me
1702 4413 1884 4467 collem

283 4509 418 4561 hunc
466 4513 511 4562 et
552 4507 839 4560 columnam
883 4507 1016 4561 hanc
1058 4508 1111 4561 in
1155 4507 1352 4562 malitia
1381 4523 1395 4559 :
1423 4504 1513 4560 5'5.
1555 4503 1697 4559 Deus
1718 4504 1885 4558 Abra-

282 4602 402 4654 lmm
422 4640 437 4663 ,
466 4609 511 4654 et
543 4598 681 4653 Deus
713 4599 1131 4669 Nacltorjudicet
1158 4600 1287 4652 inter
1306 4613 1417 4651 nos.
1454 4596 1586 4651 Vide
1615 4593 1886 4665 quomodo

280 4708 406 4747 cum
450 4703 601 4760 patre
644 4700 697 4745 et
736 4706 896 4744 avum
944 4704 1098 4744 suum
1141 4690 1445 4758 conjunxit,
1474 4688 1565 4759 qui
1594 4686 1760 4742 frater
1784 4685 1887 4739 fuit

283 4780 638 4853 patriarchas,
688 4781 855 4851 ipsius
894 4791 1073 4836 autem
1116 4796 1266 4835 avus.
1317 4780 1455 4835 Dens
1501 4780 1792 4843 Abraham,
1838 4786 1887 4831 et

284 4873 426 4928 Deus
475 4872 688 4927 Nachor
720 4874 917 4943 judicet
954 4873 1086 4926 inter
1128 4889 1239 4927 nos.
1269 4872 1358 4927 δι.
1407 4871 1472 4925 Et
1499 4872 1694 4943 juravit
1721 4872 1883 4926 Jacob

285 4983 377 5037 per
413 4966 640 5018 timorem
670 4962 767 5019 Dei
795 4966 952 5035 patris
972 4966 1051 5019 sui
1079 4963 1260 5029 Isaac,
1290 4974 1335 5018 et
1364 4964 1666 5032 sacriﬁcavit
1690 4963 1890 5031 sacri/i-

287 5058 423 5109 cium
449 5058 499 5109 in
533 5064 701 5109 monte
726 5071 744 5109 :
774 5064 819 5108 et
843 5057 1035 5109 vocavit
1066 5059 1249 5127 fratres
1275 5071 1392 5111 suos
1424 5071 1444 5109 :
1473 5066 1518 5109 et
1538 5055 1884 5120 comederunt,

286 5161 335 5204 et
361 5149 628 5215 biberunt,
656 5159 700 5202 et
721 5149 1033 5203 dormierunt
1064 5151 1115 5203 in
1144 5160 1327 5204 monte.
1354 5149 1675 5218 Sacri/ienuit
1694 5150 1891 5217 sacri/i-

288 5241 425 5293 cium
461 5240 515 5293 in
545 5249 712 5293 monte
741 5255 760 5293 :
794 5240 1021 5311 gratias,
1056 5240 1255 5311 inquit,
1284 5242 1391 5311 egit
1432 5240 1539 5296 Deo
1570 5241 1638 5296 ob
1677 5256 1738 5296 ea
1770 5256 1890 5311 qua:

287 5330 636 5395 acciderant;
679 5330 746 5385 Et
785 5333 1146 5398 comederunt,
1196 5343 1242 5387 et
1285 5335 1541 5400 biberunt,
1585 5345 1631 5389 et
1674 5335 1894 5388 dormie-

291 5410 415 5477 runt
458 5424 513 5477 in
563 5434 747 5478 monte.
793 5425 883 5479 55.
932 5424 1165 5480 Surrexit
1206 5437 1372 5481 autem
1419 5426 1594 5481 Laban
1638 5444 1817 5495 mane,
1846 5438 1892 5481 et

289 5518 551 5570 osculatus
588 5526 661 5569 est
703 5518 838 5585 ﬁlios
864 5536 981 5574 suos
1007 5530 1052 5574 et
1083 5520 1218 5587 ﬁlias
1247 5537 1363 5573 suos
1385 5563 1399 5587 ,
1433 5531 1477 5575 et
1505 5520 1754 5574 benedixit
1786 5536 1888 5573 eos.

292 5605 364 5660 Et
404 5624 627 5662 reuersus
663 5607 840 5663 Laban
871 5612 992 5665 abiit
1030 5614 1081 5666 in
1108 5615 1273 5668 locum
1300 5630 1465 5667 suum.
1503 5613 1729 5681 Vidisti,
1761 5613 1890 5667 dile-

362 5746 377 5774 ⁸
418 5748 470 5791 ει
493 5742 815 5809 [ιςιζὶινςοηινηι.
858 5755 966 5796 IL'ec
1000 5748 1217 5809 pluribus
1257 5755 1579 5801 narranturin
1606 5762 1744 5804 textu
1772 5760 1893 5805 Scri-

294 5810 469 5881 p'turm.
490 5806 571 5853 ubi
596 5808 770 5857 dicitur
795 5812 939 5857 .tncnb
977 5806 1268 5881 [fixere-pisse
1298 5814 1528 5881 fratribus
1565 5821 1667 5867 suis
1695 5829 1744 5868 ut
1772 5818 1893 5881 lapi-

297 5870 387 5916 tlt‘s
407 5878 766 5931 COJCL‘Hafcm,
794 5885 957 5935 exque
980 5870 1041 5923 iis
1057 5870 1229 5924 collem
1248 5876 1573 5926 uitulinum.

1290 446 1353 503 IN
1384 445 1533 505 CAP.
1559 444 1776 503 XXXII.
1802 444 2048 504 GENES.
2094 449 2321 508 IIOMIL.
2366 452 2548 510 LVIII.

3486 467 3593 524 506

1998 575 2118 634 cte,
2162 579 2358 639 quanta
2409 570 2503 627 Dei
2551 570 2848 642 sapientia,
2895 576 3166 645 quomodo
3211 592 3317 632 uno
3361 578 3502 635 laeto
3542 593 3596 639 et

1995 671 2146 713 suam
2186 674 2312 730 erga
2348 660 2549 729 justum
2587 661 2879 719 declaravit
2912 665 3339 736 providentiam,
3361 678 3416 725 et
3443 671 3595 727 illum

1994 750 2064 807 ab
2103 752 2361 823 iujustitia
2390 754 2642 821 abduxit,
2674 765 2727 812 et
2758 757 2811 813 in
2840 757 3034 814 divina:
3064 759 3264 815 notitia:
3292 762 3434 817 viam
3461 778 3597 833 pau-

1994 842 2142 897 latim
2170 843 2385 899 iuduxit
2414 845 2685 903 Labanum
2701 890 2717 914 ,
2748 848 3145 904 interminando
3165 851 3213 905 ei
3240 867 3309 907 ne
3326 853 3450 923 quid
3467 855 3594 909 mali

1992 944 2181 989 contra
2208 935 2377 992 Jacob
2404 938 2742 1009 loqueretur:
2762 948 2815 995 et
2842 941 2931 1012 qui
2960 943 3111 1012 quasi
3136 942 3247 998 fera
3278 946 3596 1001 accurrebat

1991 1036 2045 1080 et
2074 1028 2537 1098 comprehendere
2568 1040 2728 1101 atque
2771 1032 3075 1089 interficere
3126 1034 3373 1103 volebat,
3398 1034 3598 1091 desinit

1993 1121 2044 1174 in
2072 1120 2443 1177 defensionem
2467 1164 2483 1187 ,
2515 1131 2571 1178 et
2599 1122 2651 1177 in
2685 1122 2915 1179 filiorum
2949 1123 3285 1195 filiarumque
3311 1126 3595 1182 deoscula-

1992 1214 2226 1279 tionem,
2271 1222 2327 1268 et
2366 1215 2445 1269 sic
2476 1214 2692 1270 domum
2722 1215 2899 1272 redit?
2924 1216 3099 1285 ,Fortc
3128 1218 3387 1287 prolixius
3413 1232 3599 1275 sermo

1988 1319 2049 1358 se
2089 1304 2361 1368 extendit,
2408 1306 2504 1360 sed
2546 1306 2805 1377 ignoscite
2836 1325 2849 1361 :
2878 1323 2983 1364 non
3028 1309 3131 1364 hoc
3156 1319 3348 1379 sponte
3374 1310 3597 1365 admisi-

1988 1407 2110 1447 mus
2134 1434 2150 1458 ,
2186 1394 2280 1448 sed
2309 1395 2483 1465 coegit
2513 1411 2611 1449 nos
2636 1395 2873 1451 historiae
2901 1398 3057 1453 ratio.

2060 1484 2277 1542 Muralis
2316 1488 2619 1541 exhortatio.
2668 1520 2742 1529 —
2780 1489 2905 1545 Ideo
2952 1492 3037 1545 hic
3076 1492 3297 1546 missum
3330 1491 3591 1547 facientes

1986 1591 2292 1633 sermonem
2322 1620 2336 1644 ,
2376 1594 2594 1633 oramus
2620 1590 2853 1636 vestram
2880 1581 3158 1637 caritatem
3178 1623 3195 1650 ,
3227 1592 3285 1638 ut
3310 1583 3487 1638 omnia
3516 1581 3595 1637 fa-

1984 1668 2189 1724 ciamus
2229 1680 2282 1725 et
2326 1678 2648 1738 tractemus,
2694 1687 2802 1742 quo
2839 1687 3126 1742 supernam
3157 1674 3311 1728 nobis
3333 1673 3594 1729 concilie-

1986 1775 2106 1814 mus
2151 1758 2608 1816 benevolentiam.
2649 1761 2781 1816 Nam
2808 1762 2856 1817 si
2892 1762 3061 1817 Deum
3090 1762 3431 1817 habuerimus
3457 1764 3591 1817 ami-

1984 1866 2109 1906 cum
2132 1893 2147 1917 ,
2174 1852 2355 1907 omnia
2384 1853 2540 1908 nobis
2569 1852 2742 1913 facilia
2770 1863 2930 1909 erunt
2958 1870 2971 1908 :
3001 1863 3055 1909 et
3085 1852 3216 1909 nihil
3244 1869 3342 1909 nos
3368 1854 3420 1908 in
3454 1870 3591 1924 pra:-

1985 1940 2126 1996 senti
2167 1943 2274 1996 vita
2321 1944 2642 1999 contristare
2688 1945 2920 2013 poterit,
2959 1944 3205 2015 quamvis
3237 1944 3589 2014 iujucundum

1983 2046 2106 2087 esse
2134 2032 2395 2088 videatur.
2446 2033 2617 2089 Tanta
2647 2034 2791 2089 enim
2825 2035 2943 2104 ejus
2974 2035 3186 2090 virtutis
3210 2045 3296 2090 est
3320 2036 3592 2091 excellen-

1984 2124 2091 2189 tia,
2138 2135 2195 2180 ut
2242 2126 2403 2181 etiam
2448 2142 2509 2182 ea
2555 2142 2678 2197 qua:
2719 2129 2887 2183 tristia
2939 2138 3093 2194 sunt,
3134 2128 3371 2200 jucunda
3414 2127 3595 2185 facere

1981 2226 2165 2286 queat.
2188 2216 2277 2273 Sic
2299 2225 2353 2273 et
2382 2218 2579 2273 Paulus
2606 2218 2658 2273 in
2686 2218 3069 2275 afllictionibus
3098 2221 3364 2275 exsistens
3388 2220 3592 2290 gaude-

1983 2312 2075 2367 bat
2102 2322 2158 2367 et
2186 2312 2489 2368 exsultabat
2510 2314 2915 2382 exspectatione
2942 2313 3305 2383 repositorum
3329 2312 3593 2367 bonorum

1982 2404 2251 2459 animatus
2282 2405 2457 2474 (Rom.
2484 2405 2537 2461 5.
2570 2404 2625 2459 2.
2652 2406 2726 2466 ‘5).
2761 2405 3050 2475 Propterea
3076 2415 3132 2459 et
3158 2403 3417 2475 propheta
3442 2403 3592 2459 dice-

1990 2495 2081 2550 bat
2114 2511 2126 2546 :
2162 2493 2228 2547 In
2254 2494 2523 2565 afﬂictione
2549 2494 2777 2549 dilatasti
2808 2495 2931 2549 mihi
2974 2494 3146 2565 (Psal.
3178 2496 3232 2549 ι.
3260 2495 3321 2565 2)
3351 2511 3365 2548 :
3390 2493 3594 2550 docens

1985 2599 2085 2640 nos
2110 2624 2125 2649 ,
2164 2584 2330 2639 Deum
2363 2586 2497 2640 sein
2532 2585 2645 2656 ipsa
2677 2585 2971 2642 afflictione
2998 2586 3227 2642 liberum
3257 2595 3314 2642 et
3334 2586 3593 2656 tranquil.

1987 2676 2097 2731 lum
2145 2676 2518 2733 constituisse.
2568 2676 2752 2732 Talem
2787 2678 2947 2748 igitur
2975 2678 3237 2733 habentes
3268 2676 3594 2742 Dominum,

1986 2777 2093 2821 tam
2132 2776 2443 2837 potentem,
2487 2777 2594 2824 tam
2636 2770 2937 2840 sapientem
2962 2810 2977 2836 ,
3032 2778 3245 2839 tamque
3284 2768 3595 2825 misericor-

1983 2859 2138 2927 dem,
2185 2861 2329 2930 quod
2376 2872 2618 2917 nostrum
2660 2872 2743 2917 est
2780 2862 3101 2926 aiferamus,
3132 2862 3452 2932 virtutisque
3478 2876 3592 2915 ma-

1986 2967 2146 3023 gnam
2178 2953 2474 3009 habeamus
2503 2955 2766 3010 rationem
2789 2997 2804 3022 ,
2838 2964 2894 3010 ut
2925 2970 3033 3009 non
3063 2955 3238 3011 solum
3268 2954 3549 3025 praesentia
3576 2995 3593 3018 ,

1984 3044 2081 3100 sed
2122 3054 2178 3100 et
2213 3044 2391 3099 futura
2434 3046 2573 3101 bona
2611 3062 3037 3116 consequamur,
3065 3048 3235 3118 gratia
3266 3057 3319 3101 et
3345 3046 3593 3117 benigni-

1985 3144 2093 3191 tate
2122 3135 2330 3190 Domini
2360 3136 2530 3191 nostri
2557 3136 2686 3191 Jesu
2712 3136 2947 3203 Christi,
2974 3151 3235 3207 cum-quo
3260 3136 3405 3192 Patri
3432 3136 3591 3190 simul

1983 3236 2040 3282 et
2086 3226 2309 3297 Spiritui
2358 3238 2546 3283 saneto
2587 3230 2659 3283 sit
2704 3230 2909 3300 gloria,
2963 3228 3247 3299 imperium
3282 3270 3300 3298 ,
3346 3243 3488 3284 nunc
3536 3237 3593 3284 et

1982 3334 2200 3390 semper
2218 3361 2232 3385 ,
2264 3330 2319 3376 et
2345 3321 2397 3375 in
2428 3323 2625 3377 mula
2651 3320 2996 3376 saeculorum.
3018 3320 3215 3375 Amen.

2539 3454 2821 3514 HOMILIA
2862 3454 3045 3511 LVIII.

1989 3591 2051 3646 Et
2075 3594 2278 3648 elevatis
2307 3593 2467 3649 oculis
2490 3592 2651 3647 Iacob
2682 3593 2807 3646 vidit
2842 3602 3010 3647 castra
3055 3590 3149 3648 Dei
3174 3601 3359 3647 metata
3381 3634 3397 3657 ,
3420 3602 3467 3649 et
3496 3610 3585 3647 oc-

2054 3695 2317 3740 currerunt
2356 3684 2403 3739 ei
2431 3685 2599 3755 angeli
2622 3682 2756 3750 Dei;
2789 3700 2913 3754 quos
2930 3701 3046 3739 cum
3066 3684 3269 3739 vidisset
3292 3726 3310 3751 ,
3341 3685 3471 3739 dixit
3496 3683 3597 3739 Ja-
3669 3702 3675 3709 ·

2056 3779 2148 3833 cob
2193 3794 2211 3833 :
2256 3777 2435 3832 Castra
2465 3776 2557 3830 Dei
2586 3785 2705 3831 sunt
2731 3780 2841 3832 lucc
2861 3817 2878 3841 ,
2907 3786 2954 3831 et
2977 3778 3253 3848 appellavit
3282 3794 3463 3833 nomen
3490 3779 3590 3833 loci

2056 3870 2194 3924 illius
2214 3912 2229 3937 ,
2256 3870 2437 3924 Castra
2466 3868 2619 3939 (Gen.
2648 3868 2737 3925 5‘2.
2772 3866 2934 3940 1.-2).

2057 4028 2109 4080 1.
2129 4024 2253 4081 Scio
2279 4040 2376 4079 vos
2397 4023 2515 4079 heri
2539 4022 2860 4095 defatigatos
2885 4022 3072 4091 fuisse,
3105 4024 3262 4080 nobis
3288 4041 3595 4082 sermonem

1988 4118 2250 4188 prolixius
2274 4114 2689 4171 extendentibus
2718 4133 2733 4168 :
2766 4114 2864 4171 sed
2891 4114 3035 4170 bono
3063 4124 3239 4171 estote
3259 4118 3478 4183 animo;
3512 4118 3595 4172 la-

1988 4209 2089 4265 bor
2132 4218 2314 4264 vester
2362 4224 2470 4263 non
2516 4217 2599 4263 est
2646 4207 2820 4262 inanis
2850 4225 2863 4262 :
2899 4208 2953 4261 in
2986 4207 3215 4263 Domino
3243 4208 3389 4264 enim
3422 4209 3595 4266 factus

1988 4311 2101 4367 est,
2134 4311 2354 4372 propter
2377 4317 2537 4372 quem
2564 4309 2621 4357 et
2644 4300 2820 4356 brevis
2847 4300 2995 4355 labor
3016 4316 3264 4371 magnam
3288 4303 3595 4359 mercedem

1988 4394 2143 4450 vobis
2184 4395 2443 4449 allaturus
2492 4404 2594 4449 est.
2646 4392 2781 4447 Nam
2827 4392 2951 4447 licet
2997 4409 3195 4464 corpus
3238 4394 3553 4465 fatigaretur
3580 4439 3597 4461 ,

1989 4489 2167 4543 anima
2216 4497 2395 4543 tamen
2444 4486 2615 4557 magis
2650 4484 3089 4541 conﬁrmabatur.
3135 4488 3258 4543 Ideo
3290 4498 3345 4543 et
3372 4489 3486 4559 ipse
3513 4490 3593 4544 vi-

1989 4578 2124 4633 dens
2164 4589 2400 4633 vestrum
2448 4578 2658 4634 fervens
2700 4576 3029 4632 desiderium
3067 4587 3119 4632 et
3150 4578 3423 4647 studium,
3448 4579 3593 4635 vole-

1990 4669 2111 4724 bam
2142 4668 2463 4725 contrahere
2492 4667 2751 4724 doctrina:
2786 4684 3131 4733 sermonem;
3170 4671 3263 4724 sed
3309 4678 3595 4739 antequam

1993 4762 2241 4816 ﬁniretur
2286 4762 2543 4826 historia,
2599 4760 2783 4827 nolui,
2824 4761 3001 4817 sciens
3049 4776 3134 4816 me
3178 4761 3333 4817 vobis
3375 4762 3475 4818 hac
3511 4779 3593 4817 ra-

1995 4858 2141 4911 tione
2183 4856 2354 4927 magis
2379 4855 2819 4926 gratiﬁcaturum.
2851 4854 3132 4909 Multitudo
3156 4856 3301 4911 enim
3328 4855 3598 4912 dictorum

1994 4950 2126 5004 satis
2164 4947 2476 5004 declarabat
2520 4947 2847 5019 inexplebile
2891 4956 3127 5002 vestrum
3177 4947 3500 5003 desiderium
3540 4957 3598 5003 et

1995 5042 2231 5097 studium
2274 5041 2526 5098 audiendi
2571 5043 2784 5096 avidum
2836 5059 2849 5095 :
2903 5052 3183 5110 propterea
3227 5051 3281 5097 et
3324 5043 3437 5111 ipse
3474 5055 3605 5098 cum

1998 5135 2189 5203 majori
2233 5134 2511 5190 alacritate
2542 5150 2636 5190 vos
2663 5135 2861 5190 docere
2889 5135 3113 5205 incipio,
3148 5135 3333 5189 videns
3363 5145 3601 5191 vestram

1997 5228 2239 5297 quotidie
2267 5228 2627 5298 appetentiam
2656 5243 2922 5283 crescere.
2954 5229 3066 5297 Age
3099 5238 3151 5282 et
3184 5227 3340 5281 hodie
3367 5242 3486 5297 qua:
3517 5242 3605 5281 se-

1999 5330 2234 5391 quuntur
2275 5320 2581 5375 hesternam
2630 5320 2916 5375 lectionem
2960 5336 3056 5389 pro
3086 5320 3219 5373 virili
3264 5328 3444 5373 nostra
3478 5335 3603 5389 per-

2003 5424 2295 5468 tractemus
2314 5456 2328 5479 ,
2360 5425 2677 5469 consuetum
2700 5426 2892 5468 vestra:
2914 5413 3123 5467 caritati
3142 5412 3446 5467 convivium
3477 5427 3604 5481 pro-

2003 5517 2268 5574 ponentcs
2293 5547 2307 5571 ,
2360 5516 2413 5561 et
2441 5507 2747 5572 videamus,
2782 5515 2902 5575 post
2931 5506 3224 5560 discessum
3258 5505 3437 5560 Laban
3467 5521 3601 5575 quo-

2003 5598 2162 5649 modo
2199 5598 2376 5665 justus
2406 5600 2505 5651 iter
2535 5598 2771 5667 arripiat.
2806 5598 2946 5652 Nihil
2978 5599 3118 5653 enim
3150 5613 3605 5666 supervacaneum

2004 5692 2054 5745 in
2097 5693 2278 5743 divina
2326 5693 2597 5761 Scriptura
2641 5695 2871 5763 positum
2919 5703 3039 5758 cst,
3087 5694 3182 5747 sed
3223 5694 3401 5747 omnia
3428 5707 3545 5761 qttzc
3579 5706 3608 5746 a

1999 5784 2157 5852 justis
2204 5783 2337 5836 ﬁunt
2365 5826 2378 5847 ,
2420 5786 2648 5837 inaxitua
2692 5786 2919 5839 utilitate
2969 5786 3124 5854 plena
3168 5795 3313 5840 sunt.
3342 5782 3612 5851 Quoniam

2008 5875 2148 5929 enim
2187 5874 2557 5930 UlliVClSM‘Utll
2594 5878 2873 5931 hominum
2903 5881 3155 5932 continuo
3181 5875 3480 5933 habuerunt
3512 5889 3607 5929 ωε
