4170 6488
600 402 699 458 507

598 517 819 581 mitem,
863 519 918 568 et
961 509 1166 565 itineris
1210 507 1547 562 difﬁcultates
1590 504 1901 560 reddentem
1954 501 2174 561 faciles.

597 607 819 659 multum
864 603 1023 657 etiam
1063 615 1161 656 nos
1199 600 1438 655 utilitatis
1478 615 1547 656 ex
1590 613 1753 668 parvo
1778 611 1964 651 eorum
1992 595 2180 648 itinere

601 708 880 763 possumus
907 693 1200 761 percipere.
1224 689 1353 744 Nam
1380 700 1656 759 postquam
1680 686 1860 741 Laban
1887 686 1941 740 in
1962 684 2176 738 domum

599 799 748 838 suam
773 783 942 847 abiit,
978 782 1030 837 1.
1062 781 1124 834 Et
1143 778 1302 834 Iacob
1331 780 1461 833 siam
1486 795 1631 832 suam
1669 777 1922 849 perrexit,
1949 784 1995 828 et
2016 774 2180 827 eleva-

601 876 663 928 tis
686 875 846 929 oculis
873 874 994 928 vidit
1020 882 1183 927 castra
1211 871 1306 927 Dei
1332 878 1698 926 castrametata
1733 885 1834 923 esse
1857 907 1871 932 ,
1890 876 1937 921 et
1953 881 2180 939 occurre-

602 976 721 1020 runt
761 967 806 1020 ei
841 965 1006 1037 angeli
1049 964 1141 1018 Dei
1171 964 1358 1034 (Caput
1383 964 1494 1032 32).
1520 964 1803 1031 Postquam
1833 959 1979 1014 enim
2003 972 2182 1012 cessa-

604 1058 717 1122 vit,
757 1066 811 1111 et
856 1057 1014 1110 ﬁnem
1064 1055 1247 1109 habuit
1292 1055 1450 1108 timor
1474 1053 1672 1106 Labani
1695 1091 1710 1117 ,
1739 1049 1949 1119 excepit
1971 1064 2092 1104 eum
2120 1048 2184 1101 ti--

608 1165 724 1201 mor
757 1148 935 1201 fratris
976 1166 990 1201 :
1034 1160 1252 1217 pr0pter
1281 1147 1382 1201 hoc
1405 1147 1640 1200 clemens
1668 1145 1922 1198 Dominus
1948 1143 2186 1197 animare

607 1243 802 1307 justum
828 1239 1012 1292 volens
1031 1280 1045 1303 ,
1079 1246 1133 1291 et
1151 1251 1362 1291 onmem
1383 1236 1498 1305 ejus
1523 1245 1722 1290 metum
1743 1235 2033 1299 discutere,
2066 1233 2186 1287 fecit

609 1340 664 1382 ut
692 1330 998 1398 angelorum
1017 1328 1221 1382 videret
1246 1337 1437 1382 castra.
1471 1327 1806 1382 Occurrerunt
1821 1326 1970 1389 enim,
1997 1324 2184 1394 inquit,

609 1421 653 1472 ei
676 1420 842 1489 angeli
863 1418 978 1474 Dei.
1004 1418 1058 1472 2.
1085 1419 1149 1472 Et
1170 1420 1297 1473 dixit
1315 1419 1497 1486 Iacob,
1521 1430 1688 1474 castra
1708 1417 1806 1473 Dei
1825 1429 1941 1473 sunt
1965 1419 2092 1472 hinc.
2119 1416 2186 1469 Et

611 1510 800 1562 vocavit
831 1525 1007 1563 nomen
1033 1510 1130 1562 loci
1157 1511 1295 1582 ejus,
1329 1509 1506 1564 Castra
1529 1527 1548 1563 :
1575 1520 1631 1564 ut
1654 1525 1718 1564 ex
1750 1525 1811 1563 ea
1838 1507 2190 1578 appellatione

619 1610 870 1668 perpetua
899 1611 1141 1654 maneret
1164 1602 1416 1654 memoria
1437 1600 1656 1655 visionis
1683 1615 1800 1669 qua:
1823 1600 1931 1653 illic
1951 1598 1999 1653 ei
2021 1598 2193 1652 conti-

614 1700 783 1761 gerat.
815 1691 1014 1745 Deinde
1031 1701 1146 1760 post
1163 1691 1416 1746 visionem
1442 1693 1596 1756 hanc,
1616 1694 1668 1746 3.
1695 1691 1854 1756 Misit,
1876 1690 2194 1760 inquit,ante

614 1797 666 1833 se
694 1782 892 1834 nuntios
919 1781 988 1833 ad
1027 1780 1164 1834 Esau
1193 1781 1400 1849 fratrem
1426 1799 1591 1846 suum,
1620 1791 1665 1836 et
1690 1781 1946 1835 mandavit
1985 1781 2054 1834 eis
2075 1821 2091 1847 ,
2111 1781 2193 1832 di-

616 1872 845 1926 cens:Sic
860 1872 1033 1926 dicetis
1054 1873 1255 1925 domino
1284 1889 1392 1926 meo
1414 1872 1712 1927 Esati.Vide
1731 1880 1916 1940 etpost
1936 1870 2193 1924 visionem

617 1972 847 2030 quantus
874 1962 1049 2017 adhuc
1079 1963 1237 2016 timor
1268 1963 1484 2032 urgebat
1507 1962 1726 2032 justum.
1767 1961 2010 2016 Timebat
2050 1959 2192 2014 enim

619 2052 798 2105 fratris
822 2052 1146 2118 violentiam,
1176 2061 1229 2106 et
1260 2053 1552 2121 angebatur
1583 2053 1784 2117 animo,
1826 2067 1893 2106 ne
1920 2051 2053 2105 forte
2079 2065 2194 2106 me-

619 2141 784 2194 moria
807 2156 989 2195 eorum
1017 2158 1134 2211 qua:
1162 2143 1285 2196 olim
1315 2143 1449 2197 facta
1476 2153 1598 2198 sunt
1626 2143 1926 2214 impelleret
1953 2144 2098 2197 illum
2130 2143 2196 2196 ad

619 2230 855 2285 insidias.
905 2232 958 2285 4.
989 2231 1172 2296 Dicite,
1206 2233 1391 2303 inquit,
1425 2234 1627 2287 domino
1654 2251 1762 2286 meo
1794 2234 1933 2288 Esau
1961 2250 1978 2286 :
2002 2233 2094 2288 Sic
2115 2234 2197 2286 di-

619 2323 684 2375 cit
732 2338 901 2376 servus
937 2333 1050 2376 tuus
1078 2322 1236 2377 Iacob
1277 2343 1295 2378 :
1329 2323 1632 2394 Peregrinus
1664 2325 1737 2394 fui
1771 2341 1883 2378 cum
1927 2323 2122 2390 Laban,
2154 2333 2200 2377 et

621 2415 771 2483 longo
812 2423 1032 2482 tempore
1074 2415 1140 2468 ibi
1168 2425 1392 2468 moratus
1419 2432 1528 2468 sum
1558 2432 1712 2483 usque
1738 2431 1889 2480 nunc,
1923 2415 1975 2470 5.
2007 2424 2052 2468 et
2082 2431 2202 2467 con-

622 2505 838 2572 tigerunt
863 2505 986 2556 mihi
1014 2504 1176 2569 boves,
1203 2514 1250 2558 et
1278 2506 1454 2571 asinw,
1486 2515 1530 2558 et
1561 2521 1693 2567 oves,
1727 2515 1771 2558 et
1797 2506 1942 2569 servi,
1970 2515 2015 2558 et
2037 2505 2199 2557 ancil-

621 2595 703 2657 ltt',
729 2604 772 2648 et
815 2588 928 2648 misi
972 2607 1024 2648 ut
1051 2597 1436 2649 annuntiaretur
1462 2597 1665 2649 domino
1707 2611 1816 2647 meo
1846 2594 2007 2660 Esau,
2038 2605 2090 2647 ut
2117 2597 2198 2648 in-

623 2687 786 2738 veniat
812 2703 934 2755 puer
961 2697 1075 2741 tuus
1113 2688 1328 2757 gratiam
1358 2703 1526 2740 coram
1555 2699 1620 2740 te.
1674 2687 1900 2741 Attende
1937 2687 2204 2757 quomodo

631 2777 818 2829 timeat
855 2775 1068 2831 fratrem
1100 2793 1114 2830 :
1146 2786 1198 2832 et
1249 2787 1521 2846 propterea
1575 2778 1784 2846 placare
1833 2793 1954 2831 eum
1995 2778 2200 2845 volens,

629 2866 915 2934 praemittat
940 2867 1240 2936 signiﬁcans
1265 2869 1313 2922 ei
1345 2878 1398 2922 et
1431 2869 1656 2923 reditum
1688 2885 1839 2924 suum
1868 2879 1921 2924 et
1947 2870 2196 2925 substan-

626 2957 750 3009 tiam
770 2972 886 3026 quze
915 2956 1014 3010 sibi
1043 2958 1356 3026 contigerat,
1385 2967 1439 3013 et
1469 2959 1556 3012 ubi
1585 2969 1730 3012 tanto
1760 2969 1999 3027 tempore
2024 2976 2203 3015 mora-

629 3056 713 3100 tus
745 3046 920 3113 fuerit,
953 3055 1009 3101 ut
1037 3048 1244 3116 placato
1268 3050 1381 3116 ejus
1409 3048 1587 3103 furore
1625 3049 1948 3104 clementem
1979 3049 2204 3105 reddere

630 3139 838 3207 possit:
886 3139 934 3192 id
983 3140 1124 3208 quod
1163 3150 1216 3195 et
1274 3139 1470 3194 factmn
1519 3149 1626 3205 est,
1663 3141 1770 3195 Deo
1823 3157 1916 3195 cor
1950 3142 2089 3196 illius
2113 3142 2206 3196 de-

631 3229 914 3295 mulcente,
940 3238 993 3284 et
1019 3230 1162 3283 illum
1192 3231 1516 3285 tractabilem
1548 3231 1808 3285 exstincta
1834 3233 1910 3285 ira
1949 3231 2198 3288 faciente.

631 3321 760 3375 Nam
789 3323 830 3375 si
860 3322 1128 3376 Labanum
1157 3323 1245 3392 qui
1290 3331 1429 3376 tanta
1464 3322 1819 3377 concitatione
1849 3325 2204 3393 persequeba-

633 3423 736 3476 tur,
785 3412 1042 3467 deterruit
1072 3428 1163 3481 per
1200 3429 1261 3468 ea
1291 3429 1409 3483 quae
1447 3412 1514 3467 ad
1547 3414 1718 3482 ipsum
1747 3414 1956 3468 dicebat
1991 3434 2003 3467 :
2038 3415 2205 3468 multo

632 3505 796 3572 magis
823 3504 1036 3558 fratrem
1066 3505 1472 3558 mansuetiorem
1503 3519 1626 3573 erga
1642 3503 1843 3573 justum
1877 3503 2122 3558 reddidit.
2149 3505 2204 3560 6.

638 3594 837 3648 fleversi
859 3604 973 3648 sunt
993 3604 1184 3660 autem,
1211 3595 1397 3664 inquit,
1430 3596 1684 3648 dicentes:
1721 3594 1955 3648 Venimus
1997 3596 2065 3648 ad
2088 3596 2204 3662 [ra-

639 3693 764 3734 trem
785 3693 944 3747 tuum,
974 3692 1019 3734 et
1059 3683 1188 3735 venit
1222 3685 1272 3736 in
1311 3700 1569 3736 occursum
1590 3694 1748 3750 tuum,
1776 3694 1820 3738 et
1857 3685 2208 3757 quadringenti

634 3775 724 3826 viri
749 3790 862 3826 cum
883 3790 958 3826 ea.
979 3773 1111 3828 Vide
1126 3776 1390 3844 quomodo
1406 3787 1458 3830 et
1486 3776 1621 3829 istud
1645 3776 1813 3845 ipsum
1835 3789 1990 3846 auget
2006 3790 2205 3832 metum

635 3865 780 3931 justi.
814 3864 995 3934 Neque
1039 3867 1180 3919 enim
1208 3866 1407 3920 sciebat
1426 3866 1700 3921 evidenter
1721 3879 1955 3924 mentem
1983 3870 2162 3925 fratris
2192 3888 2205 3925 :

634 3955 725 4008 sed
745 3967 796 4009 ut
818 3955 998 4010 didicit
1021 3956 1405 4011 multitudinem
1424 3958 1744 4013 venientium
1763 3975 1882 4014 eum
1901 3960 2007 4026 illo,
2030 3961 2210 4016 formi-

635 4047 796 4109 davit,
825 4048 1099 4115 suspicans
1124 4063 1190 4102 ne
1213 4050 1360 4117 quasi
1386 4050 1437 4103 in
1460 4047 1658 4104 bellum
1682 4062 1865 4106 centra
1892 4067 1949 4106 se
1979 4054 2204 4119 veniret,

640 4147 692 4191 et
722 4137 789 4189 ita
819 4136 977 4190 vellet
998 4151 1299 4192 occurrere.
1329 4139 1379 4191 7.
1410 4137 1595 4192 Timuit
1625 4141 2002 4210 enim,.inquit,
2024 4142 2204 4209 Iacob,

634 4235 682 4279 et
711 4227 974 4294 perplexas
1012 4237 1136 4279 erat.
1181 4227 1430 4281 Formido
1461 4239 1690 4283 mentem
1727 4230 1842 4298 ejus
1876 4231 2205 4299 turbaverat,

637 4327 690 4370 et
740 4318 1011 4372 nesciebat
1062 4320 1186 4388 quid
1243 4321 1458 4388 faceret,
1505 4323 1596 4376 sed
1640 4325 1831 4377 mansit
1873 4325 2203 4393 perplexas:

635 4416 916 4476 propterea
958 4408 1130 4462 timuit
1157 4411 1308 4479 quasi
1338 4411 1406 4466 de
1427 4413 1595 4467 salute
1627 4429 1742 4479 sua,
1774 4423 2065 4469 etmortem
2087 4425 2209 4472 ante

635 4499 820 4552 oculos
870 4499 1090 4556 habens.
1125 4500 1301 4554 Divisit
1327 4515 1494 4555 autem
1533 4504 1585 4556 in
1622 4505 1748 4557 duas
1783 4515 1973 4559 turmas
2011 4522 2208 4560 omnem

639 4588 882 4656 populum
903 4592 994 4658 qui
1032 4607 1197 4643 secum
1242 4601 1367 4644 erat.
1395 4594 1446 4646 8.
1472 4593 1611 4646 Dixit
1636 4596 1788 4658 enim,
1829 4595 1888 4649 Si
1929 4596 2114 4649 venerit
2140 4596 2208 4649 ad

635 4688 670 4729 11
695 4695 858 4733 rinam
889 4696 1062 4746 unam,
1104 4690 1149 4733 et
1193 4685 1490 4751 percusserit
1534 4703 1668 4752 eam,
1710 4687 1804 4739 erit
1835 4687 1999 4740 adhuc
2026 4690 2204 4755 altera,

639 4786 748 4836 qua
775 4771 1065 4825 minabitur.
1097 4772 1240 4826 Talia
1271 4774 1620 4844 suggerebant
1655 4776 1701 4829 ei
1737 4776 1892 4829 timor
1936 4787 1988 4832 et
2017 4794 2205 4847 magna

641 4860 880 4916 formido.
915 4861 1112 4916 Videns
1144 4873 1317 4917 autem
1348 4879 1405 4918 se
1448 4867 1595 4933 quasi
1639 4866 1689 4918 iu
1726 4867 1822 4920 reti
1853 4870 2205 4937 comprehen-

639 4964 778 5014 sum,
807 4952 870 5004 ad
901 4952 1147 5006 invictum
1182 4953 1456 5007 Dominum
1470 4954 1721 5022 confugit,
1755 4964 1808 5009 ct
1833 4959 2208 5024 promissiones

641 5057 758 5110 qua:
784 5043 830 5095 ei
860 5042 1006 5097 facta:
1050 5053 1201 5098 erant
1221 5046 1409 5113 repetit
1437 5045 1505 5099 ab
1538 5048 1772 5100 omnium
1800 5047 1924 5114 Deo,
1963 5052 2109 5118 quasi
2138 5052 2212 5106 di-

641 5145 768 5184 cens
809 5131 876 5186 ad
922 5149 1042 5187 eum
1077 5152 1092 5188 :
1131 5134 1279 5188 Nunc
1307 5135 1450 5190 venit
1475 5143 1680 5204 tempus
1716 5137 1765 5190 in
1783 5153 1887 5207 quo
1916 5149 1968 5193 et
1994 5151 2209 5212 prepter

649 5224 1111 5292 primogenitorum
1146 5225 1389 5280 virtutem
1420 5267 1434 5289 ,
1467 5235 1520 5280 et
1557 5235 1772 5294 propter
1804 5231 2206 5296 promissionem

639 5329 758 5381 qua:
787 5329 817 5367 a
845 5324 892 5370 te
923 5317 1055 5369 facta
1087 5325 1168 5370 est
1203 5317 1353 5382 mihi,
1383 5317 1571 5386 dignus
1605 5317 1799 5373 habear
1826 5320 1913 5388 qui
1944 5332 2032 5376 tuo
2061 5324 2208 5392 adju-

643 5419 737 5456 ver
780 5406 1040 5470 praesidio.
1073 5406 1130 5462 9.
1179 5406 1318 5459 Dixit
1353 5408 1494 5461 enim
1521 5409 1680 5463 Iacob
1710 5429 1726 5465 :
1758 5410 1894 5464 Deus
1923 5415 2078 5480 patris
2114 5417 2208 5468 mei

641 5494 914 5562 Abraham,
940 5505 984 5549 et
1021 5495 1156 5551 Dens
1191 5499 1350 5564 patris
1375 5500 1472 5552 mei
1497 5498 1664 5564 Isaac,
1685 5513 1736 5555 tu
1758 5504 1844 5569 qui
1863 5505 2034 5557 dixisti
2062 5508 2204 5572 mihi,

651 5582 784 5637 l’mle
820 5587 872 5638 in
917 5597 1098 5640 terram
1137 5590 1405 5644 nativitatis
1427 5601 1561 5655 tute;
1606 5594 1692 5661 qui
1724 5596 1952 5648 evocasti
1981 5611 2083 5658 me,
2123 5597 2205 5650 in-

641 5676 770 5743 quit,
800 5677 865 5732 de
893 5687 1030 5734 terra
1059 5680 1248 5750 aliena,
1278 5692 1329 5737 et
1361 5684 1654 5753 prmcepisti
1688 5695 1741 5739 ut
1771 5685 1995 5742 redirem
2024 5687 2087 5744 ad
2118 5704 2206 5760 pa-

1308 396 1363 452 S.
1405 392 1681 451 IOANNIS
1725 383 2200 448 CllliYSOSTOMl
2243 384 2562 442 ARCIIIEP.
2604 385 3136 446 CONSTANTINOP.

3755 389 3868 446 508

2293 507 2426 552 trem
2460 515 2655 565 meum,
2698 503 2829 554 etin
2861 512 3052 556 terram
3086 501 3410 557 nativitatis:
3445 500 3532 556 1ο.
3576 500 3718 558 Satis
3740 501 3872 554 mihi

2287 593 2350 644 sit
2379 595 2393 623 ¹
2422 593 2484 646 de
2509 594 2648 646 omni
2667 594 2868 662 justitia
2891 603 2936 648 et
2958 596 3182 661 veritate,
3205 611 3358 663 quam
3386 596 3548 664 fecisti
3571 608 3726 662 puero
3755 604 3866 645 tuo.

2289 682 2525 737 Sufficiat
2555 685 2702 750 mihi,
2733 686 2920 755 inquit,
2953 687 3017 740 ad
3049 686 3343 742 subsidium
3374 687 3425 740 in
3453 685 3703 755 praesenti
3723 694 3866 739 tem-

2291 787 2438 841 pore.
2467 772 2566 840 Qui
2597 775 2737 828 enim
2761 790 2926 844 usque
2951 776 3014 830 ad
3031 791 3265 846 prarscns
3291 788 3498 847 tempus
3525 784 3723 830 tantam
3745 789 3874 844 erga

2293 878 2377 916 me
2404 862 2682 919 dcclarasti
2711 866 3118 934 providentiam,
3146 875 3298 935 potes
3322 869 3483 922 etiam
3507 882 3647 920 nunc
3660 865 3877 935 eripere

2293 968 2378 1008 me
2410 954 2478 1008 ab
2516 958 2822 1026 urgentibus
2854 959 3122 1028 periculis.
3161 959 3274 1014 Non
3306 960 3448 1013 enim
3479 959 3700 1029 ignoro,
3730 955 3879 1026 quod

2294 1045 2359 1100 In
2412 1048 2506 1102 isto
2543 1049 2719 1104 baculo
2754 1069 2861 1105 meo
2891 1053 3097 1106 transivi
3132 1051 3412 1106 Iordanem
3452 1067 3471 1105 :
3513 1049 3605 1106 sed
3655 1058 3875 1120 propter

2295 1146 2435 1192 tuam
2472 1139 2539 1195 de
2564 1156 2649 1196 me
2674 1143 3084 1198 sollicitudinem
3110 1186 3125 1210 ,
3153 1143 3245 1214 qui
3271 1143 3513 1198 baculum
3567 1142 3746 1197 solum
3777 1155 3880 1209 ge-

2295 1238 2444 1284 stans
2478 1231 2614 1285 abivi
2647 1233 2698 1287 in
2719 1242 2913 1288 terram
2943 1234 3191 1300 alienam,
3226 1233 3379 1288 Nunc
3401 1250 3515 1287 cum
3541 1232 3738 1286 duabus
3763 1241 3881 1284 tur-

2297 1320 2390 1373 mis
2412 1321 2609 1374 adveni.
2637 1322 2713 1377 Tu
2741 1324 2916 1392 igitur,
2964 1323 3207 1390 Domine,
3238 1325 3328 1394 qui
3356 1333 3555 1378 tantam
3587 1321 3718 1376 mihi
3747 1319 3884 1375 sub-

2297 1412 2545 1464 stantiam
2594 1412 2812 1482 largitus
2863 1430 2922 1468 es
2955 1456 2969 1479 ,
3010 1415 3097 1485 qui
3128 1425 3328 1469 tantum
3363 1416 3748 1470 incrementum
3787 1410 3885 1465 de:

2297 1501 2441 1566 disti,
2475 1517 2613 1556 nunc
2652 1504 2738 1557 11.
2790 1504 2944 1574 Eripe
2986 1521 3063 1558 me
3091 1505 3152 1559 de
3195 1522 3348 1558 manu
3375 1505 3548 1574 fratris
3574 1503 3672 1555 mei
3694 1500 3836 1555 Esai
3867 1516 3882 1555 :

2297 1597 2413 1664 quia
2445 1595 2594 1648 timeo
2634 1612 2724 1667 ego
2745 1613 2878 1659 eum,
2914 1614 2976 1650 ne
3017 1601 3146 1667 forte
3196 1599 3441 1666 percutiat
3476 1613 3573 1661 me,
3597 1605 3644 1648 et
3670 1604 3888 1647 matrem

2300 1703 2410 1740 cum
2453 1687 2639 1754 pueris.
2671 1687 2760 1742 12.
2791 1687 2868 1741 Tu
2889 1689 3061 1742 dixiin
3085 1706 3097 1740 :
3124 1687 3447 1758 Benefaciam
3472 1687 3579 1752 tibi,
3621 1699 3668 1740 et
3697 1700 3889 1755 ponam

2299 1793 2464 1830 semen
2503 1786 2644 1830 tuum
2673 1779 2799 1832 sicut
2837 1796 3042 1833 arenam
3080 1781 3254 1846 maris,
3291 1795 3403 1850 qua
3427 1779 3683 1832 numerari
3709 1777 3884 1846 nequit

2302 1888 2407 1941 pra:
2427 1872 2763 1925 multitudine.

2371 1964 2424 2016 2.
2455 1964 2614 2018 Iacob
2651 1965 2775 2033 petit
2811 1982 2842 2019 a
2879 1963 2985 2019 Deo
3020 1975 3074 2019 ut
3107 1982 3225 2019 suas
3255 1960 3606 2034 promissiones
3636 1963 3892 2029 impleat;

2304 2055 2510 2108 luctatio
2528 2052 2707 2108 Jacobi
2742 2072 2856 2108 cum
2884 2056 3062 2125 angelo
3085 2071 3104 2119 ;
3126 2057 3334 2108 mutatio
3373 2054 3588 2108 nominis
3606 2054 3658 2107 in
3681 2052 3852 2107 Israel
3873 2070 3894 2118 ;

2305 2165 2394 2201 cur
2421 2148 2643 2201 humana
2669 2149 2834 2218 ﬁgura
2859 2158 3137 2219 appareant
3171 2147 3360 2218 angeli.
3387 2177 3456 2186 —
3488 2146 3618 2200 Vide
3643 2146 3773 2216 justi
3802 2160 3893 2198 re-

2307 2237 2548 2305 ligiosum
2570 2239 2827 2303 animum,
2846 2224 3148 2309 et'probum
3176 2238 3419 2293 affectum
3450 2256 3462 2291 :
3495 2235 3766 2307 quomodo
3785 2250 3897 2291 non

2305 2331 2447 2384 aliud
2479 2331 2758 2385 Dominum
2790 2342 3054 2400 precatur,
3091 2348 3248 2401 quam
3278 2340 3336 2385 ut
3359 2345 3485 2384 suas
3507 2329 3901 2400 promissiones

2307 2422 2614 2491 adimplcat.
2632 2422 2698 2476 Et
2718 2422 2784 2476 de
2809 2422 3073 2492 prioribus
3090 2422 3322 2476 exhibita
3348 2421 3636 2491 gratiarum
3656 2420 3897 2485 actione,

2308 2515 2685 2582 confessusque
2721 2530 2778 2569 se
2799 2515 2998 2568 nudum
3031 2523 3084 2568 et
3103 2504 3350 2568 omnibus
3369 2512 3680 2567 destitutum
3705 2510 3757 2564 in
3782 2519 3902 2563 tan-

2311 2614 2417 2660 tam
2450 2605 2754 2674 perreuisse
2783 2602 3460 2673 abundantiam,snpplicat
3485 2611 3541 2655 ut
3564 2601 3629 2655 de
3652 2599 3901 2670 periculo

2311 2713 2370 2752 se
2416 2698 2622 2752 liberet.
2675 2696 2856 2751 Dixisti
2899 2698 3063 2760 enim,
3094 2695 3283 2765 inquit,
3315 2694 3514 2748 Ponant
3559 2709 3725 2746 semen
3753 2702 3900 2744 tuum

2310 2788 2438 2840 sicut
2463 2803 2667 2840 arenam
2699 2788 2873 2850 maris,
2901 2802 3014 2855 qua:
3037 2785 3347 2839 dinumerari
3369 2782 3554 2851 nequit.
3575 2780 3712 2836 Cum
3736 2781 3901 2851 igitur

2313 2879 2606 2932 orationem
2637 2893 2786 2932 suam
2810 2877 2876 2931 ad
2908 2877 3076 2931 Deum
3098 2876 3336 2942 fecisset,
3366 2885 3420 2930 et
3449 2874 3898 2944 supplicationem

2313 2985 2526 3039 precum
2557 2969 2856 3034 obtulisset,
2879 2968 3003 3022 facit
3027 2976 3081 3023 et
3109 2983 3262 3022 suum
3279 2966 3532 3020 ofﬁcium.
3571 2964 3636 3017 Et
3657 2963 3904 3031 acceptis

2311 3063 2642 3126 muneribus,
2684 3063 2872 3132 inquit,
2905 3079 2969 3117 ex
3007 3063 3070 3116 iis
3099 3077 3217 3131 quae
3245 3060 3519 3122 aﬁ'erebat,
3545 3059 3690 3112 misit
3717 3057 3901 3121 fratri,

2311 3171 2430 3210 cum
2448 3165 2778 3225 segregasset
2794 3172 2910 3225 qua:
2930 3155 3284 3218 mitterentur,
3305 3162 3356 3207 et
3373 3152 3620 3206 mandata
3638 3151 3901 3214 dedisset,

2313 3248 2380 3302 ita
2422 3256 2478 3302 ut
2527 3248 2830 3318 placaretur
2855 3249 3011 3301 etiam
3059 3261 3154 3314 per
3184 3245 3341 3298 verba
3372 3244 3582 3297 animus
3610 3242 3811 3307 fratris,
3845 3252 3904 3296 et

2311 3353 2438 3392 suus
2473 3340 2806 3392 nuntiaretur
2845 3337 3104 3391 adventus
3140 3337 3208 3406 (υ.
3257 3337 3341 3390 15.
3373 3364 3400 3376 -
3430 3333 3542 3403 19).
3585 3333 3675 3389 20.
3726 3331 3898 3386 Dicite

2311 3431 2475 3496 enim,
2503 3430 2692 3498 inquit,
2726 3428 2857 3483 Ecce
2882 3446 3005 3496 puer
3034 3438 3149 3482 tuus
3182 3427 3380 3480 advenit
3406 3433 3517 3495 post
3544 3440 3674 3487 nos;
3703 3435 3760 3478 ut
3786 3424 3898 3493 pri-

2312 3535 2454 3573 mum
2473 3519 2784 3573 redderetur
2804 3519 3024 3580 amicus,
3059 3528 3112 3572 et
3129 3526 3253 3572 tunc
3275 3517 3327 3570 in
3351 3515 3541 3570 faciem
3563 3514 3679 3584 ejus
3702 3529 3903 3570 occur—

2314 3619 2475 3667 reret.
2503 3609 2727 3663 Posthac
2762 3610 2916 3672 enim,
2953 3609 3144 3678 inquit,
3181 3607 3355 3662 videbo
3375 3607 3558 3676 faciem
3587 3608 3698 3676 ejus
3724 3622 3742 3660 :
3767 3606 3908 3675 forte

2315 3705 2446 3755 enini
2482 3710 2688 3770 accepta
2727 3702 2820 3754 erit
2863 3702 2908 3754 ei
2946 3701 3101 3772 facies
3143 3716 3271 3753 mea.
3309 3698 3399 3754 21.
3433 3697 3499 3752 Et
3537 3698 3908 3773 antecedebant

2316 3793 2448 3845 dona
2489 3791 2763 3845 secundant
2809 3791 2988 3861 faciem
3029 3791 3158 3861 ejus.
3203 3790 3400 3845 Verum
3450 3788 3591 3854 vide,
3645 3789 3916 3855 obsecro,

2317 3883 2633 3938 ineffabilem
2664 3882 2759 3937 Dei
2780 3883 3139 3946 clementiam,
3171 3891 3223 3936 et
3246 3881 3513 3951 quomodo
3530 3895 3744 3950 semper
3765 3895 3904 3934 con-

2315 3991 2445 4043 gruo
2462 3983 2703 4043 tempore
2720 3989 2868 4028 suam
2887 3973 3119 4026 declarat
3135 3972 3542 4041 providentiam.
3560 3971 3694 4028 Nam
3711 3971 3781 4026 de
3798 3971 3903 4025 La~

2317 4068 2418 4119 ban
2435 4065 2648 4134 quidem
2664 4065 2914 4134 quoniam
2933 4063 3107 4132 justus
3123 4063 3251 4117 nihil
3273 4063 3379 4116 tale
3395 4061 3788 4131 suspicabatur,
3809 4077 3904 4116 ne-

2314 4174 2417 4228 que
2446 4157 2652 4213 sciebat
2677 4156 2948 4211 Labanum
2980 4170 3100 4210 cum
3131 4165 3273 4210 tanta
3299 4156 3347 4211 vi
3380 4156 3630 4210 invadere
3659 4170 3718 4209 se
3738 4155 3901 4222 velle,

2315 4259 2370 4302 ut
2394 4249 2531 4303 clam
2563 4256 2866 4316 susceptum
2902 4247 2969 4300 ab
2997 4262 3056 4301 se
3102 4245 3394 4301 discessum
3423 4245 3788 4310 ulcisceretur,
3819 4245 3902 4298 di-

2315 4349 2456 4393 ctum
2481 4348 2562 4394 est
2581 4339 2890 4408 apparuisse
2906 4338 3149 4408 angelum
3173 4346 3334 4391 noctu
3360 4335 3594 4398 Labano,
3614 4345 3667 4389 et
3692 4351 3904 4404 repres-

2315 4434 2447 4487 sisse
2495 4432 2611 4501 ejus
2664 4432 2940 4500 impetum,
2997 4428 3410 4497 mandatumque
3448 4427 3660 4482 dedisse
3703 4443 3772 4483 ne
3813 4428 3906 4482 vel

2316 4539 2559 4591 asperum
2590 4522 2806 4576 verbum
2835 4522 3139 4590 loqueretur
3158 4520 3359 4575 Iacob:
3389 4520 3596 4574 dicebat
3620 4518 3789 4582 enim,
3817 4518 3905 4573 Ne

2317 4613 2535 4681 loquaris
2560 4630 2673 4665 cum
2689 4611 2848 4665 Iacob
2876 4613 3010 4664 mala
3029 4610 3177 4682 (Gen.
3204 4611 3291 4665 51.
3315 4609 3411 4679 24)
3443 4628 3456 4662 :
3481 4619 3536 4665 et
3562 4611 3662 4664 hoc
3693 4611 3764 4663 ita
3792 4608 3904 4663 dis~

2318 4705 2586 4771 pensabat,
2619 4719 2722 4772 quo
2743 4718 2836 4772 per
2857 4702 2994 4755 illius
3015 4701 3246 4770 linguam
3277 4709 3456 4754 notum
3483 4699 3630 4753 ﬁeret
3650 4699 3903 4767 justo,‘ut

2318 4794 2581 4848 ﬁdentiori
2613 4803 2755 4848 esset
2786 4793 2964 4845 animo
2991 4803 3262 4858 comperta
3294 4799 3436 4843 tanta
3470 4791 3559 4846 Dei
3601 4791 3651 4844 in
3679 4805 3738 4844 se
3771 4805 3902 4859 pro-

2315 4885 2561 4940 videntia.
2596 4883 2742 4938 Nunc
2773 4893 2970 4950 autem,
3002 4883 3122 4953 quia
3166 4882 3326 4935 frater
3367 4882 3620 4950 temporis
3664 4881 3902 4952 longitu-

2315 4980 2436 5032 dine
2482 4977 2749 5046 mitigatus
2792 4984 2927 5038 erat,
2962 4975 3339 5043 quieveratque
3386 4972 3463 5026 ira
3511 4982 3562 5028 et
3607 4971 3907 5041 indignatio

2315 5080 2500 5124 cootra
2530 5067 2691 5123 Jacob
2722 5084 2738 5121 :
2772 5068 2856 5122 hic
2881 5076 3056 5121 autem
3085 5066 3275 5120 anxius
3302 5074 3437 5130 erat,
3468 5067 3660 5119 timens
3692 5073 3748 5120 et
3787 5076 3904 5120 tre-

2317 5177 2466 5214 mens
2509 5160 2685 5213 fratris
2728 5173 3006 5212 occursum
3057 5175 3070 5209 :
3117 5157 3290 5210 bonus
3337 5156 3594 5210 Dominus
3636 5171 3741 5209 non
3787 5155 3905 5224 jam

2317 5250 2456 5303 Esau
2489 5249 2744 5319 prmcipit,
2775 5246 2928 5319 (nihil
2957 5248 3096 5301 enim
3127 5256 3313 5300 contra
3354 5245 3569 5299 fratrem
3601 5244 3905 5300 meditaba-

2317 5343 2444 5408 tur).
2478 5341 2569 5396 sed
2601 5343 2796 5409 justum
2827 5340 3047 5394 solatur.
3076 5339 3203 5392 Nam
3234 5347 3512 5408 postquam
3554 5339 3786 5392 misisset
3812 5339 3903 5392 of-

2319 5432 2547 5486 ferentes
2579 5447 2820 5498 munera,
2846 5441 2902 5486 et
2925 5432 3280 5496 dormivisset,
3308 5429 3398 5483 29.
3431 5427 3665 5484 Surreait
3683 5428 3734 5482 in
3755 5441 3907 5482 nocte

2317 5526 2425 5592 illa,
2458 5535 2504 5578 et
2534 5542 2713 5579 uxores
2742 5527 2868 5579 duas
2896 5536 2944 5580 et
2971 5527 3104 5593 ﬁlios
3133 5526 3409 5579 transmisit
3453 5525 3502 5578 in
3545 5524 3761 5577 transilit
3797 5522 3902 5577 Ia-

2379 5657 2742 5783 ;ﬁnzxta’tjoisl.
2773 5658 3034 5723 legendum
3075 5663 3182 5709 cst:
3211 5656 3334 5710 satis
3373 5655 3491 5708 mihi
3523 5661 3617 5716 est,
3643 5662 3695 5706 et
3733 5655 3858 5706 infra
3887 5672 3905 5710 ς

2429 5735 2470 5771 t‘t
2515 5734 2648 5771 nun.

2316 5731 2489 5775 mmcu
2515 5731 2648 5771 nunt.
