4170 6488
276 405 388 463 509

273 524 447 587 boclt;
479 520 569 577 2'5.
600 529 647 575 et
671 520 863 590 accepit
885 535 991 585 eos,
1020 528 1064 573 et
1102 517 1300 571 transiit
1328 528 1618 572 torrentem.
1649 516 1739 571 2i.
1774 514 1877 569 Re-

275 616 431 667 lictus
460 620 533 667 est
561 621 730 666 autem
752 610 917 665 Iacob
944 611 1107 677 solus,
1153 619 1200 664 et
1244 609 1529 664 luctabatur
1567 609 1716 662 homo
1762 622 1876 661 cum

271 720 357 759 eo.
403 702 584 773 Magna
634 700 843 757 Domini
892 701 1196 757 clementia.
1243 700 1505 767 Quoniam
1553 712 1877 756 occursurus

272 805 393 849 erat
419 793 588 861 fratri,
617 802 674 847 ut
702 793 862 847 sciret
891 794 1063 861 reipsa
1091 792 1234 862 quod
1266 791 1400 846 nihil
1433 806 1682 861 asperum
1730 790 1874 844 latu-

272 900 369 941 rus
394 892 555 949 esset,
586 884 639 939 in
669 882 835 955 figura
864 883 1096 938 hominis
1126 884 1315 938 luctari
1349 897 1470 939 cum
1506 883 1652 953 justo
1682 882 1872 936 voluit.

272 979 478 1035 Deinde
507 977 693 1034 videns
720 992 780 1033 se
809 977 949 1033 vinci
981 978 1085 1048 (a),
1125 976 1218 1033 25.
1262 976 1630 1048 Appreltendit,
1679 974 1868 1045 inquit,

270 1071 592 1126 latitudinem
629 1072 837 1143 femoris
874 1074 1005 1144 ejus.
1056 1069 1248 1125 Totum
1292 1080 1472 1125 autem
1521 1069 1624 1124 hoc
1672 1066 1869 1123 factum

269 1172 377 1229 est,
406 1171 465 1216 ut
488 1176 549 1218 se
588 1162 731 1219 illius
768 1160 1056 1217 humilitati
1088 1169 1490 1231 attemperaret,
1530 1160 1868 1215 formidinem

267 1268 331 1306 cx
360 1252 537 1307 anima
560 1253 690 1322 justi
718 1253 1001 1319 eximeret,
1042 1261 1097 1307 et
1132 1250 1478 1320 persuaderet
1516 1251 1587 1317 ei,
1634 1260 1693 1305 ut
1734 1249 1867 1305 citra

266 1357 524 1413 angorem
550 1343 699 1398 fratri
730 1351 1059 1398 occurreret.
1092 1341 1227 1397 Nam
1254 1357 1376 1397 cum
1401 1342 1663 1396 tenuisset
1689 1340 1871 1394 latitu-

263 1431 447 1487 dinem
491 1431 708 1487 femoris
743 1431 929 1497 Jacob,
964 1430 1228 1485 Emarcuit
1274 1430 1492 1486 latitudo
1526 1431 1733 1503 femoris
1770 1428 1869 1483 ,Ια-

262 1524 376 1587 cob,
407 1539 520 1577 cum
561 1524 926 1578 colluctaretur
963 1523 1051 1577 ille
1090 1539 1205 1577 cum
1245 1539 1325 1577 eo.
1366 1522 1572 1577 Deinde
1604 1531 1659 1576 ut
1702 1522 1864 1575 sciret

261 1613 431 1670 Iacob
463 1615 710 1671 virtutem
739 1615 855 1685 ejus
882 1630 1041 1684 quem
1068 1630 1251 1670 secum
1283 1615 1473 1670 luctari
1504 1614 1751 1685 putabat,
1779 1613 1864 1667 di-

259 1707 331 1761 cit
351 1708 420 1762 ad
442 1722 565 1762 eum
610 1725 624 1761 :
670 1706 763 1762 26.
811 1706 1021 1761 Dimitte
1053 1722 1172 1771 me;
1212 1707 1443 1761 ascendit
1487 1708 1620 1761 enim
1648 1723 1859 1760 aurora.

258 1799 514 1854 Sentiens
544 1798 705 1869 igitur
730 1798 904 1868 justus
926 1798 1349 1869 magnitudinem
1372 1798 1586 1854 virtutis
1606 1798 1739 1869 ejus,
1768 1799 1860 1869 qui

260 1891 376 1944 haec
400 1888 501 1944 sibi
527 1888 757 1953 dixerat,
789 1888 927 1943 dixit
963 1906 977 1943 :
1006 1888 1224 1945 Minime
1251 1900 1299 1944 te
1336 1890 1614 1956 dimittam,
1646 1889 1747 1944 nisi
1783 1892 1863 1944 nte

257 1980 592 2035 benedixeris.
625 1982 814 2051 Magna
844 1991 1211 2052 consequutus
1248 1998 1394 2047 sum,
1433 1991 1489 2037 et
1531 1998 1651 2053 qua:
1692 1997 1854 2053 supra

255 2069 584 2127 meam‘sunt
608 2072 917 2143 dignitatem
948 2091 963 2127 :
994 2088 1099 2129 non
1127 2074 1275 2144 prius
1312 2085 1364 2129 te
1402 2075 1726 2143 relinquam,
1753 2075 1856 2130 do-

254 2176 355 2217 nec
386 2161 815 2218 benedictionem
852 2178 881 2216 a
926 2172 977 2218 te
997 2164 1275 2235 accipiam.
1324 2164 1527 2220 Deinde
1562 2164 1712 2233 dicit,
1761 2165 1851 2221 27.

256 2252 412 2320 Quod
439 2269 622 2308 nomen
646 2262 789 2307 tuum
808 2255 923 2309 est?
954 2254 1080 2322 Vide
1108 2255 1300 2310 iterum
1328 2266 1586 2326 quantum
1611 2272 1731 2313 sese
1754 2258 1856 2314 ln-

251 2342 427 2398 miliet
449 2351 504 2398 et
524 2352 860 2414 attemperet.
883 2342 1019 2400 Nam
1045 2345 1091 2401 si
1116 2361 1223 2401 non
1248 2347 1652 2419 interrogasset,
1681 2350 1828 2405 nesci

252 2435 562 2505 vissetjusti
588 2437 824 2492 nomen?
846 2436 1059 2494 Sciebat
1078 2440 1260 2509 utique
1282 2458 1294 2492 :
1318 2440 1413 2495 sed
1433 2440 1852 2512 interrogatione

249 2527 362 2583 vult
387 2528 508 2598 ejus
542 2528 787 2583 fiduciam
816 2530 1068 2592 solidare.
1101 2541 1157 2587 et
1183 2532 1379 2587 docere
1408 2533 1527 2602 quis
1572 2534 1640 2588 sit
1680 2535 1772 2603 qui
1800 2535 1847 2589 ei

233 2618 517 2690 .loquatar.
547 2618 615 2673 Et
640 2629 922 2690 postquam
950 2620 1105 2689 dixit,
1134 2620 1323 2688 Iacob,
1346 2620 1437 2677 28.
1472 2623 1645 2693 inquit
1675 2640 1690 2676 :
1726 2622 1850 2678 Non

246 2709 512 2764 rocabitttr
559 2728 742 2765 nomen
782 2722 924 2766 tuum
961 2714 1145 2779 Iacob,
1186 2716 1275 2768 sed
1314 2713 1485 2769 Israel
1522 2716 1616 2769 erit
1665 2732 1848 2772 nomen

246 2810 415 2855 tuum.
445 2800 699 2869 Quoniam
722 2803 767 2857 si
791 2814 972 2858 contra
995 2803 1163 2859 Deum
1189 2806 1339 2876 fortis
1360 2807 1522 2879 fuisti,
1554 2807 1714 2861 multo
1740 2822 1852 2860 ma-

246 2894 323 2963 gis
351 2903 531 2947 contra
555 2894 781 2949 homines
804 2904 984 2967 potens
1002 2897 1123 2951 eris.
1151 2897 1340 2951 Vidisti
1363 2898 1636 2967 quomodo
1661 2908 1848 2953 osten-

244 2984 323 3039 dit
349 2995 516 3039 totam
554 3000 793 3053 causam,
824 2996 1041 3057 propter
1065 3002 1225 3058 quam
1257 2988 1392 3043 adeo
1429 3005 1488 3044 se
1513 2988 1748 3049 demisit.
1792 3001 1845 3046 et

242 3076 402 3132 simul
430 3077 611 3132 docuit
645 3077 846 3148 justum
888 3094 982 3149 per
1012 3078 1243 3134 nominis
1286 3080 1683 3150 itupositionem
1727 3082 1847 3151 quis

242 3178 385 3224 esset
405 3183 564 3239 quem
588 3169 782 3225 viderit
802 3178 855 3224 et
870 3171 1359 3239 comprehenderit.
1394 3171 1512 3226 Non
1544 3172 1680 3227 ulsra
1701 3173 1846 3228 enim

242 3260 499 3315 vocaberis
526 3260 709 3326 Iacob,
739 3262 829 3315 sed
852 3261 1024 3316 Israel
1050 3264 1142 3316 erit
1166 3280 1347 3317 nomen
1380 3274 1540 3317 tuum.
1570 3264 1729 3318 lsraél
1752 3279 1847 3318 au-

243 3361 379 3419 tem,
407 3352 452 3406 si
480 3353 600 3422 quis
629 3352 1029 3423 interpretetur,
1056 3364 1233 3420 sonat,
1260 3354 1458 3410 Videns
1483 3355 1670 3410 Deum.
1694 3353 1843 3422 Quo-

242 3443 384 3496 niam
413 3441 553 3497 sicut
578 3442 761 3497 videre
788 3443 989 3498 homini
1023 3444 1277 3512 possibile
1316 3453 1419 3511 est,
1451 3445 1617 3501 Deum
1658 3446 1843 3501 videre

242 3531 525 3586 meruisti:
557 3541 837 3603 propterea
875 3542 931 3588 et
966 3532 1105 3588 hanc
1146 3534 1561 3605 appellationem
1609 3535 1703 3590 tibi
1739 3535 1843 3590 im-

242 3639 409 3695 pono,
440 3635 497 3681 ut
525 3627 776 3682 erunibus
802 3627 1031 3697 posteris
1060 3628 1404 3683 manifestum
1440 3629 1532 3695 sit,
1568 3643 1727 3698 quam
1768 3631 1845 3683 vi-

240 3717 451 3774 sionem
477 3727 796 3789 assequutus
819 3719 1005 3774 fueris.
1036 3720 1103 3775 Et
1133 3719 1349 3790 subjicit
1375 3738 1387 3774 :
1424 3719 1677 3786 Quoniam
1707 3738 1843 3790 prte-

240 3809 445 3863 vafuisti
467 3820 644 3863 contra
673 3807 861 3876 Deum,
900 3819 945 3864 et
986 3819 1163 3864 contra
1194 3810 1425 3865 homines
1463 3820 1640 3881 potens
1682 3812 1781 3866 eris
1824 3830 1843 3867 :

241 3900 375 3955 nihil
403 3900 631 3970 amplius
661 3899 789 3956 time
825 3903 866 3967 ⁸,
895 3917 1069 3971 neque
1116 3903 1372 3957 damnum
1402 3902 1618 3974 aliquod
1646 3920 1843 3974 exspe-

239 4002 379 4058 ctes,
411 3992 553 4063 quod
580 3994 647 4048 ab
672 3994 851 4064 aliquo
876 3994 1035 4050 feras.
1072 3995 1203 4050 Nam
1231 3996 1321 4066 qui
1350 4004 1551 4051 tantam
1590 3998 1841 4054 virtutem

241 4084 523 4153 accepisti,
556 4094 614 4139 ut
638 4099 759 4140 cum
791 4086 900 4140 Deo
938 4086 1124 4142 luctari
1166 4087 1420 4153 valueris,
1463 4088 1633 4143 multo
1673 4090 1844 4162 magis

241 4175 493 4230 homines
521 4177 823 4246 super-abis,
849 4185 903 4233 et
930 4178 1153 4233 invictus
1183 4178 1433 4234 omnibus
1469 4181 1597 4234 eris.

311 4268 369 4324 ὅ.
412 4267 505 4323 liis
552 4268 937 4339 auditisjustus
986 4270 1375 4341 obstupescens
1422 4271 1840 4343 magnitudinem

238 4357 360 4427 ejus
388 4358 479 4428 qui
505 4373 689 4414 secum
716 4360 1144 4429 colloquebatur,
1174 4361 1305 4417 dicit
1333 4361 1382 4417 ei
1420 4379 1433 4414 :
1463 4361 1554 4417 29.
1584 4362 1843 4417 Annuntia

240 4448 371 4503 mihi
393 4464 577 4504 nomen
602 4460 763 4505 tuum.
789 4450 856 4505 Et
882 4452 1013 4506 dixit
1048 4467 1066 4505 :
1090 4451 1195 4506 Cur
1220 4453 1404 4524 quaeris
1425 4470 1609 4509 nomen
1636 4471 1801 4509 meum
1817 4455 1844 4509 2

241 4541 311 4597 Iit
339 4542 593 4597 benediteit
618 4558 754 4598 eum.
786 4542 930 4599 intra
955 4554 1076 4600 tuos
1097 4544 1317 4614 limites,
1354 4546 1551 4617 inquit,
1584 4562 1760 4613 mane,
1788 4558 1844 4604 et

241 4650 310 4689 ne
340 4635 753 4706 transgrediaris
795 4652 1099 4692 mensuram
1141 4648 1309 4693 tuam.
1342 4638 1435 4694 Vis
1470 4656 1644 4695 meam
1675 4641 1841 4697 bene-

240 4726 533 4782 dictionem
560 4728 841 4783 obtincre?
874 4729 1013 4785 Ecce
1037 4744 1159 4785 eam
1189 4730 1282 4785 tibi
1303 4730 1393 4786 do.
1428 4730 1564 4787 Dicit
1587 4731 1752 4799 enim,
1777 4731 1843 4786 Et

238 4819 498 4873 benedixit
540 4836 674 4874 eum.
715 4818 809 4875 50.
852 4819 921 4874 Et
959 4822 1176 4886 vocavit,
1210 4821 1419 4892 inquit,
1456 4821 1619 4876 Iacob
1662 4838 1844 4877 nomen

245 4909 342 4964 loci
371 4909 531 4976 illius,
564 4908 802 4980 Speciem
840 4910 953 4965 Dei.
1000 4910 1114 4965 Vidi
1150 4912 1283 4966 enim
1320 4910 1487 4967 Deum
1514 4912 1646 4983 facie
1669 4913 1738 4967 ad
1762 4912 1853 4984 fa-

243 4999 400 5063 ciem,
420 5007 469 5051 et
497 4999 641 5052 salsa
666 5004 807 5070 facta
834 5010 906 5056 est
934 5001 1108 5056 anima
1138 5019 1271 5056 mea.
1306 5002 1470 5058 Vides
1496 5012 1754 5073 quantum
1793 5006 1843 5061 ei

243 5090 454 5146 fiduciae
480 5106 509 5144 a
551 5091 757 5147 visione
794 5094 865 5148 sit
901 5094 1167 5150 inditum?
1198 5095 1358 5151 Salsa
1404 5097 1545 5167 facta
1570 5106 1643 5151 est
1672 5097 1845 5152 anima

306 5220 326 5286 ἓ
604 5225 735 5286 ζιελ»
757 5220 995 5286 ﬂentium
1017 5222 1225 5286 amplius
1241 5224 1380 5274 time.

306 5280 383 5342 (α)
416 5280 515 5349 itit:—
529 5282 692 5332 series
718 5294 779 5349 se
817 5280 1367 5349 uitricatam'exbibere
1409 5287 1579 5349 incipit
1610 5300 1624 5335 :
1660 5298 1772 5349 nam
1803 5289 1847 5337 si

245 5340 768 5420 ‘E‘EP‘E‘ESPHQ
791 5345 939 5420 Ψίίίξ
959 5354 1011 5420 et
1042 5347 1097 5420 ίιξ
1117 5348 1449 5420 ’κρυφίμὲ

245 5411 343 5463 tur,
368 5403 516 5453 Jaoob
533 5404 645 5475 ipse
667 5406 720 5475 in
742 5404 870 5457 lucta
895 5409 1049 5459 victus
1070 5406 1239 5470 fuerit,
1264 5403 1371 5471 ipse
1398 5410 1586 5475 dixerit
1609 5423 1623 5459 :
1653 5403 1848 5475 pirrat'te

244 5478 340 5522 uss,
364 5464 583 5516 ascendit
599 5464 727 5517 enim
747 5480 945 5519 aurora.
993 5475 1047 5519 Et
1082 5464 1248 5521 tamen
1281 5464 1376 5520 iton
1409 5472 1552 5521 modo
1582 5471 1849 5521 Hebraieus

246 5534 434 5595 textus,
465 5539 736 5595 omnesque
764 5535 1066 5594 interpretes
1096 5532 1202 5583 haec
1224 5532 1375 5582 verba
1396 5533 1564 5583 dicunt
1592 5544 1706 5583 esse
1728 5534 1849 5595 eius

243 5586 625 5660 Stilum?!”
649 5586 758 5660 ἐυω
782 5604 871 5653 eo;
897 5586 991 5660 sed.
1010 5607 1119 5660 mss
1162 5595 1534 5660 mammas
1563 5596 1688 5645 infra
1709 5586 1846 5660 diéit.

244 5649 459 5718 ξαιιίερμ
476 5649 804 5718 siturum
828 5649 1211 5718 anguinum
1254 5649 1445 5718 arma:
1487 5657 1595 5718 ejus
1638 5655 1721 5718 qui,
1756 5649 1850 5718 ubi

244 5708 349 5761 lucc
374 5708 588 5781 diaei’at.
606 5708 932 5773 Quamobrem
949 5717 1142 5781 videtur
1154 5719 1333 5781 _serles
1359 5708 1662 5781 aliquantum
1680 5716 1849 5766 vitiata

246 5785 378 5823 esse.
406 5780 517 5845 ῠῳι
539 5782 635 5832 est.
658 5783 868 5839 textum,
902 5776 1039 5832 nullo
1082 5778 1383 5845 mﬁ-agsnto
1416 5776 1613 5841 codice,
1655 5785 1849 5830 mutare

254 5835 676 5888 unanimus.

1314 396 1376 458 IN
1407 402 1559 459 CAP.
1603 400 1818 458 XXXII.
1854 398 2099 457 CENES.
2140 400 2371 456 llU-MIL.
2412 400 2595 457 LVIII.

3491 408 3595 464 διο

1987 529 2133 581 mea,
2188 531 2307 585 qure
2355 526 2474 572 erat
2524 518 2909 589 propemodum
2960 530 3170 577 mortua
3214 536 3329 594 pne
3376 524 3589 583 timore.

1984 603 2249 671 Quoniam
2292 606 2472 663 videre
2502 609 2633 662 tnihi
2672 609 2856 664 datum
2897 620 2981 665 est
3027 612 3195 667 Deum
3241 614 3375 670 facie
3414 614 3481 670 ad
3514 615 3593 670 fa-

1982 696 2144 758 cient,
2176 695 2337 751 Salva
2357 697 2497 768 facta
2525 708 2599 753 est
2627 699 2800 754 anima
2831 716 2961 757 mea.
2995 702 3085 756 5i.
3137 701 3294 757 Ortus
3319 714 3394 759 est
3426 713 3592 761 autem

1981 783 2027 837 ei
2054 785 2151 847 sol,
2180 787 2384 852 quando
2406 789 2650 857 praeteriit
2674 789 2801 843 visio
2830 788 2944 843 Dei.
2973 789 3166 846 Vidisti
3197 794 3470 861 quomodo
3510 795 3592 851 in-

1981 872 2221 930 firmitati
2244 875 2494 933 humana:
2527 878 2785 934 Dominus
2829 894 2949 937 sese
2989 890 3377 953 attemperans,
3407 888 3587 943 omnia

1978 965 2087 1033 agit
2116 974 2169 1019 et
2198 974 2409 1033 tractat,
2436 976 2493 1022 ut
2522 982 2672 1022 suam
2705 969 3090 1040 benignitatem
3116 974 3389 1031 declaret?
3424 976 3492 1032 Et
3521 994 3589 1034 ne

1977 1054 2285 1123 admireris,
2330 1055 2546 1123 dilecte,
2578 1058 2724 1130 quod
2763 1068 2908 1115 tanta
2948 1061 3020 1117 sit
3057 1062 3405 1135 indulgentia:
3443 1066 3589 1125 illius

1978 1147 2327 1216 magnitudo:
2355 1148 2449 1203 sed
2475 1151 2645 1221 rogita
2673 1152 2943 1221 quomodo
2981 1161 3038 1208 et
3076 1155 3416 1224 patriarchas,
3460 1174 3585 1215 cum

1975 1238 2115 1308 apud
2147 1254 2401 1308 quercum
2425 1242 2667 1310 sederet,
2693 1241 2744 1296 in
2776 1241 3010 1298 hominis
3039 1245 3203 1315 figura
3231 1262 3352 1301 cum
3377 1249 3586 1319 angelis

1975 1327 2173 1398 hospes
2198 1330 2383 1397 fuerit,
2410 1333 2739 1402 prresignans
2780 1334 2939 1390 nobis
2965 1335 3077 1405 jam
3112 1338 3283 1392 multo
3326 1350 3484 1394 antea
3528 1350 3585 1396 et

1972 1418 2041 1471 ab
2068 1418 2221 1474 initio
2250 1434 2310 1475 se
2338 1421 2627 1477 humanam
2654 1434 2899 1479 naturam
2926 1436 3301 1497 suscepturum
3330 1444 3452 1485 esse
3472 1470 3491 1498 ,
3522 1441 3580 1487 ut

1971 1510 2049 1565 sic
2068 1525 2282 1567 onmem
2310 1513 2597 1569 humanam
2624 1526 2873 1573 naturam
2915 1531 2946 1571 a
2974 1518 3174 1574 diaboli
3203 1520 3486 1591 tyrannide
3517 1524 3581 1578 li-

1972 1602 2206 1671 beraret,
2238 1616 2289 1660 et
2319 1605 2386 1660 ad
2412 1607 2643 1662 salutem
2675 1608 2979 1665 reduceret.

2052 1694 2252 1750 Veritas
2295 1697 2665 1753 incarnationis
2710 1700 3046 1767 declaratur;
3087 1702 3447 1771 beneficiorum
3486 1704 3579 1760 Dei

1968 1799 2295 1843 monumenta
2324 1790 2377 1845 in
2406 1790 2777 1863 Scriptura.-——
2791 1792 2990 1847 Verum
3022 1802 3147 1848 tunc
3173 1795 3415 1865 quidem,
3441 1812 3577 1867 qun-

1969 1878 2110 1933 ttiam
2143 1879 2288 1935 initia
2319 1893 2373 1935 et
2402 1883 2663 1953 principia
2692 1893 2865 1949 erant,
2904 1887 2959 1938 in
2984 1884 3149 1956 figura
3182 1887 3471 1958 unicuique
3506 1889 3574 1944 il-

1967 1968 2140 2025 lorum
2168 1972 2481 2042 apparebat,
2508 1974 2649 2029 sicut
2682 1975 2797 2045 ipse
2831 1991 2927 2046 per
2950 1977 3115 2030 alium
3145 1978 3462 2047 pr0pltetatn
3494 1980 3577 2035 di-

1964 2061 2035 2114 cit
2064 2076 2081 2115 :
2113 2060 2225 2132 Ego
2255 2063 2471 2119 visiones
2497 2066 2853 2137 multiplicari,
2875 2077 2921 2121 et
2949 2068 3000 2121 in
3026 2070 3262 2124 amnibus
3292 2072 3568 2141 prop/tcta-

1951 2160 2076 2205 ‘rum
2102 2155 2415 2211 assimilatas
2455 2173 2567 2210 sum
2605 2157 2760 2228 (Osee
2810 2160 2896 2214 12.
2934 2159 3026 2231 l0)
3072 2177 3086 2214 :
3132 2160 3349 2231 quando
3391 2173 3570 2221 autem

1959 2243 2215 2317 dignatus
2236 2256 2320 2303 est
2350 2248 2606 2305 Dominus
2629 2250 2919 2306 humanam
2944 2249 3172 2308 formam
3197 2256 3494 2325 suscipere,
3518 2268 3574 2314 ct

1961 2338 2222 2406 primitias
2252 2350 2463 2395 nostras
2492 2342 2752 2411 recipere,
2787 2359 2892 2397 non
2923 2344 2975 2397 in
3008 2344 3173 2415 ﬁgura
3207 2362 3379 2416 neque
3404 2363 3572 2418 appa.

1960 2437 2171 2484 rentem
2200 2439 2406 2485 tantum
2437 2446 2681 2497 carnem,
2710 2432 2805 2487 sed
2834 2448 3025 2488 veram
3051 2434 3244 2491 induit.
3282 2436 3349 2491 Et
3369 2453 3569 2508 capro-

1959 2528 2076 2586 pter
2118 2521 2287 2575 voluit
2332 2536 2429 2591 per
2469 2523 2649 2577 omnia
2696 2535 2876 2578 nostra
2924 2526 3189 2593 transire,
3234 2542 3296 2582 ex
3343 2529 3572 2585 muliere

1957 2612 2127 2678 nasci,
2158 2612 2335 2669 infans
2364 2612 2502 2681 ficri,
2546 2615 2848 2685 panniculis
2892 2616 3115 2684 involvi,
3140 2626 3195 2672 et
3232 2618 3367 2673 lacte
3399 2621 3566 2687 pasci,

1955 2703 2168 2774 alioque
2211 2706 2390 2761 omnia
2436 2705 2602 2775 ferre,
2638 2715 2695 2762 ut
2735 2707 3154 2777 dispensationis
3201 2709 3399 2765 veritas
3439 2726 3565 2767 creo

1953 2792 2173 2850 dibilior
2227 2806 2407 2861 esset,
2463 2808 2517 2852 ct
2565 2797 2943 2853 lurreticorum
3004 2813 3099 2853 ora
3161 2799 3565 2856 obturarentnr.

1956 2886 2243 2956 Propterea
2302 2897 2358 2943 et
2412 2888 2614 2943 dormit
2670 2889 2723 2943 in
2783 2889 2945 2954 navi,
3017 2898 3074 2943 et
3132 2889 3233 2944 iter
3292 2890 3451 2956 facit,
3510 2902 3569 2947 et

1952 2978 2237 3049 fatigatur,
2288 2988 2342 3034 et
2390 2980 2569 3033 omnia
2618 2979 2851 3034 humana
2901 2980 3169 3045 sustinet,
3219 2990 3277 3034 ut
3324 2996 3420 3051 per
3474 2996 3563 3038 res

1952 3068 2098 3140 ipsas
2166 3069 2436 3139 certisque
2493 3070 2828 3138 argumentis
2896 3070 3219 3137 persuadeat
3288 3071 3564 3128 omnibus.

1950 3158 2179 3231 Propter
2208 3159 2313 3214 hoc
2357 3160 2521 3214 etiam
2564 3160 2816 3215 tribunali
2862 3160 3072 3227 adstat,
3109 3169 3166 3217 et
3209 3162 3561 3235 crucifigitur,

1949 3260 2286 3321 mortemque
2315 3251 2549 3305 sustinet
2576 3251 3164 3321 ignominiosissimam,
3196 3261 3252 3307 et
3293 3256 3344 3307 iu
3385 3256 3565 3326 sepul-

1949 3355 2043 3395 cro
2073 3343 2309 3411 ponitur,
2345 3351 2404 3397 ut
2440 3357 2536 3398 sua
2581 3343 2881 3398 incarnatio
2911 3359 3009 3414 per
3032 3344 3213 3399 omnia
3254 3346 3347 3401 fiat
3391 3348 3565 3402 mani-

1948 3434 2106 3490 festa.
2139 3435 2271 3490 Nam
2299 3435 2345 3490 si
2375 3452 2481 3491 non
2518 3451 2646 3491 vere
2686 3450 2907 3491 carnem
2944 3446 3186 3492 nostram
3224 3439 3515 3509 assumpsit
3546 3456 3559 3494 :

1950 3542 2124 3598 neque
2149 3526 2441 3583 crucifixus
2464 3535 2569 3593 est,
2602 3541 2779 3597 neque
2802 3538 3067 3594 mortuus,
3092 3541 3267 3597 neque
3297 3528 3562 3598 sepultus,

1950 3634 2123 3689 neque
2163 3620 2478 3674 resurrexit.
2522 3618 2676 3688 Quod
2708 3619 2753 3674 si
2780 3634 2887 3673 non
2917 3618 3242 3685 resurrexit,
3288 3620 3466 3676 omnis
3493 3621 3563 3677 de

1951 3710 2321 3765 incarnatione
2350 3726 2533 3767 sermo
2558 3712 2852 3767 subversus
2881 3719 2986 3767 est.
3023 3710 3185 3766 Vides
3215 3711 3268 3765 in
3299 3721 3558 3782 quautam

1950 3798 2339 3855 absurditatetn
2364 3800 2611 3855 incidunt
2636 3801 2728 3871 qui
2753 3800 2951 3856 divinae
2978 3801 3274 3873 Scriptura:
3294 3814 3563 3859 cntionem

1947 3890 2100 3960 sequi
2157 3890 2384 3958 nolunt,
2439 3892 2535 3947 sed
2588 3891 2703 3947 suis
2764 3892 3184 3963 cogitationibus
3246 3892 3563 3963 permittunt

1946 3981 2169 4035 omnia?
2214 3982 2410 4037 Verum
2458 3984 2598 4039 sicut
2643 3984 2730 4037 hic
2777 3984 3059 4055 perspicua
3089 3992 3175 4038 est
3221 3984 3443 4051 veritas,
3488 3984 3558 4037 ita

1946 4071 2086 4141 apud
2121 4072 2329 4141 justum
2360 4073 2513 4129 illum
2565 4074 2735 4145 figura
2778 4072 3025 4144 quaedam
3070 4082 3208 4138 erat,
3260 4089 3358 4145 per
3395 4090 3563 4145 quam

1944 4163 2128 4233 justus
2158 4165 2342 4221 multis
2369 4168 2705 4238 argumentis
2732 4168 2935 4223 certior
2975 4166 3151 4229 ﬁeret,
3184 4180 3441 4237 quantam
3474 4170 3562 4223 sui

1946 4271 2128 4312 curam
2162 4258 2301 4313 Deus
2346 4258 2592 4327 haberet,
2640 4270 2695 4315 et
2748 4261 3005 4316 invictum
3054 4275 3115 4315 se
3160 4260 3397 4315 futurum
3437 4275 3562 4317 esse

1946 4350 2199 4404 omnibus
2228 4351 2317 4421 qui
2349 4351 2451 4407 sibi
2482 4352 2886 4407 iusidiareutur.
2919 4352 3143 4417 Deinde,
3172 4363 3226 4407 ut
3261 4356 3559 4422 posteritati

1946 4448 2072 4493 nota
2103 4439 2255 4495 fieret
2280 4442 2398 4511 ejus
2428 4441 2585 4509 visio,
2621 4440 2966 4509 Claudicavit,
2996 4443 3190 4514 inquit,
3222 4444 3416 4512 femore
3434 4460 3558 4499 suo.

1949 4531 2038 4587 52.
2079 4531 2303 4603 PrOpter
2328 4534 2423 4588 hoc
2450 4551 2553 4589 non
2580 4534 2851 4589 comedunt
2891 4534 2990 4604 ﬁlii
3030 4533 3201 4589 Israel
3231 4552 3439 4589 uerrunt
3469 4538 3556 4605 qui

1946 4626 2214 4694 emarcuit,
2248 4628 2336 4698 qui
2377 4638 2449 4683 est
2490 4644 2644 4699 super
2688 4626 3011 4681 latitudinem
3038 4622 3267 4698 femoris,
3310 4643 3469 4698 usque
3508 4630 3569 4683 its

1947 4719 2082 4773 hunc
2111 4718 2245 4773 diem
2272 4734 2296 4774 ε
2323 4719 2445 4790 quia
2472 4719 2639 4791 attigit
2678 4734 2899 4773 nervum
2934 4733 3088 4787 super
3119 4717 3445 4771 latitudinem
3480 4722 3563 4790 fo-

1948 4811 2103 4866 moris
2122 4809 2306 4879 Iacob,
2334 4820 2381 4865 et
2403 4812 2671 4868 emarcuit.
2699 4809 2966 4879 Quoniam
2993 4810 3139 4865 enim
3170 4810 3349 4879 justus
3375 4808 3565 4879 impte~

1948 4904 2017 4959 tis
2042 4886 2166 4959 vita:
2207 4919 2320 4959 suae
2357 4904 2537 4972 annis,
2584 4905 2945 4976 emigraturus
2977 4912 3095 4960 erat
3136 4918 3205 4958 ex
3243 4901 3345 4959 hac
3383 4902 3500 4958 vita
3543 4922 3556 4957 :

1948 4998 2233 5068 Oportebat
2257 5006 2436 5054 autem
2466 4997 2860 5069 providentiam
2890 4998 2984 5051 Dei
3027 4997 3080 5051 in
3114 4996 3287 5061 illum,
3328 5004 3384 5051 et
3428 5004 3561 5051 tan-

1950 5100 2058 5145 tam
2088 5090 2181 5146 Dei
2208 5090 2713 5161 attemperationem
2750 5090 2897 5145 omni
2931 5089 3209 5144 hominum
3236 5087 3422 5159 generi
3453 5087 3558 5142 dc—

1949 5182 2142 5237 clarari
2172 5199 2185 5235 :
2219 5181 2381 5251 Ideo,
2400 5182 2593 5254 inquit,
2633 5199 2737 5237 non
2776 5183 3047 5237 comedunt
3094 5180 3192 5251 filii
3234 5178 3409 5235 Israel
3440 5197 3562 5234 ner-

1949 5292 2067 5330 vum
2109 5274 2397 5331 latitudinis
2433 5275 2663 5347 femoris,
2707 5276 2794 5347 qui
2838 5275 3107 5329 emarcuit.
3155 5272 3344 5329 Sciens
3372 5286 3567 5328 eorum

1950 5368 2238 5423 admodum
2268 5368 2530 5439 ingratam
2562 5377 2822 5435 mentem,
2862 5378 2919 5423 et
2961 5382 3122 5437 quam
3169 5365 3328 5422 facile
3364 5365 3562 5420 oblivi-

1951 5467 2169 5514 scantur
2188 5458 2280 5513 Dei
2306 5458 2587 5523 beneficia,
2615 5468 2873 5529 perpetuo
2892 5458 3109 5512 artibus
3128 5454 3449 5527 quibusdam
3478 5454 3561 5509 ef-

1954 5552 2065 5607 ficit
2103 5563 2159 5608 ut
2186 5565 2531 5609 monumenta
2570 5552 2804 5607 habeant
2846 5566 3037 5606 eorum
3082 5565 3203 5621 qua:
3241 5563 3273 5602 a
3316 5562 3375 5603 se
3422 5545 3561 5601 facta

1953 5654 2099 5712 sunt,
2134 5642 2488 5715 providetque
2514 5657 2571 5699 ut
2609 5644 2699 5698 illa
2738 5646 3069 5699 monimenta
3112 5655 3211 5713 per
3255 5637 3565 5708 hujusmodi

1955 5737 2359 5793 observationes
2383 5737 2791 5802 custodiantur;
2820 5734 2872 5791 id
2913 5732 3059 5805 quod
3103 5747 3200 5803 per
3228 5729 3567 5799 Scriptorum

1961 5838 2131 5886 totum
2145 5829 2409 5887 invenies.
2437 5828 2564 5885 llaec
2588 5828 2740 5884 enim
2759 5826 2999 5885 maxima
3023 5838 3187 5882 causa
3204 5831 3287 5881 est
3307 5816 3561 5893 plurima-
