4170 6474
597 416 693 471 511

596 546 712 584 rum
744 525 1198 592 Observationum,
1228 521 1368 594 quod
1398 520 1526 576 velit
1564 526 1818 590 perpetuo
1849 517 2051 571 futuras
2075 527 2166 582 ge-

597 621 898 676 nerationes
939 616 1181 688 meditari
1228 613 1484 668 beneﬁcia
1530 611 1643 676 Dei,
1684 616 1740 664 et
1779 622 1883 661 non
1917 603 2180 661 oblivione

598 725 846 779 umquam
872 707 1215 762 obliterantes
1241 703 1308 757 ad
1334 717 1462 756 suos
1489 714 1703 756 errores
1731 710 2011 752 recurrere
2046 711 2060 748 :
2090 693 2182 765 qui

597 817 713 860 mos
744 801 838 854 fuit
863 799 1166 854 Judatorum
1195 797 1423 852 maxime
1439 793 1586 865 genti
1612 792 1912 862 peculiaris.
1937 789 2068 844 Nam
2091 787 2180 858 qui

595 893 666 948 de
690 890 963 948 beneficiis
983 905 1127 959 saepe
1152 903 1414 943 summam
1444 901 1551 956 pra:
1579 899 1637 938 se
1665 883 1898 936 tulerunt
1924 881 2180 950 ingratam

596 987 958 1049 voluntatem,
1011 981 1175 1036 multo
1215 979 1406 1048 magis,
1451 977 1552 1031 nisi
1581 977 1682 1033 hoc
1724 973 1910 1027 fuisset
1960 971 2177 1036 factum,

595 1075 774 1130 omnia
803 1088 922 1143 qua:
961 1087 990 1126 a
1033 1072 1142 1126 Deo
1188 1071 1238 1123 in
1281 1070 1426 1138 ipsos
1458 1067 1592 1121 facta
1634 1074 1779 1127 sunt,
1814 1079 1845 1118 e
1877 1072 2053 1116 mente
2088 1077 2183 1116 sua

596 1165 935 1235 abiecissent.
974 1163 1238 1218 (lictorum
1279 1159 1552 1214 rideamus
1591 1171 1732 1210 nunc
1771 1152 2041 1225 quomodo
2073 1152 2182 1204 fra-

600 1259 666 1314 tri
703 1272 800 1311 suo
820 1254 1051 1310 Iacobus
1075 1251 1387 1308 occurrerit.
1416 1250 1701 1318 Postquam
1717 1247 1862 1302 enim
1894 1259 1956 1298 ex
1981 1243 2045 1297 iis
2065 1257 2184 1312 qua:

541 1417 546 1420 _
598 1351 732 1403 facta
760 1355 903 1410 sunt,
937 1345 1180 1399 idoneam
1203 1343 1409 1412 accepit
1431 1339 1851 1396 consolationem
1874 1347 1927 1391 et
1956 1335 2181 1404 prornis-

597 1446 803 1494 sionem
839 1436 982 1507 quod
1031 1435 1182 1490 fortis
1224 1433 1433 1488 futurus
1478 1439 1643 1498 esset,
1694 1438 1751 1485 et
1793 1438 1982 1498 potens
2020 1426 2184 1479 etiam

598 1537 782 1583 contra
812 1527 1072 1588 homines.
1108 1525 1158 1579 ί.
1193 1523 1416 1577 Elevatis
1443 1521 1603 1575 oculis
1633 1519 1777 1584 vidit,
1822 1526 1867 1571 et
1897 1532 2010 1570 ecce
2043 1514 2186 1568 Esau

598 1625 757 1691 frater
786 1619 916 1688 ejus,
946 1626 992 1670 et
1014 1614 1368 1685 quadringenti
1385 1613 1480 1666 viri
1501 1627 1622 1665 cum
1655 1626 1739 1663 eo.
1775 1608 1838 1662 Et
1884 1607 2048 1661 divisit
2091 1605 2185 1659 Ja-

599 1711 689 1765 cob
716 1726 898 1779 pueros
922 1708 990 1760 ad
1016 1706 1161 1760 Liam
1184 1716 1230 1758 et
1258 1703 1471 1769 Rachel,
1501 1712 1546 1756 et
1589 1702 1718 1754 duas
1751 1699 1984 1753 ancillas.
2020 1697 2076 1751 2.
2121 1697 2186 1750 Et

606 1803 771 1870 posuit
800 1801 927 1852 duas
969 1799 1180 1851 ancillas
1222 1806 1268 1849 et
1298 1810 1504 1864 pueros.
1530 1810 1704 1847 eorum
1744 1793 1795 1844 iu
1838 1789 2104 1860 principio,
2143 1801 2186 1842 et

603 1893 749 1945 Limn
775 1901 819 1944 et
846 1906 1026 1960 pueros
1052 1890 1160 1959 ejus
1188 1897 1358 1958 postea
1380 1927 1395 1951 ,
1439 1896 1486 1940 et
1532 1885 1726 1939 Rachel
1772 1900 1832 1936 ac
1865 1881 2056 1952 Joseph
2097 1898 2187 1951 po-

605 1985 906 2039 stremos.3.
945 1981 970 2035 Ι
979 1999 1066 2051 pse
1089 1992 1257 2035 autem
1295 1981 1545 2051 prwcessit
1579 1988 1696 2032 ante
1741 1994 1824 2031 eos
1867 1987 1916 2031 et
1959 1975 2187 2028 adoravit

604 2091 757 2145 super
795 2083 978 2126 terram
1017 2073 1218 2141 septies.
1249 2071 1406 2124 donec
1431 2069 1851 2141 apprOpinquavit
1884 2067 1950 2119 ad
1980 2066 2189 2135 fratrem

599 2186 749 2222 suum
773 2167 927 2239 (Cap.
955 2167 1080 2236 98).
1114 2166 1246 2220 Vide
1274 2165 1541 2235 quomodo
1570 2164 1832 2218 divisione
1872 2162 2006 2216 facta
2027 2202 2040 2225 ,
2075 2161 2189 2231 ipse

602 2275 712 2329 pra:
740 2259 988 2312 omnibus
1021 2257 1270 2312 occurrit.
1306 2254 1373 2309 Et
1407 2255 1640 2308 adoravit
1673 2270 1824 2325 super
1860 2263 2064 2317 terram,
2107 2252 2187 2304 in-

601 2351 733 2420 quit,
764 2350 963 2420 septies,
996 2349 1153 2401 donec
1183 2347 1611 2417 appropinquavit
1647 2345 1715 2397 ad
1757 2349 1965 2415 fratrem
1991 2360 2139 2398 suum
2173 2357 2190 2396 :

604 2457 698 2511 per
733 2449 934 2510 gestus,
966 2449 1022 2494 et
1049 2454 1142 2508 per
1171 2439 1534 2493 adorationem
1564 2437 1783 2491 fratrem
1817 2438 1868 2490 in
1914 2438 1992 2491 sui
2023 2437 2187 2490 bene-

601 2533 888 2586 volentiam
922 2544 1254 2598 provocans:
1287 2528 1337 2581 id
1365 2528 1504 2597 quod
1530 2537 1586 2581 et
1610 2527 1804 2581 factum
1832 2536 1932 2580 est.
1967 2527 2021 2580 ι.
2054 2525 2191 2578 Nam

604 2622 747 2676 Esau
771 2637 1057 2685 occurrens,
1084 2620 1273 2688 inquit,
1305 2619 1622 2688 amplexatus
1652 2629 1724 2672 est
1752 2635 1885 2682 eunt,
1912 2627 1959 2670 et
1989 2619 2189 2672 oscula-

605 2725 686 2767 tus
713 2723 803 2776 est,
831 2711 1137 2781 prociditque
1174 2712 1227 2764 in
1256 2711 1443 2764 collum
1472 2711 1581 2780 ejus
1612 2726 1630 2762 :
1670 2719 1716 2762 et
1745 2708 1935 2778 flebant
1963 2718 2188 2777 uterque.

676 2804 735 2856 ι.
780 2801 907 2855 Vide
936 2801 1386 2872 dispensationem
1419 2800 1513 2855 Dei
1545 2818 1558 2854 :
1589 2799 1730 2870 quod
1775 2799 1916 2854 enim
1957 2799 2072 2854 beri
2113 2800 2195 2854 di-

604 2895 811 2960 cebam,
834 2894 882 2948 id
905 2895 1194 2948 etiamnum
1221 2893 1414 2948 dicam.
1443 2892 1664 2961 Quando
1690 2894 1799 2946 vult
1820 2892 2058 2946 omnium
2086 2893 2190 2946 Do-

605 2989 782 3040 minus
825 3000 973 3040 suam
1017 3001 1139 3055 erga
1188 3001 1286 3041 nos
1332 2985 1606 3042 declarare
1655 2986 2063 3056 providentiam,
2099 3001 2194 3040 eos

607 3079 766 3133 etiam
793 3078 882 3147 qui
913 3078 1076 3132 atroci
1106 3078 1158 3131 iu
1206 3093 1302 3132 nos
1330 3078 1508 3132 animo
1537 3086 1681 3143 sunt,
1726 3077 1914 3132 ovibus
1947 3092 2194 3131 mansuc-

607 3169 771 3223 tiores
816 3167 959 3222 facit.
1006 3168 1295 3222 Considera
1341 3169 1499 3238 igitur
1543 3178 1794 3237 quantam
1845 3169 2193 3223 mutationem

606 3261 843 3315 declarat
888 3260 1330 3344 Esau..Accurrit
1378 3260 1542 3324 enim,
1589 3259 1775 3330 inquit,
1827 3260 1881 3312 in
1933 3275 2196 3313 occursum

606 3353 736 3422 ejus,
783 3361 831 3404 et
879 3352 1198 3422 amplexatus
1244 3367 1356 3405 eum
1407 3351 1662 3403 osculatus
1703 3359 1811 3414 est;
1859 3361 1905 3404 et
1952 3351 2195 3419 fleverunt

606 3445 769 3498 arrabo.
801 3444 895 3500 Vix
926 3443 1135 3497 tandem
1161 3444 1336 3512 jusms
1357 3443 1639 3512 respiravit
1661 3452 1714 3497 et
1743 3443 1987 3497 timorem
2011 3459 2197 3498 excus-

605 3536 692 3596 sit,
727 3534 1018 3587 animosior
1049 3534 1238 3586 factus.
1272 3534 1324 3588 5.
1352 3531 1575 3587 Elevatis
1601 3543 1768 3586 autem
1794 3535 1970 3599 oculis,
2004 3534 2191 3605 inquit,

609 3626 748 3680 Esau
774 3626 896 3678 vidit
935 3626 1168 3679 mulieres
1196 3633 1242 3678 et
1282 3641 1479 3693 pueros,
1513 3636 1557 3678 et
1601 3625 1750 3692 dixit,
1787 3625 1923 3691 Quid
1966 3627 2071 3680 haec
2109 3627 2196 3682 tibi

607 3718 761 3772 sunt?
787 3717 980 3772 Videas
1004 3717 1147 3770 enim
1179 3716 1355 3770 fratris
1385 3714 1684 3781 facultates,
1713 3717 1764 3770 iu
1790 3717 2192 3773 admirationem

606 3810 866 3864 adductus
885 3818 988 3876 est,
1014 3808 1133 3864 ideo
1154 3820 1210 3864 et
1234 3823 1420 3879 rogare
1439 3809 1626 3863 voluit:
1647 3809 1783 3876 Quid
1807 3811 1964 3879 igitur
1979 3810 2195 3879 justus?

611 3901 757 3965 Filii,
787 3900 974 3972 inquit,
1005 3911 1142 3965 sunt,
1169 3900 1347 3972 quibus
1394 3900 1784 3953 misericorditer
1812 3901 2016 3954 donavit
2059 3899 2196 3955 Deus

607 4010 804 4048 servum
831 4002 992 4045 tuum.
1026 3991 1160 4046 Vide
1184 3999 1441 4061 quantum
1465 3990 1890 4045 mansuetudinis
1911 3991 2073 4046 robur
2103 4010 2114 4045 :
2144 4002 2197 4046 et

610 4082 878 4152 quomodo
909 4099 1004 4152 per
1031 4083 1311 4136 verborum
1343 4081 1636 4136 modestam
1667 4081 2017 4136 humilitatem
2057 4083 2197 4137 illius

610 4173 1029 4244 indignationem
1057 4174 1216 4244 fregit
1241 4183 1295 4228 et
1319 4174 1598 4244 mitigavit.
1630 4173 1683 4228 ϐ.
1720 4172 1787 4226 Et
1815 4175 2198 4246 appropinqua-

611 4275 812 4330 vertmt,
842 4265 1031 4334 inquit,
1055 4265 1254 4319 ancillae
1278 4275 1324 4319 et
1349 4265 1466 4333 ﬁlii.
1494 4265 1549 4319 7.
1579 4264 1646 4318 Et
1671 4266 2010 4319 adoraverunt
2034 4266 2127 4320 Lia
2147 4277 2195 4321 et

611 4355 822 4408 Rachel.
869 4354 934 4409 Et
963 4356 1088 4409 dixit
1126 4371 1144 4409 :
1177 4356 1230 4411 8.
1280 4356 1417 4420 Quid
1447 4357 1553 4411 haec
1591 4357 1676 4411 tibi
1711 4367 1848 4424 sunt,
1893 4358 2064 4411 omnia
2103 4375 2194 4411 ca-

604 4456 710 4500 stra
735 4445 824 4499 illa
850 4461 964 4516 quas
992 4447 1115 4500 mihi
1140 4446 1336 4500 obviam
1360 4447 1640 4501 venerunt!
1664 4446 1764 4502 Ille
1807 4457 1976 4502 autent
2003 4448 2132 4502 dixit
2176 4464 2195 4503 :

609 4535 678 4592 Ut
703 4538 919 4591 inveniat
948 4555 1115 4592 servus
1143 4548 1258 4592 tuus
1284 4540 1501 4610 gratiam
1528 4557 1697 4594 coram
1728 4551 1792 4594 te.

681 4626 987 4684 Humilitote
1006 4630 1154 4683 vincit
1181 4633 1391 4700 fratrem
1411 4628 1592 4684 Jacob.
1612 4660 1683 4671 —
1697 4630 2010 4698 Considera,
2034 4632 2194 4687 obse-

605 4731 722 4785 cro,
752 4719 1020 4786 quomodo
1059 4719 1356 4775 humilitate
1401 4721 1602 4789 ingenti
1631 4719 1851 4775 fratrem
1877 4720 2133 4778 devicerit
2176 4741 2190 4777 :

606 4817 661 4864 et
683 4822 841 4878 quem
875 4807 1094 4877 putabat
1118 4809 1254 4864 affici
1279 4824 1404 4879 erga
1444 4823 1505 4864 se
1533 4809 1798 4865 hostiliter
1823 4818 1878 4865 ct
1921 4813 2192 4880 atrociter,

608 4897 682 4952 ita
712 4896 975 4951 invenerit
1018 4905 1350 4953 mansuetum
1385 4907 1442 4953 ut
1480 4899 1707 4955 voluerit
1748 4899 1801 4954 in
1844 4901 2192 4957 ministerimn

607 4986 727 5057 ejus
753 5002 914 5043 omne
957 4986 1193 5043 officium
1231 5004 1386 5046 suum
1427 4990 1722 5046 declarare.
1763 4993 1816 5048 9.
1850 4991 1994 5047 Dixit
2026 4995 2190 5060 enim,

606 5077 796 5147 inquit,
828 5088 944 5131 sunt
983 5078 1108 5132 mihi
1147 5080 1326 5145 multa,
1355 5081 1533 5150 frater,
1574 5083 1675 5137 sint
1712 5083 1798 5137 tibi
1843 5093 1949 5138 tua.
1999 5084 2192 5141 Verum

608 5184 781 5239 neque
810 5169 911 5224 hoc
941 5172 1180 5238 permisit
1205 5171 1402 5238 Iacob,
1432 5174 1528 5229 sed
1567 5184 1869 5231 monstrans
1899 5177 2081 5247 quanti
2113 5177 2192 5232 fa-

607 5265 713 5320 ciat
732 5264 848 5334 ejus
865 5264 1172 5331 amicitiam,
1192 5266 1382 5336 inquit.
1410 5267 1494 5322 10.
1525 5267 1588 5323 Si
1604 5268 1768 5323 inveni
1786 5271 2002 5340 gratiam
2022 5287 2193 5328 coram

606 5367 674 5421 te,
705 5356 876 5425 accipe
894 5357 1028 5414 dona
1047 5357 1111 5411 de
1132 5359 1360 5413 manibus
1386 5361 1528 5416 meis.
1559 5360 1696 5414 Nam
1725 5373 1931 5430 propter
1952 5364 2045 5416 hoc
2067 5364 2193 5418 vide-

607 5448 721 5500 bam
756 5447 937 5517 faciem
965 5459 1101 5503 luant
1121 5490 1136 5515 ,
1160 5452 1305 5519 quasi
1325 5452 1508 5523 aliquis
1534 5453 1696 5507 videat
1722 5456 1909 5508 vultum
1940 5455 2054 5509 Dei.
2092 5458 2193 5511 Ac-

607 5539 759 5609 cipe,
790 5537 996 5608 inquit,
1029 5539 1166 5595 dona
1207 5557 1326 5612 qua
1367 5557 1395 5596 a
1442 5559 1528 5599 me
1565 5544 1658 5598 tibi
1696 5543 2009 5600 offeruntur.
2061 5548 2189 5601 Cum

606 5637 748 5683 tanta
778 5630 919 5683 enim
943 5628 1270 5699 jucunditate
1296 5631 1402 5688 vidi
1433 5633 1618 5691 faciem
1651 5644 1816 5704 tuam,
1847 5652 1968 5692 cum
1996 5647 2189 5709 quanta

606 5720 725 5790 quis
755 5718 946 5775 viderit
979 5720 1070 5776 Dei
1103 5721 1311 5780 faciem.
1363 5725 1476 5780 [loc
1522 5729 1695 5798 magni
1740 5729 1978 5800 obsequii
2025 5731 2191 5800 gratia

604 5809 804 5868 dictum
835 5817 973 5869 ests
998 5810 1160 5884 justo,
1196 5824 1253 5871 ut
1280 5830 1400 5873 eum
1427 5815 1778 5888 demulccrct,
1806 5829 1857 5877 et
1894 5819 1961 5877 ad
2002 5820 2190 5878 frater-

1341 406 1399 463 S.
1437 401 1717 460 JOANNIS
1752 394 2229 457 CllllYSOSTOMi
2269 392 2586 450 ARClllEP.
2625 391 3160 448 CONSTANTINOP.
3780 383 3889 442 ΜΞ

2289 524 2409 561 uam
2435 506 2863 562 benevolentiam
2897 506 3135 560 duceret.
3169 503 3234 558 Et
3261 503 3627 571 beueptucitum
3653 501 3775 553 mihi
3806 507 3883 569 {a-

2285 600 2408 667 cies,
2433 599 2532 655 hoc
2544 610 2648 666 cst,
2661 607 2870 670 gratum
2899 598 3028 652 mihi
3053 597 3233 652 facies.
3254 597 3339 651 ll.
3363 596 3548 663 Accipe
3562 595 3718 665 igitur
3748 595 3835 646 ben
3845 611 3899 646 e-

2287 692 2531 746 dictiones
2571 708 2697 761 quas
2731 691 2882 744 attuli
2917 689 3005 742 tibi
3026 729 3039 753 ,
3069 689 3187 758 quia
3216 688 3448 740 misertus
3481 697 3551 740 est
3580 686 3678 740 mei
3708 684 3845 738 Deus
3869 722 3892 750 ,

2287 793 2333 834 et
2356 793 2474 835 sunt
2492 783 2615 835 mihi
2635 782 2824 835 omnia.
2851 779 2928 834 Nc
2950 780 3236 845 detrectes,
3261 778 3452 848 inquit,
3475 777 3740 846 accipere.
3764 777 3890 832 Ha-c

2288 875 2430 926 enim
2457 859 2688 926 omniaa
2723 873 2828 927 Deo
2852 870 3195 925 mihidouata
3228 877 3371 935 sunt,
3406 878 3459 922 et
3495 868 3578 923 hic
3619 865 3747 921 inihi
3788 865 3894 920 ho-

2288 981 2404 1019 rum
2436 965 2674 1019 omnium
2696 963 3061 1033 suppeditator
3085 961 3254 1016 factus
3277 970 3379 1016 est.
3409 957 3510 1015 Per‘
3539 975 3656 1029 qua:
3681 959 3892 1028 placide

2289 1065 2347 1109 et
2373 1056 2517 1109 illum
2540 1055 2742 1120 docuit,
2761 1063 2958 1125 quanta
2987 1069 3111 1124 erga
3134 1070 3192 1108 se
3223 1053 3380 1108 fuerit
3404 1053 3496 1108 Dei
3529 1052 3884 1118 providentia.

2288 1155 2341 1201 et
2367 1147 2541 1201 cili-cit
2573 1155 2629 1201 ut
2654 1162 2898 1216 magnam
2935 1146 3035 1201 sibi
3075 1155 3428 1201 reverentiam
3470 1145 3771 1198 exhiberet.
3823 1140 3893 1195 Et

2287 1238 2447 1306 coegit
2472 1253 2607 1302 eum,
2626 1247 2671 1289 et
2691 1239 2902 1307 accepit.
2936 1235 3072 1291 Vide
3102 1251 3242 1290 nunc
3263 1229 3633 1289 mutationem.
3678 1233 3746 1288 Et
3764 1233 3895 1287 dixit

2295 1329 2453 1394 Esaii,
2485 1329 2708 1398 Profecti
2735 1347 2905 1384 eamus
2935 1330 2986 1382 in
3008 1339 3192 1383 rectam
3221 1346 3239 1383 :
3267 1329 3378 1383 lloc
3401 1337 3482 1383 est
3504 1368 3519 1393 ,
3550 1342 3692 1380 nunc
3731 1326 3893 1380 simul

2291 1420 2392 1474 iter
2420 1419 2700 1474 faciamus.
2751 1419 2843 1474 Ille
2863 1429 3042 1475 autem
3072 1428 3320 1474 causatus
3346 1419 3625 1473 honestum
3655 1429 3888 1486 praetex-

2293 1519 2400 1564 tum
2437 1528 2449 1562 :
2481 1509 2727 1563 Dominus
2744 1527 2904 1578 meus,
2930 1509 3117 1580 inquit,
3150 1511 3243 1564 scit
3264 1511 3399 1578 quod
3423 1509 3517 1578 filii
3548 1509 3641 1561 mei
3671 1509 3889 1561 tenerio-

2293 1617 2392 1667 res,
2421 1610 2468 1653 et
2498 1615 2631 1666 oves,
2661 1610 2706 1653 et
2725 1600 2866 1654 boves
2891 1605 3023 1670 fwtaz
3051 1601 3148 1653 sint
3180 1616 3198 1653 :
3220 1601 3262 1653 si
3291 1600 3443 1670 igitur
3467 1601 3600 1667 sequi
3626 1615 3683 1650 ea
3710 1615 3891 1669 cogam

2291 1707 2391 1742 uno
2419 1690 2499 1742 die
2517 1731 2532 1756 ,
2565 1690 2858 1743 morientur.
2886 1690 3000 1743 Non
3027 1704 3242 1758 possum
3268 1731 3282 1755 ,
3324 1689 3510 1760 inquit,
3541 1689 3893 1744 accclcratius

2291 1782 2466 1836 facere
2495 1785 2612 1845 iter,
2629 1781 2723 1835 sed
2737 1797 2897 1852 cogor
2919 1782 3063 1836 lente
3083 1791 3136 1835 et
3150 1781 3472 1851 pedetentim
3491 1780 3762 1850 progredi,
3787 1791 3892 1832 tam

2293 1882 2511 1942 propter
2547 1888 2741 1942 pueros
2774 1888 2931 1942 quam
2979 1881 3194 1941 propter
3219 1872 3473 1940 pecudes,
3497 1882 3551 1924 ut
3573 1886 3676 1925 nou
3704 1871 3892 1925 labore

2296 1966 2519 2033 plurimo
2537 1964 2928 2034 percaut.\’ade
2945 1965 3120 2034 igitur,
3144 1964 3332 2034 inquit,
3350 1974 3404 2018 tu
3424 1979 3550 2034 :ego
3562 1973 3744 2020 autem
3767 1981 3892 2033 νειμ

2294 2071 2421 2110 cens
2452 2056 2618 2109 labori
2666 2071 2950 2125 puerorum
2979 2064 3032 2109 et
3065 2055 3325 2124 pecudum
3352 2097 3366 2122 ,
3395 2056 3709 2109 conveniam
3749 2066 3800 2110 te
3843 2059 3893 2109 iu

2294 2148 2430 2202 Scir.
2456 2147 2656 2214 Quibus
2673 2148 2867 2202 auditis
2885 2146 3046 2201 frater
3064 2147 3171 2202 :15.
3195 2147 3255 2202 Si
3284 2148 3376 2214 vis,
3399 2148 3588 2218 inquit.
3607 2150 3894 2218 relinquam

2295 2240 2490 2308 aliquos
2511 2257 2737 2294 meorum
2763 2241 2902 2310 apud
2927 2251 2992 2295 te.
3021 2239 3271 2295 Faciebat
3288 2244 3388 2296 hoc
3407 2243 3458 2296 in
3481 2245 3688 2312 signum
3713 2246 3894 2313 magni

2295 2333 2515 2385 honoris
2538 2343 2593 2387 et
2617 2332 2801 2386 officii.
2835 2332 2928 2387 llle
2954 2341 3129 2386 autem
3153 2333 3284 2386 nihil
3312 2334 3414 2387 tale
3433 2335 3659 2403 accepit.
3684 2333 3898 2388 Sufficit

2295 2426 2436 2479 enim
2468 2425 2618 2492 mihi,
2642 2426 2827 2496 inquit,
2851 2425 2990 2496 quod
3014 2441 3139 2480 vere
3164 2427 3339 2480 inveni
3368 2426 3589 2496 gratiam
3612 2443 3796 2481 coram
3821 2436 3894 2482 te.

2297 2517 2407 2570 lloc
2437 2533 2597 2571 unum
2624 2517 2752 2571 mihi
2778 2532 2921 2573 cura:
2951 2528 3085 2584 erat,
3118 2527 3175 2573 ut
3215 2519 3444 2573 amicum
3488 2527 3538 2574 te
3575 2520 3896 2574 invenirem.

2296 2607 2557 2674 Quoniam
2591 2610 2748 2678 igitur
2776 2609 2878 2664 hoc
2903 2617 3224 2680 assequutus
3246 2625 3386 2674 sum,
3416 2626 3519 2664 non
3546 2610 3771 2664 alterius
3796 2625 3898 2665 cu-

2293 2702 2524 2772 juspiam
2573 2703 2804 2773 indigeo.
2838 2704 2927 2757 l7.
2954 2701 3023 2756 Et
3063 2703 3339 2773 profectus,
3371 2704 3559 2773 inquit,
3589 2701 3752 2756 Iacob
3779 2705 3898 2776 fecit

2297 2797 2390 2848 sibi
2415 2796 2515 2865 ipsi
2542 2806 2587 2849 et
2608 2796 2849 2864 jumentis
2873 2796 2978 2851 suis
3003 2797 3328 2852 tabernacula
3355 2812 3374 2850 :
3401 2805 3668 2867 prOpterea
3705 2799 3900 2851 vocat-it

2298 2891 2462 2944 locum
2495 2889 2639 2943 illum
2669 2889 3041 2945 Tabernacula.

2369 2973 2422 3035 5.
2448 2979 2666 3035 Herulis
2687 2975 2950 3051 epilogus;
2989 2981 3217 3035 inimicos
3256 2981 3351 3034 sibi
3393 2980 3670 3035 conciliare
3711 2998 3903 3054 magna

2298 3074 2487 3136 virtus;
2534 3075 2863 3127 mansuetudo
2901 3084 3142 3143 quantam
3185 3073 3282 3125 vim
3322 3072 3520 3127 habeat.
3548 3102 3615 3114 —-
3645 3073 3774 3127 [lare
3798 3090 3903 3128 au-

2298 3167 2502 3221 dimites
2528 3166 2798 3220 imitemur
2833 3166 3033 3234 justum
3072 3165 3245 3231 illum,
3285 3174 3338 3219 ct
3374 3167 3617 3220 eamdem
3644 3165 3894 3220 exhibea-

2300 3275 2418 3312 Inus
2444 3256 2801 3311 humilitatem
2829 3257 2995 3311 animi
3021 3275 3033 3309 :
3063 3265 3116 3312 et
3140 3256 3184 3309 si
3215 3255 3302 3326 qui
3330 3265 3454 3311 sunt
3479 3257 3568 3327 qui
3597 3257 3737 3311 male
3769 3273 3898 3326 erga

2301 3363 2398 3401 nos
2429 3347 2725 3410 afficiantur
2751 3388 2765 3409 ,
2792 3361 2896 3400 non
2927 3347 3094 3416 magis
3124 3361 3310 3400 eorum
3340 3346 3856 3418 accendamusviram
3881 3390 3898 3412 ,

2299 3438 2393 3493 sed
2423 3453 2609 3508 magna
2639 3438 3044 3493 mansuetudine
3071 3448 3125 3493 et
3153 3439 3453 3493 humilitate
3482 3447 3586 3493 tam
3610 3439 3900 3495 verborqu

2298 3547 2456 3600 quam
2485 3546 2706 3601 operum
2734 3531 3087 3600 reprimamus
3112 3545 3296 3584 eorum
3328 3530 3652 3597 inimicitias,
3677 3542 3732 3586 et
3763 3531 3906 3586 indi-

2298 3630 2484 3690 gnatas
2507 3636 2691 3676 eorum
2725 3635 2974 3675 curemus
3001 3621 3228 3675 animas.
3252 3621 3386 3676 Vide
3411 3623 3552 3676 enim
3583 3624 3902 3692 sapientiam

2301 3712 2456 3780 hujus
2503 3712 2660 3781 iusti.
2696 3711 2968 3781 quomodo
2999 3710 3504 3783 magna'verborum
3545 3713 3784 3768 efficacia
3827 3715 3900 3768 ita

2301 3801 2446 3857 Esau
2473 3802 2754 3868 demulsit,
2786 3812 2843 3858 ut
2867 3813 2920 3858 et
2945 3803 3012 3858 ad
3042 3819 3163 3858 eum
3189 3804 3472 3860 colendum
3495 3805 3774 3862 festinaret
3796 3848 3812 3873 ,
3845 3817 3904 3863 et

2299 3893 2476 3949 facere
2493 3895 2651 3949 vellet
2671 3896 2847 3949 omnia
2874 3911 2992 3966 qua:
3019 3896 3084 3951 ad
3114 3896 3228 3966 ejus
3253 3897 3586 3967 pertinebant
3609 3899 3897 3956 honorem.

2300 3987 2412 4041 Hoc
2440 4002 2565 4042 vere
2597 4002 2820 4042 summa:
2844 3987 3052 4042 virtutis
3080 3998 3161 4043 est
3187 4028 3201 4052 ,
3233 3997 3290 4042 ut
3326 4005 3432 4043 non
3469 3990 3644 4046 solum
3674 4006 3771 4048 eos
3809 3994 3900 4062 qui

2300 4079 2437 4133 bene
2466 4079 2518 4133 in
2546 4095 2644 4134 nos
2671 4078 2975 4135 afficiuntur
2997 4122 3012 4147 ,
3044 4096 3235 4152 magno
3274 4082 3454 4137 studio
3487 4083 3772 4154 diligamus
3792 4126 3807 4150 ,
3847 4097 3902 4142 ct

2300 4169 2380 4224 cis
2404 4170 2650 4224 omnibus
2679 4170 2852 4226 modis
2879 4172 3174 4226 serviamus
3204 4188 3219 4224 :
3249 4171 3344 4226 sed
3373 4180 3431 4227 ut
3467 4174 3630 4228 etiam
3672 4190 3770 4230 eos
3809 4178 3900 4247 qui

2300 4259 2455 4315 nobis
2481 4259 2658 4316 infesti
2695 4275 2818 4317 esse
2839 4263 3044 4328 volunt,
3078 4262 3387 4318 assiduitate
3414 4263 3711 4320 officiorum
3742 4267 3900 4323 nobis

2299 4353 2647 4408 conciliemus
2692 4356 2910 4410 amicos.
2959 4355 3100 4412 Nihil
3140 4355 3281 4410 enim
3323 4358 3731 4415 mansuetudine
3783 4361 3902 4415 vio-

2301 4445 2516 4502 lentius.
2548 4445 2680 4501 Nam
2709 4448 2844 4503 sicut
2873 4464 3058 4519 rogum
3085 4449 3434 4506 vehementer
3458 4452 3734 4507 incensum
3759 4443 3924 4524 aqua.

2303 4537 2493 4606 injecta
2526 4539 2828 4608 restinguit,
2862 4540 2929 4593 ita
2961 4550 3015 4593 et
3040 4541 3275 4595 animum
3305 4545 3518 4597 camino
3548 4542 3716 4612 magis
3739 4558 3900 4599 exar-

2300 4629 2608 4686 dcscentem
2630 4671 2645 4696 ,
2673 4631 2894 4685 verbum
2926 4645 3046 4685 cum
3075 4632 3482 4688 mansuetudine
3512 4633 3774 4704 prolatum
3806 4652 3902 4690 ex-

2300 4721 2521 4790 stinguit
2550 4739 2562 4775 :
2593 4730 2646 4776 et
2682 4721 2874 4792 duplex
2907 4721 3029 4777 inde
3053 4723 3204 4778 nobis
3231 4723 3438 4779 lucrum
3467 4728 3747 4795 accrescit,
3785 4738 3896 4785 tum

2301 4813 2440 4883 quod
2471 4831 2567 4867 nos
2595 4817 3056 4870 mansuetudinem
3094 4815 3413 4872 exhibemus
3433 4860 3445 4883 ,
3474 4827 3586 4874 tum
3611 4819 3752 4890 quod
3788 4819 3901 4875 fua-

2308 4906 2403 4960 tris
2436 4905 2848 4976 indignationem
2880 4907 3150 4976 sedamus,
3177 4919 3230 4964 et
3253 4918 3486 4966 mentem
3518 4913 3633 4980 ejus
3659 4927 3688 4966 a
3715 4913 3900 4984 turba«

2303 5000 2444 5053 tione
2471 4999 2780 5055 liberamus.
2807 4999 2944 5068 Quid
2973 4999 3148 5068 enim,
3183 5001 3268 5057 dic
3296 5003 3462 5057 mihi?
3491 5005 3682 5058 Annon
3712 5019 3900 5077 reprc-

2301 5088 2491 5146 hendis
2530 5089 2745 5145 fratrem
2789 5101 2934 5145 tuum
2971 5100 3027 5146 et
3061 5107 3281 5148 accusas
3307 5093 3424 5163 ejus
3452 5094 3897 5164 indignationem,

2299 5180 2440 5251 quod
2475 5180 2741 5235 hostiliter
2764 5181 2835 5236 sit
2859 5181 3083 5238 affectus
3107 5198 3230 5253 erga
3259 5185 3348 5239 te?
3374 5184 3480 5240 Cur
3504 5185 3664 5255 igitur
3684 5200 3794 5241 non
3816 5187 3901 5242 di-

2299 5287 2452 5326 versa
2484 5273 2563 5326 via
2595 5272 2775 5327 studes
2802 5273 3070 5340 incedere,
3103 5275 3196 5328 sed
3230 5275 3344 5345 ipse
3377 5278 3544 5346 magis
3583 5279 3741 5334 irasci
3774 5281 3900 5336 vis!

2298 5363 2433 5417 Num
2466 5373 2640 5434 potest
2669 5364 2774 5433 igni
2810 5365 2946 5434 ignis
2973 5367 3278 5436 exstingui?
3306 5367 3586 5439 Repugnat
3613 5370 3715 5426 hoc
3740 5380 3899 5427 natu-

2299 5471 2393 5510 ιω.
2425 5457 2513 5510 Sic
2539 5471 2711 5525 neque
2739 5457 2882 5510 furor
2909 5457 3087 5513 furore
3111 5458 3217 5513 alio
3235 5458 3526 5516 demulceri
3551 5461 3746 5530 poterit
3778 5479 3897 5519 um-

2299 5562 2480 5617 quam.
2516 5546 2728 5601 Etenim
2755 5549 2894 5616 quod
2928 5549 3034 5616 igni
3065 5557 3147 5603 est
3175 5565 3310 5620 aqua
3330 5592 3346 5615 ,
3379 5552 3478 5605 hoc
3505 5561 3590 5605 est
3615 5553 3709 5608 irae
3735 5570 3898 5610 man-

2299 5636 2616 5692 suetudoct
2650 5638 2965 5694 moderatio.
3008 5639 3294 5711 Propterea
3323 5651 3375 5696 et
3403 5641 3649 5697 Christus
3683 5645 3900 5703 dicebat

2298 5728 2572 5800 discipulis
2605 5747 2618 5783 :
2649 5729 2709 5785 Si
2749 5730 3010 5803 diligentes
3035 5748 3120 5788 vos
3143 5733 3354 5804 diligitis
3377 5774 3391 5798 ,
3427 5750 3579 5805 quant
3615 5741 3898 5794 mercedem

2301 5821 2490 5876 habetis
2524 5820 2748 5893 (Matth.
2778 5823 2830 5880 5.
2862 5823 3010 5897 46)?
3055 5823 3256 5881 Dcindc
3287 5825 3454 5895 magis
3479 5824 3546 5881 ad
3576 5824 3675 5882 hoc
3701 5829 3898 5893 cohor-
