4170 6468
597 396 698 452 5ὶῦ

595 518 804 575 gerere,
835 513 889 556 tn
923 508 1097 552 autem
1122 507 1389 565 tamquam
1417 495 1556 548 illius
1581 493 1835 562 majorem
1860 504 2043 544 curam
2068 502 2161 558 ge.

602 611 747 661 rens,
773 594 1079 649 occasiones
1101 590 1174 643 illi
1200 588 1506 666 relinquere
1535 583 1740 651 studes,
1771 598 1890 652 qua:
1928 580 2170 636 submer-

599 701 726 758 gere
769 684 997 738 animam
1045 679 1162 750 ejus
1207 675 1453 733 valeant?

629 761 634 766 ’
667 775 910 827 Iuventus
933 770 1000 824 ad
1017 760 1202 823 malum
1220 767 1469 840 proclivis.
1479 767 1628 820 —An
1647 761 1821 819 nescis
1838 761 2169 832 iuventutem

605 881 698 936 per
727 866 955 934 seipsam
982 861 1047 916 ad
1074 861 1279 916 ruinam
1317 857 1604 928 proclivem
1645 868 1786 917 esse,
1815 860 1870 906 et
1910 848 1976 904 ad
2021 847 2174 902 mali-

604 960 728 1009 tiam
762 955 863 1008 levi
893 959 1166 1007 momento
1188 945 1470 1004 inclinarit
1494 944 1706 1016 quando
1737 951 1912 997 autem
1935 948 1990 994 et
2012 951 2172 1008 opum

603 1045 928 1101 afﬂuentiam
957 1039 1246 1111 acceperit,
1269 1039 1436 1093 multo
1472 1035 1638 1106 magis
1683 1033 1749 1088 ad
1795 1031 1993 1088 malum
2049 1043 2172 1098 pro-

602 1138 731 1192 ruit.
758 1135 908 1190 Sicut
933 1134 1074 1188 enim
1104 1133 1239 1203 ignis
1265 1145 1384 1186 cum
1417 1127 1652 1182 fmuitem
1684 1123 1884 1179 lnvenit
1902 1163 1918 1188 ,
1947 1120 2193 1194 validio-K

569 1279 571 1281 ,
604 1228 752 1282 ribus
798 1225 1021 1280 ﬂammis
1057 1223 1333 1292 exsurgit:
1369 1221 1438 1274 ita
1486 1229 1538 1273 et
1579 1216 1793 1289 quando
1832 1216 1886 1274 in
1926 1215 2175 1282 juvenem

607 1320 826 1375 materia
853 1317 1192 1388 pecuniarum
1217 1312 1475 1376 inciderit,
1503 1319 1701 1366 tantam
1732 1307 1976 1363 accendit
2002 1302 2178 1360 forna-

609 1425 726 1465 cem
746 1451 760 1470 .
789 1419 847 1464 ut
891 1410 1118 1462 animam
1160 1406 1368 1475 juvenis
1399 1413 1564 1458 totatn
1596 1401 1902 1456 inﬂammet.
1924 1397 2176 1467 Quando-

610 1515 732 1553 nam
764 1501 959 1570 poterit
987 1498 1104 1550 talis
1126 1497 1282 1549 homo
1311 1492 1651 1548 continentia:
1674 1506 1854 1546 curam
1876 1489 2093 1553 habere,
2125 1494 2180 1540 et

610 1591 1070 1660 intemperantiam
1103 1587 1315 1657 fugere,
1348 1600 1411 1640 ac
1448 1585 1681 1638 laborem
1714 1597 1810 1652 pro
1837 1581 2060 1645 virtute,
2095 1578 2176 1631 vel

608 1679 749 1734 aliud
783 1679 1059 1749 spirituale
1086 1676 1339 1747 quiddam
1367 1672 1687 1744 suscipere!

676 1770 732 1824 2.
774 1768 1072 1822 Diuitiarum
1094 1768 1381 1820 vanitas.-——
1399 1765 1589 1820 Annon
1625 1761 1777 1817 audis
1799 1761 2068 1816 Christum
2099 1758 2179 1812 di-

611 1871 820 1915 centem
855 1879 868 1912 :
895 1860 1042 1914 Cura!
1061 1859 1212 1928 hujus
1226 1857 1397 1910 strculi
1413 1864 1458 1909 et
1473 1854 1696 1925 deceptio
1711 1852 1999 1905 divitiarum
2016 1849 2180 1918 stt/Io-

608 1959 725 2004 cant
743 1959 969 2010 tuentem,
989 1965 1048 2001 ac
1075 1949 1256 2001 sterilis
1291 1947 1345 2016 ﬁt
1364 1945 1572 2015 (Matth.
1595 1944 1680 2000 15.
1713 1941 1827 2014 2‘2),
1854 1957 1971 2011 quae
2003 1940 2180 1996 omnia

608 2041 788 2110 spinas
807 2026 1118 2093 nominavit?
1134 2036 1262 2092 Nam
1283 2051 1402 2090 cum
1421 2034 1650 2089 dixisset
1674 2033 1725 2086 in
1744 2031 1989 2101 parabola
2019 2022 2182 2084 semi-

611 2132 714 2194 nis,
737 2130 873 2184 aliud
897 2145 959 2185 ex
986 2129 1276 2184 seminibus
1300 2129 1351 2182 in
1380 2127 1558 2196 spinas
1589 2122 2070 2190 incidisse,deindc
2095 2122 2181 2174 di-

608 2222 826 2291 scipulis
851 2223 1204 2292 interpretans
1231 2233 1472 2290 quamam
1499 2219 1605 2272 sint
1624 2217 1812 2288 spinze,
1833 2215 2033 2285 inquit:
2061 2215 2181 2270 Sol-

615 2313 832 2367 licitudo
859 2311 1014 2382 hujus
1041 2311 1217 2366 muli
1244 2318 1299 2365 ct
1323 2308 1568 2378 deceptio
1588 2309 1889 2362 divitiarum
1914 2306 2180 2362 sull'ocant

611 2413 866 2466 mentem,
895 2411 948 2457 ct
977 2402 1171 2456 sterilis
1197 2399 1252 2455 lit
1276 2398 1486 2470 (Matth.
1518 2398 1618 2464 l3;
1648 2407 1696 2452 et
1715 2397 1839 2450 Luc.
1863 2395 1936 2468 8).
1959 2396 2023 2449 Et
2047 2395 2183 2450 bene

609 2496 779 2566 spinis
807 2494 1129 2564 comparavit
1171 2491 1578 2548 sollicitudinem
1619 2489 1775 2559 hujus
1803 2487 1982 2543 steculi
2035 2486 2184 2542 Sicut

613 2589 754 2642 enim
783 2588 948 2658 spina:
969 2601 1073 2640 non
1096 2585 1279 2640 sinunt
1302 2598 1485 2639 semen
1513 2582 1764 2645 emicare,
1789 2581 1882 2636 sed
1919 2581 2184 2636 densitate

611 2694 706 2734 sua
735 2679 1047 2733 seminatutu
1073 2676 1411 2746 supprimunt
1440 2694 1451 2729 :
1487 2674 1557 2728 ita
1587 2682 1641 2728 et
1665 2688 1810 2727 cura:
1839 2671 2182 2742 temporales,

611 2770 889 2838 apiritnalc
916 2783 1123 2832 semen,
1153 2765 1293 2838 quod
1325 2766 1376 2821 in
1405 2767 1581 2820 anima
1610 2763 1935 2828 seminatur,
1967 2778 2074 2818 non
2103 2763 2183 2818 si-

613 2870 744 2916 nunt
775 2859 997 2914 fructum
1035 2857 1228 2912 all'crrc
1256 2872 1271 2912 :
1301 2853 1393 2910 sed
1425 2855 1653 2909 adurunt
1682 2864 1735 2909 et
1765 2851 2024 2908 sttlIocant
2047 2853 2187 2908 sicut

611 2950 800 3018 spiam,
825 2963 926 3003 nec
949 2949 1130 3001 sinunt
1166 2945 1441 3016 spirituale
1470 2959 1656 3000 semen
1696 2957 1962 2999 crescere.
1995 2942 2062 2997 Et
2092 2945 2183 2999 de.

613 3043 775 3112 ceptio
821 3041 1128 3095 divitiarum.
1175 3039 1342 3094 Recte
1387 3036 1521 3092 dixit
1569 3035 1938 3105 deceptionem
1976 3035 2188 3090 divitia-

613 3149 731 3189 rum
767 3151 780 3187 :
813 3133 1008 3188 etenim
1055 3147 1181 3186 vere
1215 3129 1462 3200 deceptio
1489 3136 1594 3182 est.
1623 3127 1754 3195 Qua:
1796 3128 1939 3182 enim
1984 3128 2186 3183 utilitas

614 3232 692 3278 tot
718 3224 1036 3278 talentorum
1056 3262 1073 3287 ,
1099 3232 1151 3276 et
1182 3227 1342 3275 tantae
1369 3218 1647 3289 pecuniae?
1669 3216 1950 3284 Profecto,
1978 3216 2184 3287 inquit,

616 3329 858 3384 magnam
887 3312 1085 3383 pnebet
1106 3311 1336 3364 laetitiam
1359 3311 1642 3379 possessio.
1666 3306 1890 3373 Qualem
1923 3307 2186 3362 lanitium?

619 3403 687 3460 Et
739 3403 864 3473 quid
922 3403 1043 3458 dico
1098 3400 1377 3457 lmtitiam‘l
1419 3399 1606 3455 Nonne
1647 3399 1876 3454 maxime
1920 3399 2184 3469 intempe-

619 3497 809 3550 stivam
834 3493 1098 3549 tristitiam
1125 3501 1176 3548 et
1198 3506 1478 3547 manerem
1502 3490 1724 3544 multum
1752 3489 1928 3560 parit?
1947 3487 2182 3543 nondum

618 3588 734 3642 ilico
778 3600 1021 3656 magnam
1061 3584 1202 3638 illam
1243 3592 1296 3637 et
1337 3583 1389 3637 in
1433 3581 1613 3637 futuro
1646 3581 1930 3651 repositam
1971 3587 2186 3650 propter

617 3679 760 3748 ipsas
806 3692 1015 3748 penam
1049 3675 1184 3731 :sed
1229 3675 1297 3731 de
1340 3675 1422 3731 liis
1451 3675 1643 3744 loquor
1678 3690 1798 3745 qua:
1842 3675 1896 3729 in
1936 3673 2186 3745 prmsenti

617 3769 718 3822 vita
740 3768 1072 3836 contingunt,
1105 3780 1296 3834 nempe
1323 3780 1390 3820 ne
1417 3765 1744 3834 voluptatem
1781 3764 1996 3835 quidem
2021 3765 2185 3819 ullam

626 3859 764 3914 hanc
792 3872 916 3914 vere
947 3855 1144 3911 habere
1171 3868 1349 3925 posse,
1380 3853 1474 3910 sed
1505 3855 1679 3929 petjus
1706 3854 2045 3924 quotidianas
2077 3863 2187 3909 tur-

616 3949 854 4004 bationes
877 3956 934 4003 et
955 3945 1356 4000 amaritudiues.
1404 3943 1511 3998 Nec
1539 3959 1685 3998 mare
1723 3942 1972 3998 fluetibus
2003 3944 2074 3997 ita
2106 3944 2186 3998 in-

621 4037 888 4101 tumescit,
913 4047 968 4092 ut
1010 4035 1168 4090 talem
1206 4035 1437 4089 animam
1463 4049 1492 4088 a
1516 4035 1928 4104 cogitationibus
1964 4044 2018 4089 et
2059 4033 2185 4088 affeo

623 4128 890 4184 ctionihus
918 4126 1178 4188 infestari,
1201 4131 1253 4180 et
1283 4126 1334 4179 in
1367 4137 1554 4178 omnes
1584 4133 1689 4178 tam
1711 4138 1839 4178 suos
1873 4139 2030 4194 quam
2058 4123 2188 4180 alie-

616 4234 717 4273 nos
740 4216 876 4272 male
897 4215 1034 4270 allici
1062 4214 1318 4270 videmus.
1346 4213 1477 4269 Etsi
1504 4213 1718 4283 quando
1745 4223 1950 4284 partem
1974 4213 2184 4267 illorum

613 4307 818 4362 anfeiat
854 4306 1078 4376 aliquis:
1113 4303 1275 4358 multa
1306 4304 1450 4358 enim
1488 4304 1752 4371 accidunt,
1780 4312 1834 4358 et
1863 4303 2013 4356 multi
2047 4303 2175 4358 insi-

614 4398 847 4464 diantnr,
876 4410 1068 4467 nempe
1095 4394 1410 4450 famulorum
1441 4393 1760 4464 malignitas.
1787 4393 2188 4464 potentiamque

616 4490 900 4556 violentia;
935 4499 1057 4544 tunc
1095 4488 1275 4557 utique
1310 4487 1547 4541 invenies
1577 4487 1694 4541 illos
1725 4487 1884 4542 vitam
1915 4487 2013 4542 sibi
2040 4503 2193 4542 acer-

618 4585 738 4639 bam
765 4581 980 4637 dueere.
1003 4576 1256 4646 Qualibus
1291 4576 1451 4648 igitur
1491 4577 1738 4632 lamentis
1767 4577 1900 4632 tales
1939 4592 2044 4632 non
2076 4576 2187 4633 fue-

620 4675 728 4731 rint
748 4672 914 4743 digni,
936 4671 1024 4740 qui
1048 4669 1222 4722 omnia
1242 4667 1415 4722 facere
1435 4669 1651 4723 student
1669 4684 1788 4738 qum
1814 4667 1914 4724 sibi
1940 4679 2184 4731 noceant,

615 4774 670 4820 ct
709 4765 760 4818 in
789 4761 1077 4834 perniciem
1119 4759 1311 4812 anime
1347 4773 1457 4812 sua:
1502 4760 1622 4811 talia
1665 4758 1917 4827 colligere
1959 4758 2186 4813 volunt?

617 4857 836 4921 Verum,
869 4856 915 4910 si
941 4853 1168 4917 videtur,
1200 4852 1394 4908 talibus
1427 4853 1628 4907 relictis
1664 4851 1728 4905 ad
1762 4851 2040 4906 historiam
2057 4851 2186 4920 justi

622 4948 778 5018 hujus
821 4947 1122 5008 redeamus.
1153 4955 1209 5000 et
1264 4944 1538 4998 videamus
1587 4943 1922 5012 sequentium
1969 4942 2184 4998 seriem.

621 5038 795 5092 Erexit
814 5080 826 5101 ,
857 5037 1045 5106 inquit,
1074 5037 1234 5090 altare
1258 5035 1309 5088 in
1337 5044 1490 5104 parte
1513 5035 1647 5102 agri,
1674 5043 1718 5086 e:
1745 5033 1988 5087 invocavit
2026 5032 2188 5086 Deum

620 5131 784 5186 Israel
807 5173 821 5196 ,
845 5141 897 5185 et
935 5140 1113 5200 postea
1147 5131 1196 5184 in
1235 5129 1462 5184 Socimis
1501 5128 1826 5184 domicilium
1871 5129 2067 5184 habere
2097 5146 2177 5184 vo-

624 5226 738 5278 luit.
774 5223 876 5278 Sed
911 5223 1030 5277 vide
1063 5225 1252 5276 iterum
1284 5222 1548 5292 quomodo
1583 5221 1762 5290 justus
1805 5233 1859 5277 et
1909 5223 1992 5276 hic
2038 5238 2186 5278 suam

620 5317 1072 5369 tnansnctmlinem
1092 5315 1417 5367 declarauit
1437 5315 1559 5383 quid
1579 5315 1792 5368 accidit?
1813 5317 1861 5369 l.
1884 5315 2098 5385 Egressa
2119 5327 2189 5370 est

619 5417 813 5467 autem,
847 5407 1043 5473 inqttit,
1081 5405 1211 5457 Dina
1240 5405 1346 5473 [alia
1376 5403 1502 5465 Litt.
1533 5415 1585 5456 ut
1617 5406 1800 5458 videret
1830 5406 1963 5473 ﬁlias
1992 5407 2187 5476 indige-

618 5512 818 5547 narum.
837 5495 891 5548 9..
922 5494 982 5548 Et
1006 5505 1056 5548 ut
1085 5494 1203 5548 vidit
1234 5511 1344 5546 eam
1372 5494 1588 5564 Sycltcm
1611 5493 1746 5561 ﬁlius
1781 5493 1935 5546 Emor
1955 5537 1969 5558 ,
1999 5495 2187 5548 dormi-

619 5587 685 5636 vit
719 5601 832 5638 cum
858 5602 949 5650 ea,
982 5584 1035 5638 5.
1065 5595 1109 5636 et
1145 5585 1321 5637 dilrait
1359 5583 1634 5652 virginem,
1666 5593 1712 5637 et
1753 5585 1990 5653 loquutus
2032 5594 2103 5637 est
2144 5585 2188 5636 ei

612 5679 768 5743 juxta
811 5689 1016 5729 mentem
1049 5677 1254 5748 virginis
1278 5675 1426 5744 (Cap.
1461 5676 1572 5745 5i).
1605 5675 1788 5731 Vidisti
1827 5685 2081 5744 quantum
2120 5677 2188 5731 sit

613 5767 862 5836 juventus
892 5769 1107 5836 malum,
1134 5765 1344 5837 quando
1378 5775 1530 5820 recta:
1560 5767 1776 5823 rationis
1819 5766 1967 5822 freno
2012 5769 2183 5825 Caret?

1299 386 1354 443 S.
1397 383 1673 443 JOANNIS
1700 377 2170 439 ειιηγθοετυδιι
2212 374 2531 434 Αιιεηιερ.
2574 374 3108 433 CONSTANTINOP.

3760 380 3864 438 5M

2283 471 2425 542 Vidit
2476 487 2621 542 enim
2677 486 2977 557 virginem,
3025 498 3079 543 et
3129 498 3271 543 totus
3318 499 3538 560 propter
3586 504 3864 562 aspectum

2274 593 2457 633 amore
2481 587 2778 648 correptus,
2811 578 3304 648 concupiscentiam
3328 595 3495 648 opere
3533 581 3856 652 complevit.

2275 678 2322 722 et
2349 670 2583 738 loquutus
2609 681 2680 725 est
2707 671 2754 722 ei
2767 670 2922 740 juxta
2942 679 3152 723 mentem
3169 669 3396 740 virginis.
3417 669 3552 737 Quid
3574 682 3678 740 est,
3707 673 3866 746 juxta

2277 771 2492 815 utentem
2530 761 2738 830 virginis
2755 761 2782 813 γ
2803 759 3066 827 Quoniam
3093 760 3305 830 juvenis
3331 771 3448 816 erat
3478 760 3653 832 puella
3671 803 3685 827 ,
3715 763 3865 831 ejus-

2279 852 2424 908 modi
2450 855 2631 920 verba,
2660 853 2861 922 inquit,
2889 869 3010 908 cum
3041 867 3102 908 ea
3134 852 3386 924 loquutus
3411 863 3494 910 est
3512 895 3526 919 ,
3552 869 3670 925 qua:
3711 853 3868 910 sum-

2278 945 2492 1001 ciebant
2537 944 2604 1000 ad
2647 945 3042 1000 conciliandum
3065 945 3165 1001 sibi
3195 961 3334 1001 eam.
3369 946 3435 1002 Et
3465 947 3639 1018 inquit
3663 947 3731 1002 ad
3765 963 3864 1018 pa-

2281 1044 2414 1089 trem
2438 1052 2454 1089 :
2480 1035 2534 1088 ι.
2566 1035 2746 1105 Accipe
2775 1035 2900 1089 milii
2924 1037 3061 1105 puell
3079 1053 3144 1089 un
3175 1036 3311 1090 hanc
3356 1037 3407 1091 iu
3437 1053 3668 1092 uxorem.
3695 1037 3867 1093 Audi-

2279 1125 2556 1179 vitantem
2582 1123 2750 1180 .lacob
2773 1124 2968 1180 factum
2989 1131 3018 1190 ,‘
3036 1135 3091 1180 et
3119 1135 3244 1182 tunc
3272 1127 3462 1182 leviter
3501 1127 3647 1195 tulit,
3668 1142 3871 1198 exspe-

2279 1225 2430 1270 ctans
2452 1214 2672 1269 fratrum
2698 1215 2817 1284 ejus
2840 1215 3151 1271 adventum.
3183 1216 3349 1271 Erant
3373 1217 3517 1273 enim
3545 1217 3598 1272 in
3631 1218 3865 1288 pascuis.

2282 1307 2334 1363 5.
2363 1305 2427 1361 Et
2452 1307 2611 1370 siluit,
2646 1307 2818 1376 inquit
2841 1347 2855 1368 .
2886 1305 3046 1360 Iacob
3065 1347 3081 1372 ,
3105 1305 3266 1361 donec
3292 1307 3516 1362 venirent
3543 1308 3640 1362 illi.
3659 1307 3716 1364 ϐ.
3737 1306 3871 1364 Cum

2281 1411 2446 1454 autem
2475 1399 2684 1453 venisset
2711 1397 2868 1452 κυεην
2893 1398 2962 1451 ad
2989 1396 3180 1461 Iacob,
3210 1398 3262 1451 7.
3293 1407 3533 1452 venerunt
3579 1408 3628 1454 et
3681 1403 3872 1469 fratres

2283 1491 2456 1557 Dirue,
2483 1501 2661 1545 etcum
2689 1488 2994 1542 audivissent
3023 1504 3137 1556 qua
3173 1489 3310 1558 facta
3349 1499 3493 1542 erant
3531 1489 3695 1544 sorori
3722 1504 3832 1543 suc
3852 1531 3870 1553 ,

2282 1581 2566 1650 compuncti
2593 1590 2727 1634 sunt.
2750 1579 2886 1645 Quid
2931 1588 3009 1634 est
3031 1621 3046 1645 ,
3076 1581 3363 1649 compuncti
3386 1581 3545 1634 sunt!
3569 1581 3872 1635 contristati

2283 1681 2428 1736 sunt,
2463 1686 2682 1742 remque
2715 1670 3109 1726 intolerabilem
3138 1684 3258 1725 esse
3286 1681 3612 1740 putaverunt
3650 1682 3704 1726 et
3744 1687 3874 1742 gra-

2285 1763 2556 1817 vissimam
2585 1802 2600 1825 ,
2627 1770 2849 1830 eratque
2875 1761 2953 1815 eis
2983 1762 3244 1816 maerendi
3274 1777 3463 1832 magna
3487 1763 3721 1817 occasio.
3750 1761 3874 1815 lla-

2282 1869 2383 1923 gna
2405 1852 2557 1918 enim,
2592 1851 2782 1921 inquit,
2805 1867 2889 1904 eos
2935 1851 3139 1905 tristitia
3166 1852 3438 1922 aﬁciebat,
3466 1852 3602 1922 quod
3631 1867 3737 1906 rem
3765 1863 3875 1904 tur-

2285 1959 2397 2012 pem
2426 1945 2612 2012 fecerat
2638 1942 2692 1995 in
2721 1939 2892 1996 met
2910 1941 3128 2012 Sycltem
3149 1983 3164 2007 ,
3190 1942 3276 2013 qui
3295 1942 3598 1996 dorntiverat
3623 1959 3740 1995 cum
3760 1943 3878 2012 [ilia

2284 2031 2466 2088 Jacob.
2521 2032 2680 2089 Vides
2734 2033 2966 2088 ﬁliorum
2999 2033 3433 2089 continentiam?
3479 2033 3875 2104 turpitudinem

2287 2125 2572 2180 maximam
2599 2123 2701 2180 hoc
2738 2123 2933 2178 factum
2963 2124 3283 2194 reputabant
3305 2125 3331 2177 ἲ
3370 2123 3559 2179 Vidisti
3598 2115 3879 2195 quantulo

2283 2219 2462 2289 justus
2496 2232 2690 2288 pueros
2735 2232 2863 2273 suos
2904 2217 3102 2273 erudiit
3145 2216 3214 2273 ad
3267 2217 3560 2274 virtutem?
3589 2217 3879 2286 Quomodo

2289 2312 2414 2366 item
2448 2311 2587 2365 ﬁlius
2616 2311 2780 2366 Emnr
2807 2325 2962 2365 suam
2997 2311 3490 2381 concupiscentiam
3532 2325 3698 2381 opere
3722 2325 3878 2366 com-

2288 2402 2440 2472 plens
2459 2442 2475 2468 ,
2506 2400 2566 2455 lit
2605 2401 2742 2471 patri
2776 2410 2833 2457 et
2858 2411 2915 2456 to
2941 2402 2956 2456 i
2983 2401 3184 2457 civitati
3215 2401 3476 2473 perniciei
3506 2411 3696 2456 auctor
3715 2404 3743 2456 'l
3769 2401 3878 2457 Sed

2289 2493 2438 2563 prius
2458 2492 2741 2548 audiamus
2762 2507 2884 2564 qua:
2907 2493 3071 2550 Emor
3102 2493 3170 2548 ad
3216 2508 3310 2549 eos
3334 2493 3534 2548 dixerit
3556 2535 3570 2556 ,
3599 2503 3654 2548 et
3683 2500 3877 2565 postea

2286 2584 2469 2640 scietis
2498 2584 2722 2640 fratrum
2746 2585 2897 2640 Dina:
2933 2584 3226 2640 versutiam
3248 2627 3263 2651 ,
3290 2594 3346 2640 et
3392 2584 3664 2655 quomodo
3703 2582 3880 2638 vindi-

2287 2693 2413 2733 care
2442 2677 2762 2733 studuerunt
2787 2676 3032 2746 injuriam
3055 2679 3228 2734 sorori
3257 2678 3481 2734 illatam.
3513 2678 3568 2734 8.
3599 2675 3667 2730 Et
3690 2678 3873 2748 loqun-

2289 2779 2371 2824 tus
2399 2779 2472 2824 est
2511 2769 2582 2824 eis
2607 2768 2765 2823 Emor
2802 2770 2971 2824 dicens
2994 2787 3013 2824 :
3035 2768 3256 2840 Sychem
3287 2769 3427 2838 ﬁlius
3455 2785 3594 2823 meus
3619 2768 3881 2839 prisca-git

2287 2862 2460 2914 anima
2500 2860 2662 2928 filiam
2691 2867 2926 2914 vestram.
2953 2858 3087 2915 Vide
3114 2859 3386 2930 quomodo
3429 2859 3539 2928 jam
3589 2859 3882 2928 pra~signat

2291 2952 2584 3021 perniciem
2627 2965 2686 3005 se
2714 2950 3254 3020 comprehensuram.
3286 2948 3554 3022 Prcelcgit
3581 2949 3728 3004 enim
3749 2990 3766 3014 ,
3798 2948 3881 3004 in-

2289 3041 2632 3113 quit,auiuta
2655 3056 2674 3095 :
2703 3041 2807 3096 hoc
2854 3051 2958 3107 est,
2987 3044 3222 3096 animam
3273 3055 3424 3095 suam
3477 3041 3726 3112 exposuit
3779 3054 3883 3109 pro

2291 3135 2396 3190 lilia
2446 3147 2647 3190 vestra.
2699 3135 2794 3190 Ille
2852 3135 3068 3203 quidem
3121 3133 3340 3190 dicebat
3383 3133 3880 3204 concupiscentiam

2290 3223 2426 3293 ejus,
2450 3239 2606 3294 quam
2638 3237 2763 3294 erga
2794 3223 3025 3294 puellam
3059 3222 3288 3278 habebat
3314 3240 3328 3276 :
3354 3224 3514 3293 paulo
3541 3235 3660 3292 post
3695 3232 3880 3279 autern

2289 3316 2494 3384 didicit,
2525 3315 2664 3371 hanc
2691 3332 2804 3371 sum
2829 3327 2882 3370 et
2906 3316 3143 3370 omnium
3173 3315 3264 3384 qui
3295 3315 3366 3369 ibi
3392 3326 3581 3381 erant,
3613 3298 3880 3385 perditio—

2289 3410 2372 3463 nis
2425 3409 2541 3465 fore
2584 3409 2946 3464 occasionem.
2979 3408 3111 3476 Quia
3144 3408 3319 3477 igitur
3356 3407 3448 3461 ille
3495 3407 3758 3476 virginem
3797 3407 3881 3462 sic

2287 3495 2584 3568 deperibat,
2614 3497 2761 3563 Date,
2789 3498 2978 3567 inquit,
3005 3499 3154 3552 istam
3175 3498 3254 3552 illi
3281 3513 3511 3559 uxorem,
3537 3497 3594 3555 9.
3624 3507 3671 3550 et
3703 3497 3880 3568 aﬂui-

2289 3598 2439 3645 tatem
2470 3590 2750 3644 contrahite
2785 3589 3040 3642 uobiscum
3062 3603 3082 3642 :
3109 3588 3247 3658 ﬁlias
3273 3598 3460 3642 vestras
3480 3587 3598 3644 date
3632 3586 3806 3654 nobis,
3828 3598 3881 3642 ct

2289 3681 2424 3749 filias
2450 3688 2648 3735 nostras
2667 3679 2877 3751 accipite
2897 3679 3017 3747 ﬁliis
3045 3679 3218 3733 vestris
3237 3721 3252 3744 ,
3278 3678 3364 3734 10.
3385 3689 3432 3733 et
3454 3678 3586 3732 inter
3609 3693 3703 3732 uos
3728 3678 3878 3732 babi-

2289 3781 2409 3827 tate.
2431 3770 2496 3825 Et
2520 3783 2632 3825 ecce
2657 3778 2792 3823 terra
2818 3769 2926 3823 lato
2953 3779 3024 3824 est
3049 3785 3222 3822 coram
3247 3768 3384 3822 vobis
3401 3809 3416 3833 ,
3446 3767 3672 3822 liabitate
3708 3777 3756 3822 et
3785 3784 3879 3822 ne-

2287 3863 2548 3934 gotiontini
2574 3863 2624 3916 in
2651 3878 2730 3929 ea,
2757 3871 2804 3916 et
2832 3862 2884 3915 in
2914 3876 2974 3916 ea
3019 3860 3354 3928 possessiones
3379 3859 3572 3914 habete.
3612 3858 3744 3914 Vide
3781 3873 3880 3929 pa-

2291 3967 2449 4018 trem,
2468 3961 2719 4023 quantam
2749 3961 2968 4022 propter
2993 3950 3087 4005 lilii
3117 3966 3358 4006 amorem
3385 3949 3549 4005 habet
3567 3964 3693 4019 erga
3721 3963 3880 4019 pere-

2290 4045 2472 4116 grinos
2501 4045 2902 4114 benignitatem,
2929 4053 2982 4098 et
3008 4042 3281 4113 quomodo
3307 4057 3406 4098 eos
3450 4041 3743 4098 conciliare
3771 4040 3876 4096 sibi

2289 4136 2424 4198 vult.
2456 4136 2578 4191 data
2605 4136 2685 4191 eis
2711 4136 2766 4190 in
2790 4135 2938 4190 omni
2967 4135 3187 4205 regione
3217 4148 3313 4189 sua
3337 4142 3620 4204 potestate.
3663 4131 3731 4186 Et
3761 4132 3878 4187 lucc

2290 4227 2506 4298 quidem
2549 4227 2658 4296 egit
2707 4235 2898 4296 pater:
2933 4224 3074 4279 lilius
3120 4234 3298 4278 autem
3351 4221 3473 4294 quia
3526 4221 3661 4277 vidit
3708 4223 3880 4292 patris

2290 4330 2415 4386 erga
2459 4314 2790 4380 sestudimn,
2817 4324 2872 4370 et
2916 4313 3185 4384 quomodo
3221 4312 3398 4368 omnia
3440 4309 3619 4367 facere
3658 4320 3878 4382 paratus

2291 4405 2471 4471 fuerit,
2522 4415 2581 4461 ut
2625 4404 2937 4475 impleretur
2983 4402 3124 4472 quod
3177 4403 3448 4473 cupiebat,
3500 4401 3686 4472 adjicit
3730 4402 3876 4472 quod

2291 4511 2446 4551 suum
2491 4505 2604 4559 est,
2639 4494 2872 4565 dicitque
2899 4492 2964 4547 ad
2991 4491 3160 4547 Jaeob
3188 4503 3244 4547 et
3291 4491 3358 4546 ad
3402 4491 3600 4546 fratres
3632 4491 3829 4562 puellae
3858 4509 3872 4546 :

2293 4587 2316 4640 Ι
2336 4588 2378 4640 l.
2397 4584 2423 4638 Ι
2431 4586 2659 4652 nveniam
2687 4585 2900 4656 gratiam
2919 4599 3090 4637 coram
3107 4582 3264 4650 vobis,
3283 4591 3330 4637 et
3347 4581 3594 4652 quidquid
3619 4581 3877 4649 dixeritis,

2292 4681 2520 4733 dabimus
2541 4694 2562 4732 :
2602 4676 2685 4732 19..
2728 4676 3063 4746 Multiplicate
3105 4675 3307 4740 dotem,
3336 4684 3382 4728 et
3428 4673 3561 4728 dabo
3595 4671 3878 4728 secundant

2291 4769 2425 4838 quod
2444 4768 2668 4822 dixeritis
2696 4768 2838 4832 milii,
2852 4778 2897 4820 et
2923 4767 3105 4820 dabitis
3133 4766 3254 4819 mihi
3271 4765 3493 4837 puellam
3514 4763 3645 4818 hanc
3668 4763 3720 4817 in
3745 4780 3879 4818 uo-

2294 4837 2419 4912 rem.
2447 4857 2637 4912 Vidisti
2670 4868 2873 4926 patrem
2898 4867 3113 4924 propter
3139 4854 3372 4909 studium
3401 4863 3457 4908 et
3494 4867 3678 4909 curam
3705 4852 3760 4908 in
3804 4837 3875 4907 ας

2294 4951 2422 5006 lium
2475 4949 2670 5004 obnixe
2722 4949 2952 5018 precari,
2997 4947 3358 5016 jnvenemque
3406 4957 3651 5017 prompte
3690 4945 3877 5001 omnia

2293 5042 2628 5112 promittere,
2661 5051 2714 5093 ut
2744 5039 2917 5108 puella
2949 5039 3247 5109 potiretur?

2366 5135 2417 5189 ὅ.
2441 5131 2563 5186 lla‘e
2589 5131 2752 5196 enim,
2779 5129 2890 5184 inec
2918 5131 3210 5199 perniciosa
3243 5128 3455 5184 alieetio
3480 5128 3658 5182 omnia
3696 5127 3876 5182 susci-

2297 5224 2488 5294 pienda
2519 5222 2738 5277 libidine
2769 5221 3026 5275 difﬂuenti
3054 5217 3365 5290 persuadet,
3397 5219 3569 5276 donec
3597 5218 3652 5273 in
3679 5217 3877 5275 inferni

2299 5313 2616 5383 profundum
2654 5314 2830 5367 ducat.
2889 5311 2955 5366 Et
2999 5312 3152 5374 vide,
3185 5312 3409 5366 obsecro
3455 5327 3468 5361 :
3524 5311 3704 5366 senior
3749 5312 3877 5381 qui-

2295 5408 2412 5461 dem
2440 5407 2602 5462 .lacob
2628 5407 2741 5460 lucc
2761 5404 2980 5459 audiens
3001 5405 3141 5469 silet,
3157 5415 3207 5459 et
3229 5422 3322 5473 pro
3347 5419 3441 5459 sua
3461 5402 3873 5459 mansuetudine

2295 5499 2423 5553 nihil
2455 5498 2717 5566 loquitur:
2746 5497 2837 5550 sed
2867 5499 2968 5550 vim
2997 5496 3118 5552 lilite
3143 5499 3331 5550 factam
3357 5495 3617 5564 patienter
3634 5493 3754 5550 fert.
3783 5496 3873 5550 l3.

2297 5591 2419 5644 Filii
2446 5601 2609 5642 mitem
2640 5586 2798 5642 λαεοῦ
2837 5588 3070 5641 dixerunt
3101 5587 3319 5657 Sycliem
3347 5598 3394 5640 et
3424 5585 3579 5640 Emor
3603 5586 3737 5655 patri
3763 5587 3877 5652 eius

2295 5683 2484 5742 dolose,
2515 5688 2562 5734 et
2591 5679 2780 5747 loquuti
2804 5688 2919 5733 sunt
2958 5679 3077 5740 illis,
3114 5679 3243 5746 quod
3273 5678 3642 5749 coinquinarint
3690 5676 3886 5732 Distant

2294 5789 2514 5829 sororem
2537 5787 2697 5825 suam.
2725 5770 3016 5827 Considera
3047 5769 3130 5826 hie
3175 5768 3443 5840 quomodo
3471 5779 3693 5843 propter
3721 5773 3893 5834 unius
