4120 6508
284 55 960 65 -ρῤ-Ῠῤ

339 479 442 536 bl?

337 593 798 660 intemperantiam
829 589 1057 645 universi
1083 590 1355 643 civitatem
1389 587 1692 642 habitantes
1729 600 1919 655 poena-

340 698 458 736 rum
485 685 615 738 socii
643 684 790 737 fiant.
832 683 976 737 Sicut
1006 681 1148 738 enim
1179 695 1400 734 accensa
1436 693 1562 749 pyra
1594 719 1610 743 ,
1638 677 1726 746 qui
1755 690 1923 745 prope

337 773 575 826 habitant
599 774 818 842 periculi
843 783 967 825 sunt
998 771 1282 840 participes
1309 811 1322 830 .
1377 769 1498 838 igne
1540 768 1717 820 omnia
1757 765 1924 835 depa-

345 873 531 917 srente
562 864 788 918 :eodem
820 862 978 916 modo
1021 871 1075 916 et
1105 877 1244 914 nunc
1270 859 1622 912 adolescentis
1665 856 1925 925 intempe-

343 957 512 1011 rantia
559 970 663 1010 non
709 955 878 1008 solum
911 964 1114 1021 patrem
1139 994 1153 1016 ,
1182 951 1276 1006 sed
1306 960 1361 1005 et
1389 965 1576 1003 omnes
1608 948 1750 1003 urbis
1775 948 1922 1002 cives

334 1049 491 1101 simul
521 1045 768 1117 perdidit.
800 1042 936 1110 Quid
960 1044 1118 1113 igitur
1139 1042 1228 1095 lilii
1249 1041 1456 1095 .lacob?
1485 1039 1675 1093 Dolose
1716 1038 1795 1093 eis
1836 1053 1922 1092 rc-

334 1139 686 1209 spouderunt.
735 1138 957 1207 Dignum
986 1145 1068 1189 est
1104 1132 1310 1196 auditu,
1339 1143 1394 1186 ut
1423 1131 1638 1185 discatis
1662 1138 1919 1194 quantum

335 1239 552 1298 propter
575 1242 813 1282 sororem
842 1226 1147 1280 doluerunt.
1171 1223 1258 1277 H.
1288 1217 1918 1286 Dixeruntenimﬁuquit,

335 1321 560 1390 Symeon
602 1329 647 1372 et
685 1317 801 1372 Levi
831 1321 1012 1386 fratres
1047 1313 1192 1367 Dina:
1216 1354 1228 1374 ,
1259 1312 1356 1380 lilii
1405 1321 1570 1364 autem
1613 1309 1720 1362 Lia:
1754 1324 1772 1361 :
1804 1307 1921 1361 Non

335 1414 610 1483 poterimus
641 1414 808 1482 facere
854 1410 1054 1463 verbum
1099 1407 1194 1460 hoc
1219 1447 1232 1469 ,
1268 1418 1319 1458 ut
1355 1406 1531 1457 deunts
1561 1417 1785 1456 sororem
1823 1418 1918 1452 no-

330 1518 489 1558 stram
520 1503 709 1556 homini
739 1501 824 1569 qui
849 1500 993 1553 liabet
1039 1499 1370 1568 praeputium.
1406 1495 1488 1548 l5.
1525 1494 1584 1546 Si
1635 1493 1787 1562 igitur
1823 1491 1920 1543 cir-

329 1593 687 1648 cmucidamini
713 1607 864 1644 carne
889 1588 1122 1656 prwputii
1149 1586 1298 1639 vestri
1321 1627 1334 1648 ,
1375 1586 1460 1638 16.
1512 1583 1742 1636 dabimus
1786 1580 1920 1647 [ilius

334 1699 532 1741 nostras
570 1685 726 1748 vobis,
759 1692 805 1736 et
850 1682 913 1734 de
944 1680 1148 1748 ﬁliabus
1179 1677 1354 1730 vestris
1387 1676 1723 1743 arripiamus,
1747 1683 1790 1725 ct
1822 1672 1894 1725 cri

331 1795 443 1832 mus
470 1776 615 1845 quasi
643 1791 798 1846 genus
821 1789 996 1826 unum.
1029 1771 1158 1826 lbet:
1187 1769 1399 1837 quidem
1439 1764 1731 1835 propositio
1763 1763 1922 1817 hone-

329 1880 408 1922 sm
437 1877 571 1928 erat,
601 1875 651 1920 el
674 1863 862 1919 rationi
892 1869 1272 1923 consentanea,
1291 1857 1384 1911 sed
1414 1872 1535 1910 cum
1559 1854 1705 1918 dolo,
1725 1853 1917 1923 inquit,

328 1961 470 2046 flictu
501 1968 601 2012 est.
633 1957 716 2010 I7.
750 1955 814 2008 Et
844 1955 888 2008 si
930 1951 1213 2014 nolueritis,
1244 1947 1451 2014 inquit,
1483 1946 1574 1998 ltoc
1600 1949 1766 2016 facere
1787 1983 1803 2006 ,
1829 1960 1918 1996 ac-

328 2037 474 2120 rcpta
511 2051 618 2118 ﬁlia
662 2059 835 2102 nostra
877 2045 1142 2098 abibimus.
1190 2040 1314 2094 Ha-c
1353 2039 1565 2108 quidem
1608 2037 1838 2106 Sytneon
1867 2044 1922 2089 et

331 2146 458 2200 Levi
505 2143 704 2196 caulem
750 2140 986 2193 omnium
1030 2149 1212 2190 secmn
1270 2133 1590 2187 meditantes
1639 2142 1921 2198 proposue-

331 2249 474 2293 runt.
521 2237 594 2290 Illi
627 2245 802 2288 autem
852 2230 1200 2299 respicientes
1226 2225 1291 2281 ad
1335 2225 1474 2295 quod
1518 2223 1916 2291 exspectabant,

330 2330 671 2399 puellamque
694 2325 894 2379 habere
921 2320 1216 2384 cupientes,
1249 2324 1636 2371 consensi-runt
1666 2312 1915 2376 indicta,

328 2431 378 2473 ct
412 2421 727 2489 placuerunt
770 2416 850 2469 eis
881 2413 1174 2483 proposita.
1205 2409 1339 2462 llieit
1368 2409 1510 2459 enim
1543 2424 1556 2458 :
1594 2406 1678 2459 18.
1717 2403 1919 2456 Placuit

330 2529 507 2568 coram
535 2512 606 2565 eis
634 2525 817 2574 sermo,
849 2509 934 2562 19.
987 2515 1031 2559 ct
1078 2521 1174 2558 non
1226 2501 1442 2555 lnrtlttt'i!
1483 2497 1761 2564 adimplere
1785 2495 1921 2548 dicta

329 2604 644 2658 adolescens.
677 2600 946 2669 Deperibat
972 2597 1102 2650 enim
1129 2595 1292 2664 ﬁliam
1322 2591 1503 2645 Jacub.
1535 2589 1646 2642 lloc
1676 2595 1759 2640 est
1779 2627 1793 2648 .
1836 2595 1919 2638 t0-

330 2709 442 2752 ttnn
471 2711 530 2748 sc
553 2696 605 2748 in
635 2693 822 2762 puellm
850 2705 1088 2744 amorem
1113 2687 1408 2742 dediderat.
1441 2684 1532 2737 9.0.
1560 2681 1622 2734 lit
1657 2687 1917 2745 venerunt,

331 2787 522 2858 inquit,
547 2787 652 2854 ipse
672 2794 719 2838 et
750 2794 891 2854 pater
905 2783 1014 2854 ejus
1034 2780 1100 2833 ad
1129 2788 1348 2850 portam,
1379 2787 1422 2828 et
1449 2772 1643 2844 loquuti
1671 2778 1786 2825 sunt
1812 2785 1922 2821 om-

331 2881 479 2935 nibus
529 2878 615 2947 qui
666 2877 717 2929 iu
757 2874 954 2926 ciuitate
994 2870 1328 2935 habitabant,
1354 2875 1409 2922 et
1445 2863 1827 2919 consuluerunt
1865 2869 1922 2914 ut

329 2970 793 3026 rircuuucisiotiem
845 2965 1181 3035 susciperent
1236 2958 1530 3016 secundum
1570 2956 1807 3011 oblatam
1852 2952 1922 3008 ab

332 3066 438 3120 illis
459 3063 844 3125 conditionem,
875 3069 929 3113 et
956 3067 1014 3112 ut
1043 3058 1160 3111 illos
1209 3054 1274 3108 ad
1303 3051 1753 3108 cohabitationcm
1781 3044 1924 3100 acci-

331 3155 851 3230 perenIJmplebant
883 3151 953 3206 illi
985 3150 1163 3204 statim
1189 3161 1311 3217 qua:
1327 3145 1394 3200 ab
1422 3144 1586 3198 Etnor
1605 3150 1659 3195 et
1690 3139 1920 3211 Sychcm

330 3248 473 3302 dicta
506 3256 652 3308 sunt,
684 3256 738 3300 et
764 3257 955 3298 omnes
995 3240 1150 3295 simul
1179 3233 1605 3293 circutncisiunis
1627 3232 1839 3301 signum
1869 3231 1920 3282 in

331 3352 561 3406 corpore
583 3333 937 3403 accipiebant.
984 3331 1098 3385 lloc
1127 3328 1213 3382 ubi
1238 3326 1570 3382 resciverunt
1588 3322 1824 3393 Symeon
1857 3332 1921 3372 ac

334 3428 486 3494 Levi,
519 3444 639 3497 qua:
682 3424 795 3496 jam
822 3422 1023 3478 dudum
1062 3433 1244 3474 secum
1291 3415 1685 3471 meditabantur
1708 3452 1724 3476 ,
1759 3423 1923 3479 opere

330 3522 770 3592 compleverunt;
793 3515 886 3572 9.5.
915 3515 978 3570 Et
1011 3511 1228 3582 acceptis
1270 3509 1458 3580 singuli
1485 3505 1670 3579 gladiis
1697 3504 1825 3568 suis,
1843 3502 1926 3554 its-

332 3614 494 3688 grcssi
515 3623 631 3669 sunt
655 3612 705 3664 in
733 3610 983 3664 ciuitatem
1023 3621 1215 3662 secure.
1247 3603 1381 3672 Quid
1409 3609 1524 3666 est,
1569 3598 1633 3652 In
1670 3597 1924 3651 civitatem

333 3721 508 3760 secure
526 3704 701 3772 2Quia
740 3717 864 3757 cum
891 3700 1065 3754 solum
1093 3698 1201 3752 duo
1226 3705 1410 3750 essent
1439 3735 1453 3759 ,
1484 3702 1642 3748 tanta:
1675 3690 1922 3746 multitu-

332 3797 447 3853 dini
488 3811 548 3852 se
574 3801 942 3865 opposuerunt
978 3791 1115 3845 :sed
1158 3803 1402 3858 magnam
1451 3787 1531 3841 eis
1578 3784 1922 3838 securitatem

336 3887 616 3960 prmstitit,
645 3885 787 3956 quod
834 3897 1024 3938 omnes
1060 3881 1132 3935 illi
1179 3879 1345 3935 saucii
1392 3877 1654 3948 jacercnt.
1687 3872 1838 3940 Quod
1867 3880 1926 3926 ut

335 3980 492 4037 nobis
523 3978 888 4033 manifestarct
911 3974 1089 4029 divina
1115 3971 1418 4040 Scriptura,
1451 3968 1665 4022 Factum
1706 3975 1800 4030 est,
1844 3965 1924 4018 in-

334 4073 470 4143 quit,
502 4071 556 4125 in
600 4070 683 4124 die
732 4068 899 4132 tertio,
928 4065 1132 4138 quando
1178 4071 1319 4119 erant
1361 4061 1411 4116 in
1439 4059 1634 4113 dolore.
1663 4057 1776 4112 lloc
1806 4056 1926 4110 illos

336 4179 558 4220 securos
589 4160 841 4225 reddidit,
873 4169 927 4213 et
955 4158 1091 4212 duos
1119 4155 1370 4210 fortiores
1398 4151 1580 4206 multis
1601 4148 1743 4205 fecit.
1777 4147 1928 4201 Occi-

336 4259 538 4320 deritut,
563 4254 754 4322 inquit,
773 4268 920 4307 omne
941 4249 1298 4309 masculinum,
1317 4245 1416 4299 hoc
1433 4253 1537 4307 est,
1555 4256 1742 4296 omnes
1758 4241 1923 4303 viros,

335 4349 430 4418 qui
497 4354 714 4416 propter
772 4339 1236 4397 circumcisionein
1293 4335 1579 4405 iacebant,
1645 4332 1924 4401 paratique

337 4447 510 4498 erant,
531 4445 588 4489 ιιι
607 4436 677 4488 ita
697 4433 894 4495 dicam,
913 4441 970 4484 ut
994 4429 1393 4484 occiderentur:
1410 4433 1464 4480 et
1484 4438 1607 4480 cum
1629 4421 1746 4475 aliis
1766 4420 1926 4476 etiam

339 4531 591 4601 juvenem
644 4526 736 4580 ulti
787 4532 932 4584 sunt.
963 4522 1051 4592 qui
1081 4519 1314 4592 puellam
1354 4516 1655 4572 vitiaverat.
1709 4513 1775 4568 Et
1821 4529 1926 4567 non

340 4620 581 4674 contenti
620 4619 717 4671 hac
747 4615 1002 4677 vindicta,
1023 4613 1184 4667 etiam
1212 4625 1342 4664 oves
1365 4649 1380 4674 ,
1413 4607 1583 4678 inquit
1601 4647 1617 4670 ,
1646 4619 1832 4661 eorum
1875 4612 1930 4658 ct

341 4714 522 4767 omnia
567 4725 798 4780 ιιι-σοντι,
844 4705 1129 4774 omniaque
1182 4717 1407 4773 corpora
1467 4702 1520 4755 in
1565 4698 1929 4770 captivitatem

343 4805 616 4858 duxerunt
635 4843 652 4866 ,
677 4817 741 4855 ac
767 4799 983 4853 civitate
1013 4797 1140 4850 viris
1168 4795 1422 4850 destituta
1452 4801 1507 4846 et
1547 4791 1754 4859 direpta
1805 4788 1930 4844 red-

346 4896 547 4950 ierunt.
573 4891 791 4952 Vidisti,
819 4889 1042 4950 dilecte,
1075 4894 1331 4956 quantum
1369 4883 1568 4938 malum
1611 4889 1829 4950 Operata
1861 4880 1932 4933 sit

348 4986 504 5039 unius
525 4982 738 5052 juvenis
767 4977 1072 5034 temeritas?
1101 4975 1290 5029 \‘idisti
1319 4983 1570 5044 quantam
1599 4972 1775 5027 attulit
1807 4986 1930 5040 pcr-

347 5078 543 5133 niciem
567 5073 816 5128 omnibus
838 5071 1107 5126 civitatem
1137 5065 1533 5123 habitantibus?
1565 5065 1688 5119 llare
1703 5064 1934 5118 scientes

350 5169 680 5226 refrenemus
707 5165 934 5218 filiorum
975 5172 1275 5216 nostrorum
1303 5159 1551 5227 impetus,
1580 5169 1934 5225 magnumque

353 5264 588 5318 furorem
622 5255 973 5312 absterrendo
1003 5262 1057 5308 et
1100 5251 1437 5307 admonendo
1479 5261 1885 5317 eompcseamus
1915 5259 1931 5300 :

351 5366 407 5412 et
434 5368 686 5408 curemus
711 5359 898 5405 eurum
927 5347 1228 5402 castitatem
1255 5385 1270 5407 ,
1299 5343 1582 5411 omniaque
1609 5342 1863 5396 faciamus
1882 5350 1938 5396 et

352 5456 663 5502 tractemus.
696 5453 748 5496 nt
769 5439 1026 5496 absurdas
1045 5436 1502 5504 concupiscentias
1521 5434 1774 5504 juvenilis
1806 5443 1938 5488 tetas

352 5538 592 5607 attingere
621 5533 807 5604 possit.
837 5531 966 5586 Nam
995 5539 1212 5600 propter
1238 5527 1338 5582 hoc
1363 5535 1416 5581 et
1439 5526 1739 5581 communis
1758 5523 1936 5579 Domi-

354 5644 460 5685 nus
485 5636 667 5682 noster
691 5626 866 5680 sciens
893 5622 1140 5676 humana:
1171 5630 1374 5673 natura:
1411 5616 1772 5670 infirmitatem
1793 5655 1810 5679 ,
1834 5631 1938 5668 nu-

355 5723 493 5789 ptias
521 5716 675 5772 dedit
702 5726 756 5771 et
791 5713 1049 5779 sancivlt,
1079 5719 1134 5766 ιιι
1153 5711 1221 5765 ab
1251 5709 1436 5765 illicito
1459 5705 1744 5763 concubitu
1769 5705 1939 5762 absti-

351 5817 592 5867 ιιοηιιιιι.

426 5899 646 5955 ἄπαιρε
669 5895 907 5952 auribus
923 5892 1194 5965 jungmdi.
1225 5921 1297 5934 —
1324 5891 1403 5949 Ne
1428 5890 1588 5964 igitur
1614 5889 1942 5962 ncgligamus

1184 478 1250 533 ΙΝ
1287 477 1438 532 CAP.
1483 475 1721 530 XXXIV.
1764 473 1853 530 ΕΤ
1893 469 2111 530 χχιιι.
2144 474 2388 532 GENES.
2433 476 2669 532 llOlllL.
2708 477 2843 533 LIX.

3521 483 3620 539 518

2026 584 2272 652 juvenes,
2301 587 2395 642 sed
2422 588 2654 644 scientes
2686 588 2918 644 fornacis
2950 589 3253 645 incendium
3274 630 3290 657 ,
3316 592 3622 663 priusquam

2030 675 2082 730 in
2117 675 2325 730 luxuria
2359 678 2723 748 implicentur,
2756 681 3067 737 sttuleamns
3091 698 3186 737 eos
3220 685 3517 740 secundum
3543 685 3618 740 le-

2027 782 2150 836 gem
2177 766 2267 820 Dei
2303 770 2503 837 nuptiis
2532 773 2784 839 copulare
2807 814 2821 835 ,
2854 781 2910 826 ut
2944 783 2996 826 et
3045 775 3429 830 continentiam
3471 792 3622 832 suam

2028 861 2350 926 custodiant,
2407 863 2721 932 nullumque
2780 865 3034 920 damnum
3079 866 3310 922 lascivia:
3365 884 3478 924 sum
3526 869 3621 923 ha-

2029 953 2212 1019 beant,
2245 957 2483 1012 remedio
2523 959 2668 1015 illinc
2695 971 2932 1028 sumpto,
2955 972 3007 1014 ut
3041 962 3441 1028 possintcaruis
3467 963 3621 1017 indo~

2027 1046 2186 1098 mitos
2214 1057 2390 1101 motus
2421 1050 2734 1117 reprimere,
2778 1061 2831 1105 et
2879 1067 3091 1120 ptrnam
3131 1054 3386 1122 effugere.
3416 1054 3522 1108 Sed
3550 1055 3622 1106 vi.

2026 1133 2248 1188 deannts
2283 1139 2554 1205 quomodo
2574 1154 2635 1193 ea
2662 1158 2782 1208 qua:
2817 1158 2845 1194 a
2875 1143 3052 1209 pueris
3082 1143 3215 1197 laeta
3246 1154 3366 1199 sunt
3391 1185 3405 1206 ,
3435 1160 3621 1199 senem

2025 1224 2320 1281 affecerint.
2353 1229 2440 1282 50.
2474 1229 2617 1283 Dia-it
2647 1232 2821 1295 enim,
2852 1233 3042 1300 inquit,
3073 1231 3235 1286 Iacob
3261 1249 3279 1288 :
3319 1235 3545 1304 ngcou
3577 1243 3622 1287 rt

2028 1313 2168 1378 Levi,
2193 1334 2402 1371 exosum
2425 1338 2503 1374 me
2525 1323 2713 1393 fecistis
2738 1365 2753 1387 ,
2778 1333 2834 1376 ut
2869 1326 3106 1379 molestus
3139 1343 3230 1396 ego
3252 1326 3347 1379 sim
3375 1327 3622 1380 habitato-

2027 1406 2163 1458 ribus
2191 1415 2357 1462 terrw.
2383 1409 2586 1477 Quare,
2617 1413 2809 1482 inquit,
2840 1423 3045 1469 tantam
3077 1415 3279 1470 fecistis
3299 1417 3621 1472 vindictam?

2025 1496 2160 1551 Nam
2191 1515 2310 1567 qua:
2337 1516 2365 1554 a
2395 1501 2546 1557 vobis
2585 1504 2718 1557 facta
2748 1517 2870 1559 sunt
2895 1547 2910 1571 ,
2943 1508 3125 1562 odium
3169 1510 3296 1562 mihi
3330 1507 3622 1566 maximum

2027 1589 2236 1658 parient
2270 1592 2408 1658 apud
2440 1607 2628 1647 omnes
2666 1596 2988 1652 habitatores
3018 1608 3174 1653 terra:
3205 1600 3384 1668 hujus.
3419 1603 3622 1657 lienule

2024 1692 2333 1735 monstrans
2355 1683 2601 1738 timorem
2631 1687 2681 1738 in
2710 1701 2816 1756 quo
2841 1699 2958 1743 erat
2981 1691 3324 1756 constitutus,
3358 1691 3490 1744 Milli
3517 1710 3615 1745 nu-

2026 1780 2145 1837 tem,
2174 1773 2343 1843 inquit
2367 1816 2380 1837 ,
2407 1792 2590 1844 parvas
2638 1794 2876 1832 numerus
2904 1792 2997 1845 est,
3047 1792 3092 1834 cl
3117 1786 3408 1853 congregati
3445 1797 3622 1837 contra

2024 1878 2104 1914 me
2131 1903 2145 1926 ,
2186 1866 2465 1932 percuticitt
2497 1884 2575 1920 me
2600 1911 2614 1932 ,
2649 1879 2694 1921 et
2725 1880 2921 1923 extet-ar
2942 1887 2961 1924 :
3001 1875 3151 1941 quasi
3173 1873 3377 1928 diceret
3405 1892 3416 1927 :
3442 1874 3624 1930 Nesci-

2025 1952 2092 2006 tis
2115 1954 2258 2022 quod
2282 1958 2434 2026 pauci
2466 1961 2691 2013 sumus?
2720 1959 2872 2015 facile
2901 1962 3092 2017 eadem
3121 1971 3176 2017 et
3201 1979 3301 2018 nos
3335 1966 3618 2034 patiemur,

2022 2045 2216 2113 quibus
2254 2049 2407 2102 vobis
2453 2049 2573 2103 illos
2626 2051 2846 2105 allicere
2884 2052 3099 2121 placuit.
3134 2055 3197 2108 lit
3226 2055 3362 2109 sicut
3388 2054 3619 2126 Sycbetn

2023 2130 2157 2206 patri
2185 2149 2239 2193 et
2263 2141 2512 2196 omnibus
2538 2142 2806 2198 civitatem
2835 2144 3195 2201 habitantibus
3237 2147 3395 2216 hujus
3440 2150 3609 2204 inter—

2024 2227 2126 2284 itus
2154 2230 2248 2284 fuit
2274 2242 2482 2297 auctor,
2513 2234 2582 2286 ita
2623 2243 2676 2288 et
2702 2251 2796 2288 vos
2826 2219 2997 2289 mihi.~
3028 2236 3160 2290 Nam
3192 2251 3409 2307 propter
3441 2256 3535 2294 vos
3564 2251 3617 2294 et

2022 2335 2123 2389 ego
2160 2337 2354 2376 exosus
2382 2333 2513 2389 cro,
2547 2335 2600 2379 et
2636 2325 2769 2378 nihil
2813 2326 3061 2394 prohibet
3107 2329 3236 2398 quin
3281 2329 3462 2383 delear
3492 2347 3624 2399 pru-

2026 2421 2143 2480 pter
2194 2422 2425 2468 vestram
2455 2415 2754 2470 audaciam.
2805 2419 2895 2472 3t.
2928 2416 3020 2472 Illi
3044 2430 3214 2474 autem
3240 2422 3496 2486 dixerunt,
3535 2423 3620 2476 in-

2022 2503 2172 2571 quit,
2229 2503 2494 2576 Numquid
2540 2518 2594 2560 ut
2648 2518 2812 2561 scorto
2859 2508 3128 2563 abutemur
3171 2526 3345 2565 sorore
3396 2522 3568 2566 nostra
3596 2515 3622 2568 ?

2027 2594 2156 2649 Vide
2186 2611 2380 2666 pueros
2407 2600 2750 2652 continentiae
2778 2605 2948 2670 gratia
2992 2603 3254 2657 ultionem
3285 2607 3616 2674 suntpsisse:

2023 2689 2443 2743 cxcusantenim
2468 2705 2526 2744 se
2560 2691 2729 2758 patri,
2779 2701 2834 2745 et
2872 2692 3058 2747 dicunt
3085 2709 3099 2745 :
3128 2692 3346 2747 Infantia
3383 2711 3478 2749 nos
3502 2697 3624 2753 alle-

2023 2787 2215 2832 cerunt
2247 2820 2261 2844 ,
2292 2779 2454 2834 veluti
2482 2791 2669 2836 scorto
2698 2781 2850 2837 abusi
2877 2795 3001 2838 sunt
3029 2798 3216 2840 sorore
3240 2794 3422 2840 nostra
3451 2802 3464 2839 :
3499 2803 3624 2856 pro-

2025 2877 2208 2938 pterea
2241 2870 2344 2925 hoc
2384 2870 2560 2927 facere
2587 2873 2755 2928 coacti
2796 2887 3005 2942 sumus,
3049 2885 3106 2930 ut
3147 2885 3201 2932 et
3238 2877 3420 2934 caeteri
3449 2879 3623 2936 disce-

2026 2971 2166 3026 rent,
2197 2963 2390 3017 similia
2417 2979 2522 3018 non
2545 2965 2764 3020 audere.
3309 3013 3320 3022 .

2084 3055 2137 3107 4.
2162 3053 2266 3108 Sed
2289 3055 2431 3120 vide,
2452 3055 2700 3122 obsecro,
2724 3056 2810 3111 hic
2838 3057 3162 3113 ineffabilem
3188 3059 3278 3116 Dei
3295 3076 3479 3116 curam
3496 3078 3626 3132 erga

2021 3143 2248 3212 justum.
2303 3144 2437 3200 Nam
2466 3147 2588 3215 quia
2617 3147 2749 3202 vidit
2785 3164 2910 3203 eum
2962 3151 3342 3206 formidantem
3390 3155 3624 3224 regionis

2027 3236 2230 3291 incolas
2275 3248 2490 3308 propter
2516 3238 2749 3293 liliurum
2776 3239 3032 3305 facinora,
3064 3245 3115 3297 1.
3151 3242 3296 3297 Dixit
3337 3246 3384 3298 ri
3431 3247 3564 3301 Deus
3594 3265 3612 3306 :

2029 3327 2217 3400 Surge,
2239 3339 2287 3384 et
2320 3331 2536 3385 ascende
2563 3332 2614 3385 in
2659 3331 2826 3386 locum
2872 3332 3065 3388 Bwtlicl
3085 3375 3099 3397 ,
3128 3348 3175 3390 et
3197 3338 3265 3390 ibi
3292 3339 3462 3390 Iutbita
3485 3341 3620 3409 (Ca-

2027 3432 2118 3493 put
2147 3422 2217 3478 55
2248 3423 2288 3492 ).
2316 3423 2471 3491 Quia,
2502 3423 2694 3495 inquit,
2726 3441 2821 3480 eos
2847 3427 2934 3497 qui
2967 3426 3053 3483 hic
3085 3428 3323 3484 habitant
3347 3432 3624 3496 tiines,re-

2031 3515 2166 3570 crde
2197 3515 2342 3582 hinc,
2374 3527 2426 3571 ct
2461 3517 2636 3571 habita
2667 3518 2718 3571 in
2744 3518 2965 3585 Bicthel,
2991 3519 3057 3573 Et
3087 3519 3170 3590 [ac
3207 3523 3314 3577 illic
3332 3523 3496 3577 altare
3513 3523 3621 3577 Do-

2030 3607 2188 3670 mino,
2216 3607 2305 3676 qui
2327 3609 2565 3678 apparuit
2587 3610 2675 3662 tibi
2699 3625 2814 3663 cum
2845 3614 3044 3681 fugeres
3067 3627 3099 3664 ιι
3123 3612 3254 3682 [acie
3282 3612 3420 3667 Esau
3450 3614 3627 3685 fratris

2030 3698 2125 3751 tui.
2149 3698 2207 3752 2.
2235 3697 2298 3751 Et
2319 3698 2448 3752 dixit
2468 3696 2629 3753 Iacob
2650 3699 2824 3754 domui
2843 3715 2973 3765 sate,
3003 3711 3051 3755 ct
3071 3703 3303 3756 onmibus
3328 3706 3434 3757 suis
3459 3719 3477 3758 :
3498 3702 3624 3758 Tol-

2029 3789 2119 3844 lite
2145 3789 2268 3844 deos
2285 3790 2478 3844 alienos
2510 3807 2539 3843 ε
2568 3790 2735 3845 medio
2766 3792 2936 3857 vestri,
2957 3802 3004 3846 ct
3033 3794 3397 3863 puri/immitti,
3427 3805 3473 3847 et
3514 3813 3628 3847 mtt-

2032 3891 2133 3937 tate
2167 3882 2325 3938 stolas
2352 3886 2562 3948 vestras,
2594 3883 2648 3937 3.
2672 3892 2720 3936 et
2749 3884 2940 3955 surgite
2963 3927 2977 3949 ,
2999 3895 3048 3938 ct
3077 3886 3411 3940 ascendaums
3432 3886 3482 3938 in
3502 3885 3624 3939 Βαι-

2030 3972 2153 4037 tliel,
2183 3983 2228 4026 et
2247 3972 2497 4043 faciamus
2541 3971 2652 4025 illic
2680 3973 2842 4026 altare
2863 3971 3107 4039 Domino,
3137 3975 3221 4043 qui
3253 3975 3508 4029 exaudivit
3539 3992 3620 4028 me

2029 4063 2085 4116 in
2115 4063 2198 4117 die
2239 4063 2542 4134 aﬂlictionis,
2574 4063 2661 4129 qui
2689 4063 2786 4134 fuit
2808 4080 3025 4132 mecum,
3050 4075 3100 4119 et
3120 4064 3330 4119 salvari!
3359 4081 3437 4118 me
3459 4067 3511 4119 in
3542 4066 3630 4122 vin

2030 4169 2131 4223 qua
2174 4152 2449 4207 ambulavi.
2481 4152 2862 4208 Animadverte
2891 4153 2978 4208 hic
3008 4153 3136 4223 justi
3171 4154 3533 4210 obedientiam
3572 4168 3629 4211 et

2034 4247 2288 4315 pietatem
2319 4245 2372 4298 in
2401 4245 2589 4300 Deum.
2619 4245 2754 4311 Quia
2781 4243 2986 4299 audivit
3011 4261 3025 4298 :
3051 4245 3282 4300 Ascendc
3326 4247 3378 4299 in
3399 4246 3620 4311 Bwtliel‘,

2032 4347 2079 4392 et
2104 4341 2189 4407 [ac
2231 4337 2392 4390 altare
2423 4351 2443 4390 :
2472 4336 2707 4400 vocatis,
2739 4337 2942 4406 inquit,
2974 4337 3225 4392 omnibus
3267 4339 3414 4404 suis,
3442 4338 3577 4393 dixit
3605 4382 3624 4406 ,

2033 4428 2219 4484 Tollite
2247 4429 2388 4484 deos.
2442 4429 2640 4497 Quales
2661 4470 2676 4492 ,
2699 4429 2895 4483 dixerit
2935 4430 3057 4499 quis
3075 4470 3091 4494 ,
3119 4428 3253 4485 deos
3270 4433 3295 4482 Ἰ
3353 4430 3624 4503 Nusquam

2033 4521 2178 4576 enim
2209 4521 2451 4576 videmus
2479 4521 2653 4591 ipsum
2684 4521 2936 4576 habuisse
2971 4521 3103 4576 deos
3143 4537 3158 4574 :
3198 4521 3270 4575 ab
3303 4522 3453 4576 initio
3483 4524 3628 4577 enitn

2037 4613 2134 4668 Dei
2164 4613 2341 4668 cultor
2372 4612 2472 4666 fuit
2494 4613 2692 4681 justus.
2740 4611 3061 4681 Signillcans
3091 4611 3232 4665 forte
3251 4611 3384 4666 deos
3420 4612 3626 4675 Labmi.

2035 4719 2172 4774 quos
2198 4703 2397 4758 llachel
2427 4704 2785 4767 subtraxerat,
2817 4703 2937 4757 ideo
2960 4703 3124 4757 dixit:
3153 4703 3416 4770 Quoniam
3432 4705 3634 4774 gratias

2037 4796 2208 4851 acturi
2237 4810 2424 4850 sumus
2447 4811 2574 4848 vero
2618 4795 2727 4848 Deo
2749 4835 2764 4859 ,
2796 4793 2893 4864 qui
2916 4809 3132 4865 semper
3159 4805 3360 4849 auitam
3401 4795 3505 4849 mei
3529 4811 3626 4849 cn-

2039 4903 2154 4942 ram
2181 4887 2366 4956 gessit,
2397 4886 2602 4940 auferte
2628 4885 2672 4938 si
2702 4902 2810 4953 qus
2833 4895 2959 4940 sunt
2985 4885 3037 4940 in
3063 4886 3215 4939 vobis
3244 4885 3408 4948 idola,
3441 4884 3506 4938 ls't
3534 4902 3630 4954 pu-

2039 4979 2331 5049 riﬁeantiui,
2359 4988 2404 5032 et
2431 4987 2621 5031 mutate
2646 4977 2803 5031 stolas
2833 4987 3042 5042 vestras,
3071 4987 3127 5032 ct
3155 4976 3232 5030 sic
3259 4976 3326 5030 ad
3356 4977 3631 5031 civitatem

2040 5085 2357 5141 pergcmus,
2387 5077 2443 5122 ct
2497 5069 2643 5121 intus
2690 5075 2745 5121 ct
2794 5067 2926 5120 furis
2979 5065 3221 5122 mundati
3267 5065 3427 5120 simul
3459 5065 3627 5121 ibitis.

2040 5160 2158 5217 Non
2189 5161 2365 5216 solum
2392 5160 2617 5214 vestium
2661 5159 2836 5212 nitore
2865 5158 3152 5226 puritatem
3193 5157 3464 5212 declarato
3485 5197 3498 5219 ,
3532 5157 3630 5211 sed

2042 5269 2165 5311 cum
2199 5253 2503 5322 alijectitiue
2549 5250 2810 5304 idolorum
2871 5248 3165 5316 purilicatis
3223 5250 3636 5316 regimtitmihus

2042 5347 2238 5402 montis
2279 5345 2633 5401 ascendamus
2670 5341 2740 5396 ad
2771 5341 2999 5396 Bzctltel.
3023 5341 3080 5396 4.
3130 5340 3195 5394 Et
3221 5341 3501 5403 dederunt,
3551 5341 3634 5393 in-

2043 5437 2181 5505 quit,
2211 5435 2370 5490 Jacob
2390 5435 2509 5489 deos
2533 5435 2726 5486 alienos
2751 5434 2881 5499 (non
2915 5431 3063 5486 enim
3084 5440 3235 5486 erant
3262 5431 3558 5499 ipsorum),
3586 5440 3637 5483 rt

2045 5531 2248 5582 inaures
2290 5541 2404 5596 qua:
2442 5526 2495 5578 in
2549 5523 2755 5577 auribus
2795 5539 2987 5577 eorum.
3020 5521 3178 5576 Forte
3219 5522 3363 5577 enim
3415 5531 3470 5576 et
3523 5521 3636 5574 ha-c

2044 5621 2194 5688 signa
2229 5616 2472 5687 quzedam
2493 5623 2646 5670 erant
2671 5614 2894 5667 istorum
2934 5613 3234 5675 idolorum,
3284 5612 3404 5665 ideo
3432 5620 3486 5665 et
3523 5612 3638 5664 luce

2046 5725 2170 5764 cum
2195 5708 2298 5762 diis
2336 5707 2568 5760 alferunt
2593 5703 2783 5759 Jacob.
2814 5701 2876 5756 Et
2906 5703 3168 5756 abscondit
3209 5719 3268 5755 ca
3303 5702 3474 5755 subter
3504 5711 3632 5754 terc-

2048 5800 2278 5853 biutliuus
2303 5799 2354 5850 in
2383 5795 2615 5859 Secimis,
2656 5803 2703 5848 et
2733 5793 2954 5863 perdidit
2979 5809 3039 5845 ea
3069 5808 3224 5861 usque
3258 5792 3310 5844 in
3340 5801 3634 5859 prtrseutcut

2059 5890 2210 5943 diem.
2237 5886 2529 5952 Abscomlit,
2561 5885 2752 5956 inquit,
2782 5899 2864 5951 ea,
2897 5894 2941 5937 ct
2971 5882 3192 5952 perdidit
3212 5923 3226 5948 ,
3261 5892 3316 5936 ut
3353 5881 3450 5951 ipsi
3481 5895 3636 5935 et'ws
