4120 6462
574 375 680 430 519

571 489 649 545 ris
683 487 821 544 servi
849 502 1087 545 errorem
1115 485 1425 557 effugerent.
1456 497 1508 541 et
1543 486 1721 541 nullus
1745 487 1905 540 etiam
1931 486 2066 540 alios
2092 500 2156 540 ex

593 578 649 636 is
672 579 922 634 damnum
947 579 1210 646 acciperet
1235 578 1473 648 posthac.
1502 575 1569 632 Et
1593 591 1714 632 cum
1737 575 1853 632 hac
1877 577 2054 630 omnia
2082 574 2164 630 fe-

580 673 748 731 cisset
773 672 970 740 justus,
995 671 1049 724 5.
1085 671 1239 732 Abiit,
1279 670 1534 740 inquit,‘a
1555 669 1789 736 Setinis,
1812 679 1865 723 et
1892 669 2166 725 contendit

572 762 644 817 ad
665 761 886 816 B:ethel.
917 761 1114 815 lterum
1144 760 1230 815 hic
1273 759 1490 816 attende
1533 769 1789 830 quantam
1834 760 1952 829 ejus
1979 775 2162 814 curam

581 850 826 906 habuerit
845 851 1002 917 Deus,
1024 862 1076 907 et
1097 867 1259 922 quam
1279 851 1561 922 diligenter
1571 849 1843 922 Scriptura
1867 867 1966 906 nos
1985 852 2161 906 omnia

584 946 797 998 doceat.
826 943 959 1000 Cum
989 959 1238 1014 egressus
1278 945 1419 998 enim
1451 953 1593 999 esset
1613 943 1791 1012 justus
1813 959 1878 998 ex
1915 942 2163 1004 Secimis.

579 1036 771 1091 Factus
793 1047 866 1091 est
894 1037 1044 1090 timor
1070 1035 1166 1090 Dei
1190 1051 1341 1106 super
1378 1051 1549 1090 omnes
1593 1035 1817 1090 civitates
1858 1035 1909 1087 in
1949 1034 2163 1087 circuitu

574 1146 750 1182 eorum
775 1169 789 1194 ,
840 1139 888 1185 et
939 1146 1039 1182 non
1092 1127 1376 1198 persequuti
1419 1136 1536 1182 sunt
1583 1126 1718 1195 ﬁlios
1765 1124 1950 1180 Israel.
2001 1125 2161 1180 Vides

579 1234 776 1290 quanta
797 1221 1150 1291 providentia,
1173 1230 1228 1276 et
1253 1235 1411 1290 quam
1439 1219 1827 1288 evidens'ejus
1842 1218 2163 1273 subsidium?

587 1314 746 1369 Ιιιιιὶι
777 1315 942 1379 enim,
973 1314 1185 1384 inquit,
1217 1328 1379 1383 super
1403 1327 1498 1368 eos
1526 1323 1719 1375 metus,
1751 1321 1804 1368 et
1849 1327 1953 1366 non
1983 1327 2163 1382 persc-

581 1409 732 1473 quutt’
762 1415 886 1458 sunt
909 1406 1051 1459 illos.
1083 1403 1215 1458 Nam
1245 1404 1365 1474 quia
1400 1405 1620 1458 timebat
1657 1403 1756 1456 hoc
1779 1403 1976 1472 justus.
2009 1404 2162 1458 etdi-

578 1498 739 1552 cebat
772 1514 785 1550 :
823 1497 950 1550 Mihi
979 1512 1162 1565 parcns
1205 1511 1444 1550 numerus
1487 1504 1558 1549 est
1583 1535 1597 1561 ,
1626 1505 1674 1550 et
1710 1495 1910 1550 delebor
1933 1512 1952 1550 :
1983 1505 2162 1550 narrat

575 1589 847 1658 quonuodo
878 1591 1065 1645 timore
1099 1603 1192 1643 eos
1219 1587 1520 1667 iuvadcnte.
1552 1589 1696 1659 ipsos
1719 1592 2024 1659 persequuti
2054 1605 2158 1643 non

576 1683 703 1736 sint.
730 1679 860 1735 Nam
891 1681 1102 1751 quando
1147 1681 1290 1736 Deus
1334 1697 1487 1736 suum
1525 1681 1786 1737 auxilium
1834 1682 2025 1737 alferre
2067 1697 2162 1736 vo-

579 1773 1039 1838 luerit,invalidos
1083 1774 1331 1829 fortiores
1377 1775 1700 1844 potentibus.
1745 1785 1797 1828 et
1829 1790 2028 1846 paucos
2066 1790 2160 1845 po-

575 1865 1102 1934 tentiorespluribus
1141 1865 1266 1920 facit
1289 1907 1304 1932 ,
1337 1866 1573 1937 nihilque
1602 1867 1807 1922 beatius
1831 1879 1912 1923 est
1955 1884 2022 1923 eo
2067 1870 2157 1939 qui

579 1972 869 2025 supernum
895 1959 1145 2012 auxilium
1164 1968 1482 2028 asscquutus
1506 1969 1608 2014 est.
1635 1959 1689 2014 6.
1718 1959 1783 2013 Et
1805 1961 1947 2026 abiit,
1967 1961 2157 2030 inqttit,

577 2047 743 2100 Jacob
772 2048 824 2101 in
855 2046 1048 2101 Lusum
1076 2089 1092 2112 ,
1120 2065 1234 2119 qua:
1264 2060 1358 2112 est,
1407 2051 1458 2104 in
1501 2060 1632 2104 terra
1662 2048 1931 2118 Chanaan,
1951 2068 2062 2123 qua
2086 2061 2160 2107 est

576 2139 790 2205 litat/cel,
823 2149 868 2194 et
891 2141 1056 2194 omnis
1085 2141 1304 2211 papulas
1332 2143 1416 2210 qni
1440 2152 1548 2195 erat
1586 2159 1699 2195 cum
1738 2159 1815 2196 eo.
1848 2144 1898 2197 7.
1937 2142 2001 2196 Et
2035 2143 2162 2198 tedi-

574 2230 743 2297 [icarit
774 2229 842 2283 ibi
867 2229 1029 2284 altare
1053 2270 1070 2296 ,
1101 2241 1148 2283 et
1186 2233 1377 2284 vocavit
1417 2248 1596 2285 nomen
1626 2231 1723 2286 loci
1756 2235 1892 2287 illius
1917 2232 2111 2288 Btethel
2141 2250 2161 2288 :

574 2323 641 2376 ibi
671 2322 802 2376 enim
848 2324 1085 2392 apparuit
1131 2325 1174 2377 ei
1206 2322 1340 2378 Dens
1361 2366 1375 2391 ,
1408 2340 1522 2377 cum
1550 2325 1743 2396 fugeret
1785 2343 1816 2379 a
1861 2327 1993 2396 [acie
2018 2325 2160 2380 Esaﬁ

579 2415 876 2484 fratris‘sui.
917 2414 1204 2485 Postquam
1253 2417 1428 2481 venit,
1474 2417 1674 2487 inquit,
1705 2418 1754 2471 in
1788 2418 2008 2481 Bictbel.
2037 2419 2160 2475 fecit

571 2505 710 2560 sicut
726 2506 774 2560 ei
792 2515 1113 2576 prtcccptum
1134 2515 1249 2562 erat
1271 2523 1286 2571 ;
1305 2507 1629 2563 etardiﬁcato
1652 2509 1825 2573 altari,
1847 2509 2050 2566 vocavit
2066 2526 2161 2566 no-

575 2614 698 2655 men
729 2598 830 2653 loci
855 2598 1074 2655 Baethel.
1091 2599 1147 2656 8.
1174 2598 1380 2654 Hortata
1407 2612 1477 2654 est
1504 2611 1692 2665 autem,
1713 2601 1904 2671 inquit,
1932 2601 2160 2657 Deborra

576 2692 751 2747 nutris
782 2690 1040 2760 Rebecca,
1059 2703 1104 2746 et
1133 2694 1331 2762 sepulta
1359 2702 1432 2747 est
1455 2693 1523 2746 ad
1543 2695 1738 2748 radices
1769 2692 1965 2748 Birt/te!
1989 2695 2162 2749 subter

575 2799 814 2849 quercum
847 2798 864 2836 :
891 2794 936 2836 et
963 2784 1153 2837 vocavit
1172 2782 1334 2837 Iacob
1359 2800 1537 2837 nomen
1567 2787 1695 2856 ejus,
1726 2784 1952 2850 Quercus
1973 2786 2156 2840 luctus.

581 2875 738 2931 Vides
769 2877 1037 2946 quomodo
1069 2892 1281 2946 semper
1320 2878 1389 2931 ab
1433 2879 1710 2933 eventibus
1751 2881 1984 2934 nominat
2019 2881 2154 2946 loca,

579 2977 636 3019 ut
660 2975 912 3035 perpetua
939 2978 1183 3022 servetur
1208 2971 1463 3023 memoria
1491 2968 1514 3023 ἲ
1555 2969 1619 3025 Et
1655 2973 1944 3040 quomodo,
1964 2973 2161 3028 dixerit

575 3056 839 3126 quispiam
860 3099 876 3122 ,
908 3060 1082 3113 nutrix
1135 3059 1388 3115 Rebecca:
1435 3059 1532 3115 fuit
1573 3076 1696 3116 cum
1726 3060 1889 3118 Jacob
1913 3063 2023 3133 jam
2054 3065 2159 3133 pri-
2189 3080 2191 3082 ·

579 3164 724 3202 mum
752 3151 997 3205 veniente
1025 3165 1052 3203 a
1084 3151 1459 3219 Mesopotamia
1485 3193 1498 3216 ,
1524 3153 1828 3225 priusquam
1856 3167 2162 3210 occurreret

577 3240 718 3312 patri
750 3243 890 3296 suo?
920 3242 1079 3298 Ferte
1111 3243 1211 3299 hoc
1237 3245 1520 3300 dicendum
1543 3287 1558 3310 ,
1592 3262 1710 3302 eam
1756 3247 1969 3318 quando
1997 3265 2025 3302 a
2056 3249 2160 3304 La-

580 3339 682 3386 bnn
706 3331 796 3386 ille
824 3333 1000 3399 rediit,
1029 3336 1182 3388 simul
1213 3352 1335 3390 cum
1367 3336 1532 3392 Jacob
1561 3341 1741 3395 venire
1771 3341 2067 3408 cupivisse,
2104 3350 2162 3396 ut

578 3432 694 3490 post
726 3425 932 3494 longum
964 3435 1170 3494 tempus
1203 3427 1495 3481 Rebeceam
1525 3420 1775 3485 inviseret
1805 3448 1819 3484 :
1850 3431 1942 3487 sed
1981 3434 2158 3504 prius-

576 3529 736 3584 quam
772 3517 840 3569 illi
872 3531 1194 3580 occurreret,
1216 3517 1519 3576 defunctam
1545 3537 1682 3577 esse.

649 3603 703 3659 5.
734 3605 948 3662 Muralis
975 3609 1200 3680 epilogus
1227 3611 1288 3664 de
1320 3611 1590 3666 liberorum
1615 3616 1965 3686 castigatione.
1996 3650 2063 3658 —
2094 3621 2159 3674 At

581 3711 682 3750 nos
714 3699 894 3764 etiam,
928 3701 970 3754 si
1003 3702 1177 3769 placet
1200 3742 1216 3767 ,
1265 3702 1349 3757 hic
1382 3705 1630 3761 ﬁniamus
1671 3725 1970 3766 sermonem
1995 3727 2159 3775 ,con-

583 3792 714 3843 tenti
760 3790 825 3845 iis
845 3807 963 3862 qua:
991 3793 1131 3848 dicta
1174 3805 1315 3849 sunt.
1358 3798 1486 3852 illud
1514 3810 1691 3854 autem
1713 3815 1942 3857 vestram
1971 3805 2161 3859 carita-

580 3889 689 3934 tem
717 3884 1107 3951 rogaverimus,
1145 3895 1199 3940 ιιι
1227 3897 1280 3940 et
1328 3903 1419 3942 vos
1467 3891 1673 3945 virtutis
1712 3909 1890 3946 curam
1925 3896 2118 3965 geratis
2145 3938 2160 3962 ,

579 3982 635 4026 et
664 3974 921 4041 juvenum
948 3980 1330 4034 continentiam
1372 3984 1587 4037 curetis.
1627 3985 1760 4038 l-line
1799 3988 1938 4040 enim
1962 4028 1976 4051 ,
2010 4000 2066 4042 ut
2092 3990 2160 4042 ita

577 4065 773 4127 dicam,
795 4069 971 4120 omnia
994 4069 1128 4122 mala
1164 4080 1471 4126 nascuntur.
1491 4073 1835 4129 Consuetudo
1861 4078 2002 4132 enim
2037 4081 2159 4133 mali

576 4171 829 4226 processu
859 4162 1112 4227 temporis
1155 4162 1487 4218 invalescens
1536 4175 1731 4220 tantam
1781 4168 1935 4224 aﬂ'crt
1982 4175 2161 4240 perni—

576 4248 735 4312 ciem,
765 4259 818 4303 ut
843 4263 1023 4319 postea
1054 4269 1156 4306 non
1185 4255 1355 4322 possit
1379 4257 1552 4324 aliqua
1587 4259 1725 4312 vinci
1749 4261 2117 4319 admonitione
2143 4283 2156 4330 ;

577 4350 633 4394 et
676 4355 796 4394 cum
842 4343 1006 4397 semel
1059 4358 1089 4398 a
1139 4346 1338 4399 malitia
1393 4347 1590 4402 fuerint
1631 4353 1902 4418 occupati,
1929 4357 2075 4423 quasi
2108 4357 2161 4410 in

575 4431 939 4500 captivitatem
961 4445 1140 4489 essent
1177 4436 1386 4491 abducti
1412 4481 1425 4505 ,
1456 4455 1670 4510 quoquo
1707 4441 1954 4498 diabolus
1977 4445 2157 4513 jusse-

575 4525 646 4576 rit
671 4534 917 4594 aguntur.
953 4526 1043 4582 llle
1071 4529 1211 4582 enim
1243 4530 1320 4585 eis
1347 4533 1610 4602 imperat,
1645 4545 1696 4588 et
1743 4539 2036 4605 perniciosa
2075 4541 2158 4594 illa

577 4613 666 4667 dat
695 4616 936 4669 mandata
965 4659 976 4678 ,
1012 4634 1130 4687 quae
1171 4620 1396 4688 juvenes
1445 4625 1671 4678 libenter
1699 4629 1995 4695 perﬁciunt,
2025 4649 2158 4700 prm-

577 4714 786 4760 sentem
819 4716 1021 4760 tantum
1075 4711 1397 4781 voluptatem
1443 4728 1772 4784 spectantes,
1819 4731 1869 4774 et
1922 4722 2157 4779 futurum

578 4798 816 4854 dolorem
849 4816 952 4854 non
980 4803 1299 4871 cogitantes.
1335 4805 1457 4862 Ideo
1479 4825 1575 4862 oro
1600 4823 1653 4863 ut
1691 4813 2023 4878 pravbeamtts
2046 4834 2158 4870 ma-

581 4909 705 4947 num
741 4895 860 4950 ﬁliis
888 4895 1102 4961 nostris,
1141 4909 1194 4951 ut
1226 4915 1289 4954 ne
1320 4902 1479 4956 etiam
1509 4919 1604 4974 pro
1640 4906 1702 4959 iis
1725 4922 1841 4975 qua:
1869 4909 1941 4962 illi
1971 4926 2156 4979 pecca-

577 4995 702 5039 rnnt
722 5030 736 5052 ,
779 5002 874 5041 nos
906 5003 1091 5057 pmnas
1117 4994 1491 5048 sustineamus.
1540 4998 1620 5052 An
1649 5002 1862 5053 nescitis
1891 5003 2013 5069 quid
2045 5005 2155 5058 seni

580 5075 656 5129 llli
682 5077 956 5140 acciderit,
981 5097 1100 5133 eum
1131 5097 1233 5134 ιιοιι
1267 5083 1443 5140 debite
1469 5089 1780 5144 emendaret
1812 5092 2044 5148 ﬁliorum
2067 5099 2158 5150 de-

576 5166 700 5220 licta
745 5168 846 5237 (l.
901 5169 1025 5241 Reg.
1077 5174 1126 5226 Il.
1164 5175 1229 5228 18
1274 5176 1333 5242 )?
1373 5177 1828 5243 Quemadmodum
1871 5187 2012 5239 cnitn
2057 5203 2159 5242 mc-

577 5259 767 5326 dicus,
819 5263 864 5317 si
923 5266 1165 5319 morbum
1237 5269 1472 5324 sectione
1528 5272 1850 5340 indigentem
1908 5282 2157 5335 unctione

578 5363 668 5404 aut
710 5354 1004 5422 emplastro
1052 5373 1240 5414 curare
1287 5361 1527 5425 voluerit,
1579 5367 1684 5419 cito
1733 5369 1973 5422 morbum
2003 5371 2156 5424 incu-

580 5443 799 5498 rabiletn
832 5447 1046 5514 efﬁciet,
1083 5465 1200 5504 cum
1234 5466 1520 5521 congruam
1559 5471 1660 5510 non
1702 5458 1950 5514 adhibeat
1987 5463 2154 5516 medi-

579 5534 753 5587 cinam
789 5554 803 5590 :
849 5538 916 5591 ita
949 5547 1000 5592 et
1030 5554 1187 5596 senex
1220 5542 1324 5605 ille,
1345 5559 1463 5598 cum
1486 5544 1706 5602 deberet
1740 5550 1874 5605 ﬁlios
1909 5567 2033 5608 suos
2064 5571 2156 5623 pro

582 5636 916 5691 peccatorum
951 5632 1152 5687 ratione
1176 5634 1482 5700 emendare,
1503 5636 1657 5693 nimia
1682 5640 1895 5697 lenitate
1920 5644 2037 5699 illos
2068 5661 2154 5698 ar-

641 5803 656 5835 ¹
693 5807 912 5872 Quinque
931 5814 1056 5870 διεδ..
1083 5809 1278 5876 efﬁcax;
1306 5827 1401 5865 uou
1425 5813 1569 5865 male.

1290 374 1348 431 ὃ.
1388 373 1667 430 JOANNIS
1703 371 2173 432 CHRYSOSTO!"
2215 371 2538 429 ARGIIIEP.
2576 372 3111 432 CONSTANTINOI’.

3759 389 3862 445 520

2279 499 2482 556 sinetis,
2529 486 2773 558 supplicii
2802 499 2855 543 et
2882 488 2994 559 ipse
3026 504 3248 547 consors
3293 490 3409 548 fuit.
3444 492 3676 555 Proinde
3733 515 3862 564 oro.

2273 577 2576 646 exemplum
2600 576 2700 633 hoc
2727 579 3030 644 timeamus,
3053 591 3107 637 et
3129 582 3389 640 habentes
3410 583 3546 640 ﬁlios
3574 587 3861 658 providea-

2273 683 2394 723 mus
2418 669 2496 724 eis
2527 668 2595 726 de
2619 669 2842 726 honesta
2870 671 3222 741 educatione,
3266 685 3322 730 et
3348 675 3399 730 in
3442 691 3655 732 summa
3700 693 3866 733 unus-

2270 759 2497 830 quisque
2525 775 2707 816 cnram
2736 777 2919 818 eorum
2949 773 3090 834 agat,
3115 766 3202 834 qui
3242 766 3381 836 apud
3427 782 3486 823 se
3525 766 3787 833 habitant,
3814 781 3866 824 ct

2272 848 2480 905 lucrum
2511 853 2800 908 maximum
2846 853 3006 909 ducat
3036 856 3313 911 utilitatem
3342 860 3589 928 proximi,
3615 870 3672 914 ut
3691 875 3865 916 unus-

2269 941 2498 1012 quisque
2511 942 2724 999 discens
2751 959 2812 1000 ea
2840 961 2958 1017 qua:
2985 946 3050 1000 ad
3075 947 3322 1004 virtutem
3351 950 3639 1020 pertinent,
3666 962 3718 1006 et
3736 967 3866 1022 pec-

2267 1035 2372 1088 cati
2407 1035 2704 1106 periculum
2727 1036 2964 1108 eil’ngere
2983 1077 2999 1102 ,
3025 1048 3081 1094 et
3110 1040 3359 1095 virtutem
3398 1043 3734 1112 amplexatus
3775 1058 3866 1098 su-

2267 1142 2490 1197 pernum
2518 1128 2773 1184 auxilium
2821 1131 2922 1185 sibi
2962 1131 3250 1188 conciliare
3277 1132 3659 1204 valeat:un
3709 1135 3865 1190 nobis

2266 1219 2514 1274 omnibus
2541 1221 2886 1288 concedatur,
2935 1224 3104 1292 gratia
3137 1234 3191 1278 et
3218 1223 3503 1278 clementia
3529 1225 3737 1280 Domini
3765 1239 3865 1280 no-

2267 1310 2364 1364 stri
2393 1309 2519 1366 Jesn
2547 1311 2741 1366 Christi
2767 1353 2784 1377 ,
2819 1311 2905 1367 cui
2936 1329 3057 1368 cum
3098 1313 3254 1370 Patre
3288 1325 3343 1370 et
3367 1326 3552 1370 sancto
3571 1316 3774 1387 Spiritu
3797 1318 3865 1371 sit

2265 1398 2456 1469 gloria,
2483 1402 2787 1472 imperium,
2822 1403 3012 1470 honor,
3050 1420 3190 1461 nunc
3216 1415 3272 1462 et
3295 1421 3510 1479 semper
3532 1449 3548 1473 ,
3572 1416 3627 1464 et
3667 1409 3719 1463 in
3752 1422 3860 1463 sa:-

2265 1493 2386 1548 cula
2415 1497 2755 1551 steculorum.
2787 1500 2978 1553 Amen.

2836 1612 3114 1669 HOMILIA
3165 1613 3279 1670 LX.

2266 1721 2332 1776 Et
2361 1722 2616 1790 tediﬁeato
2643 1724 2796 1777 altari
2823 1726 3013 1778 vocarit
3029 1743 3208 1779 nomen
3229 1727 3327 1780 loci
3350 1725 3542 1780 ﬁctae!
3563 1744 3580 1779 :
3602 1729 3708 1780 illir
3728 1729 3863 1782 enim

2335 1816 2573 1885 apparuit
2607 1818 2652 1869 ei
2686 1815 2843 1880 Deus,
2875 1835 2992 1871 cnnt
3021 1823 3216 1888 fugeret
3259 1835 3291 1872 a
3329 1820 3462 1889 {acie
3507 1819 3649 1874 Emi
3687 1821 3863 1890 fratris

2332 1910 2410 1963 sui
2443 1908 2461 1979 (
2495 1908 2624 1965 Gen.
2647 1909 2736 1965 35.
2767 1911 2798 1966 7
2826 1910 2862 1978 ).

2338 2046 2389 2100 l.
2420 2045 2531 2115 Age
2561 2055 2615 2100 ct
2644 2045 2804 2100 hodie
2826 2087 2840 2107 .
2879 2047 2922 2100 si
2955 2046 3116 2112 libet,
3148 2048 3387 2118 repetitis
3430 2049 3492 2102 iis
3539 2065 3658 2119 qum
3692 2067 3865 2120 nuper

2263 2137 2524 2203 diximus,
2571 2137 2638 2192 ad
2679 2140 2954 2207 sequentia
2981 2139 3136 2194 vobis
3174 2140 3488 2210 exponenda
3519 2141 3860 2196 accedamus.

2271 2229 2400 2285 Nam
2430 2230 2590 2284 etiam
2622 2229 2778 2284 hodie
2810 2228 3032 2284 historia
3059 2229 3224 2285 Jacob
3253 2242 3374 2302 apta
3401 2241 3486 2286 est
3525 2232 3590 2286 ad
3619 2247 3722 2286 nos
3762 2234 3860 2286 do-

2268 2321 2495 2376 cendum
2530 2320 2879 2391 multiplicem
2930 2321 3024 2377 Dei
3060 2322 3112 2376 in
3145 2323 3296 2377 illum
3337 2324 3733 2394 providentiam
3761 2366 3776 2388 ,
3809 2335 3863 2379 ct

2266 2411 2536 2482 quomodo
2560 2413 2706 2467 illum
2733 2413 2844 2467 suis
2875 2414 3319 2481 promissionibns
3345 2417 3535 2470 iterum
3568 2418 3861 2472 ﬁrmaverit

2265 2520 2620 2560 remunerans
2640 2510 2756 2575 ejus
2791 2507 3131 2575 probitatem.
3167 2507 3455 2576 Pustquam
3501 2509 3642 2563 enim
3692 2525 3854 2579 supe-

2273 2597 2385 2651 rius
2416 2598 2648 2652 narravit
2676 2597 2829 2651 nobis
2853 2639 2867 2662 ,
2890 2597 3157 2667 quomodo
3198 2598 3490 2652 secundum
3530 2611 3858 2670 przeceptnm

2266 2687 2381 2753 Dei,
2412 2688 2614 2742 relictis
2657 2687 2885 2743 Secimis
2915 2700 3135 2758 propter
3183 2689 3416 2744 facinora
3460 2690 3688 2745 ﬁliorum
3729 2707 3860 2746 suo-

2266 2796 2406 2845 rum,
2429 2779 2496 2832 ad
2548 2778 2746 2834 Luzam
2791 2779 3070 2834 contendit
3104 2799 3115 2833 :
3159 2779 3224 2834 Et
3251 2781 3507 2848 trdi/icato
3545 2783 3699 2835 altari
3730 2825 3746 2847 ,
3777 2784 3858 2836 in-

2263 2872 2400 2942 quit,
2427 2874 2617 2926 vocarit
2646 2889 2836 2926 nomen
2860 2873 2958 2925 lori
2985 2870 3181 2926 Balbe!
3212 2888 3230 2924 :
3263 2873 3369 2926 illic
3394 2875 3526 2926 enim
3554 2875 3796 2944 apparuit
3817 2875 3860 2928 ei

2268 2962 2422 3027 Dens,
2457 2980 2571 3017 cum
2602 2966 2799 3034 [ngeret
2826 2980 2857 3016 a
2889 2964 3020 3034 facie
3046 2961 3186 3018 L'sut’t
3209 2965 3385 3035 fratris
3406 2965 3507 3019 sui.
3539 2965 3656 3032 Quo
3687 2966 3858 3034 impoo

2265 3057 2350 3111 rio
2400 3056 2538 3112 Deus
2585 3056 2784 3125 justqu
2837 3058 3079 3111 liberavit
3129 3073 3157 3110 a
3207 3058 3396 3112 timore
3441 3074 3546 3126 quo
3576 3058 3860 3114 tenebatur

2266 3158 2483 3217 propter
2511 3148 2720 3202 occisos
2749 3147 3032 3204 Secimitas
3065 3165 3078 3201 :
3114 3149 3374 3216 immisit,
3418 3151 3624 3220 inquit,
3675 3153 3725 3205 in
3762 3151 3858 3206 ba-

2266 3239 2525 3295 bitatores
2555 3240 2764 3294 illarum
2787 3240 3064 3294 civitatum
3097 3253 3319 3307 metum,
3363 3246 3433 3295 ita
3470 3253 3528 3297 ut
3572 3243 3720 3297 illum
3755 3260 3858 3296 non

2265 3342 2732 3403 persequerentur.
2764 3333 2897 3388 Vide
2941 3333 3325 3403 providentiam
3376 3335 3488 3401 Dei,
3518 3344 3574 3389 et
3604 3345 3859 3404 quantam

2266 3425 2459 3481 habeat
2494 3426 2907 3482 sollicitudinem
2952 3441 3048 3496 pro
3081 3426 3270 3482 Jacob.
3301 3427 3621 3490 Concussit,
3654 3427 3857 3498 inquit,

2267 3522 2457 3574 timore
2477 3520 2682 3574 animas
2713 3535 2899 3574 eorum
2931 3520 3019 3589 qui
3063 3520 3265 3575 vicinas
3308 3521 3552 3574 civitates
3592 3520 3860 3575 inhabita-

2265 3611 2415 3676 bant,
2438 3620 2493 3666 ut
2520 3627 2585 3665 ne
2615 3623 3061 3682 persequerentur
3117 3612 3265 3666 illum
3295 3628 3308 3664 :
3352 3629 3472 3667 nam
3510 3615 3751 3666 fortassis
3784 3613 3862 3665 nl~

2267 3702 2395 3756 cisci
2437 3703 2687 3775 volebant
2726 3702 3026 3756 Secimitas.
3077 3703 3181 3758 Sed
3238 3709 3486 3771 queniam
3532 3705 3614 3756 illa
3666 3715 3860 3772 pmucr

2262 3793 2392 3863 justi
2419 3795 2735 3848 sententiam
2761 3793 2892 3847 facta
2927 3794 3153 3860 fuerant,
3182 3805 3235 3848 et
3265 3795 3496 3866 Symeon
3525 3811 3584 3848 ac
3615 3795 3742 3848 Levi
3772 3813 3858 3850 so-

2268 3886 2405 3940 roris
2435 3885 3083 3940 violatamcontinentiam
3109 3887 3431 3942 ulciscentes
3461 3887 3573 3940 haec
3598 3887 3857 3952 iecerant;

2269 3993 2375 4033 non
2400 3978 2572 4032 solum
2602 3994 2722 4033 cum
2760 3986 2814 4033 et
2852 3977 2989 4031 ﬁlios
3018 3978 3135 4047 ejus
3163 3993 3191 4030 a
3235 3979 3402 4032 nimio
3441 3978 3631 4034 timore
3661 3980 3857 4034 libera-

2268 4073 2380 4136 vit,
2410 4072 2503 4125 sed
2552 4071 2670 4126 illos
2723 4071 2883 4126 etiam
2946 4072 3139 4126 timore
3188 4073 3537 4135 concutiens,
3580 4089 3610 4126 ο
3663 4084 3858 4127 conatu

2270 4163 2627 4234 persequendi
2684 4165 2923 4218 retraxit.
2960 4164 3181 4219 Vidistis
3223 4176 3483 4235 quantum
3533 4168 3599 4220 sit
3647 4168 3743 4221 niti
3774 4168 3857 4219 di-

2267 4257 2392 4309 vino
2439 4255 2731 4324 przesidio?
2759 4255 2889 4309 Nam
2932 4255 3146 4324 quando
3202 4257 3341 4310 Deus
3375 4257 3526 4310 nobis
3568 4258 3704 4311 bene
3726 4258 3856 4311 affe-

2267 4358 2385 4400 c1us
2444 4357 2543 4411 est,
2579 4363 2610 4401 e
2663 4349 2839 4402 medio
2881 4349 3138 4403 tolluntur
3189 4349 3446 4403 terribilia
3478 4350 3678 4402 onmia.
3709 4350 3857 4404 Sient

2268 4441 2410 4492 enim
2453 4439 2599 4506 justo
2649 4439 2892 4492 ﬁduciam
2926 4441 3110 4502 dedit,
3161 4441 3231 4494 ita
3283 4441 3389 4494 illis
3433 4442 3582 4496 dvdit
3633 4454 3855 4497 melum.

2269 4528 2556 4582 Enimvero
2620 4531 2876 4584 Dominus
2919 4548 3040 4585 cum
3086 4534 3192 4595 sit,
3243 4533 3420 4586 omnia
3470 4544 3624 4600 prout
3676 4536 3857 4590 volue-

2269 4621 2334 4672 rit
2380 4622 2557 4683 vertit,
2609 4631 2663 4675 et
2687 4624 3104 4691 omnipotentem
3130 4639 3278 4677 suam
3314 4627 3628 4694 sapientiam
3662 4628 3712 4681 in
3737 4643 3858 4683 ont-

2266 4713 2419 4767 nibus
2447 4713 2704 4768 declarat.
2738 4717 2814 4770 Ac
2852 4717 2982 4771 nihil
3025 4717 3214 4772 fortius
3241 4729 3322 4773 est
3349 4735 3414 4774 eo
3446 4721 3534 4789 qui
3570 4736 3856 4790 supernam

2265 4808 2366 4860 sibi
2412 4809 2713 4862 conciliavit
2743 4824 2921 4876 opem,
2969 4810 3105 4864 sicut
3135 4813 3294 4865 etiam
3329 4813 3458 4867 nihil
3501 4814 3766 4868 inﬁrmius
3794 4830 3859 4870 eo

2265 4901 2353 4967 qui
2387 4898 2474 4951 illa
2528 4893 2764 4965 privatus
2791 4910 2891 4952 est.
2920 4899 3057 4955 Ecce
3102 4903 3443 4970 enimjustus
3484 4905 3605 4969 ille,
3657 4920 3859 4975 paucos

2268 5006 2492 5043 nmnero
2537 5005 2717 5044 secum
2751 4992 2971 5057 habens,
3023 4996 3141 5063 quia
3169 4997 3612 5051 custodiebatura
3644 4999 3778 5062 Deo.
3807 5011 3859 5055 et

2266 5084 2512 5138 ﬁduciam
2552 5087 2779 5153 accepit,
2806 5095 2859 5139 et
2906 5088 3125 5141 insidias
3159 5088 3342 5158 eﬂ'ugit
3370 5097 3384 5137 ε
3415 5092 3487 5146 illi
3512 5101 3711 5156 autem,
3736 5108 3856 5146 eum

2265 5176 2416 5230 multi
2443 5188 2644 5241 essent,
2669 5187 2721 5230 et
2745 5180 3044 5247 conglobati
3067 5184 3488 5250 conspirassent.
3514 5186 3644 5238 nihil
3668 5201 3853 5239 eorum

2265 5286 2384 5339 qua:
2438 5271 2685 5325 volebant
2721 5274 2969 5341 operibus
2993 5277 3265 5343 complere
3311 5286 3615 5344 potuerunt.
3663 5276 3856 5331 Factus

2267 5372 2339 5415 est
2370 5365 2520 5422 enim,
2555 5364 2740 5432 inquit,
2792 5367 2941 5419 timor
2970 5365 3066 5420 Dei
3109 5385 3261 5436 super
3283 5369 3506 5423 civitates
3544 5372 3594 5422 in
3641 5372 3854 5424 circuitu

2265 5471 2457 5507 earum.
2490 5453 2774 5524 Postquam
2809 5457 2965 5527 igitur
3003 5459 3176 5526 justus
3206 5475 3234 5511 a
3285 5461 3475 5515 timore
3523 5465 3745 5516 istorum
3795 5463 3855 5518 li-

2265 5547 2479 5601 beratus
2529 5557 2643 5610 est,
2678 5551 2797 5604 vide
2836 5552 3026 5605 iterum
3058 5551 3307 5606 eximiam
3342 5553 3435 5608 Dei
3489 5555 3851 5622 clementiam,

2265 5655 2423 5707 quam
2454 5655 2575 5708 erga
2600 5656 2720 5695 eum
2749 5642 3056 5698 declaravit.
3091 5645 3145 5702 9.
3183 5645 3333 5700 Visus
3358 5658 3430 5700 est
3457 5649 3588 5701 enim
3627 5660 3673 5702 et
3716 5646 3852 5702 Deus

2266 5731 2447 5782 iterant
2492 5732 2544 5782 in
2571 5731 2728 5783 Lusa.
2757 5734 2931 5800 Quare
2974 5736 3152 5804 adjicit
3193 5737 3291 5790 hoc
3342 5739 3582 5800 verbum.
3619 5737 3852 5793 Iterum!

2268 5819 2384 5878 Non
2414 5821 2614 5894 absque
2643 5838 2821 5889 causa,
2853 5826 2945 5882 sed
2977 5838 3032 5882 ut
3074 5827 3268 5895 discas,
3304 5843 3425 5884 cum
3447 5831 3595 5900 prius
3612 5832 3776 5887 etiam
3797 5829 3845 5885 in
