4170 6486
324 455 426 512 5‘2!

327 565 425 619 hoc
451 565 567 620 loco
589 566 637 621 ei
666 567 996 636 apparuisse,
1021 566 1234 637 quando
1263 568 1468 638 fugiens
1487 568 1707 623 fratrem
1738 569 1788 623 in
1814 570 1920 625 Me-

324 658 677 724 sopotamiam
717 658 1091 713 contendebat.
1128 659 1305 727 itaque
1343 667 1399 714 et
1446 674 1585 713 inme
1623 662 1739 714 ait:
1774 661 1925 716 Sicut

325 757 449 801 tunc
479 750 625 803 visus
655 759 738 804 est
762 750 809 803 ei
836 751 1073 814 abeunti,
1109 750 1179 803 ita
1200 759 1249 803 et
1272 766 1411 804 nunc
1440 750 1924 821 redeuntiapparet

321 836 376 891 in
409 840 595 894 eodem
630 839 764 904 loco,
785 850 837 895 et
861 842 1147 894 conﬁrmat
1168 841 1571 907 promiSsiones,
1597 858 1731 911 quas
1756 858 1923 911 quan-

319 927 393 981 do
422 931 549 984 abiit
574 946 697 986 eum
730 948 795 986 eo
826 932 971 995 fecit,
1025 932 1124 985 bne
1150 944 1407 1002 pra-stans
1435 944 1487 987 ut
1514 935 1687 1003 justus
1718 936 1921 991 ﬁrmius

320 1021 435 1073 suis
469 1024 909 1090 promissionibus
936 1025 1205 1089 conﬁdat,
1237 1035 1291 1079 et
1341 1042 1406 1079 ne
1440 1038 1659 1097 propter
1712 1039 1921 1097 tempus

322 1114 557 1166 medium
580 1115 818 1170 ﬂuctuet.
847 1116 909 1169 Et
937 1118 1340 1181 benedixi/eum,
1368 1119 1519 1185 10,ιί
1546 1121 1671 1173 dixit
1702 1121 1747 1173 ci
1769 1161 1782 1174 .
1820 1120 1921 1175 No-

316 1220 433 1257 men
459 1214 597 1259 luam
626 1224 724 1260 non
753 1207 1011 1261 vocabitur
1038 1207 1175 1261 ultra
1195 1207 1379 1273 Iacob,
1409 1212 1497 1263 sed
1528 1209 1696 1265 Israel
1717 1213 1808 1264 crit
1830 1229 1921 1265 no-

316 1310 433 1347 men
465 1308 623 1349 tuam.
656 1298 986 1367 Quamquam
1010 1299 1119 1365 jam
1147 1300 1348 1368 pridem
1373 1300 1472 1355 lmc
1514 1316 1704 1355 nomen
1735 1304 1781 1357 ei
1822 1306 1917 1358 de-

316 1384 489 1451 derat,
521 1404 641 1441 cum
673 1390 921 1442 transiret
952 1390 1002 1442 in
1034 1389 1259 1455 Jabocli,
1299 1406 1483 1445 verum
1526 1393 1816 1462 majoribus
1840 1396 1918 1447 in-

315 1476 468 1530 diciis
517 1481 798 1533 certiorem
850 1480 1060 1533 volebat
1099 1481 1300 1547 justum
1355 1482 1615 1544 reddere,
1672 1494 1725 1537 et
1772 1501 1915 1538 nime

314 1568 558 1620 eamdem
588 1569 1009 1623 benedictionem
1042 1571 1089 1625 ei
1130 1571 1241 1636 dat,
1271 1582 1324 1625 et
1368 1573 1531 1627 dicit:
1563 1574 1730 1628 lsrncl
1763 1592 1915 1629 voca-

309 1656 446 1709 bitur
485 1676 663 1711 nomen
698 1672 869 1727 tuum;
924 1663 1008 1715 11.
1042 1673 1087 1715 el
1132 1679 1298 1715 cresce
1322 1705 1336 1726 ,
1382 1674 1428 1716 et
1469 1666 1913 1733 multiplicare:ct

309 1760 480 1816 gentes
499 1761 546 1801 et
564 1754 977 1821 rongregationes
997 1754 1221 1822 gentium
1247 1764 1392 1807 erant
1421 1771 1486 1808 ea:
1507 1765 1570 1819 te,
1612 1768 1658 1809 et
1687 1773 1829 1826 reges
1851 1772 1914 1813 ea:

311 1840 481 1892 lumbo
507 1852 593 1893 tuo
622 1843 911 1910 prodibant.
946 1843 1079 1897 Vide
1121 1847 1539 1916 magnitudinem
1574 1849 1907 1903 benedictio-

310 1929 412 1983 nis.
446 1929 561 1983 Non
590 1932 761 1984 solum
801 1933 930 1987 dicit
977 1948 1098 1987 eum
1149 1936 1200 1987 in
1257 1946 1456 1989 tantam
1516 1939 1907 1993 multitudinem

306 2022 733 2090 propugnantum,
756 2024 848 2078 sed
874 2032 927 2077 et
956 2025 1241 2093 gloriosum
1263 2025 1376 2081 fore
1402 2027 1515 2095 ejus
1544 2045 1727 2083 semen
1762 2046 1776 2084 :
1812 2032 1909 2084 lte-

306 2130 393 2181 ges
410 2115 571 2176 enim,
597 2116 783 2184 inquit,
812 2134 873 2169 ea:
890 2117 1071 2170 lambis
1099 2120 1196 2171 tuis
1218 2120 1537 2188 egrediantur
1556 2138 1574 2175 ε
1610 2123 1906 2191 pra-dieens

305 2198 353 2250 ei
386 2199 609 2267 gloriam
644 2216 831 2254 eorum
880 2202 969 2270 qui
1014 2218 1082 2256 ex
1117 2205 1229 2270 ipso
1269 2213 1444 2257 ortum
1478 2204 1688 2259 ducturi
1730 2218 1902 2261 erant.

308 2290 394 2341 12.
426 2287 490 2340 Et
512 2299 718 2355 terram,
772 2290 959 2359 inquit,
1014 2309 1164 2359 quam
1208 2292 1427 2346 Abralta:
1470 2305 1515 2347 et
1567 2294 1719 2349 Isaac
1763 2298 1902 2362 dedi,

302 2382 395 2435 tibi
424 2382 542 2435 dedi
582 2400 712 2450 eam,
746 2395 791 2438 et
819 2387 998 2438 semini
1028 2398 1114 2439 tuo
1138 2398 1248 2454 post
1280 2400 1327 2441 te
1376 2389 1508 2442 dabo
1537 2401 1720 2443 terram
1749 2392 1900 2446 lianc.

301 2476 564 2539 Quoniam
598 2487 815 2547 propter
843 2478 974 2532 facta
998 2479 1049 2532 in
1078 2480 1303 2534 Seeimis
1330 2496 1358 2533 a
1382 2480 1651 2552 Symeone
1668 2494 1720 2536 et
1753 2485 1897 2549 Levi,

299 2566 514 2619 dicebat
546 2583 559 2618 :
598 2566 659 2619 In
689 2584 844 2637 pareo
872 2586 1080 2622 numero
1102 2587 1213 2623 sant
1232 2588 1344 2641 ego,
1373 2582 1416 2624 rt
1442 2575 1729 2642 congregati
1753 2592 1904 2642 super

300 2672 383 2707 me
412 2658 686 2724 percutient
716 2674 815 2721 ine,
856 2669 901 2711 et
947 2659 1151 2712 delebor
1179 2677 1269 2730 ego
1299 2671 1344 2713 et
1382 2662 1562 2715 domus
1594 2681 1703 2716 mea
1743 2663 1898 2729 (Gen.

298 2746 389 2801 54.
423 2745 545 2817 30);
578 2758 632 2802 et
681 2764 775 2817 per
818 2750 993 2802 oriinia
1030 2753 1359 2804 moostrabat
1412 2744 1899 2819 pusillanitnilatetn

295 2851 353 2895 et
384 2852 705 2912 metumque
728 2844 1033 2896 tenebatur:
1053 2853 1331 2912 proriterea
1363 2845 1621 2914 benignus
1645 2845 1899 2900 Dominus

296 2948 440 2986 nime
465 2934 593 2987 dicit
613 2932 679 2986 ad
709 2950 830 2987 cum
859 2935 1152 3000 :Qnouiam
1180 2934 1381 2997 dixisti,
1414 2934 1470 2989 ln
1492 2949 1653 3003 parvo
1678 2951 1900 2990 numero

296 3043 414 3082 sum
440 3069 455 3092 ,
485 3030 632 3083 disce
660 3028 894 3082 futurum
928 3044 1047 3084 esse
1081 3040 1134 3082 nt
1161 3044 1405 3095 creseas,
1440 3039 1495 3084 ct
1522 3029 1900 3100 multiplicetur

293 3138 480 3178 semen
531 3132 701 3188 tuum,
734 3132 787 3177 et
815 3122 886 3175 ita
912 3122 980 3175 sit
1003 3123 1311 3191 gloriosum,
1363 3135 1418 3175 ut
1462 3124 1899 3192 congregati-ares

291 3217 784 3286 gentiumetreges
830 3231 893 3270 ex
927 3232 991 3271 eo
1032 3216 1409 3284 proditur-isiut
1432 3232 1446 3280 ;
1470 3225 1629 3285 atque
1658 3216 1891 3270 futurum

292 3320 437 3373 esse,
471 3316 529 3360 ut
560 3322 663 3360 non
692 3305 868 3362 solum
901 3322 1006 3361 non
1032 3307 1301 3371 delearis,
1334 3306 1428 3361 sed
1457 3317 1509 3360 ct
1552 3318 1604 3360 ιιι
1630 3317 1684 3361 et
1710 3322 1895 3361 semen

292 3408 443 3452 tuum
469 3412 681 3452 onmem
718 3406 914 3453 terram
942 3398 1077 3452 lianc
1118 3399 1168 3451 in
1199 3396 1551 3452 hereditatem
1592 3398 1886 3465 accipiatis.

295 3490 361 3546 Et
386 3490 538 3545 factis
568 3491 615 3545 ei
643 3491 1088 3559 promissionibns
1116 3490 1251 3551 istis.
1289 3491 1375 3545 13.
1414 3490 1649 3544 Ascendit
1678 3489 1810 3545 Deus
1832 3494 1895 3545 ab

289 3601 374 3651 eo,
397 3602 461 3640 ex
482 3584 591 3638 loco
616 3585 696 3639 ubi
720 3594 790 3640 est
816 3585 1050 3653 loquutus
1079 3599 1191 3637 cum
1221 3584 1329 3638 illo.
1366 3583 1499 3637 Vide
1525 3594 1781 3653 quantum
1808 3592 1893 3637 at-

293 3688 601 3749 tctnprrant
630 3693 688 3733 se
708 3690 904 3733 nostrae
932 3676 1225 3729 inﬁrmitati
1256 3676 1448 3729 divinae
1471 3674 1759 3744 Scriptum:
1777 3692 1895 3729 ver-

292 3770 380 3843 ba.
410 3770 687 3825 Adscendil
707 3770 869 3833 enim,
901 3769 1090 3838 inquit.
1132 3766 1266 3821 Dens
1309 3769 1373 3821 ab
1401 3784 1459 3821 eo
1492 3782 1507 3819 :
1539 3777 1726 3821 nonut
1771 3768 1890 3821 loco

288 3861 542 3918 concludi
566 3862 935 3916 existimemus
969 3861 1133 3915 Deum
1156 3900 1172 3922 ,
1207 3858 1300 3913 Sed
1334 3868 1390 3912 ut
1440 3873 1535 3928 per
1580 3858 1682 3913 hoc
1731 3860 1890 3913 etiam

288 3954 409 4025 ejus
437 3953 758 4009 ineﬁ‘abilem
788 3954 1055 4009 discrnms
1080 3954 1420 4008 clementiam
1447 3968 1460 4004 :
1492 3950 1724 4021 Spiritus
1749 3953 1890 4007 enim

287 4045 458 4117 gratia
474 4061 532 4102 se
546 4046 611 4099 ad
630 4046 987 4100 iulirmiL‘Item
1011 4053 1246 4099 nostram
1269 4043 1557 4099 demittens
1572 4043 1751 4099 omnia
1770 4060 1895 4098 nar-

238 4196 241 4197 ν
291 4152 414 4196 tare
434 4139 591 4193 solet.
623 4138 957 4193 Descendcre
980 4138 1143 4201 enim,
1171 4146 1225 4191 et
1251 4135 1569 4202 ascendere,
1612 4135 1889 4207 indignum

293 4229 405 4284 Deo
421 4237 522 4294 est;
546 4229 640 4284 sed
670 4229 791 4300 quia
816 4229 1103 4282 inaxinnnu
1116 4237 1199 4283 est
1228 4226 1507 4283 ineliabilis
1526 4228 1643 4297 eius
1655 4228 1892 4283 clemcno

292 4322 382 4376 tia:
400 4320 819 4392 indiciuimqnod
841 4332 1056 4391 propter
1066 4329 1299 4375 nostram
1318 4319 1676 4376 eruditionem
1698 4319 1890 4375 talibus

292 4414 374 4467 uti
412 4386 906 4485 vcrbis’dig'uciu},
938 4386 1217 4484 propterea
1275 4413 1521 4469 humanis
1568 4413 1890 4468 dictionibus

296 4505 485 4572 utitur,
515 4505 639 4575 quia
670 4506 908 4575 alioquin
938 4503 1268 4571 impossibile
1292 4515 1406 4559 erat
1431 4503 1693 4560 humanas
1733 4519 1888 4560 aures

292 4594 437 4650 ferre
460 4594 741 4649 verborum
768 4595 1169 4663 sublimitatem,
1191 4595 1234 4650 si
1255 4594 1549 4651 secundum
1574 4594 1887 4666 dignitatem

297 4686 507 4742 Domini
531 4686 671 4741 dicta
702 4695 906 4741 essent.

366 4865 421 4920 2.
462 4862 612 4934 Quod
639 4862 958 4933 cogitantes,
989 4877 1276 4933 numquam
1297 4861 1351 4916 in
1371 4861 1670 4916 humilitatu-
1695 4862 1889 4918 verbo-

294 4973 413 5017 rum
444 4956 763 5022 ltmrcamus,
793 4955 886 5011 sed
913 4965 966 5011 et
993 4968 1205 5025 propter
1233 4954 1334 5010 hoc
1350 4955 1677 5010 admiremur
1704 4957 1891 5009 inetia-

295 5047 458 5103 bilem
493 5048 613 5118 ejus
638 5047 948 5110 bonitatem.
972 5046 1112 5116 quod
1153 5062 1327 5116 neque
1353 5046 1423 5102 ab
1458 5046 1560 5102 bac
1591 5048 1889 5103 humilitate

294 5141 586 5201 abhorreat
614 5148 831 5211 pr0ptcr
851 5138 1270 5194 imbecillitatem
1298 5148 1504 5195 natura;
1526 5151 1746 5195 nostrae.
1779 5140 1885 5195 Sed

298 5230 419 5285 vide
443 5231 645 5299 justum
684 5229 829 5283 illum
855 5230 1045 5283 iterum
1074 5228 1209 5297 grati
1239 5228 1399 5284 animi
1448 5229 1601 5300 signa
1639 5229 1879 5286 dantem.

345 5324 388 5378 ί.
421 5321 593 5376 Erexit
614 5321 778 5385 enim,
812 5320 1015 5390 inquit,
1045 5318 1207 5375 Jacob
1239 5319 1524 5373 columnam
1554 5322 1809 5392 lapideam
1834 5323 1887 5377 in

299 5416 431 5477 loco,
454 5413 507 5465 in
532 5427 631 5481 quo
652 5412 887 5481 loquutus
909 5419 979 5464 est
1013 5426 1129 5464 cunt
1165 5425 1224 5464 eo
1256 5408 1423 5474 Dens,
1455 5419 1502 5465 et
1551 5410 1722 5465 libavit
1756 5413 1799 5465 ei
1827 5413 1889 5467 ιε.

294 5506 570 5566 bationem,
597 5514 642 5558 et
665 5503 945 5575 superfudit
971 5503 1156 5568 oleum,
1181 5502 1263 5556 l5.
1287 5511 1334 5555 et
1362 5503 1553 5556 vocarit
1582 5519 1762 5557 nomen
1791 5503 1890 5558 loci

294 5602 349 5656 in
376 5599 732 5667 quamquam
774 5604 846 5651 est
885 5611 999 5648 cum
1023 5610 1115 5658 eo,
1162 5592 1376 5649 Βιιιιιιει.
1423 5595 1737 5662 Considera,
1766 5611 1885 5661 oro,

296 5689 572 5762 quomodo
611 5690 663 5741 in
708 5686 1016 5741 nominibus
1046 5684 1285 5739 locorum
1326 5686 1637 5739 memoriam
1670 5684 1889 5742 innuor-

300 5783 462 5838 talem
493 5776 872 5833 beneﬁciorum
896 5783 1137 5846 reponat,
1171 5785 1226 5829 ut
1252 5784 1307 5828 et
1356 5776 1584 5848 posteris
1608 5774 1889 5831 manifesta

300 5874 395 5933 list
420 5871 582 5936 visio,
621 5883 723 5940 qua
743 5867 921 5940 justus
962 5867 1031 5924 ibi
1059 5866 1304 5940 dignatus
1330 5864 1447 5922 fuit.
1483 5866 1572 5924 16.
1601 5866 1667 5922 Et
1709 5871 1886 5940 profc-

1327 456 1392 513 iN
1429 459 1581 514 CAP.
1627 459 1845 515 XXXV.
1887 462 2130 518 CENES.
2178 464 2407 523 HOMIL.
2451 468 2563 525 LX.

3529 483 3633 540 522

2032 586 2161 634 ctus.
2194 577 2380 647 inquit,
2411 579 2572 634 Jaccb
2595 581 2707 646 fixit
2730 584 3419 647 tabernacnntmsuttmultra
3442 605 3634 650 turrem

2032 666 2221 721 Under.
2257 669 2494 727 Ulterius
2518 676 2712 730 iterum
2742 679 2982 747 procedit
3002 681 3179 749 justus
3204 689 3463 740 anbetans
3496 704 3614 754 pan-

2031 760 2177 813 latim
2222 764 2407 818 venire
2433 766 2498 818 ad
2546 766 2722 822 locum
2765 770 2852 823 ubi
2884 770 3154 827 habitabat
3199 776 3368 831 Isaac.
3401 779 3628 847 Deinde,

2031 851 2220 920 inquit,
2250 856 2468 918 Quando
2491 862 2913 931 appropinquavit
2945 865 3302 920 ntintraretin
3322 867 3628 937 Epitrat/m‘

2034 942 2225 997 llacltel
2256 946 2514 1002 laborabat
2542 950 2591 1001 in
2616 962 2790 1019 partit.
2826 955 2906 1007 I7.
2933 954 2997 1008 Et
3023 961 3214 1027 factum
3245 970 3319 1014 est
3355 979 3467 1015 cum
3494 965 3625 1035 (li/ﬁ-

2026 1034 2186 1087 cnlter
2222 1048 2453 1103 pareret,
2488 1040 2616 1093 dixit
2647 1044 2691 1095 ei
2717 1044 2987 1109 obstetrix,
3018 1050 3231 1117 Con/ille
3263 1069 3277 1107 :
3310 1056 3493 1108 ctenim
3544 1034 3625 1113 liic

2027 1124 2116 1176 tibi
2138 1137 2211 1178 est
2230 1128 2386 1193 ﬁlius.
2412 1129 2489 1185 Ne
2511 1133 2585 1185 sis
2610 1135 2787 1199 anxia,
2814 1137 2979 1206 inquit
3008 1157 3020 1191 :
3052 1144 3224 1209 paries
3252 1138 3396 1198 cnim
3433 1148 3621 1203 tiliam.

2025 1212 2157 1267 Nam
2201 1216 2323 1271 licet
2354 1228 2402 1273 te
2428 1222 2667 1276 crucient
2698 1224 2944 1293 dolores,
2981 1242 3351 1287 verumtamen
3401 1234 3624 1292 habebis

2024 1304 2210 1358 lilium.
2241 1308 2324 1362 18.
2357 1308 2573 1365 Factam
2601 1324 2674 1367 est
2728 1327 2918 1380 autem,
2964 1319 3165 1389 inquit,
3202 1340 3317 1375 cum
3360 1327 3622 1383 exhalaret

2023 1396 2245 1449 animam
2274 1416 2447 1464 suam,
2482 1406 2787 1458 moriebatur
2817 1410 2976 1471 enim,
3008 1414 3198 1464 vocarit
3236 1432 3414 1469 nomen
3445 1421 3617 1486 pueri,

2025 1487 2197 1541 Filius
2226 1492 2417 1547 doloris
2446 1498 2542 1549 mei
2574 1513 2593 1550 .'
2621 1510 2766 1565 pater
2788 1513 2955 1555 autem
2981 1506 3089 1574 ejus
3121 1510 3309 1561 rocavil
3350 1527 3461 1563 eum
3486 1512 3620 1567 Ben—

2011 1579 2203 1645 jamin.
2240 1582 2328 1636 illa
2360 1587 2573 1652 quidem
2626 1606 2819 1643 nomen
2850 1594 2895 1646 ei
2941 1595 3174 1650 deditex
3234 1600 3297 1653 iis
3344 1617 3464 1669 qua:
3515 1603 3616 1658 sibi

2019 1672 2345 1739 acciderant,
2391 1688 2542 1743 pater
2570 1691 2748 1735 autem
2781 1682 3057 1752 Beniamin
3097 1675 3265 1756 ipsum
3298 1695 3522 1746 vocavit.
3554 1694 3618 1748 Et

2020 1773 2298 1832 postquam
2330 1771 2553 1836 peperit,
2577 1772 2765 1840 inquit,
2803 1774 2883 1829 19.
2920 1776 3125 1830 Mortua
3148 1792 3240 1843 cst,
3266 1791 3312 1833 et
3332 1786 3531 1850 sepulta
3560 1785 3615 1839 in

2017 1855 2096 1905 via
2127 1853 2554 1922 Ephratbaﬂtwc
2568 1868 2645 1911 est
2664 1858 2989 1920 llethlehem.
3021 1867 3114 1924 20.
3162 1870 3225 1923 lit
3252 1874 3409 1926 ereait
3452 1874 3615 1930 Jaeob

2016 1947 2217 1998 titulum
2238 1965 2389 2016 super
2424 1952 2728 2018 sepulcrum.
2783 1954 3064 2012 Mmrorem
3109 1976 3269 2030 quem
3315 1980 3383 2018 ex
3436 1980 3614 2023 morte

2016 2036 2263 2091 Baebi-lis
2290 2054 2632 2108 Conceperat,
2667 2047 2925 2116 mitigavit
2953 2058 3108 2105 natus
3134 2069 3293 2120 puer,
3326 2064 3380 2109 et
3432 2056 3610 2113 elTecit

2013 2139 2069 2182 ut
2092 2131 2266 2197 justus
2293 2132 2543 2186 Rat-liciis
2595 2148 2819 2191 mortem
2854 2154 3012 2207 :equo
3054 2143 3217 2197 ferret
3251 2145 3455 2201 animo.
3502 2148 3609 2204 Sed

2012 2219 2133 2274 hinc
2154 2223 2389 2278 succedit
2418 2223 2604 2278 Ruben
2631 2229 2922 2284 temeritas.
2951 2231 3023 2285 22
3062 2234 3196 2287 Abiit
3226 2238 3383 2305 enim,
3416 2240 3608 2310 inquit,

2010 2323 2057 2365 et
2088 2314 2322 2367 dormivit
2343 2332 2458 2369 cum
2486 2316 2635 2372 Balla
2670 2322 2951 2376 concubina
2992 2328 3152 2391 patris
3180 2328 3260 2379 sai
3284 2345 3303 2382 :
3330 2341 3376 2382 ct
3416 2334 3609 2387 amtirit

2010 2403 2198 2470 Israel,
2225 2417 2271 2458 et
2295 2409 2485 2461 malum
2512 2411 2668 2464 visum
2690 2422 2760 2465 est
2788 2429 2961 2467 coram
2984 2433 3064 2471 eo.
3100 2416 3224 2472 Etal
3270 2423 3410 2475 cnitn
3456 2425 3609 2482 valde

2008 2495 2268 2551 nefarium
2320 2497 2544 2555 facinus.
2576 2500 2699 2555 Ideo
2729 2518 2909 2572 possea
2950 2506 3220 2577 legislator
3265 2512 3438 2567 M-ses
3486 2532 3609 2583 pro-

2009 2587 2199 2651 bibuit,
2253 2604 2319 2643 ne
2359 2602 2511 2658 pater
2540 2604 2587 2645 et
2636 2593 2775 2648 ﬁlius
2810 2610 2933 2649 eum
2975 2600 3163 2653 eadem
3217 2617 3329 2656 rem
3378 2605 3608 2662 habeant

2006 2676 2191 2746 (Lavit.
2217 2680 2303 2733 18.
2338 2680 2414 2751 8).
2456 2681 2587 2735 Nam
2624 2694 2681 2737 ut
2734 2702 2800 2739 ne
2844 2689 3043 2742 sensim
3077 2695 3469 2762 progrediemlo
3518 2714 3608 2754 res

2006 2768 2108 2822 illis
2135 2769 2184 2821 in
2214 2773 2654 2827 consuetmlinem
2684 2788 2935 2841 verteret,
2967 2781 3076 2847 jam
3132 2793 3287 2837 antea
3333 2786 3608 2855 legislator

2005 2862 2249 2929 reprimit
2269 2878 2363 2917 eos
2384 2906 2396 2928 ,
2432 2880 2600 2933 panno
2648 2869 2909 2926 obnoxios
2936 2887 3029 2925 eos
3067 2875 3156 2943 qui
3190 2879 3312 2931 talia
3344 2881 3607 2937 auderent

2004 2952 2347 3009 denuntians.
2378 2959 2624 3011 Attamen
2659 2960 2705 3013 id
2764 2977 2905 3017 nunc
2938 2976 3216 3022 mansuete
3255 2972 3374 3023 tulit
3422 2973 3601 3039 justus

2004 3048 2231 3099 naturali
2261 3063 2445 3104 amore
2492 3051 2681 3104 victus.
2727 3051 2917 3109 Postea
2952 3067 3132 3111 autem
3163 3074 3285 3113 cum
3311 3065 3605 3133 congratu-

2003 3151 2095 3189 rns
2121 3148 2265 3191 esset
2307 3155 2371 3191 ex
2424 3140 2522 3193 bac
2548 3142 2671 3199 vita.
2711 3143 2876 3197 ﬁlium
2908 3156 3208 3216 vuuperat,
3234 3161 3289 3205 et
3342 3154 3600 3223 ﬂagitium

2002 3228 2119 3295 ejus
2150 3230 2351 3299 scripto
2377 3232 2510 3284 tradi
2537 3242 2729 3299 curat,
2762 3234 3091 3292 maledicens
3117 3240 3164 3293 ei
3186 3282 3201 3305 ,
3251 3251 3309 3295 nt
3335 3252 3386 3296 et
3418 3246 3600 3302 caaterl

2003 3320 2149 3375 illius
2184 3338 2338 3391 poena
2360 3324 2795 3381 eun-udarentur.
2818 3326 2913 3383 llic
2940 3330 3089 3385 tmbis
3107 3342 3291 3403 postea
3322 3349 3603 3395 enumerat

2001 3413 2138 3467 ﬁlios
2166 3412 2333 3469 Jaciib
2354 3416 2541 3470 beatus
2568 3416 2741 3472 Moses
2768 3433 2784 3471 :
2816 3434 2879 3473 ac
2908 3436 3004 3490 per
3027 3440 3088 3476 ea
3124 3440 3241 3495 qua:
3265 3439 3444 3482 narrat
3467 3430 3599 3498 justi

2002 3504 2251 3559 virtutem
2299 3521 2397 3559 nos
2419 3507 2597 3562 docet.
2634 3508 2923 3565 Enimvero
2949 3530 3014 3567 ne
3043 3526 3197 3583 putes
3222 3518 3439 3575 fortuito
3468 3523 3599 3576 siin—

2001 3596 2333 3666 pliciterque,
2365 3608 2421 3652 ut
2455 3600 2766 3669 contingere
2795 3602 2966 3668 solet,
3020 3604 3189 3673 ipsum
3245 3612 3601 3671 ctnicnlmisso

1997 3702 2119 3741 cum
2168 3686 2365 3743 Rachel
2392 3699 2447 3744 et
2484 3688 2578 3745 Lia
2626 3692 2940 3763 duabusque
2969 3697 3199 3763 ancillis,
3232 3713 3493 3757 monstrat
3533 3723 3596 3760 so

1997 3793 2067 3833 ex
2098 3777 2499 3849 dispensatione
2525 3783 2773 3852 quapiam
2812 3798 2933 3839 cum
2994 3787 3100 3842 illis
3160 3805 3272 3844 rem
3324 3792 3598 3865 habuisse,

1999 3881 2057 3925 ut
2081 3872 2360 3927 duodecim
2390 3875 2558 3928 tribus
2582 3890 2648 3929 ea
2673 3890 2739 3930 eo
2765 3888 3116 3933 nascerentur
3149 3897 3162 3935 :
3187 3893 3466 3954 propterea
3489 3902 3597 3942 non

1997 3967 2137 4023 ultra
2158 3969 2402 4024 meminit
2422 3969 2717 4042 Scriptura,
2761 3970 2811 4027 ei
2836 3973 2999 4026 alium
3032 3982 3212 4027 uatum
3234 3988 3357 4031 esse
3382 3975 3550 4031 ﬁlium
3576 3994 3591 4031 :

1997 4073 2054 4118 ιιι
2082 4063 2258 4119 discas
2287 4064 2391 4120 hoc
2441 4080 2547 4121 non
2586 4066 2926 4137 simpliciter,
2971 4083 3144 4139 neque
3182 4070 3384 4141 absque
3435 4085 3596 4128 causa

1996 4154 2193 4211 factum
2215 4172 2354 4212 esse.
2385 4156 2550 4211 Erant
2576 4169 2762 4225 autem,
2789 4160 2979 4230 inquit,
3006 4161 3102 4228 filii
3124 4159 3287 4215 Jacob
3308 4162 3593 4217 duodecim.

1999 4246 2282 4317 Distinguit
2320 4263 2450 4304 vero
2478 4259 2756 4319 postea,ct
2787 4252 3016 4322 primum
3041 4266 3135 4306 eos
3165 4254 3252 4322 qui
3285 4252 3393 4307 Li:e
3416 4263 3594 4319 erant,

1995 4339 2118 4395 dein
2149 4356 2243 4397 eos
2267 4341 2356 4412 qui
2384 4340 2660 4407 Racbelis,
2700 4342 2932 4414 denique
2957 4352 3011 4397 et
3038 4357 3134 4398 eos
3158 4344 3246 4413 qui
3277 4345 3592 4400 ancillarum

1995 4441 2165 4497 erant,
2196 4441 2476 4498 numerat,
2501 4442 2556 4487 et
2583 4434 2751 4487 dicit:
2783 4431 2879 4489 26.
2907 4431 2979 4486 lli
3004 4444 3122 4487 sant
3159 4434 3258 4503 ﬁlii
3285 4432 3469 4498 Jacob,
3509 4438 3596 4503 qui

1995 4524 2104 4578 nini
2128 4534 2245 4578 sunt
2267 4524 2311 4578 ei
2336 4524 2389 4577 in
2417 4524 2807 4593 Mesopotamia.
2828 4526 2988 4593 Atqui
3019 4534 3143 4579 tunc
3171 4534 3325 4578 natus
3346 4533 3431 4579 est
3457 4526 3597 4581 Bona

1989 4616 2157 4686 jainin
2194 4622 2407 4687 quando
2448 4617 2592 4670 venit
2643 4614 2978 4669 Bethlebem.
3025 4618 3201 4682 Quare
3249 4615 3410 4685 igitur
3465 4617 3596 4671 dicit

1994 4708 2292 4776 Scriptum,
2349 4705 2447 4773 Qui
2474 4706 2580 4758 nati
2621 4706 2806 4759 santei
2850 4705 2902 4758 in
2945 4703 3358 4774 Mesopotamia?
3386 4704 3596 4761 Fortas-

1993 4816 2053 4856 se
2097 4803 2220 4871 quia
2247 4800 2444 4855 ltacliel
2490 4810 2613 4853 ante
2635 4812 2909 4869 egressum
2938 4813 3001 4852 ex
3032 4798 3411 4867 Mesiipotaniia
3458 4814 3594 4854 con-

1997 4902 2231 4962 ceperat.
2255 4892 2348 4947 27.
2387 4890 2451 4945 Et
2476 4892 2605 4944 vertit
2626 4930 2642 4956 ,
2672 4890 2863 4960 inquit,
2909 4889 3073 4944 Jacob
3115 4890 3184 4942 ad
3214 4889 3366 4945 Isaac
3395 4903 3593 4961 patient

1993 5002 2161 5040 suum.
2205 4983 2539 5048 Considera,
2583 4984 2828 5049 obsecro,
2878 4981 2967 5037 hic
3022 4982 3294 5052 quomodo
3359 4984 3412 5038 in
3473 4999 3596 5039 om-

1995 5079 2153 5133 nibus
2177 5077 2337 5133 certis
2366 5074 2575 5131 indiciis
2602 5075 2909 5145 iiiiseiicors
2931 5076 3256 5144 Deusjnstos
3270 5079 3595 5133 continuare

1996 5168 2227 5224 volebat.
2257 5168 2391 5235 Quia
2429 5168 2571 5222 enim
2601 5168 2747 5223 venit
2778 5176 2900 5237 post
2953 5177 3031 5221 tot
3072 5181 3247 5221 annos
3272 5167 3343 5223 ad
3384 5176 3588 5238 [mtrem

1994 5277 2153 5318 suum
2195 5261 2382 5328 Jacob,
2411 5263 2640 5315 maxima
2658 5259 2899 5331 utrisque
2929 5259 3027 5313 fuit
3051 5260 3369 5323 consolatio,
3398 5271 3454 5315 et
3482 5261 3592 5317 tilio

1994 5371 2061 5413 ex
2110 5355 2275 5425 patris
2298 5362 2612 5421 wnspectu,
2641 5360 2695 5407 et
2726 5352 2861 5421 patri
2892 5350 3089 5404 videnti
3118 5359 3320 5404 tantam
3348 5350 3440 5404 ﬁlii
3463 5351 3593 5404 sub-

1996 5448 2269 5513 stantiam,
2289 5444 2619 5514 rborumque
2631 5442 2863 5498 ﬁliorum
2876 5456 2943 5497 ex
2959 5456 3024 5497 eo
3037 5440 3401 5497 natorumﬂil.
3423 5439 3589 5509 Tunc,

2061 5691 2078 5723 ⁸
2115 5696 2166 5738 ιιι
2190 5688 2311 5738 ﬁdit.
2342 5690 2452 5750 LXX
2474 5681 2661 5750 legitur
2698 5691 2856 5735 :Ctmt
2878 5679 3281 5750 appropinquarit
3305 5680 3600 5750 (lilibitana,

1998 5760 2048 5802 nt
2066 5752 2268 5801 intraret
2292 5750 2341 5799 in
2367 5742 2631 5807 nmmum.
2674 5753 2800 5812 Itane
2824 5742 2993 5812 autem
3014 5742 3201 5791 virent.
3224 5742 3277 5788 in
3300 5742 3601 5812 (habrotoni,

1996 5800 2575 5926 giniﬂut'brywntts,
2622 5807 2703 5858 vel
2748 5806 2960 5856 furta-soi:
2984 5804 3032 5851 in
3054 5816 3163 5865 qus
3202 5800 3481 5864 exemplari
3506 5817 3603 5852 non

2018 5889 2072 5925 et
2095 5890 2107 5904 '
2144 5890 2153 5899 '
2194 5888 2268 5925 ut.
