4170 6476
634 410 740 469 ωδ

635 541 827 609 inquit,
848 508 1069 595 mortuas
1092 546 1166 592 est
1191 534 1339 591 Isaac
1363 545 1546 601 senex,
1564 544 1613 590 et
1634 536 1813 607 plenas
1834 534 2030 589 dierum
2047 532 2205 602 (Gen.

636 631 807 693 27.1).
820 629 951 686 Nam
970 612 1089 683 cum
1109 626 1274 683 Jaeob
1289 625 1710 682 benedictionem
1731 625 2094 686 suffnraretnr,
2112 625 2207 680 he-

641 722 787 776 betes
799 727 952 775 erant
966 716 1107 774 «vetiti
1129 719 1266 785 ejus,
1286 715 1427 773 unde
1448 715 1641 771 factum
1659 726 1738 770 est
1752 724 1809 769 nt
1827 716 2166 784 deciperetur
2188 730 2201 767 :

632 810 824 879 cogitat
848 816 968 879 past
985 816 1061 862 tot
1080 821 1249 863 annos
1269 816 1520 877 quantum
1537 806 1785 860 senuerit.
1816 803 1883 858 Et
1907 805 2207 874 sepelierunt

630 916 761 963 ενοι.
787 898 975 969 inquit,
1005 896 1143 954 Euri
1169 906 1217 952 et
1236 897 1417 951 Jacob.
1441 895 1544 951 Sed
1581 893 1690 964 jam
1705 895 1993 962 .sepultura
2041 895 2204 963 patris

630 987 851 1057 lacta,6.
869 985 1006 1043 Esai
1017 987 1233 1057 acceptis
1249 985 1484 1041 mribus
1493 996 1542 1041 et
1556 985 1678 1054 ﬁliis
1693 996 1740 1040 et
1761 986 1990 1039 omnibus
2010 986 2134 1048 suis,
2156 994 2204 1038 et

629 1079 859 1135 omnibus
880 1096 995 1148 qua!
1014 1078 1297 1150 possidebat
1320 1079 1372 1133 in
1404 1088 1536 1133 terra
1563 1078 1984 1141 Chananeorttm,
2027 1078 2201 1147 profe-

627 1180 738 1224 ctus
764 1178 853 1225 est.
880 1170 935 1227 7.
958 1167 1011 1223 Ν
1013 1184 1080 1224 on
1104 1178 1296 1237 pararat
1322 1169 1452 1223 enim
1477 1185 1559 1222 eos
1581 1171 1713 1240 ferre
1740 1180 1874 1226 terra
1911 1170 2202 1240 peregrina-

626 1263 780 1318 tionis
798 1276 906 1333 pra
925 1261 1244 1315 multitudine
1262 1261 1580 1330 facultatum.
1606 1262 1659 1317 8.
1688 1260 1754 1315 Et
1774 1261 2010 1315 habitavit
2025 1270 2199 1331 postea

628 1355 680 1409 in
702 1364 869 1409 monts
904 1354 1022 1409 δεῖν
1046 1352 1232 1427 (Caput
1276 1351 1391 1425 36).
1422 1353 1489 1408 Et
1516 1354 1602 1408 ubi
1634 1353 1869 1408 narravit
1892 1350 2197 1407 nohisdivi-

624 1462 691 1503 na
718 1446 990 1517 Scriptura
1009 1461 1103 1502 eos
1117 1447 1204 1518 qui
1232 1462 1295 1502 ex
1320 1446 1458 1501 Esau
1488 1446 1593 1500 nati
1621 1454 1762 1514 sunt,
1792 1453 1841 1499 et
1872 1453 2057 1516 gentes
2079 1459 2198 1514 qua)

624 1556 689 1596 ex
717 1555 783 1596 eo
826 1551 948 1595 sunt
973 1548 1122 1601 θην.
1153 1538 1280 1594 dicit
1308 1557 1319 1591 :
1348 1540 1397 1593 l.
1431 1537 1736 1609 Peregrinus
1754 1548 1919 1591 autem
1948 1538 2075 1608 {ttit‘
2097 1537 2196 1591 Ja-

624 1630 715 1684 cub
755 1631 808 1687 in
847 1642 1000 1695 terra,
1026 1646 1126 1701 qua
1145 1614 1490 1700 peregrinatus
1523 1631 1617 1699 fuit
1646 1639 1787 1699 pater
1813 1630 1922 1700 ejus
1969 1629 2021 1682 in
2062 1638 2198 1683 terra

627 1715 865 1775 Cannam
894 1717 1217 1790 (Cap-Hi7).
1247 1717 1351 1773 Sed
1383 1716 1504 1773 hinc
1532 1718 1728 1787 exeipit
1766 1733 1864 1774 nos
1887 1716 1992 1773 alia
2014 1732 2199 1773 narra-

624 1812 719 1875 tio.
750 1827 853 1883 qua
877 1811 943 1866 de
971 1809 1265 1866 admirabili
1288 1809 1484 1879 Joseplt
1525 1811 1717 1880 agitur.

694 1904 749 1959 3.
792 1899 1005 1958 Herulis
1030 1899 1427 1973 epilogum—Et
1449 1900 1495 1956 si
1518 1900 1665 1962 libet.
1696 1899 1781 1955 hic
1809 1899 2051 1955 finiemus
2073 1913 2192 1954 ser-

624 1976 860 2061 nionem,
892 1993 1165 2049 historiam
1188 1993 1278 2047 lilii
1305 1991 1470 2049 Jaeob
1508 1993 1561 2047 in
1612 1991 1751 2047 aliud
1797 1991 2071 2050 conciouis
2108 1992 2193 2046 in-

620 2086 770 2141 itium
795 2084 1145 2140 remittentes.
1173 2081 1303 2137 Illud
1326 2090 1501 2137 tamen
1533 2082 1828 2151 rogaverim
1850 2091 2077 2138 vestram
2103 2096 2194 2138 ca-

619 2179 859 2239 ritatem.
892 2186 946 2231 ut
972 2191 1033 2231 ea
1063 2190 1182 2245 quae
1205 2174 1453 2231 dicuntur
1475 2173 1758 2245 diligenter
1780 2174 2108 2241 auscultetis,
2139 2183 2193 2229 ιιι

617 2284 689 2324 ex
719 2267 941 2339 singulis
968 2266 1254 2336 Scriptura:
1282 2266 1437 2321 dictis
1475 2264 1703 2319 maxima
1732 2266 1882 2321 vobis
1920 2275 2192 2321 accrescat

618 2360 849 2426 utilitas,
890 2358 1199 2429 nullumque
1244 2371 1428 2413 eorum
1483 2364 1685 2411 temere
1734 2356 2185 2426 prmtermittatur.

618 2448 921 2504 Tltcsaurus
939 2449 1079 2505 enim
1103 2447 1391 2517 spiritualis
1409 2459 1533 2503 sunt
1552 2447 1727 2502 divina
1755 2447 1961 2518 eloquia
1978 2465 1993 2513 ;
2010 2457 2065 2503 et
2079 2448 2188 2503 sic-

618 2551 677 2597 ut
707 2539 898 2611 aliquis
920 2539 986 2596 de
1020 2539 1255 2596 sensibili
1282 2539 1531 2594 thesauro
1566 2554 1708 2608 saepe
1738 2555 1894 2593 unam
1920 2553 2185 2609 geunuam

613 2632 896 2701 recipiens,
929 2644 1145 2701 magnas
1165 2629 1263 2684 sibi
1291 2638 1441 2699 parat
1463 2628 1672 2684 divitias
1704 2629 1809 2684 :ita
1840 2640 1891 2684 et
1914 2629 1998 2685 hic
2016 2632 2193 2698 justo-

613 2737 730 2776 rmn
760 2722 1008 2784 virtutes,
1049 2720 1207 2775 modo
1242 2721 1515 2776 attendere
1571 2721 1891 2775 voluerimus
1916 2762 1932 2788 ,
1987 2730 2184 2777 tatnam

612 2811 767 2867 nobis
809 2811 1086 2867 utilitatem
1125 2809 1317 2866 afferre
1348 2820 1601 2880 possunt,
1648 2820 1704 2866 ut
1756 2811 1821 2864 ad
1872 2812 2183 2867 imitandum

610 2919 708 2960 eos
755 2904 1055 2959 incitcnmr.
1098 2900 1187 2959 Sic
1210 2902 1352 2958 enim
1397 2902 1687 2971 poterimus
1711 2912 1763 2956 et
1791 2918 1887 2956 nos
1910 2904 2179 2970 eumdem,

608 3010 766 3065 quem
785 2994 880 3061 illi,
908 2993 1137 3048 favorem
1160 2991 1251 3049 Dei
1275 2993 1549 3061 consequi.
1581 2991 1759 3063 Neque
1780 2994 1912 3047 enim
1940 3011 2184 3065 persona-

606 3105 722 3141 rum
765 3097 999 3157 acceptor
1040 3097 1112 3141 cst
1155 3085 1309 3151 Deus,
1360 3086 1449 3139 sed
1476 3086 1526 3138 in
1567 3086 1703 3139 omni
1744 3096 1888 3156 gente
1921 3087 2007 3153 qui
2042 3088 2186 3141 timet

612 3175 775 3232 Deum
794 3188 841 3231 et
862 3185 1102 3247 operatur
1112 3177 1383 3247 justitiam,
1408 3184 1641 3245 acceptus
1659 3177 1706 3229 ei
1722 3187 1796 3230 est
1822 3176 1961 3245 (Act.
1984 3178 2068 3233 10.
2093 3179 2182 3234 54.

604 3268 702 3337 55)
730 3286 744 3322 :
769 3267 834 3320 ita
860 3275 937 3330 ut,
968 3266 1011 3321 si
1036 3266 1377 3327 voluerimus,
1430 3266 1561 3320 nihil
1591 3266 1660 3320 sit
1710 3266 1851 3335 quod
1878 3268 2179 3336 prohibeat,

605 3360 735 3429 quin
764 3368 907 3413 tardo
930 3359 1009 3413 vel
1034 3358 1194 3413 etiam
1236 3357 1419 3427 majori
1445 3359 1707 3427 potiamur
1733 3360 1947 3414 auxilio.
1974 3361 2102 3415 Nam
2133 3362 2177 3418 si

608 3465 705 3505 nos
721 3450 993 3504 dumtaxat
1012 3448 1194 3503 viderit
1211 3447 1401 3503 afferre
1419 3465 1535 3518 quzr
1550 3465 1615 3504 ex
1639 3450 1790 3506 nobis
1803 3460 1947 3519 sunt,
1973 3463 2021 3508 et
2044 3468 2178 3522 prte-

607 3541 749 3598 ferre
774 3539 1091 3595 lnunanisea
1112 3556 1230 3611 qua:
1254 3541 1354 3595 sibi
1380 3541 1603 3611 placent,
1636 3550 1834 3597 tantam
1862 3553 1915 3598 et
1947 3546 2058 3614 ipse
2085 3563 2183 3599 no-

605 3634 702 3688 stri
730 3647 911 3689 curam
943 3631 1250 3697 declarabit,
1281 3642 1335 3686 ut
1364 3632 1414 3686 in
1442 3633 1686 3688 onmibus
1713 3633 1937 3689 invictos
1974 3637 2178 3692 reddat.

608 3725 825 3780 llostetu
873 3724 1015 3780 enim
1039 3724 1291 3779 habemus
1321 3734 1661 3795 perpetuum,
1693 3736 1748 3782 et
1778 3728 2092 3797 implaCabili
2127 3732 2178 3784 in

606 3829 706 3869 nos
749 3814 875 3869 odio
923 3812 1251 3883 flagrantem.
1310 3814 1457 3870 Unde
1504 3816 1656 3871 nobis
1697 3832 1883 3887 magna
1912 3820 2179 3889 vigilantia

603 3922 739 3976 opus
764 3906 955 3971 est,ita
988 3916 1042 3960 ut
1071 3905 1187 3975 ejus
1233 3906 1443 3960 fraudes
1493 3906 1739 3973 vitieere,
1781 3924 1843 3963 ac
1879 3912 2180 3979 superiores

604 3997 723 4065 ejus
745 3998 861 4052 telis
880 3996 1126 4051 constitui
1155 3997 1434 4066 possimus.
1470 3997 1581 4051 Non
1608 3998 1765 4052 aliter
1789 4011 1966 4054 autem
1998 4002 2177 4055 vince-

608 4104 744 4150 mus,
768 4103 925 4157 quam
952 4088 995 4140 si
1024 4087 1379 4156 pernptimam
1403 4090 1856 4145 conversationem
1886 4107 2174 4161 supernum

606 4179 761 4233 nobis
785 4177 1035 4230 auxilium
1057 4177 1419 4232 conciliemus.
1439 4178 1705 4246 Optimum
1730 4198 1855 4236 vero
1880 4184 2173 4239 institutum

604 4278 687 4321 est
709 4267 809 4321 vita
839 4283 985 4337 pura.
1018 4266 1127 4321 line
1147 4268 1287 4323 enim
1310 4268 1448 4322 basis
1468 4279 1520 4323 et
1552 4270 1947 4327 fundameutmn
1976 4277 2177 4328 cstvir-

606 4360 732 4416 tutis
763 4376 775 4411 :
805 4358 945 4429 quod
967 4358 1055 4427 qui
1082 4369 1226 4413 recte
1249 4358 1457 4427 iecerit,
1484 4360 1633 4415 facile
1659 4361 1758 4415 alia
1784 4362 1959 4416 omnia
1988 4364 2174 4418 devin-

602 4460 718 4508 crt:
748 4465 920 4518 neque
950 4450 1092 4503 illum
1116 4452 1384 4519 superabit
1422 4451 1501 4505 vel
1529 4453 1867 4519 pecuniarum
1892 4456 2172 4523 cupiditas,

605 4543 687 4595 vel
714 4541 897 4610 gloria:
918 4556 1087 4605 amor,
1116 4542 1195 4595 vel
1225 4542 1436 4605 invidia,
1467 4545 1548 4598 vel
1578 4546 1751 4615 aliqua
1780 4545 1989 4601 affectio
2016 4549 2173 4603 mala.

607 4633 673 4687 Et
709 4631 995 4701 quomodo,
1022 4647 1120 4700 ego
1147 4632 1339 4686 dicam.
1392 4634 1611 4700 Quando
1653 4637 1792 4691 enim
1820 4639 1937 4707 quis
1980 4642 2173 4695 munda

604 4722 762 4794 literit
785 4720 1129 4785 conscientia,
1161 4730 1211 4774 et
1243 4720 1310 4775 ab
1350 4724 1492 4775 omni
1518 4724 1679 4779 libera
1710 4730 1910 4781 macula
1935 4770 1949 4793 ,
1986 4734 2179 4798 poterit

607 4810 887 4865 hominum
917 4811 1145 4864 universi
1174 4809 1368 4866 habere
1399 4813 1795 4870 inltabitautetn.
1836 4816 1979 4872 Beati
2008 4822 2171 4889 enim,

605 4901 792 4970 lnquit,
807 4900 990 4954 mundo
1002 4902 1170 4967 corde,
1183 4904 1418 4971 quoniam
1437 4903 1530 4973 ipsi
1547 4903 1704 4959 Deum
1719 4908 1949 4961 ridebant
1962 4909 2171 4977 (Matth.

603 4994 656 5048 5.
682 4991 758 5063 8).
781 4992 927 5058 Quod
958 4993 1135 5061 siqnis
1154 4993 1301 5051 illum
1330 4994 1728 5053 iultabitatorem
1756 4999 1951 5055 habere
1966 5018 2175 5058 merea-

606 5092 693 5135 tur
705 5082 864 5151 quasi
894 5079 1085 5136 frustra
1108 5092 1161 5136 et
1178 5083 1294 5138 sine
1315 5084 1686 5154 impedimento
1702 5107 1926 5159 oorpore
1956 5095 2177 5150 vestitus

603 5182 768 5235 esset,
812 5168 901 5239 ita,
935 5184 1113 5242 postea
1142 5172 1419 5239 afficietur,
1452 5187 1505 5230 et
1555 5178 1898 5236 humanarum
1938 5186 2173 5238 omnium

605 5278 781 5331 rerum
836 5263 1135 5331 superbiam
1184 5265 1334 5320 facile
1370 5276 1691 5323 contemnet.
1742 5272 1978 5327 Humana
2031 5278 2173 5330 enim

605 5330 781 5406 ontuia
809 5354 993 5408 umbra
1043 5355 1113 5408 illi
1146 5358 1515 5428 somnimnqne
1561 5363 1903 5430 apparebunt,
1946 5375 1999 5420 et
2039 5369 2179 5423 sicut

603 5446 830 5501 C8‘i0>ii$
849 5448 977 5500 civis
998 5451 1330 5516 pra-sontium
1351 5452 1475 5504 nihil
1496 5454 1713 5521 optabit.
1743 5455 1883 5511 Talis
1907 5468 2023 5512 erat
2054 5460 2175 5514 bea-

608 5545 691 5593 tus
713 5534 903 5590 Paulus
929 5535 1115 5592 doctor
1135 5538 1307 5604 orbis;
1343 5551 1617 5611 propterea
1644 5544 1925 5616 clannbat,
1956 5549 2171 5606 dicens:

668 5776 685 5811 ι
718 5771 862 5836 tum,
887 5772 1125 5829 habitavit.

1388 404 1443 462 S.
1482 402 1756 460 JOANNIS
1791 401 2261 460 CllliYSOSTOiil
2300 400 2617 458 ARCIIIEI‘.
2658 404 3192 463 CONSTANTINOP.

2320 507 2460 564 Nutu
2484 514 2873 583 «perimantur»
2893 517 3122 585 qua'ritis
3158 519 3268 583 eius
3293 519 3382 587 qui
3409 520 3462 575 in
3520 538 3599 577 ius
3636 524 3888 593 loquitur.

2312 600 2501 656 Christi
2534 605 2608 673 (2.
2634 604 2751 660 Cor.
2783 606 2869 685 if).
2892 608 2987 676 δη
3024 609 3090 663 Et
3129 610 3319 664 iterum
3352 629 3367 664 :
3411 610 3531 668 Viro
3554 626 3757 681 autem,
3791 634 3890 672 una

2303 691 2417 761 jam
2447 708 2558 766 rgo,
2580 696 2698 747 uiuit
2720 704 2887 749 autem
2916 697 2967 751 in
2995 713 3074 752 me
3099 697 3329 755 Christus
3359 701 3549 770 (Halat.
3575 704 3631 759 2.
3655 706 3768 774 20).
3826 706 3891 761 Et

2307 780 2706 853 iterum:de
2728 797 2894 841 autem
2940 804 3077 842 nunc
3120 792 3230 844 viso
3254 793 3305 847 in
3333 810 3503 860 carne,
3551 798 3603 850 in
3642 799 3746 867 [ide
3782 802 3890 853 eius

2311 871 2522 947 (llud).
2556 876 2735 932 Vidisti
2759 878 2928 933 virum
2954 894 3178 949 carpere
3201 883 3607 955 circumdatum,
3629 890 3781 960 quasi
3805 891 3891 943 in-

2303 979 2559 1036 corporea
2584 969 2764 1039 quiete
2792 970 3052 1028 fruentem
3080 973 3224 1044 loqui
3251 977 3469 1031 omnia?

2372 1055 2427 1110 4.
2458 1055 2628 1113 Multa
2678 1058 2761 1113 hic
2804 1065 3253 1130 commendantur,
3302 1076 3482 1137 nempe
3517 1085 3536 1124 :
3559 1072 3890 1140 mortiﬁcatio

2301 1146 2471 1200 carnis
2491 1186 2507 1210 ,
2544 1148 2629 1202 sai
2663 1149 2823 1221 ipsius
2844 1154 3110 1222 spiritaafe
3130 1160 3466 1228 sacriﬁcium,
3513 1162 3776 1234 vigilantia
3795 1207 3810 1231 ,
3838 1178 3889 1221 et

2301 1252 2512 1294 aeruca
2540 1244 2874 1299 conscientia.
2907 1276 2977 1287 —
3015 1246 3167 1305 Hunc
3193 1265 3383 1307 omnes
3406 1252 3707 1322 imitemur,
3735 1273 3888 1313 mor-

2302 1326 2565 1385 titieetnus
2612 1334 2849 1390 membra
2896 1338 3108 1406 carnis,
3159 1349 3215 1396 et
3255 1341 3323 1398 ad
3367 1344 3507 1399 male
3550 1347 3885 1416 operandam

2301 1416 2592 1476 inefficacia
2638 1424 2968 1481 reddamus:
3008 1430 3087 1485 sic
3121 1432 3265 1487 enim
3306 1435 3638 1503 potissimum
3678 1438 3885 1494 valem-

2299 1526 2420 1567 mus
2447 1513 2559 1582 ipsa
2603 1514 2715 1571 Deo
2751 1517 2945 1574 oﬂ’erre
2972 1522 3289 1578 sacrificium
3321 1526 3733 1598 beneplacitum.
3790 1531 3887 1586 Vi-

2295 1602 2417 1658 disti
2465 1619 2622 1674 quam
2677 1623 2869 1664 novum
2911 1620 2967 1665 et
3007 1613 3322 1671 admirabile
3370 1615 3473 1673 hoc
3521 1621 3886 1677 sacrificium?

2295 1691 2516 1760 Quando
2545 1708 2753 1753 mortua
2793 1698 2985 1755 fuerint
3028 1703 3263 1759 membra
3281 1745 3299 1773 ,
3328 1714 3453 1763 tunc
3481 1712 3647 1780 magis
3670 1720 3883 1781 gratum

2294 1783 2397 1838 erit
2425 1784 2535 1839 Deo
2556 1787 2894 1844 sacrificium.
2943 1790 3118 1859 Quare
3152 1804 3205 1848 et
3245 1782 3517 1866 quomodo
3554 1799 3697 1871 hoc?
3736 1802 3885 1871 Quo—

2295 1873 2436 1927 niam
2461 1874 2735 1943 spirituale
2772 1879 3088 1936 sacrificium
3129 1893 3209 1939 est
3230 1925 3245 1952 ,
3274 1896 3329 1941 et
3358 1887 3486 1943 nihil
3515 1888 3675 1947 habet
3703 1896 3883 1949 sensi-

2294 1963 2420 2020 bile.
2472 1965 2605 2021 Nam
2636 1968 2687 2022 in
2730 1971 2969 2027 sensibili
3004 1974 3216 2045 quidem
3255 1978 3521 2036 sacriﬁcio
3549 1996 3655 2038 non
3700 1985 3879 2041 solum

2294 2052 2344 2108 id
2367 2095 2384 2121 ,
2412 2057 2553 2126 quod
2581 2068 2844 2115 mortuum
2873 2070 2991 2127 est,
3022 2065 3302 2134 abjicitur,
3346 2070 3439 2124 sed
3469 2087 3641 2144 neque
3670 2073 3876 2143 vivum,

2290 2146 2433 2216 quod
2465 2148 2703 2221 vitiatum
2744 2150 2942 2217 fuerit,
2992 2157 3269 2213 sacriﬁciis
3314 2160 3562 2217 idoneutn
3607 2179 3763 2233 esse,
3811 2170 3882 2223 ab

2293 2236 2447 2292 initio
2471 2241 2583 2311 lege
2603 2250 2813 2297 cautum
2842 2243 2958 2307 fuit.
2987 2261 3085 2302 nec
3109 2248 3224 2304 sine
3243 2265 3401 2307 causa
3420 2253 3603 2324 (Leuit.
3627 2256 3832 2331 22.33)
3859 2278 3873 2316 :

2289 2332 2383 2386 sed
2430 2342 2486 2388 ut
2533 2350 2629 2405 per
2666 2335 3103 2396 irrationabilinm
3147 2343 3572 2403 observationem
3621 2354 3877 2420 paulatim

2291 2422 2603 2481 inducantur
2622 2426 2687 2482 ad
2706 2428 3032 2498 spiritualem
3057 2431 3192 2488 hanc
3218 2444 3270 2491 et
3297 2437 3610 2495 rationalem
3643 2442 3875 2501 hostium

2288 2530 2410 2569 cum
2429 2530 2617 2586 magna
2637 2520 2843 2575 cautela
2869 2522 3211 2580 offerendam.
3227 2525 3377 2595 Quod
3395 2530 3537 2585 enim
3563 2532 3672 2589 illic
3693 2548 3779 2591 est
3800 2537 3880 2591 vi-

2290 2605 2504 2673 tiosum,
2530 2624 2719 2678 nempe
2740 2612 2999 2680 privatum
3016 2617 3341 2684 auribus,vel
3359 2621 3655 2679 mutilatum
3680 2628 3872 2696 cauda,

2287 2694 2515 2765 idipsum
2543 2698 2629 2753 hic
2655 2709 2738 2756 est
2773 2703 2907 2758 tnala
2937 2708 3366 2778 concupiscentia
3390 2752 3405 2775 ,
3435 2710 3665 2785 luxnria,
3708 2694 3872 2788 opum

2285 2801 2439 2844 amor
2466 2800 2521 2845 et
2550 2793 2726 2848 omnis
2763 2798 2994 2866 nequitia
3024 2814 3040 2852 :
3070 2810 3123 2856 et
3153 2803 3293 2871 quod
3332 2814 3415 2859 est
3457 2806 3565 2863 illic
3603 2823 3796 2865 sanum
3820 2824 3877 2868 et

2286 2878 2354 2934 ab
2405 2881 2547 2935 omni
2595 2883 2799 2938 macula
2843 2887 3074 2943 alienum
3124 2906 3281 2959 esse,
3335 2894 3563 2965 idipsum
3630 2910 3718 2955 est
3787 2903 3877 2958 hic

2288 2976 2553 3025 mortuum
2603 2974 2837 3042 mundo,
2893 2978 2962 3032 ita
2995 2979 3062 3035 ad
3104 2982 3379 3051 spiritttale
3415 2988 3730 3045 sacrificium
3781 3008 3869 3049 se-

2288 3061 2572 3131 metipsum
2627 3064 2878 3122 idoneum
2918 3071 3191 3128 exhibere.
3240 3074 3367 3132 ila'e
3411 3094 3516 3134 non
3558 3080 3875 3152 simpliciter

2288 3160 2697 3219 prmtereamus,
2756 3158 2850 3212 sed
2889 3159 3024 3216 bene
3078 3162 3298 3233 ligentes
3344 3182 3405 3223 ea
3455 3169 3508 3224 in
3551 3183 3730 3228 mente
3768 3190 3871 3229 no-

2286 3248 2393 3293 stra
2424 3282 2439 3307 ,
2496 3243 2802 3302 Studeamus
2849 3263 2915 3303 ne
2963 3252 3130 3308 simus
3166 3252 3462 3315 deteriores
3508 3259 3730 3330 Judznis,
3778 3268 3870 3335 qui

2286 3330 2337 3384 in
2386 3330 2571 3387 multra
2637 3344 2835 3392 ιιιιιιιιιιι
2904 3340 3157 3399 exhibent
3220 3347 3669 3409 observationem.
3723 3330 3873 3415 Sicut

2284 3422 2424 3477 enim
2484 3425 2557 3479 illi
2603 3428 2778 3485 adhuc
2842 3432 3071 3490 lucerna:
3113 3438 3411 3497 assidentes
3451 3452 3728 3515 tantopere
3780 3450 3869 3504 illa

2283 3516 2672 3589 observarunt,
2732 3523 2802 3577 ita
2846 3540 2977 3593 nos,
3025 3538 3299 3600 postquam
3367 3535 3447 3589 sol
3498 3535 3721 3606 justitia:
3771 3556 3873 3598 nos

2284 3606 2551 3665 illustrare
2574 3611 2821 3681 dignatus
2845 3625 2946 3677 est.
2973 3619 3262 3690 relictaque
3285 3627 3469 3680 umbra
3496 3628 3561 3681 ad
3586 3642 3868 3687 veritatem

2282 3698 2494 3753 adducti
2541 3717 2758 3768 sumus,
2811 3704 3040 3762 similem
3092 3710 3517 3771 observationem
3568 3720 3713 3776 circa
3763 3722 3869 3778 hoc

2283 3790 2556 3858 spirituale
2582 3796 2896 3851 sacriﬁcium
2927 3792 3302 3861 exitiheantus.
3352 3808 3415 3861 Et
3450 3826 3619 3881 neque
3648 3828 3867 3882 peccata

2282 3896 2400 3950 qua:
2432 3884 2583 3937 nobis
2611 3885 2854 3942 videntur
2876 3905 3055 3958 parva,
3082 3896 3437 3961 perfunctorie
3459 3910 3864 3971 praetereamus,

2283 3970 2378 4027 sed
2408 3974 2641 4039 quotidie
2668 3991 2697 4029 a
2724 3978 2878 4035 nobis
2895 3983 3125 4039 rationes
3143 3996 3448 4055 repetamus
3469 4000 3523 4045 et
3552 3970 3862 4060 verborum,

2281 4077 2334 4122 et
2353 4080 2659 4137 aspectuum
2690 4080 3027 4142 :‘pmnaSque
3056 4074 3121 4129 de
3152 4078 3304 4133 nobis
3330 4080 3457 4149 ipsis
3478 4098 3771 4149 sumamus,
3811 4099 3870 4144 ut

2282 4176 2378 4213 nos
2404 4176 2432 4213 a
2462 4160 2636 4215 futuro
2662 4164 2919 4231 supplicio
2950 4167 3255 4224 liberemus.
3291 4171 3512 4241 Propter
3544 4174 3645 4231 hoc
3665 4180 3868 4249 quippe

2282 4250 2476 4305 Paulus
2494 4250 2659 4320 inquit
2680 4271 2693 4305 :
2719 4250 2855 4306 Nam
2875 4256 2918 4309 si
2939 4274 3027 4310 nos
3050 4257 3183 4326 ipsos
3199 4262 3619 4333 judicent-inuis,
3642 4285 3742 4322 non
3761 4274 3864 4324 uti-

2280 4357 2377 4409 qua
2393 4342 2741 4410 judicaréutur
2770 4346 2847 4413 (ί.
2879 4344 2997 4398 Cor.
3032 4347 3118 4400 il.
3150 4349 3261 4418 3|).
3298 4351 3368 4404 Ita
3404 4355 3448 4407 si
3480 4368 3575 4408 nos
3604 4357 3749 4425 ipsos
3775 4361 3865 4414 hic

2282 4432 2809 4490 condemnaverimus
2856 4446 3073 4507 propter
3106 4442 3411 4507 quotidiana
3459 4460 3709 4514 pet-cata,
3764 4452 3865 4504 im-

2285 4522 2581 4577 minuemus
2607 4528 2943 4580 sereritatem
2970 4528 3151 4596 judicii
3179 4533 3321 4599 quod
3363 4536 3469 4589 illic
3498 4535 3733 4594 futurqu
3756 4553 3862 4599 est.

2284 4611 2432 4673 Quod
2467 4612 2507 4664 si
2548 4613 2716 4680 ignavi
2763 4614 3042 4683 fuerimus,
3093 4619 3190 4685 Qui
3225 4622 3553 4692 fudit-amur,
3596 4628 3800 4697 inquit,
3834 4651 3866 4685 rt

2283 4699 2503 4754 Domino
2524 4704 2797 4758 erudimur.
2823 4706 2973 4762 Prius
2994 4709 3151 4777 igitur
3172 4716 3524 4783 nosmetipsos
3539 4720 3867 4776 eundemne-

2283 4804 2403 4844 mus
2430 4806 2615 4861 magna
2657 4809 2776 4848 eum
2816 4796 3120 4853 sinceritate
3142 4841 3158 4867 ,
3191 4812 3244 4855 et
3271 4803 3417 4857 nullo
3444 4808 3648 4863 sciente
3684 4809 3736 4863 in
3766 4811 3864 4864 tri-

2285 4880 2463 4934 bunali
2510 4885 2850 4938 Conscientia:
2893 4887 3172 4943 sedeamus
3214 4908 3228 4945 :
3268 4892 3453 4961 sicque
3494 4898 3867 4957 examinemus

2283 4982 2495 5027 nostras
2521 4975 2867 5043 cogitationes
2890 5018 2904 5042 ,
2950 4987 3004 5033 et
3046 4990 3243 5036 rectam
3271 4988 3589 5043 sententiam
3619 4992 3867 5059 profera-

2287 5078 2421 5125 mus,
2453 5074 2509 5118 ut
2549 5080 2698 5118 mens
2728 5067 3037 5123 imminente
3068 5070 3158 5125 illo
3195 5083 3401 5131 terrore
3432 5093 3684 5147 percussa
3710 5122 3726 5145 ,
3758 5099 3867 5139 non

2288 5164 2512 5220 patiatur
2539 5156 2765 5223 amplius
2802 5156 3011 5226 decipi,
3056 5161 3149 5215 sed
3191 5164 3445 5233 impetum
3494 5170 3759 5239 refrenet,
3806 5193 3869 5230 ac

2289 5245 2616 5311 prospiciens
2646 5247 2790 5299 illum
2820 5249 3116 5305 insomnem
3149 5255 3362 5309 oculum
3382 5298 3399 5325 ,
3432 5260 3724 5327 prtecludat
3752 5265 3871 5319 dia-

2288 5332 2410 5387 bolo
2428 5335 2739 5401 ingressum.
2758 5336 3253 5410 Propterignaviant
3266 5348 3407 5400 enim
3432 5348 3869 5425 ferimusosnnia,

2291 5433 2346 5476 ut
2377 5423 2486 5490 ipsa
2515 5442 2691 5481 rerum
2717 5431 3046 5497 experientia
3080 5435 3293 5491 clamat.
3344 5438 3473 5494 Nam
3514 5423 3871 5513 quemadmo;

2290 5512 2415 5566 dum
2439 5514 2480 5567 si
2508 5516 2592 5569 vel
2619 5518 2887 5585 paululum
2916 5522 3134 5577 excitari
3150 5526 3493 5596 voluerimus,
3522 5512 3713 5590 omnes
3733 5536 3874 5596 illius

2290 5602 2510 5657 insidias
2538 5607 2685 5673 quasi
2724 5608 2991 5676 pulverem
3016 5616 3332 5681 repellemus
3360 5636 3375 5673 :
3398 5622 3476 5675 sic
3497 5625 3715 5694 quando
3744 5642 3873 5699 sup-

2293 5694 2591 5764 plantamur
2615 5739 2627 5760 ,
2666 5714 2769 5751 non
2802 5711 3018 5769 prepter
3044 5704 3185 5760 illius
3220 5711 3552 5778 tyrannidem
3581 5716 3683 5773 hoc
3706 5694 3874 5778 susti-

2292 5802 2483 5844 nemus
2506 5826 2521 5855 ,
2569 5788 2660 5844 sed
2703 5800 2917 5859 propter
2941 5794 3209 5867 ignaviam
3238 5813 3493 5861 nostram.
3524 5807 3708 5881 Neque
3730 5829 3878 5871 enim

3623 6463 3658 6468 ἡ
3740 6464 3776 6470 j
3838 6464 4156 6476 ﬁiﬁﬂ

3791 418 3963 474 S'H'
