4170 6518
225 418 328 476 595

229 556 276 606 vi
301 566 396 605 sua
424 559 479 603 ct
505 548 822 603 necessitate
854 559 952 598 nos
981 542 1182 606 vincit,
1211 540 1305 597 sed
1336 539 1654 608 deceptione
1683 536 1821 591 sola.

231 642 306 698 Ne
352 641 682 709 decipiantur
725 649 901 691 autent
939 635 994 690 in
1027 634 1178 687 inibis
1195 642 1312 696 est,
1335 632 1378 685 si
1404 630 1678 699 paululum
1706 642 1827 682 esse

235 732 421 801 vigiles
451 729 776 784 voluerimus
797 767 814 792 ,
859 737 913 779 et
948 722 1348 790 nobismetipsis
1387 718 1775 773 attenderimns
1810 734 1824 770 :

238 843 342 881 non
367 824 506 895 quod
534 839 598 876 ex
628 823 779 876 nobis
809 821 936 874 Solis
965 829 1107 873 tanta
1139 819 1208 873 sit
1251 825 1486 886 potestas
1506 855 1522 878 ,
1571 813 1664 868 sed
1707 813 1828 882 quia

238 929 360 970 tunc
391 929 682 984 supernum
713 914 964 966 auxilium
1010 910 1163 964 nobis
1191 909 1429 978 aflulget.
1477 906 1608 961 Nam
1641 906 1686 960 si
1711 919 1831 973 quae

236 1026 263 1060 a
293 1008 446 1061 nobis
477 1015 598 1058 sunt
629 1004 936 1068 fecerimus,
968 1011 1260 1068 sequentur
1282 1000 1443 1054 etiam
1466 997 1685 1050 omnino
1713 1010 1835 1064 quae

244 1097 447 1151 1)‹›ιιιὶιιὶ
478 1103 622 1149 sunt.
661 1094 855 1162 Vigiles
887 1092 1045 1160 igitur
1073 1092 1260 1153 simus,
1294 1088 1541 1148 obsecro,
1572 1095 1638 1140 et
1653 1085 1834 1140 scien-

243 1203 322 1245 tes
350 1197 496 1241 artes
519 1187 757 1255 maligni,
792 1191 1050 1255 perpetuo
1090 1195 1376 1234 caveamus
1401 1178 1557 1232 nobis
1582 1217 1596 1237 .
1627 1187 1681 1230 et
1707 1190 1834 1229 ore-

243 1294 361 1334 mus
385 1279 548 1330 Deum
577 1286 634 1329 ut
660 1291 756 1329 nos
786 1275 1002 1340 adjuvet
1028 1271 1091 1325 ad
1118 1271 1432 1324 certandum
1456 1277 1698 1321 nostrum
1715 1281 1838 1318 cum

243 1368 456 1422 diabolo
486 1376 776 1421 certamen.
825 1366 913 1418 Sic
941 1364 1086 1417 enim
1112 1371 1165 1414 ct
1192 1376 1288 1414 nos
1316 1360 1496 1414 invicti
1525 1358 1748 1420 erimus,
1777 1363 1833 1409 et

247 1459 668 1514 machinationes
707 1456 851 1510 illius
888 1455 1205 1523 effugiemus
1229 1494 1244 1515 ,
1275 1461 1330 1505 et
1369 1449 1602 1504 divinam
1649 1460 1840 1500 conse-

246 1564 475 1617 quemur
495 1549 742 1617 gratiam,
783 1547 1028 1614 bonaque
1057 1552 1258 1597 acterna
1282 1541 1645 1609 adipiscentur
1677 1554 1689 1590 :
1720 1549 1841 1606 quae

250 1642 400 1694 nobis
443 1639 691 1693 omnibus
730 1638 1080 1707 contingant,
1113 1636 1281 1704 gratia
1304 1642 1356 1688 et
1387 1631 1716 1700 benignitate
1739 1627 1844 1680 Do-

248 1732 375 1786 mini
420 1730 586 1784 ttOSIl‘i
625 1728 750 1783 Iesu
781 1728 978 1782 Christi
1006 1769 1020 1790 ,
1064 1741 1183 1780 cum
1225 1741 1334 1793 quo
1365 1722 1506 1777 Patri
1539 1730 1592 1774 et
1621 1717 1843 1787 Spiritui

249 1833 436 1875 sancto
463 1821 533 1874 sit
561 1817 726 1890 gloria
752 1861 765 1882 ,
793 1819 1073 1886 imperium
1100 1858 1114 1879 ,
1145 1827 1198 1869 et
1229 1817 1422 1874 honor.
1457 1828 1596 1867 nunc
1622 1821 1675 1867 et
1699 1825 1843 1865 scm-

254 1932 373 1984 per,
397 1925 452 1969 et
479 1915 530 1968 in
552 1913 748 1968 θερί-υιιι
778 1911 1122 1966 surculorum.
1151 1913 1341 1963 Amen.

816 2081 1096 2139 llObllLlA
1136 2079 1274 2136 LXl.

262 2213 360 2271 Hc
393 2228 561 2270 mitem
601 2225 718 2269 sunt
759 2214 1105 2286 generationes
1141 2213 1303 2268 Iacob
1332 2228 1354 2268 :
1383 2211 1577 2282 Ioseph
1629 2218 1848 2280 septem-

326 2308 490 2360 decim
523 2324 771 2359 annorum
811 2317 918 2360 erat
959 2322 1168 2377 poscens
1191 2322 1305 2358 cum
1342 2306 1583 2376 fratribus
1625 2304 1737 2356 suis
1766 2317 1854 2373 pe-

327 2415 450 2450 cora
481 2397 632 2468 (Gen.
660 2398 749 2451 57.
779 2396 858 2468 2).

333 2530 382 2583 f.
429 2528 623 2582 lterqu
658 2544 754 2598 pro
795 2527 1179 2584 consuetudine
1221 2542 1339 2582 mea
1371 2526 1437 2581 ad
1475 2539 1714 2580 mensam
1758 2538 1856 2579 vos

262 2621 518 2676 inducere
563 2622 719 2687 volo,
759 2629 813 2675 et
851 2634 1182 2690 prosequens
1205 2635 1268 2674 ea
1294 2633 1413 2689 quae
1456 2617 1664 2687 pridem
1703 2615 1855 2669 vobis

259 2712 438 2778 dicta,
490 2727 552 2766 ex
587 2711 668 2767 his
699 2728 817 2782 qua:
860 2727 1002 2766 nunc
1031 2713 1165 2766 lecta
1205 2723 1326 2765 sunt
1361 2708 1667 2764 convivium
1707 2707 1857 2762 vobis

265 2805 368 2860 hoc
395 2821 692 2874 proponere
722 2804 1019 2874 spirituale.
1048 2804 1333 2859 Sufficiunt
1364 2803 1507 2857 cnim
1538 2818 1657 2871 qua:
1699 2799 1858 2854 hodie

267 2897 398 2949 lecta
422 2908 540 2949 sunt
561 2897 628 2949 ad
655 2895 954 2950 docendum
984 2911 1083 2950 nos
1108 2911 1294 2950 omnes
1319 2938 1333 2960 ,
1362 2906 1616 2963 quantum
1648 2894 1858 2946 invidia:

264 2986 520 3039 damnum
534 2987 622 3049 sit,
640 2996 694 3040 et
714 2985 983 3056 quomodo
1001 2984 1211 3039 invidia:
1229 2984 1490 3053 pernicies
1506 2987 1666 3037 etiam
1687 2997 1858 3050 usque

264 3077 330 3129 ad
359 3087 641 3143 cognatum
670 3092 860 3145 nntgna
897 3077 948 3129 vi
978 3091 1038 3129 se
1063 3075 1382 3129 extendcrit.
1439 3073 1634 3126 Verum
1678 3082 1734 3125 ut
1779 3073 1859 3125 vi-

262 3166 456 3220 deatur
482 3182 544 3219 ex
572 3167 951 3235 consequentia
996 3181 1176 3220 sermo
1219 3164 1501 3236 progredi,
1535 3179 1715 3232 opera:
1742 3179 1862 3232 pre-

266 3259 400 3309 tium
453 3259 609 3309 fnerit
658 3257 864 3310 initium
909 3257 1150 3310 lectionis
1197 3266 1432 3325 tangere.
1477 3253 1514 3308 2
1567 3252 1663 3306 lla:
1695 3264 1865 3307 autent

263 3357 382 3401 sunt
409 3389 424 3411 ,
457 3349 655 3417 inquit,
697 3348 1042 3417 generationes
1076 3345 1256 3398 Iacob.
1314 3345 1446 3399 Vide
1489 3345 1863 3399 admirabilem

269 3437 412 3489 lnmc
441 3438 750 3505 prophetam
779 3479 793 3502 ,
823 3437 1094 3506 quomodo
1121 3452 1242 3489 cum
1275 3436 1545 3504 promittat
1588 3436 1742 3488 nobis
1770 3452 1863 3504 ge-

267 3529 566 3595 nealogiam
589 3527 752 3581 Iacob
773 3568 786 3590 ,
815 3529 991 3582 statim
1021 3527 1086 3581 ad
1121 3526 1396 3581 historiam
1429 3528 1574 3595 pncri
1599 3538 1862 3591 recurrat,

219 3658 240 3672 ρ
267 3631 320 3674 et
353 3632 632 3689 postquam
686 3620 911 3674 divissct
934 3662 949 3684 ,
999 3619 1098 3674 lla:
1135 3631 1252 3674 sunt
1293 3623 1642 3690 generationes
1679 3609 1873 3684 Iacob,

265 3712 522 3765 derelicta
551 3711 830 3765 confestim
856 3712 1182 3777 narratione,
1212 3713 1425 3780 quinam
1461 3712 1661 3765 scilicet
1683 3728 1748 3765 ex
1774 3712 1866 3766 illo

269 3803 404 3865 nati,
438 3813 490 3855 et
523 3803 714 3856 iterum
748 3805 835 3872 qui
871 3818 934 3856 ex
968 3801 1102 3858 natis
1128 3803 1196 3855 ab
1223 3818 1286 3855 eo
1307 3802 1470 3872 geniti
1499 3803 1862 3872 (sicutsnpra,

266 3910 391 3948 cum
424 3894 491 3948 de
532 3895 670 3950 Esau
713 3909 892 3949 sermo
917 3904 1088 3960 esset,
1133 3894 1274 3961 fecit)
1301 3937 1314 3959 ,
1362 3894 1426 3948 ad
1457 3894 1654 3963 Ioseph
1687 3894 1866 3949 Slallfll

268 3984 625 4050 festinaverit,
655 3984 1073 4049 adolescentem,
1102 3986 1339 4037 omnium
1372 3984 1596 4037 fratrum
1626 3986 1736 4042 lege
1767 3999 1866 4054 po-

265 4087 566 4140 stremum;
617 4091 737 4130 nam
777 4075 950 4129 dicit:
991 4075 1186 4143 Ioseph
1227 4076 1396 4128 decem
1436 4086 1501 4127 et
1527 4084 1715 4144 septem
1759 4083 1869 4127 erat

267 4182 524 4219 minorum
569 4182 779 4234 pascens
821 4182 938 4218 cum
984 4167 1224 4235 fratribus
1267 4165 1372 4218 suis
1407 4181 1541 4218 ores.
1599 4164 1768 4231 Quam
1797 4163 1883 4219 ob'

262 4273 493 4313 causam
522 4259 673 4310 nobis
699 4273 962 4311 annorum
991 4257 1231 4329 designat
1264 4257 1585 4311 nmuerum?
1635 4255 1706 4310 Ut
1730 4255 1870 4310 scias

265 4347 689 4403 adolescentiam
715 4363 818 4401 neu
843 4363 960 4402 esse
985 4349 1194 4402 virtutis
1223 4348 1663 4416 impedimentum
1693 4363 1704 4398 :
1733 4352 1783 4398 tu
1815 4350 1870 4400 ut

268 4439 486 4509 plenius
521 4437 659 4492 scias
686 4439 1039 4493 adolescentis
1066 4455 1188 4507 erga
1231 4449 1434 4508 patrem
1485 4437 1867 4505 obedientiam,

266 4541 321 4584 et
350 4531 405 4585 in
436 4528 631 4582 fratres
659 4529 1084 4584 bcuevolcntimn
1111 4573 1126 4596 ,
1173 4531 1385 4583 illorum
1413 4538 1588 4582 autem
1628 4530 1871 4583 inhuma-

267 4620 498 4674 nitatem
527 4637 540 4673 :
567 4630 620 4673 et
648 4621 914 4688 quomodo
942 4637 1008 4674 ne
1040 4620 1087 4674 id
1119 4621 1336 4691 quidem
1364 4619 1618 4674 eohibcre
1643 4636 1738 4673 eos
1769 4637 1870 4685 po-

263 4713 394 4774 tuit,
427 4710 571 4780 quod
604 4709 672 4763 ita
701 4711 750 4764 in
777 4726 871 4765 eos
891 4711 1110 4766 affectus
1138 4723 1281 4766 esset
1307 4729 1319 4774 ;
1353 4728 1449 4763 nec
1474 4713 1524 4763 in
1554 4721 1659 4764 tam
1688 4720 1868 4764 tenera

266 4814 457 4864 :ctatc,
485 4817 604 4870 qua:
644 4801 873 4855 debebat
901 4817 996 4856 eos
1021 4804 1084 4860 ad
1117 4804 1642 4857 commiserotioucut
1674 4819 1869 4871 provo-

266 4908 421 4958 care,
456 4889 751 4946 fraternum
771 4908 1009 4946 amorem
1031 4902 1312 4946 servarunt
1336 4911 1348 4946 :
1369 4893 1460 4946 sed
1490 4909 1611 4945 mox
1629 4895 1697 4945 ab
1720 4895 1869 4947 initio

266 4983 522 5036 videntes
544 4991 595 5035 et
625 4983 774 5051 pueri
799 4983 991 5036 bonum
1019 4983 1269 5046 indolem,
1304 4993 1354 5035 et
1380 4984 1547 5050 patris
1574 4999 1694 5051 erga
1727 4984 1870 5036 illuttt

266 5075 726 5136 benevolentiam,
757 5076 808 5127 in
835 5075 1083 5128 invidiam
1113 5085 1294 5129 contra
1327 5091 1446 5129 eum
1481 5077 1693 5129 excitati
1726 5088 1866 5128 sunt.

265 5165 582 5219 Detnlerunt
612 5166 780 5229 enim,
825 5164 1032 5235 inquit,
1070 5165 1261 5232 Ioseph
1301 5167 1363 5218 de
1403 5167 1618 5235 pessimo
1657 5167 1873 5221 crimine

264 5259 413 5328 apud
447 5255 612 5309 Israel
634 5267 825 5326 patrem
847 5273 992 5309 suum
1012 5255 1246 5328 (a).Vidc
1261 5258 1477 5310 malitia:
1495 5259 1868 5312 eminentiam:

270 5353 444 5419 patris
477 5351 754 5404 Caritatem
784 5349 1096 5419 perturbare
1136 5351 1466 5403 attentabant
1494 5368 1508 5411 ;
1541 5362 1594 5405 et
1616 5367 1733 5420 qu:e
1764 5367 1871 5405 non

269 5452 433 5495 erant
460 5439 666 5509 fingunt
687 5450 872 5493 contra
901 5437 1117 5494 fratrem
1153 5455 1166 5492 :
1202 5440 1252 5492 id
1281 5439 1454 5492 solum
1472 5440 1787 5506 efficientes,
1818 5451 1875 5494 ut

336 5576 434 5639 (α)
450 5576 526 5624 Sic
547 5582 674 5624 LXX.
703 5583 748 5625 In
776 5577 979 5639 ltebrazo
995 5583 1047 5627 et
1067 5575 1175 5625 aliis
1200 5577 1502 5626 vcrsionibus
1521 5576 1701 5639 legitur
1722 5579 1875 5636 ipsum

268 5637 543 5708 Josephum
581 5651 831 5708 accusasse
856 5638 1032 5708 fratres
1069 5652 1184 5708 suos
1209 5639 1329 5700 apud
1369 5637 1874 5708 patreuréepcssnuo

269 5699 485 5750 crimine
512 5711 524 5746 :
551 5699 622 5760 sic
640 5702 822 5748 etiaun
839 5699 1029 5760 ulgata:
1055 5707 1106 5748 et
1129 5699 1205 5748 hic
1226 5699 1300 5748 cst
1319 5699 1465 5747 verus
1484 5699 1624 5756 hujus
1649 5699 1736 5748 Ieci
1759 5715 1873 5749 seu-

271 5774 360 5867 ἱιδ
381 5759 655 5870 διὶοιιιιιιιιιη
679 5759 957 5812 ttebraiuun
981 5761 1139 5811 fidem.
1163 5762 1276 5810 Vide
1303 5763 1349 5810 iu
1372 5761 1598 5824 ltcxaplis
1622 5763 1799 5812 nostris
1815 5763 1875 5812 ad

309 5835 405 5870 unc
449 5835 607 5870 acum.

309 5835 405 5871 ιωυ
431 5835 607 5871 locum.

1142 406 1206 462 IN
1245 405 1398 460 CAP.
1441 401 1710 458 XXX‘tll.
1749 400 1857 457 ΟΙζῖ

1965 401 1998 455 i.
2034 399 2266 456 ll0.\lll..
2315 400 2452 457 L‘ll.
3430 396 3538 454 536

1940 516 2178 585 ipsormn
2221 516 2422 570 invidia
2464 515 2745 570 manifesta
2774 515 3106 571 redderetur.
3160 513 3224 569 Et
3259 523 3317 568 ιιι
3361 513 3540 568 discas

1939 623 2034 662 eos
2061 607 2190 662 nihil
2217 608 2359 661 aliud
2404 608 2763 669 lucrifecisse.
2795 622 2959 677 quam
2987 606 3130 676 qttod
3173 605 3319 674 prius
3363 610 3528 657 laten-

1945 708 2052 753 tem
2085 715 2301 769 pravam
2352 709 2588 753 mcutcm
2635 699 2807 768 palam
2855 698 3111 761 fecerint,
3161 696 3284 750 vide
3333 704 3540 762 patrem

1940 794 2105 846 etiam
2133 802 2248 862 post
2271 806 2457 846 eorum
2476 793 2875 846 accusationem
2894 792 3062 859 magis
3085 788 3376 842 haerentem
3404 787 3536 852 filio,

1940 892 1995 935 et
2015 882 2126 952 jam
2147 884 2402 952 pricfcrre
2426 899 2545 937 cunt
2563 883 2828 936 omnibus.
2847 882 2900 936 5.
2919 880 3082 934 Iacob
3104 891 3273 932 autem
3291 920 3304 942 ,
3327 877 3496 948 inquit
3515 917 3533 941 ,

1942 973 2121 1028 dilexit
2149 973 2341 1042 Ioseph
2370 991 2526 1042 supra
2560 991 2729 1027 omnes
2756 969 2891 1042 βιξοὶ
2915 989 3035 1026 suos
3056 1014 3071 1036 ,
3117 971 3359 1034 quoniam
3398 968 3538 1036 ﬁlius

1943 1066 2209 1120 senectutis
2232 1076 2341 1119 erat
2371 1066 2437 1119 ei.
2471 1064 2612 1119 Fecit
2639 1076 2806 1118 autem
2833 1066 2877 1117 ei
2899 1065 3118 1116 tunicam
3147 1063 3362 1117 varium.
3403 1061 3540 1128 Quid

1945 1166 2025 1209 cst
2051 1197 2064 1215 .
2109 1154 2298 1210 Dilerit
2331 1155 2522 1224 Ioseph
2563 1173 2714 1223 super
2752 1171 2923 1207 ounn's
2962 1155 3093 1216 ﬁlios
3121 1170 3236 1204 suos
3257 1193 3270 1212 ,
3305 1152 3544 1220 quoniam

1946 1246 2085 1316 [ilius
2122 1249 2391 1301 senectutis
2413 1258 2518 1320 erat
2544 1248 2630 1300 ei?
2691 1246 2823 1313 Quia
2866 1255 3186 1314 postremus,
3239 1254 3290 1297 et
3333 1244 3382 1296 in
3432 1243 3545 1309 ipsa

1946 1349 2222 1410 senectute
2272 1350 2429 1391 natus
2475 1348 2555 1391 est
2594 1338 2640 1392 ei
2668 1379 2683 1402 ,
2738 1347 2954 1406 propter
2996 1337 3095 1390 hoc
3128 1337 3296 1406 magis
3336 1336 3545 1389 dilexit.

1949 1431 2080 1486 Nam
2112 1433 2279 1500 magis
2308 1431 2566 1486 amabiles
2602 1429 2852 1484 videntur
2893 1429 2983 1483 filii
3011 1471 3026 1493 ,
3075 1429 3164 1499 qui
3195 1431 3246 1482 in
3275 1438 3551 1483 senectute

1951 1523 2064 1593 ipsa
2089 1532 2433 1593 generantur,
2465 1522 2832 1590 majoremqoe
2869 1532 3076 1590 patrum
3119 1521 3549 1575 benevolentiam

1951 1625 2328 1684 assequuntur.
2386 1614 2488 1669 Sed
2519 1623 2575 1667 ut
2598 1614 2866 1677 sciamus,
2911 1628 3014 1666 non
3049 1614 3150 1666 hoc
3177 1611 3352 1665 solum
3386 1611 3551 1666 fuisse

1953 1710 2093 1778 quod
2127 1719 2329 1778 patrem
2363 1708 2434 1760 illi
2464 1707 2818 1773 conciliabat,
2871 1707 2940 1760 ita
2991 1715 3048 1760 ut
3089 1720 3213 1759 cum
3254 1706 3376 1760 aliis
3418 1721 3555 1774 pra:-

1957 1800 2120 1855 ferrct
2142 1841 2156 1863 ,
2191 1799 2350 1853 docet
2381 1815 2478 1852 nos
2514 1800 2790 1868 Scriptura
2823 1799 2983 1851 etiam
3027 1806 3146 1867 post
3196 1798 3341 1850 illum
3388 1797 3554 1850 alium

1954 1907 2167 1962 quoque
2191 1901 2372 1943 natum
2396 1905 2516 1944 esse
2544 1889 2708 1941 filium
2738 1907 2750 1942 :
2779 1889 2896 1942 etsi
2926 1887 3220 1942 secundum
3255 1887 3554 1941 naturalem

1956 1971 2196 2037 amorem
2218 1982 2433 2034 dilectio
2465 1980 2691 2040 fuisset,
2723 1987 3023 2045 postremus
3055 1977 3240 2030 fuisset
3271 1977 3442 2045 magis
3468 1976 3556 2030 tli-

1958 2073 2149 2137 lectus,
2195 2081 2378 2139 utpote
2425 2086 2551 2123 vere
2579 2069 2871 2123 senectutis
2915 2069 3087 2131 filius,
3127 2079 3178 2121 et
3209 2079 3334 2121 tttnc
3377 2075 3589 2133 mittis,“

1957 2165 2171 2236 quando
2209 2166 2275 2219 ad
2322 2174 2647 2234 postremam
2691 2172 3023 2216 senectutem
3073 2162 3316 2230 pervenit
3361 2161 3561 2229 justus.

1959 2257 2095 2325 Quid
2125 2258 2283 2327 igitur
2302 2263 2384 2309 est
2409 2253 2738 2309 dicendum?
2783 2255 3082 2323 Snpcrnam
3114 2252 3400 2322 quamdam
3438 2266 3559 2321 gra-

1962 2352 2087 2406 tiam
2132 2349 2331 2414 fuisse,
2383 2363 2502 2418 quze
2544 2347 2800 2416 juvenem
2844 2346 3132 2400 amabilem
3183 2344 3478 2406 reddebat,
3507 2352 3562 2397 ct

1962 2449 2180 2510 propter
2221 2439 2414 2492 anima:
2447 2439 2696 2492 virtutem
2745 2448 2800 2490 ut
2845 2436 3056 2490 cunctis
3101 2434 3444 2502 praeferretur
3486 2434 3562 2486 ἵεις

1961 2535 2136 2589 ciebat
2167 2550 2180 2586 :
2212 2532 2351 2586 hanc
2396 2542 2578 2584 autem
2625 2529 2676 2584 in
2721 2529 2993 2598 Scriptura
3044 2529 3268 2597 proponi
3317 2541 3562 2591 causam.

1963 2625 2104 2696 quod
2141 2625 2279 2678 ﬁlius
2307 2621 2597 2676 senectutis
2642 2619 2800 2675 fuerit
2823 2661 2837 2682 ,
2883 2630 2934 2674 et
2968 2619 3088 2673 ideo
3119 2620 3288 2687 magis
3325 2633 3448 2671 cum
3476 2617 3564 2671 di-

1965 2717 2176 2780 leXerit,
2212 2725 2270 2770 ιιι
2300 2732 2404 2770 non
2433 2713 2715 2768 manifeste
2735 2723 2956 2782 angeret
2983 2711 3165 2766 odium
3195 2710 3421 2763 fratrum
3465 2707 3564 2779 (a).

2038 2810 2243 2863 Invidia
2267 2818 2514 2878 quantum
2548 2806 2762 2859 malum.
2805 2804 2932 2858 Cain
2957 2805 3150 2872 primus
3181 2818 3243 2855 ex
3266 2801 3438 2854 iuvith
3469 2801 3566 2854 lto-

1966 2902 2170 2956 un'citla.
2214 2931 2283 2941 —
2329 2900 2519 2954 Gravis
2545 2900 2688 2953 enim
2718 2898 2830 2952 iure
2866 2898 3027 2950 animi
3075 2894 3337 2966 a'gritudo
3365 2904 3449 2947 est
3470 2937 3484 2959 ,
3514 2904 3567 2950 et

1966 2994 2180 3063 quando
2207 2992 2438 3044 animam
2479 2989 2733 3042 invaserit
2758 3028 2772 3046 ,
2816 3003 2918 3040 non
2953 2988 3099 3055 prius
3125 3001 3243 3039 eam
3288 2986 3565 3054 relinquit,

1969 3086 2140 3138 deum
2171 3086 2220 3138 in
2249 3091 2546 3136 extremam
2592 3078 2974 3132 absurditatem
3019 3092 3137 3129 eam
3181 3076 3484 3139 induxerit,
3513 3086 3568 3130 et

1971 3177 2174 3230 hcdcns
2217 3175 2449 3226 animant
2491 3188 2518 3222 a
2551 3186 2654 3238 qua
2687 3179 2809 3222 nata
2837 3179 2951 3229 est,
2996 3169 3217 3222 omnino
3261 3167 3420 3221 aliter
3445 3184 3569 3220 cum

1969 3268 2052 3322 eui
2084 3267 2282 3319 invidet
2312 3264 2491 3325 afficit,
2524 3277 2684 3332 quam
2713 3262 2827 3314 vult
2863 3280 2876 3315 :
2911 3276 3102 3330 nempe
3124 3260 3445 3326 clariorem,
3477 3278 3569 3312 no-

1972 3359 2234 3418 biliorem,
2267 3355 2609 3409 illustriorem
2636 3353 2780 3405 illum
2813 3350 3022 3414 reddit;
3065 3350 3210 3404 unde
3243 3351 3435 3404 iterum
3465 3349 3566 3403 alia

1969 3449 2183 3519 gravior
2211 3446 2393 3501 invido
2425 3445 2577 3515 plaga
2620 3443 2874 3497 nascitur.
2925 3442 3020 3496 llic
3063 3441 3378 3496 consideres
3409 3440 3571 3511 igitur

1972 3539 2344 3594 admirandum
2389 3538 2535 3591 illum
2575 3536 2830 3605 juvenem
2875 3548 3055 3588 rerum
3100 3549 3220 3604 qua:
3271 3535 3569 3604 agebantur

1973 3633 2213 3702 ignarum
2234 3669 2250 3694 ,
2282 3627 2664 3699 repra‘seutari
2694 3641 2814 3680 cum
2841 3625 2943 3679 illis
2974 3635 3030 3678 ut
3055 3640 3178 3679 cum
3211 3624 3482 3688 fratribus,
3517 3635 3573 3680 et

1970 3725 2121 3794 quasi
2148 3723 2337 3777 eodem
2361 3729 2513 3775 utero
2545 3721 2702 3785 uatis,
2727 3719 2905 3774 omnia
2928 3734 3050 3773 cum
3075 3718 3263 3773 fiducia
3289 3729 3344 3773 et
3367 3720 3573 3789 simpli-

1971 3820 2131 3870 citate
2178 3815 2522 3885 loquentem,
2556 3813 2676 3865 illos
2718 3823 2897 3866 autem
2947 3811 3160 3865 invidiae
3203 3813 3344 3865 malo
3381 3822 3572 3881 captos

1971 3911 2096 3967 odio
2139 3925 2259 3966 cum
2306 3915 2704 3977 persequentes.
2756 3907 2811 3960 4.
2863 3903 3099 3958 Videntes
3145 3904 3290 3959 enim
3319 3947 3332 3968 ,
3377 3904 3569 3975 inquit,

1973 4003 2160 4071 fratres
2182 4042 2195 4063 ,
2238 4001 2373 4070 quod
2396 4010 2538 4069 pater
2581 4014 2688 4066 prie
2724 3997 2956 4050 omnibus
2992 3997 3114 4064 ﬁliis
3155 3997 3397 4068 diligebat
3435 4013 3570 4059 eum,

1973 4095 2182 4149 oderant
2202 4109 2339 4158 eum,
2363 4100 2407 4144 et
2436 4107 2536 4143 non
2560 4097 2794 4158 poterant
2821 4088 2959 4157 loqui
2983 4088 3030 4140 ei
3045 4089 3320 4158 quidquam
3339 4088 3571 4158 paciﬁce.

1978 4184 2111 4238 Vide
2137 4179 2557 4252 quomodoodio
2597 4186 2994 4246 prosequuntur
3032 4192 3154 4230 eum
3193 4179 3282 4246 qui
3330 4178 3380 4230 in
3422 4179 3574 4232 nullo

1974 4274 2294 4329 offenderat.
2318 4271 2384 4326 Et
2404 4270 2560 4334 nihil,
2595 4269 2782 4338 inquit,
2824 4277 3054 4339 poterant
3083 4267 3219 4336 loqui
3253 4270 3299 4320 ei
3331 4270 3564 4338 paciﬁce.

1974 4369 2110 4436 Quid
2151 4376 2267 4432 est,
2317 4364 2466 4419 Nihil
2505 4371 2738 4434 poterant
2781 4361 2919 4430 loqui
2961 4361 3005 4413 ei
3039 4359 3298 4428 paciﬁce?
3325 4359 3460 4426 Quia
3490 4362 3571 4412 af-

1977 4463 2144 4517 fectus
2170 4458 2542 4516 dominabatur
2567 4457 2645 4510 eis
2675 4462 2727 4508 et
2765 4452 3003 4523 quotidie
3029 4452 3327 4521 augebatur
3365 4453 3571 4516 odium,

1975 4570 2071 4610 ceu
2102 4553 2240 4620 capti
2271 4547 2552 4621 tyrannide
2584 4546 2744 4613 hujus
2773 4544 2933 4609 mali,
2963 4545 3013 4597 in
3043 4544 3166 4596 dolo
3194 4544 3572 4612 loquebantur,

1977 4655 2030 4700 et
2058 4645 2186 4697 nihil
2213 4644 2260 4695 ei
2304 4639 2522 4708 pacifice
2567 4638 2707 4706 loqui
2745 4643 3010 4704 poterant.
3073 4634 3202 4688 Vide
3231 4646 3410 4689 autem
3436 4653 3573 4706 quo-

1978 4740 2137 4793 modo
2168 4752 2380 4789 causam
2414 4733 2520 4785 odii
2554 4730 2872 4800 significavit
2898 4772 2911 4793 ,
2960 4731 3099 4798 quod
3143 4746 3336 4800 nempe
3375 4734 3442 4789 ab
3490 4733 3574 4786 in.

1977 4830 2114 4881 vidia
2144 4827 2419 4880 exordium
2470 4825 2731 4876 habuerit.
2792 4819 2860 4876 Ut
2900 4821 3129 4873 viderunt
3167 4823 3308 4875 enim
3336 4866 3350 4888 ,
3383 4823 3573 4892 inquit,

1979 4925 2190 4992 [γαίη-ε,
2239 4918 2374 4988 quod
2414 4927 2555 4986 pater
2594 4931 2707 4968 eum
2738 4930 2845 4982 pra:
2870 4914 3100 4967 omnibus
3147 4912 3275 4981 ﬁliis
3304 4916 3408 4967 suis
3457 4915 3577 4968 dili-

1978 5022 2136 5082 geret.
2194 5013 2360 5064 Amor
2392 5008 2558 5077 patris
2605 5005 2856 5059 invidiam
2899 5006 2945 5059 ci
2985 5005 3225 5074 peperit,
3273 5005 3365 5059 sed
3410 5008 3577 5075 patris

2043 5147 2122 5208 (α)
2150 5151 2329 5192 sensus
2366 5139 2692 5208 rtzhrysostoiui
2720 5145 2841 5208 est,
2891 5137 3152 5208 Jo_scphum
3198 5151 3226 5186 a
3271 5140 3448 5208 tacebo
3499 5152 3580 5201 pa-

1980 5201 2058 5260 tre
2083 5201 2189 5268 {lus
2213 5207 2405 5253 ueteris
2428 5201 2695 5268 adnotatum
2715 5201 2884 5268 fuisse,
2911 5202 2974 5248 ob
3012 5213 3276 5268 SU|_tt.'f‘fmlll
3299 5201 3504 5268 gratiam
3529 5209 3583 5252 ct

1979 5262 2151 5319 animm
2176 5271 2405 5316 virtutem
2430 5279 2441 5312 :
2470 5265 2556 5312 sed
2583 5276 2646 5310 ne
2674 5262 2765 5310 hoc
2810 5263 2964 5323 ipsum
3003 5263 3236 5322 majorem
3261 5271 3458 5324 pareret
3485 5262 3580 5309 fra-

1981 5342 2108 5380 trum
2134 5330 2376 5383 invidiam,
2402 5326 2541 5374 aliam
2565 5325 2802 5385 adiectam
2828 5325 2979 5371 fuisse
3003 5324 3182 5370 amoris
3205 5337 3416 5381 causam,
3446 5324 3578 5384 quod

1981 5391 2211 5440 videlicet
2232 5391 2279 5437 in
2316 5395 2572 5434 senectute
2597 5400 2681 5432 sua
2707 5387 2964 5446 genuisset
3002 5398 3141 5438 cum;
3185 5387 3322 5446 quasi
3349 5386 3582 5434 videlicet

1981 5455 2084 5502 lucc
2105 5463 2248 5498 causa
2275 5451 2430 5496 minus
2472 5449 2529 5494 ad
2554 5448 2783 5494 ciendum
2833 5445 3035 5492 livorem
3083 5445 3255 5494 idonea
3306 5449 3578 5496 videretur.

1980 5517 2071 5563 sed
2096 5511 2211 5560 illud
2238 5512 2412 5572 ipsum,
2438 5509 2564 5570 quod
2589 5507 2638 5557 in
2661 5513 2899 5572 senectute
2923 5521 3010 5556 sua
3033 5506 3270 5571 genuisset
3303 5520 3457 5572 _eunt._
3485 5521 3579 5556 non

1980 5582 2118 5625 vacat
2141 5567 2420 5620 diificultate
2447 5567 2459 5618 Ξ
2485 5583 2593 5617 nam
2642 5571 2816 5617 eodem
2854 5567 3141 5625 fertnefaut
3179 5568 3364 5616 ututillo
3414 5567 3582 5628 elapso

1982 5647 2205 5698 tempore
2224 5637 2287 5698 ab
2307 5640 2412 5681 ortu
2441 5639 2795 5698 postremorum
2841 5632 3000 5678 Jacobi
3040 5630 3244 5698 filiorum
3269 5644 3390 5691 quos
3413 5642 3474 5698 es
3504 5631 3581 5678 tia

1982 5706 2036 5749 et
2060 5689 2121 5746 εἷς
2147 5693 2318 5744 ancilla
2360 5689 2593 5753 suscepit,
2620 5701 2761 5740 natus
2802 5698 2878 5737 est
2916 5699 3042 5752 tusci
3063 5693 3128 5750 h,‘
3170 5694 3231 5739 ita
3257 5689 3309 5740 ut
3334 5705 3426 5753 non
3453 5689 3582 5739 hunc

1979 5757 2261 5824 specialiter
2288 5759 2334 5824 in
2358 5752 2616 5822 senectute
2643 5767 2728 5824 sua
2765 5756 3042 5824 suscepisse
3077 5754 3312 5803 dicendus
3337 5752 3578 5802 videatur.

1990 5815 2164 5875 {ct-unt
2311 5817 2502 5878 longius
2527 5825 2659 5865 esset
2677 5815 2896 5878 pluribus
2919 5823 3180 5864 cacuterc.
