4120 6460
670 381 770 438 5Ξ¹1

670 495 1095 551 benevolentiam
1123 495 1290 547 virtus
1319 491 1408 545 filii
1441 489 1539 543 sibi
1569 487 1889 543 conciliavit.
1914 485 2050 540 Cum
2084 486 2244 554 igitur

669 597 940 654 oporteret
961 586 1078 640 illos
1104 582 1294 638 imitari
1317 581 1552 641 fratrem,
1577 588 1631 634 et
1648 579 1886 633 aemulari
1909 593 2082 632 mores
2107 577 2244 645 ejus,

671 688 729 730 ut
754 678 829 730 sic
857 685 909 730 et
936 675 1034 745 ipsi
1061 684 1264 743 patrem
1285 672 1385 726 sibi
1407 671 1774 729 conciliarent.
1808 684 1875 722 ne
1905 666 2008 722 hoe
2031 666 2246 736 quidem

673 766 774 820 illis
816 766 869 818 ia
915 773 1148 818 mentem
1185 763 1357 823 venit.
1402 761 1496 818 sed
1539 761 1806 815 communi
1851 759 1976 814 odio
2023 757 2187 811 lilium
2218 771 2247 809 a

677 865 825 923 patre
848 853 1101 909 dilectum
1125 852 1601 922 prosequebantur.
1634 850 1699 905 Et
1728 849 1802 904 illi
1830 849 2067 919 quidem.
2096 848 2246 918 quasi

679 945 859 999 hostes
889 942 1032 1010 facti,
1058 943 1201 997 intus
1230 943 1483 998 latentem
1508 941 1764 994 malitiam
1794 941 2086 1008 parientes,
2118 936 2248 991 nihil

679 1033 897 1103 paciﬂce
939 1033 988 1088 ei
1013 1075 1029 1099 ,
1075 1029 1170 1087 sed
1211 1047 1332 1086 cum
1363 1030 1489 1085 dolo
1531 1029 1924 1098 loquebantur:
1953 1027 2040 1082 ille
2069 1035 2250 1081 autem

678 1124 1002 1180 admirabilis
1025 1123 1313 1179 fraternam
1341 1121 1758 1177 benevolentiam
1775 1134 1896 1174 cum
1914 1119 1991 1173 eis
2011 1132 2250 1182 senatus.

681 1197 918 1285 nihilque
964 1213 1239 1281 suspicans
1262 1251 1276 1276 ,
1317 1221 1374 1265 ut
1402 1210 1650 1265 fratribus
1678 1210 1815 1266 bene
1845 1207 2046 1273 ﬁdens,
2075 1208 2252 1262 omnia

677 1318 796 1372 qua
821 1303 875 1356 lu
899 1317 960 1357 se
977 1313 1128 1356 erant
1156 1301 1400 1357 faciebat.

745 1389 801 1443 Ω.
837 1389 929 1444 llic
953 1391 1181 1445 morbus
1234 1389 1303 1443 ab
1328 1389 1476 1443 initio
1501 1396 1555 1444 et
1575 1388 1704 1443 Cain
1730 1429 1745 1453 .
1771 1397 1824 1442 ut
1851 1387 2069 1442 fratrem
2106 1388 2251 1442 occi-

681 1480 861 1544 deret.
891 1480 1134 1535 armavit.
1164 1479 1231 1535 ει
1275 1481 1412 1536 sicut
1452 1479 1537 1535 isti
1582 1488 1798 1549 propter
1837 1479 2254 1534 benevolentiam

681 1570 873 1638 patris.
904 1585 1060 1638 quam
1087 1583 1211 1639 erga
1239 1568 1404 1623 filium
1449 1568 1784 1634 declarabat,
1808 1569 1932 1624 odio
1961 1569 2106 1624 illum
2136 1584 2257 1638 pro-

680 1659 1034 1729 sequebantur
1051 1699 1068 1723 .
1097 1668 1150 1713 et
1179 1659 1483 1728 impugnare
1529 1659 1903 1722 moliebantur,
1931 1667 1987 1714 et
2021 1659 2257 1729 quotidie

682 1748 845 1816 huius
870 1747 1078 1805 caedem
1098 1749 1458 1816 parturielmm
1485 1765 1500 1803 :
1525 1751 1714 1804 eodem
1735 1764 1864 1804 sane
1889 1750 2049 1804 modo
2068 1760 2121 1804 et
2143 1751 2250 1812 ille.

683 1850 737 1893 ut
764 1838 893 1894 vidit
940 1838 1115 1895 fratris
1159 1839 1297 1894 dona
1350 1842 1458 1894 Deo
1499 1841 1665 1910 magis
1693 1850 1908 1909 accepta
1955 1840 2115 1895 fuisse
2140 1882 2154 1906 ,
2187 1841 2254 1895 ad

679 1945 800 1998 eum
825 1929 1173 1986 occidendum
1201 1940 1516 1999 provocatus
1547 1918 1631 1986 est
1653 1972 1669 1992 .
1695 1941 1750 1986 et
1771 1933 1938 2001 inquit
1957 1974 1970 1994 .
2005 1929 2256 2003 Egredie-

682 2034 800 2071 nntr
825 2019 876 2071 in
892 2035 1126 2088 campana
1162 2018 1314 2088 (Cen.
1343 2021 1396 2074 4.
1429 2021 1508 2089 8).
1547 2019 1704 2076 Vides
1744 2020 1885 2075 hunc
1931 2023 2090 2076 etiam
2129 2023 2258 2077 nihil

681 2107 1006 2176 suspicatum
1029 2147 1046 2171 ,
1093 2109 1379 2163 eontldisse
1417 2110 1563 2164 fratri
1584 2149 1600 2174 .
1632 2119 1686 2166 et
1721 2113 1918 2166 esiisse
1959 2127 2023 2167 se
2066 2121 2260 2182 prxter

681 2198 844 2251 animi
872 2200 1191 2253 euidentium
1241 2200 1292 2254 in
1344 2200 1602 2254 nefariam
1655 2201 1796 2255 illam
1837 2201 2078 2257 dextram
2125 2203 2257 2259 inei-

682 2285 864 2343 dissel
908 2288 997 2344 Sic
1037 2305 1165 2345 sane
1204 2301 1258 2345 et
1298 2291 1626 2347 admirabilis
1651 2291 1845 2362 Josepli
1874 2294 2119 2349 nesciens
2141 2308 2257 2349 ma-

687 2377 790 2432 lunt
823 2377 1042 2434 fratrum
1065 2397 1284 2436 sitorum
1310 2396 1626 2436 consensum
1655 2423 1670 2448 ,
1703 2393 1967 2452 tamquam
1998 2398 2118 2438 enm
2146 2383 2258 2438 fra-

684 2468 853 2523 tribus
872 2484 999 2524 cum
1027 2469 1107 2524 eis
1132 2469 1461 2541 loquebatur.
1485 2481 1540 2526 et
1568 2473 1826 2526 insomnia
1869 2473 1978 2541 ipsa
2015 2488 2134 2543 qua:
2157 2473 2258 2528 sibi

683 2555 824 2609 Deus
869 2558 1196 2615 revelaverat
1218 2600 1235 2623 .
1262 2558 1633 2631 pnusignaudo
1670 2561 1893 2632 gloriam
1927 2562 2026 2615 sibi
2053 2563 2256 2617 obven-

684 2654 855 2701 turam
878 2659 931 2702 et
953 2646 1176 2705 fratrum
1202 2651 1608 2718 subiectionem.
1638 2653 1690 2706 in
1728 2652 1957 2707 medium
1991 2669 2256 2724 propone-

686 2735 794 2791 bat.
823 2737 877 2793 5.
899 2735 1024 2793 Cant
1049 2740 1190 2794 enim
1209 2741 1524 2812 somniasset,
1545 2743 1813 2804 sotniiiunt.
1843 2743 2026 2813 inquit,
2053 2761 2250 2798 annun-

685 2825 824 2880 tiusit
847 2827 1085 2896 fratribus
1106 2831 1232 2896 suis.
1252 2828 1309 2884 ϐ.
1331 2840 1380 2884 et
1397 2830 1526 2884 dixit
1542 2831 1614 2884 eis
1645 2846 1665 2884 :
1690 2831 1871 2886 Audite
1895 2834 2143 2887 ninnium
2163 2835 2258 2888 Itoc

682 2914 864 2969 nti-nat.
889 2916 940 2969 7.
965 2916 1212 2972 Putabant
1227 2934 1317 2974 nos
1340 2921 1627 2991 manipulos
1651 2923 1810 2992 ligare
1837 2922 1887 2975 in
1923 2925 2086 2978 inedia
2111 2940 2253 2995 agro,

682 3013 732 3058 et
744 3006 956 3059 sarren't
981 3008 1270 3078 manipulus
1292 3026 1461 3075 tuens,
1487 3021 1536 3064 rt
1553 3023 1747 3066 erectas
1771 3023 1844 3066 est
1873 3029 1892 3070 .°
1917 3013 2256 3069 circumstan-

684 3105 757 3148 tes
775 3107 940 3149 nutent
959 3099 1204 3168 manipuli
1223 3101 1368 3155 vestri
1383 3102 1717 3156 adornarunt
1738 3105 2051 3174 manipulum
2073 3123 2258 3164 meum.

688 3182 722 3239 8
794 3183 1041 3240 Dixerunt
1069 3198 1236 3243 autem
1276 3190 1321 3243 ei
1346 3192 1528 3260 fratres
1556 3207 1576 3245 :
1609 3191 1745 3244 Nunt
1772 3209 1988 3264 regnans
2025 3196 2258 3264 regnabis

685 3289 836 3342 super
862 3292 974 3341 nos.
1003 3288 1092 3332 aut
1115 3279 1378 3335 dominans
1405 3281 1740 3336 dontiuaberis
1784 3286 1942 3338 nostri
1961 3286 1988 3339 7
2011 3286 2076 3339 Et
2099 3303 2261 3356 appo-

683 3375 887 3421 sumttst
930 3369 1096 3422 adhuc
1134 3385 1248 3424 eum
1287 3371 1406 3425 odio
1459 3374 1688 3441 prosequi
1737 3386 1941 3445 propter
1975 3377 2171 3430 somnia
2209 3387 2258 3431 et

691 3459 838 3515 verba
869 3475 980 3514 sua.
1009 3460 1291 3532 Propterea
1321 3463 1469 3534 prius
1490 3480 1702 3536 quoque
1728 3469 1906 3521 docuit
1929 3469 2048 3523 illus
2072 3469 2256 3524 odium

680 3562 806 3619 erga
833 3565 952 3606 enin
991 3562 1144 3608 antea
1171 3552 1475 3610 exhibuisse
1494 3597 1510 3621 ,
1540 3563 1596 3611 ut
1633 3572 1701 3610 ne
1730 3565 1974 3625 putemus
2001 3574 2094 3614 eos
2133 3559 2258 3614 liine

680 3641 970 3708 annuisse
1009 3641 1115 3696 odii
1165 3643 1245 3698 sui
1294 3654 1477 3699 contra
1504 3661 1625 3700 eum
1671 3648 1969 3702 exordium.
1998 3649 2255 3718 Apposu-

680 3739 798 3785 ruut
826 3731 970 3788 enim
1005 3734 1172 3788 adhuc
1204 3751 1318 3789 erait
1357 3737 1475 3790 odio
1498 3739 1746 3808 prosequi
1774 3754 1794 3793 :
1816 3739 1917 3795 hoc
1943 3751 2024 3794 est
2043 3783 2059 3807 ,
2090 3741 2256 3796 multo

682 3820 849 3890 magis
875 3824 1142 3892 augebant
1177 3825 1356 3882 oditu-
1387 3835 1442 3882 et
1466 3827 1767 3882 inimicitias
1787 3843 1972 3886 contra
2017 3849 2158 3887 eum.
2191 3837 2255 3891 lit

680 3910 801 3967 vide
853 3911 1038 3976 miratu
1067 3915 1276 3970 illorum
1320 3918 1653 3973 ea-citatem':
1677 3920 1775 3990 ipsi
1813 3923 1957 3976 enim
1987 3926 2251 3979 somnium

679 4011 968 4070 expuunt.
995 4003 1109 4060 Non
1127 4007 1269 4061 enim
1290 4015 1377 4062 est
1402 4007 1708 4077 dicendum,
1740 4025 1834 4072 eos
1862 4023 2076 4082 propter
2103 4013 2256 4082 igno-

682 4105 718 4142 r.
742 4117 759 4135 ο
783 4090 902 4152 :iam
932 4108 1115 4150 eorum
1142 4135 1158 4161 ,
1184 4111 1304 4165 quae
1335 4096 1505 4153 futura
1529 4109 1683 4170 erant
1702 4141 1717 4165 ,
1742 4101 1990 4155 invidiam
2025 4104 2254 4172 gessisse

680 4187 864 4234 contra
906 4197 1052 4247 eum;
1078 4184 1172 4239 sed
1217 4193 1277 4240 ut
1333 4186 1502 4244 fixura
1543 4204 1609 4243 es
1655 4191 1875 4246 sonmiis
1912 4193 2248 4259 didicerunt,

678 4276 889 4322 auctum
937 4280 1017 4325 est
1064 4273 1243 4329 odium
1273 4290 1476 4332 eorum.
1519 4279 1565 4333 υ
1603 4278 1866 4349 ingentem
1919 4284 2246 4340 amentiam!

675 4358 962 4429 Oportebat
1006 4364 1106 4418 huc
1139 4366 1371 4422 scientes
1402 4369 1655 4438 majorem
1692 4386 1815 4441 erga
1841 4372 1989 4429 illum
2018 4375 2250 4431 benevo-

678 4451 892 4508 lentiam
915 4454 1186 4513 declarare
1205 4499 1220 4521 .
1249 4472 1279 4514 e
1308 4461 1486 4515 medio
1511 4461 1697 4518 tollere
1717 4464 1824 4518 odii
1849 4480 2062 4520 causam
2087 4478 2248 4537 atque

675 4540 907 4612 effugare
937 4546 1235 4604 invidentia:
1259 4550 1504 4606 affectum
1531 4570 1547 4608 :
1574 4553 1903 4611 obtenebrati
1949 4567 2126 4614 mente
2145 4601 2160 4625 .
2191 4569 2247 4614 et

676 4647 781 4686 nou
828 4633 1068 4710 videntes
1110 4651 1168 4693 se
1221 4652 1404 4696 contra
1445 4644 1760 4714 semetipsos
1800 4647 1979 4701 omnia
2034 4648 2244 4716 facere,

674 4724 839 4777 multo
865 4726 1067 4795 majore
1104 4728 1227 4784 odio
1255 4733 1307 4786 in
1333 4747 1454 4787 eum
1497 4745 1828 4790 exarserunt.
1849 4739 2023 4802 Quare
2043 4781 2057 4804 .
2083 4754 2117 4793 ο
2143 4739 2243 4793 iiii-

673 4814 776 4870 seri
816 4825 867 4869 et
909 4816 1201 4874 calamitosi
1227 4861 1243 4886 .
1277 4829 1474 4876 tantam
1501 4824 1808 4881 declarastis
1829 4826 2074 4882 invidiam
2097 4871 2112 4894 ,
2138 4846 2242 4884 non

671 4907 961 4974 cogitantes
980 4917 1034 4962 et
1060 4909 1351 4966 fraternum
1383 4914 1647 4970 vinculum
1669 4959 1684 4982 .
1715 4927 1770 4972 et
1792 4921 2118 4976 somniorum
2151 4937 2238 4977 re-

672 5000 984 5053 velationem
1023 5001 1356 5056 manifestam
1392 5003 1485 5058 Dei
1513 5020 1634 5074 erga
1668 5008 1813 5063 illum
1838 5009 2113 5066 declarare
2145 5013 2229 5067 lie-

669 5086 1051 5144 nevoleutiam‘l
1074 5090 1246 5147 Nolite
1269 5093 1410 5147 enim
1437 5096 1745 5153 existimare
1769 5115 1888 5169 qua:
1916 5116 1944 5154 a
1977 5101 2083 5158 Deo
2106 5120 2242 5174 ιιιοιιιο

668 5179 870 5246 siguata
901 5191 1040 5246 sunt,
1077 5199 1230 5253 posse
1254 5185 1512 5241 subverti.
1543 5187 1670 5242 Nam
1699 5193 1834 5246 sicut
1857 5198 2122 5251 somnium
2149 5198 2235 5252 di-

664 5267 957 5332 judieastis.
987 5271 1057 5324 ita
1079 5273 1178 5328 erit
1207 5291 1310 5328 non
1337 5285 1458 5347 post
1479 5281 1697 5334 multum
1729 5286 1998 5353 temporis.
2029 5289 2234 5344 etiamsi

667 5363 942 5413 imiuniera
993 5363 1295 5434 excogitare
1332 5367 1630 5423 volueritis.
1662 5370 1842 5427 Solcrs
1868 5377 2009 5430 enim
2049 5389 2104 5431 et
2145 5395 2234 5432 sa-

665 5447 816 5516 piens
839 5463 958 5503 cum
988 5454 1056 5505 sit
1079 5457 1314 5510 omnium
1363 5457 1613 5512 Dominus
1636 5503 1650 5523 ,
1685 5470 1740 5514 ut
1773 5475 1882 5517 sua:
1905 5466 2109 5521 virtutis
2143 5469 2233 5522 dc-

665 5538 830 5592 claret
875 5544 1206 5608 potentiam.
1243 5560 1386 5617 sape
1432 5550 1594 5604 multa
1659 5553 1916 5620 permittit
1967 5556 2229 5628 interponi

663 5630 1037 5696 impedimenta
1063 5677 1077 5698 .
1096 5646 1164 5689 .ut
1187 5636 1254 5692 iis
1280 5652 1399 5710 qua
1433 5640 1531 5695 sibi
1559 5644 1757 5710 pridem
1786 5646 1894 5702 visa
1927 5660 2080 5703 erant
2093 5666 2226 5716 per-

663 5718 848 5788 lectis.
879 5739 1136 5784 summam
1164 5730 1372 5788 virtutis
1418 5748 1528 5791 sua:
1580 5735 1812 5794 declaret
1857 5744 2221 5799 eminentiam.

1339 375 1398 432 s.
1437 375 1712 432 JOAXNIS
1736 370 2212 430 cunvsosront
2233 344 2566 428 'Aucmsr.
2607 363 3142 425 consummes.

3833 354 3924 414 538

2359 483 2553 538 Veriuu
2585 484 2654 536 ita
2680 497 2740 536 se
2766 479 2922 534 liabet
2943 478 3136 533 invidia
3163 518 3179 544 ,
3212 475 3343 537 nihil
3372 488 3560 529 eorum
3581 472 3814 542 cogitare
3841 487 3927 541 pn-

2356 588 2480 644 test,
2513 577 2606 632 sed
2633 578 2872 640 omnino,
2902 585 2958 628 ιιι
2979 575 3050 627 ita
3078 571 3275 636 dicant,
3305 569 3392 623 ubi
3425 565 3638 623 invidus
3665 574 3849 634 captus
3872 568 3932 618 ab

2358 671 2461 724 hoc
2503 669 2689 724 morbo
2719 667 2906 729 fuerit.
2937 675 3122 719 contra
3164 678 3318 718 suam
3362 661 3528 731 ipsius
3567 659 3797 713 salutem
3825 656 3938 710 facit

2357 763 2556 816 omnia.
2587 761 2647 815 Et
2671 759 2744 814 illi
2774 757 2986 828 quidem
3019 757 3325 811 narratione
3353 750 3750 806 somniiodium
3784 763 3934 803 ause-

2359 863 2528 912 runt:
2591 849 2918 905 admirabilis
2964 859 3138 902 autem
3186 843 3383 915 Joscpb
3433 842 3522 897 ubi
3563 852 3620 897 et
3672 839 3820 894 aliud
3864 854 3946 893 so-

2356 944 2560 997 mnium
2590 941 2739 1001 vidit.
2765 955 2874 995 non
2907 939 3034 1009 ipsis
3063 937 3257 1000 solum,
3292 935 3386 990 sed
3414 943 3470 988 et
3494 932 3633 1004 patri
3659 938 3864 985 narrat.
3893 932 3945 984 9.

2360 1033 2522 1101 Quasi
2549 1035 2626 1086 sol
2652 1042 2698 1087 et
2727 1032 2849 1086 luna
2889 1041 2936 1084 et
2971 1014 3388 1083 undecim'stellc
3407 1023 3687 1078 adurebant
3730 1038 3831 1075 nte.
3862 1021 3944 1076 10.

2363 1125 2427 1180 ει
2472 1124 2747 1192 increpavit
2788 1139 2900 1177 eum
2951 1130 3094 1191 pater
3119 1136 3239 1173 stsns
3258 1160 3272 1179 .
3305 1129 3352 1171 et
3381 1118 3509 1170 dixit
3553 1116 3600 1171 ei
3630 1131 3648 1168 :
3680 1111 3838 1180 Quod
3881 1121 3950 1166 est

2359 1215 2608 1270 somnium
2637 1214 2747 1276 hoc,
2774 1213 2909 1282 quod
2932 1211 3198 1265 somniasti
3215 1209 3241 1262 .’
3275 1207 3538 1274 Numquid
3569 1217 3749 1260 euntes
3771 1205 3952 1256 ibi-tas

2361 1325 2450 1380 ego
2474 1317 2520 1361 et
2569 1317 2728 1360 mater
2752 1314 2840 1359 tua
2858 1345 2872 1365 .
2901 1315 2945 1359 et
2973 1307 3154 1374 fratres
3197 1302 3269 1355 tui
3288 1343 3303 1366 ,
3339 1311 3391 1356 ut
3419 1299 3684 1352 adoremus
3713 1308 3764 1350 te
3802 1311 3954 1364 sup-1-

2361 1400 2581 1457 terram!
2611 1401 2696 1454 ll.
2729 1397 2986 1452 ﬁmulati
3011 1406 3178 1450 autem
3201 1404 3316 1450 sunt
3343 1410 3453 1447 enin
3471 1389 3781 1460 fratressai.
3815 1397 3954 1458 pater

2361 1508 2474 1545 vero
2509 1490 2783 1545 observem
2809 1489 3032 1542 uerbum.
3056 1485 3244 1541 Sciens
3274 1494 3424 1555 pater
3464 1481 3606 1551 quod
3639 1482 3836 1535 fratres
3875 1479 3953 1533 in-

2364 1585 2610 1638 viderent
2649 1581 2697 1636 ei
2719 1621 2735 1648 ,
2764 1589 2987 1650 preptcr
3017 1580 3119 1632 boe
3166 1574 3451 1645 increpavit
3477 1589 3741 1644 puerum.
3773 1583 3827 1626 et
3857 1586 3950 1624 es-

2363 1677 2535 1747 pnsuit
2564 1675 2725 1730 etiam
2753 1673 2866 1743 ipse
2894 1672 3192 1733 somnium.
3221 1683 3284 1724 ac
3311 1669 3623 1749 conjectans
3654 1679 3681 1718 a
3725 1663 3840 1718 Deo
3867 1678 3949 1716 re-

2359 1766 2682 1822 relationem
2732 1765 2780 1818 ei
2825 1763 3054 1826 factam,
3099 1758 3423 1814 observabat
3463 1755 3706 1810 verbum.
3756 1751 3951 1807 Verum

2363 1874 2468 1914 non
2499 1859 2568 1912 ita
2598 1855 2862 1912 faciebant
2881 1853 3088 1908 fratres.
3119 1849 3226 1906 Sed
3247 1848 3402 1922 quid?
3429 1847 3622 1903 lterum
3646 1845 3821 1900 multo
3847 1859 3952 1898 nia-

2362 1951 2444 2021 gis
2465 1948 2876 2004 mandabantur.
2902 1945 3011 2000 Cur
3039 1944 3210 1999 insani
3252 1938 3468 1996 fuistis?
3495 1955 3589 1994 cur
3617 1936 3950 2007 stupidoruin

2362 2056 2523 2112 opera
2571 2038 2806 2094 fecistis?
2831 2036 2946 2092 Non
2976 2035 3278 2106 cogitastis,
3307 2032 3600 2087 secundum
3627 2029 3950 2084 insomnium

2360 2147 2468 2187 non
2500 2140 2733 2193 temere.
2766 2141 2941 2198 neque
2961 2125 3180 2180 fortuito
3209 2123 3406 2178 factum
3433 2136 3554 2177 esse
3581 2135 3597 2174 :
3627 2117 3725 2175 sed
3754 2129 3816 2174 ut
3834 2133 3951 2172 cum

2360 2219 2655 2281 didiceritls
2681 2219 2901 2275 omnino
2951 2215 3126 2270 futura
3173 2228 3298 2270 esse
3340 2227 3462 2282 quae
3502 2208 3760 2281 predieta
3791 2219 3947 2270 sunt.

2361 2312 2586 2370 cessetis
2615 2308 2860 2364 meditari
2904 2306 3253 2360 fratricidimu
3274 2341 3290 2369 .
3320 2312 3501 2372 ιιινοω
3531 2316 3644 2356 rem
3671 2299 3952 2354 molien'es

2364 2401 2793 2475 impossibiletnl
2821 2400 2984 2471 Igitur
3009 2396 3294 2468 oportebat
3321 2393 3535 2464 quidem
3564 2405 3682 2456 vos.
3712 2405 3838 2446 cum
3861 2405 3949 2444 co.

2359 2496 2621 2570 gitarctis.
2649 2505 2702 2551 et
2731 2496 2783 2549 iu
2816 2504 3049 2548 mentem
3071 2489 3384 2560 acciperetis
3401 2487 3686 2542 fraternam
3721 2491 3951 2539 vestram

2361 2587 2794 2660 conjunctionem
2821 2627 2837 2652 .
2882 2585 3113 2640 futuram
3159 2580 3337 2636 fistris
3383 2579 3606 2650 gloriam
3643 2591 3742 2646 pro
3781 2584 3950 2630 vestra

2363 2680 2578 2735 ducere.
2611 2677 2872 2746 Quoniam
2918 2688 3099 2729 au'em
3128 2673 3194 2727 ad
3243 2674 3343 2726 hoc
3385 2684 3492 2724 non
3538 2665 3906 2738 respiciebatis
3932 2705 3946 2726 .

2361 2782 2695 2838 consequens
2743 2766 2841 2820 fuit
2865 2764 2990 2818 illud
3021 2763 3276 2833 cogitare,
3305 2776 3400 2815 vos
3436 2773 3539 2814 non
3568 2765 3761 2813 contra
3787 2771 3907 2811 eum
3931 2796 3946 2820 .

2361 2857 2456 2914 sed
2476 2866 2660 2914 contra
2682 2856 2920 2911 onmium
2955 2855 3264 2918 Dntnintttn,
3295 2853 3384 2923 qui
3414 2850 3515 2906 hoc
3544 2850 3594 2906 ei
3617 2849 3728 2920 jam
3753 2848 3950 2904 revela-

2361 2952 2438 3004 vit
2460 2990 2474 3014 ,
2523 2948 2722 3003 bellmu
2753 2961 2959 3017 gerere.
3003 2943 3198 2998 Verum
3248 2943 3320 2997 illi
3360 2941 3575 3012 quidem
3601 2982 3616 3006 ,
3643 2939 3781 2993 sicut
3810 2937 3946 3003 disi,

2363 3055 2537 3110 neque
2565 3047 2768 3092 Italum:
2795 3036 3064 3092 vinculum
3098 3033 3333 3097 reveriti.
3369 3047 3542 3102 neque
3579 3031 3632 3085 in
3659 3038 3840 3084 mente
3859 3043 3946 3081 ca-

2365 3122 2570 3202 pientes
2597 3137 2796 3200 quanta
2827 3129 2917 3183 ille
2941 3142 3172 3197 superna
3215 3123 3588 3182 benevolentia
3629 3122 3944 3183 muniretur.

2365 3222 2544 3277 odium
2566 3220 2804 3292 quotidie
2833 3228 3096 3274 uinxerunt
3122 3237 3136 3272 :
3159 3226 3212 3273 et
3231 3217 3440 3272 occulte
3463 3217 3600 3268 intra
3630 3212 3947 3281 semctipsos

2363 3328 2550 3384 rogum
2593 3311 2988 3376 accenderunt,
3031 3325 3204 3380 neque
3255 3320 3437 3379 patre,
3470 3320 3646 3376 neque
3687 3304 3798 3358 lilio
3847 3304 3946 3357 tsic

2360 3403 2631 3474 quidpiam
2671 3402 3098 3472 suspicantibus,
3131 3415 3303 3470 neque
3345 3395 3706 3468 cogitintibus
3759 3410 3854 3450 eos
3893 3395 3941 3447 in

2363 3505 2563 3550 tantam
2589 3495 2853 3554 insaniam
2881 3508 3002 3548 esse
3031 3501 3425 3563 proltcratttros.
3463 3487 3584 3544 Ideo
3608 3487 3694 3542 ubi
3723 3484 3942 3556 profecti

2363 3594 2488 3641 sunt
2515 3585 2711 3642 fratres
2732 3585 2797 3639 ad
2823 3577 3013 3656 greges
3039 3600 3053 3636 :
3079 3583 3164 3638 t3.
3196 3580 3360 3647 Dixit,
3376 3569 3582 3650 inquit,
3607 3588 3751 3649 pater
3770 3578 3838 3630 ad
3855 3575 3944 3628 Jo-

2360 3678 2484 3746 seplt
2510 3693 2529 3732 :
2559 3675 2745 3730 Nonne
2773 3675 2953 3745 fratres
2977 3677 3051 3729 tui
3079 3684 3294 3745 pascunt
3315 3688 3429 3727 om
3445 3674 3496 3726 in
3515 3672 3736 3743 Syc-lieni
3753 3673 3778 3725 .’
3803 3669 3940 3732 Vetti.

2361 3770 2554 3822 mittam
2579 3778 2628 3821 te
2651 3766 2721 3820 ad
2747 3783 2852 3822 eos.
2879 3765 3117 3839 Dixitque
3139 3765 3186 3820 ei
3211 3781 3230 3820 :
3259 3763 3388 3820 Ecce
3407 3781 3522 3835 ego.
3558 3762 3749 3818 Vidisti
3781 3765 3940 3833 patris

2357 3877 2481 3932 erga
2533 3859 2671 3914 illius
2697 3859 2714 3891 ¹
2745 3858 3134 3914 dilectionem?
3182 3856 3358 3911 vidisti
3405 3855 3498 3909 lilii
3546 3852 3939 3909 obedientiam!

2361 3950 2500 4005 Dixit
2524 3959 2702 4004 autem
2727 3950 2776 4004 ei
2811 3966 2826 4003 :
2857 3949 2936 4003 ll.
2975 3947 3148 4012 Vade.
3175 3955 3222 4001 et
3248 3947 3392 4013 vide,
3423 3962 3546 4000 nunt
3565 3945 3679 4000 sani
3701 3945 3802 4000 sint
3830 3949 3936 4016 fra-

2356 4052 2456 4096 tres
2481 4043 2574 4104 tui,
2595 4051 2642 4094 et
2671 4057 2808 4106 oves.
2825 4050 2870 4094 ct
2885 4041 3132 4095 annuntio
3158 4039 3303 4093 mihi.

2427 4134 2480 4187 5.
2509 4132 2704 4202 Ioseph
2727 4135 2894 4205 ﬁgura
2913 4132 3117 4186 Christi.
3146 4162 3216 4173 —
3243 4131 3368 4188 llaec
3392 4139 3569 4186 autem
3594 4131 3778 4186 omnia
3803 4129 3934 4186 facit

2354 4234 2481 4280 sunt
2503 4262 2520 4286 .
2549 4231 2605 4277 ut
2629 4231 2684 4277 et
2707 4221 2922 4292 Jusepbi
2962 4238 3086 4293 erga
3128 4221 3322 4278 fratres
3359 4229 3750 4276 monstraretur
3776 4221 3935 4276 bene-

2355 4313 2606 4378 volentia,
2629 4323 2680 4368 et
2700 4311 2911 4366 illorum
2933 4311 3271 4382 sanguinaria
3289 4327 3440 4367 tuens
3461 4309 3614 4367 fieret
3635 4311 3933 4366 manifesta.

2357 4407 2572 4462 Factum
2599 4414 2682 4462 est
2708 4415 2886 4462 autem
2908 4405 3036 4460 etin
3068 4406 3287 4476 figuram
3316 4403 3790 4468 futumrum..tttin
3821 4419 3936 4457 utu-

2354 4497 2447 4552 bra
2471 4499 2638 4552 multo
2665 4506 2820 4551 antea
2841 4495 3082 4550 veritatis
3113 4510 3200 4551 res
3228 4494 3677 4550 describerentur.
3707 4492 3778 4548 Et
3802 4493 3934 4548 sicut

2351 4590 2635 4668 Joseph'ad
2668 4589 2857 4646 fratres
2885 4589 3015 4646 abiit
3041 4589 3269 4645 invisum
3298 4604 3415 4656 eos,
3442 4599 3496 4644 et
3525 4589 3600 4644 illi
3625 4605 3800 4658 neque
3827 4591 3930 4644 fra-

2351 4681 2672 4740 ternitatem.
2702 4696 2874 4752 neque
2898 4681 3157 4736 adventus
3177 4696 3392 4736 causam
3425 4679 3669 4744 rereriti.
3705 4682 3929 4748 primum

2349 4769 2563 4840 quidem
2589 4769 2656 4825 de
2693 4770 2984 4826 occidendo
3006 4771 3096 4824 illo
3116 4770 3481 4825 deliberabant
3506 4813 3520 4836 ,
3546 4781 3724 4840 postea
3754 4781 3929 4824 autem

2347 4865 2700 4921 vendiderunt
2748 4864 2988 4920 barbaris
3021 4882 3033 4917 :
3069 4866 3138 4918 ita
3181 4876 3234 4920 et
3265 4864 3522 4918 Dominus
3567 4874 3751 4918 nos-ter
3781 4878 3926 4918 suam

2346 4971 2571 5012 servans
2609 4956 3054 5019 misericordiam.
3097 4956 3312 5010 advenit
3356 4954 3588 5010 invisens
3639 4953 3925 5009 buinanunt

2346 5063 2531 5118 genus,
2557 5057 2608 5103 et
2626 5057 2869 5118 suscepta
2888 5058 3080 5102 nostrae
3111 5048 3296 5102 forma:
3323 5063 3502 5109 carne,
3537 5047 3783 5115 dignatus
3816 5046 3923 5099 fieri

2350 5140 2513 5193 frater
2539 5149 2739 5202 noster.
2768 5141 2843 5192 sic
2883 5139 3120 5193 advenit.
3173 5137 3238 5192 Et
3262 5139 3456 5192 clamat
3482 5137 3674 5191 Paulus
3702 5138 3921 5191 dicens:

2347 5230 2467 5284 Non
2511 5233 2642 5284 enim
2673 5231 2877 5302 angelos
2902 5231 3195 5298 assumpsit,
3213 5232 3300 5285 sed
3328 5248 3492 5285 semen
3515 5233 3732 5284 Abraha:
3758 5232 3922 5283 :unds

2344 5322 2514 5376 debuit
2541 5339 2630 5391 per
2668 5324 2833 5376 omnia
2873 5322 3118 5394 fratribus
3161 5322 3342 5378 similis
3373 5323 3484 5391 ﬁeri
3526 5320 3707 5390 (llrltr.
3747 5321 3802 5373 ἓ.
3837 5323 3919 5374 l6.

2347 5415 2456 5483 l7).
2487 5412 2592 5468 Sed
2622 5414 2808 5484 ingrati
2847 5413 3016 5468 Juda-i
3051 5413 3346 5466 animarum
3388 5427 3778 5482 cerporumque
3810 5413 3918 5466 lle-

2342 5504 2517 5557 dicum
2546 5504 2818 5562 innumera
2871 5504 3123 5558 miracula
3168 5503 3406 5574 quotidie
3452 5510 3749 5572 patrantem
3781 5511 3919 5556 uect-

2339 5596 2467 5650 dcre
2491 5595 2664 5651 conati
2693 5605 2816 5651 sunt
2835 5637 2852 5664 ,
2883 5605 2937 5649 et
2975 5610 3139 5665 opere
3167 5594 3570 5664 compleverunt
3615 5593 3796 5648 animo
3821 5609 3915 5646 suo

2403 5756 2419 5787 ⁸
2453 5754 2589 5808 Savil.
2616 5763 2668 5810 et
2686 5755 2878 5821 quidam
2898 5761 3023 5814 διεδ..
3047 5767 3165 5819 erga
3183 5751 3363 5817 ﬁlium;
3395 5755 3555 5805 minus
3575 5765 3731 5806 recte.
