4170 6528
283 454 390 513 529
1313 454 1376 508 ΙΝ
1412 453 1546 510 CAP

282 570 560 623 decretam
606 567 849 631 caedem;
880 581 944 621 ac
968 568 1355 624 crueilixerunt
1388 582 1512 622 eum
1555 566 1646 639 qui
1675 577 1895 637 prepter

288 670 533 717 nostram
580 662 809 717 salutem
855 664 997 717 servi
1041 662 1266 718 formam
1313 663 1592 733 suscipere
1646 661 1895 733 dignatus

282 763 384 809 est.
429 754 495 810 Et
534 754 619 811 isti
650 754 866 825 quidem
910 755 1307 825 apprehensum
1332 797 1348 819 ,
1378 765 1435 811 et
1457 755 1603 810 cruci
1634 754 1886 809 traditum

283 845 598 900 occiderunt
629 862 643 898 :
674 843 749 898 illi
795 852 981 900 autem
1041 846 1425 901 consultabant
1485 845 1739 917 quidem,
1797 846 1892 901 scil

286 950 450 1005 opere
471 936 610 1007 quod
635 935 990 992 consulebant
1019 953 1126 991 non
1175 938 1553 1007 impleverunt.
1596 937 1894 1007 Oportebat

286 1036 473 1082 autem
527 1026 753 1097 ﬁguram
813 1028 993 1083 minus
1049 1028 1293 1096 habere,
1347 1045 1507 1099 quam
1565 1030 1893 1085 veritatem:

283 1120 408 1186 quia
452 1118 647 1189 alioqui
690 1136 795 1173 non
846 1118 1031 1174 fuisset
1084 1120 1248 1189 figura
1281 1134 1468 1175 eorum
1511 1135 1634 1190 quae
1667 1119 1893 1189 posthac

286 1207 461 1260 futura
491 1219 667 1263 erant.
703 1209 991 1279 Propterea
1034 1209 1140 1263 illic
1169 1209 1388 1279 quidem
1425 1210 1578 1279 quasi
1604 1211 1656 1263 in
1705 1209 1893 1263 umbra

286 1299 606 1369 pnes-ignota
650 1310 793 1354 sunt.
861 1300 931 1355 Et
995 1301 1364 1356 animadverte
1405 1316 1521 1356 rem
1572 1300 1892 1355 mirabilem.

285 1389 403 1443 Non
448 1391 790 1457 occiderunt,
837 1392 931 1447 sed
975 1391 1368 1469 vendiderunt,
1414 1402 1470 1447 et
1503 1402 1709 1447 vestem
1758 1391 1896 1445 lnrdi

284 1486 550 1555 sanguine
582 1485 925 1555 inquinantes
950 1486 1213 1541 dederunt
1238 1486 1374 1555 patri
1401 1528 1416 1551 ,
1447 1485 1776 1555 persuadere
1803 1500 1898 1537 vo-

286 1576 462 1633 lentes
498 1578 735 1634 occisum
764 1578 929 1634 fuisse
956 1580 1123 1633 tilium
1166 1594 1347 1634 suum.
1373 1577 1540 1634 Vides
1566 1580 1745 1633 omnia
1779 1577 1897 1632 hinc

285 1667 425 1724 facta
449 1684 592 1735 esse,
622 1680 679 1725 ut
705 1671 857 1741 quasi
886 1670 938 1725 in
968 1671 1154 1725 umbra
1181 1671 1356 1740 imago
1384 1670 1475 1725 illa
1502 1683 1681 1725 rerum
1711 1670 1884 1735 ﬁeret,

286 1768 349 1815 et
368 1762 568 1816 veritas
594 1762 989 1818 custodiretur?
1018 1760 1126 1819 Sed
1152 1762 1219 1816 ad
1249 1763 1443 1817 seriem
1478 1761 1745 1816 sermonis
1768 1761 1892 1815 red-

285 1868 493 1909 eamus.
526 1853 592 1909 Et
628 1856 765 1909 misit
807 1873 924 1909 eum
947 1897 962 1920 ,
992 1857 1198 1927 inquit,
1231 1866 1392 1927 pater,
1424 1866 1473 1909 et
1513 1857 1646 1910 venit
1693 1858 1747 1909 iu
1787 1856 1893 1925 Sy-

286 1948 453 2003 rhem.
490 1951 575 2004 ili.
610 1945 680 2003 Et
706 1950 901 2003 invenit
927 1966 1043 2003 eum
1066 1949 1219 2003 homo
1253 1958 1502 2003 errantem
1530 1950 1583 2003 in
1609 1966 1754 2021 agro.
1783 1949 1892 2004 Ro-

287 2042 421 2110 gavit
449 2050 618 2094 autem
648 2056 762 2094 eum
787 2042 939 2095 homo
964 2040 1137 2095 dicens
1168 2056 1187 2095 :
1219 2040 1356 2107 Quid
1384 2042 1571 2111 quaeris
1602 2041 1628 2095 ?
1682 2041 1763 2096 l6.
1795 2039 1900 2095 Ille

287 2140 456 2186 autem
481 2131 612 2186 dixit
638 2148 657 2186 :
686 2131 896 2186 Fratres
923 2149 1058 2187 meos
1079 2149 1272 2200 quam.
1321 2134 1582 2187 Annuntia
1623 2133 1781 2197 mihi,
1813 2132 1899 2187 ubi

290 2231 505 2290 pascant
546 2238 682 2277 oves.
719 2222 1011 2278 Considera
1038 2222 1313 2293 quomodo
1353 2224 1437 2279 hic
1484 2240 1678 2295 magno
1720 2224 1898 2281 studio

287 2312 358 2367 de
413 2313 666 2370 fratribus
713 2315 826 2371 suis
857 2316 1113 2386 inquirit,
1144 2325 1200 2372 ct
1225 2317 1439 2373 curioso
1485 2317 1810 2387 perlustrat,
1843 2328 1899 2374 et

288 2405 469 2457 omnia
500 2404 627 2460 facit
665 2414 722 2460 ut
764 2421 859 2462 eos
885 2407 1071 2463 videre
1098 2408 1285 2477 possit.
1319 2409 1407 2463 i7.
1451 2407 1595 2463 Dixit
1621 2421 1789 2463 autem
1813 2412 1892 2477 ei,

291 2495 483 2565 inquit,
507 2498 657 2551 homo
688 2515 707 2552 :
727 2499 914 2552 Audiui
938 2517 1025 2554 eos
1055 2501 1295 2566 dicentes,
1327 2500 1517 2555 Eamus
1544 2501 1595 2554 in
1633 2501 1893 2558 Dothaim.

292 2583 361 2638 Et
388 2586 475 2639 ivit
504 2585 722 2657 Joseplt,
750 2600 799 2641 et
821 2590 1010 2643 invenit
1036 2606 1142 2645 eos.
1177 2590 1265 2645 i8.
1288 2590 1443 2644 Prius
1472 2597 1640 2645 autem
1666 2594 1899 2648 uiderunt

289 2691 407 2731 eum
429 2696 461 2731 a
488 2680 637 2751 longe
662 2691 930 2748 antequam
959 2684 1393 2754 appropinquaret
1413 2684 1481 2738 ad
1508 2702 1579 2748 se,
1611 2695 1659 2739 et
1681 2687 1902 2758 maligne

290 2769 611 2837 cogitabant,
640 2780 693 2823 ut
720 2772 1001 2826 occiderent
1042 2789 1175 2827 eum.
1203 2774 1496 2830 Considera
1529 2775 1648 2840 hic,
1682 2792 1897 2846 quaeso,

295 2859 391 2914 Dei
422 2862 700 2930 providam
728 2864 1084 2933 sapientiam,
1116 2866 1387 2934 quomodo
1416 2866 1492 2921 illi
1517 2868 1733 2937 quidem
1766 2884 1901 2924 con-

290 2953 441 3006 citati
468 2962 621 3007 crant
650 2954 703 3009 in
724 2956 925 3009 credam
950 2958 1068 3023 ejus
1096 2970 1110 3009 :
1141 2957 1256 3025 ipse
1281 2967 1459 3013 autem
1492 2960 1669 3012 omnia
1700 2958 1900 3015 faciens

292 3054 351 3099 et
380 3053 744 3100 transmutans
774 3047 1032 3114 permittit
1058 3046 1275 3101 interim
1299 3049 1480 3102 omnia
1511 3049 1897 3118 impedimenta

294 3136 480 3206 objici,
515 3146 572 3190 ut
591 3136 793 3193 athleta
820 3152 919 3192 suo
945 3139 1174 3192 clariore
1201 3138 1372 3203 facto,
1393 3150 1722 3209 postremum
1750 3157 1901 3196 som-

295 3229 509 3283 niorum
531 3229 763 3283 adducat
791 3240 1064 3285 eventum.
1104 3228 1259 3284 Prius
1289 3241 1457 3285 autem
1484 3232 1714 3285 viderunt
1745 3250 1857 3287 eum
1882 3273 1897 3299 ,

296 3319 489 3387 isiquit,
521 3330 567 3373 et
592 3322 812 3390 maligne
838 3323 1125 3392 cogitabant
1150 3332 1207 3375 ut
1227 3324 1511 3378 occiderent
1537 3341 1671 3379 eum.
1697 3326 1782 3379 l9.
1809 3326 1873 3381 Di
1883 3356 1903 3369 -

292 3412 437 3465 cebat
457 3423 627 3467 autem
658 3416 1003 3485 unusquisque
1041 3418 1111 3468 ad
1136 3420 1347 3488 fratrem
1375 3434 1524 3471 suum
1553 3434 1573 3472 :
1598 3417 1732 3473 Ecce
1759 3437 1898 3473 som-

296 3503 467 3557 niator
516 3504 605 3557 ille
652 3506 784 3558 venit
814 3519 835 3559 :
860 3506 949 3559 20.
981 3522 1116 3559 nunc
1160 3508 1317 3578 igitur
1364 3510 1562 3572 venite,
1608 3511 1901 3565 occidamns

294 3612 430 3661 eum,
461 3608 509 3651 et
536 3600 867 3669 projiciamus
893 3616 1009 3653 eum
1046 3601 1297 3675 intacum
1326 3618 1481 3655 unum
1513 3619 1577 3656 ea:
1605 3603 1683 3656 liis
1706 3645 1719 3667 ,
1748 3614 1795 3656 et
1821 3604 1902 3657 di-

295 3704 469 3743 cemus
491 3731 507 3753 ,
558 3690 707 3744 Mala
748 3690 904 3745 bestia
934 3692 1188 3745 devoravit
1236 3708 1350 3746 eum
1369 3735 1383 3759 ,
1407 3702 1453 3745 et
1477 3692 1754 3748 videbimus
1777 3695 1902 3764 quid

295 3791 449 3834 erunt
473 3784 672 3837 somnia
700 3784 837 3851 ejus.

373 3873 503 3940 Qua
527 3887 642 3929 sunt
676 3894 707 3928 a
737 3877 843 3930 Deo
873 3878 1120 3946 praedicta
1149 3888 1394 3947 nequeunt
1425 3878 1681 3947 impediri.
1709 3909 1780 3918 —
1804 3878 1899 3933 Via

293 3963 423 4019 disti
448 4006 463 4029 ,
496 3982 591 4020 eos
614 3967 947 4021 somniorum
978 3974 1230 4022 eventum
1258 3978 1631 4037 exspectantes
1652 3969 1901 4025 occidere

296 4070 423 4110 eum
454 4069 676 4112 conatos
705 4059 851 4113 esse?
879 4060 984 4114 Sed
1011 4069 1066 4113 ut
1091 4060 1333 4124 discant,
1368 4076 1474 4113 non
1502 4075 1623 4115 esse
1650 4062 1903 4129 possibile

296 4164 362 4205 ea
397 4166 518 4221 quae
544 4168 574 4205 a
627 4153 736 4207 Deo
766 4163 892 4206 sunt
934 4155 1185 4222 praedicta
1212 4194 1227 4216 ,
1256 4168 1363 4207 non
1408 4168 1573 4223 opere
1600 4153 1857 4222 compleri
1884 4197 1898 4220 ,

295 4244 606 4297 consultant
629 4253 684 4297 et
711 4253 999 4309 attentarit,
1033 4254 1088 4299 et
1116 4259 1269 4299 suam
1291 4245 1567 4299 declarant
1597 4246 1853 4300 malitiam
1883 4264 1895 4299 :

296 4346 354 4388 at
376 4335 589 4405 sapiens
610 4346 663 4391 et
690 4352 850 4405 sagax
880 4336 1022 4392 Deus
1048 4336 1389 4392 insidiatores
1410 4338 1715 4392 ministrare
1737 4340 1900 4393 etiam

299 4428 498 4483 invitos
521 4431 665 4498 cogit
693 4429 1075 4497 dispensationi
1109 4428 1431 4483 futurorum.
1464 4430 1729 4495 Quoniam
1756 4431 1900 4485 enim

296 4522 741 4591 conspiraverant
773 4527 822 4574 in
871 4531 1100 4576 mortem
1136 4520 1285 4590 ejus,
1314 4530 1368 4575 et
1398 4522 1449 4574 in
1481 4522 1761 4590 proposito
1785 4522 1896 4591 jam

297 4614 611 4667 occiderant
642 4631 654 4666 ε
683 4612 774 4666 ει.
834 4611 903 4667 Ut
950 4613 1145 4665 audivit
1169 4653 1183 4677 ,
1233 4612 1441 4680 inquit,
1477 4612 1690 4676 Ruben,
1718 4613 1903 4683 eripuit

298 4722 414 4759 eum
438 4723 504 4761 ea:
528 4706 758 4759 sonitibus
786 4723 981 4769 eorum,
1008 4718 1054 4760 et
1082 4706 1212 4761 dixit
1242 4705 1367 4760 :22.
1399 4704 1526 4760 Non
1552 4709 1901 4776 percntiamus

298 4816 415 4853 eum
441 4800 495 4853 in
521 4800 745 4853 animant
773 4815 792 4853 .'
819 4815 919 4853 non
943 4798 1190 4865 e/fundite
1215 4798 1538 4868 sanguinem;
1559 4797 1765 4867 abjicite
1788 4816 1901 4854 eum

296 4894 351 4947 in
375 4892 545 4947 locum
570 4894 719 4948 illum
756 4894 809 4947 in
835 4892 1109 4948 solitudine
1129 4933 1146 4957 ,
1179 4907 1387 4946 otannm
1422 4905 1594 4949 autem
1624 4909 1727 4946 non
1772 4893 1899 4964 inji-

295 4985 395 5038 cite
444 4983 498 5036 in
540 4999 653 5036 eum
678 4995 773 5038 :ut
815 5000 930 5037 eum
976 4984 1189 5053 eriperet
1229 5000 1292 5037 ea:
1336 4984 1570 5038 manibus
1607 5000 1784 5039 eorum
1807 5026 1822 5051 ,
1854 4994 1903 5037 et

294 5076 530 5132 redderet
567 5093 680 5131 eum
710 5078 843 5149 patri
870 5094 985 5132 suo.
1018 5077 1155 5132 Vide
1179 5087 1234 5133 et
1274 5079 1433 5133 istum
1457 5120 1471 5143 ,
1495 5078 1765 5149 quomodo
1793 5094 1899 5133 non

296 5169 459 5223 audet
489 5168 773 5225 manifeste
814 5170 1025 5239 eripere
1054 5169 1272 5224 fratrem
1295 5212 1309 5235 ,
1342 5170 1437 5226 sed
1464 5171 1574 5241 jam
1618 5170 1898 5226 occidendi

293 5272 550 5315 conatum
579 5271 637 5317 et
658 5262 912 5331 impetum
940 5260 1215 5316 refrenare
1238 5266 1445 5327 volens,
1474 5263 1603 5318 dicit
1630 5280 1644 5316 :
1678 5260 1799 5317 Non
1826 5268 1900 5333 ef-

294 5353 496 5421 fundite
524 5357 852 5423 sanguinem,
884 5354 973 5407 sed
1016 5354 1218 5425 abjicite
1242 5355 1435 5412 euntt'n
1470 5356 1657 5408 lacum.
1695 5355 1901 5411 Docere

294 5447 443 5503 enim
476 5460 574 5501 nos
601 5447 789 5503 volens
813 5447 990 5501 divina
1035 5447 1309 5515 Scriptura
1337 5462 1558 5516 scopum
1586 5458 1641 5502 et
1665 5460 1900 5504 utentem

297 5540 511 5605 Ruben,
537 5539 666 5595 dicit
686 5580 700 5592 .
724 5538 847 5594 [lico
876 5550 1054 5594 autem
1081 5539 1324 5602 faciebat,
1362 5537 1429 5593 Ut
1457 5540 1668 5608 eriperet
1695 5556 1829 5602 eum,
1852 5552 1902 5594 et

291 5633 527 5687 redderet
544 5636 678 5703 patri
703 5648 814 5687 suo.
841 5631 909 5686 Et
934 5647 1055 5685 cum
1083 5632 1157 5685 illi
1186 5635 1302 5686 haec
1328 5634 1733 5697 consultarent,
1768 5649 1901 5687 non-

292 5726 421 5781 dum
467 5723 668 5794 Ioseph
720 5726 1051 5790 advenerat,
1096 5724 1189 5780 sed
1243 5736 1525 5795 postquam
1571 5725 1900 5794 colloquium

293 5820 399 5876 hoc
424 5820 796 5883 absolverunt,
830 5817 922 5873 25.
965 5816 1152 5883 Venit,
1177 5818 1365 5887 inquit,
1396 5815 1591 5887 Joseplt
1616 5814 1684 5871 ad
1716 5816 1900 5883 fratres

291 5928 433 5967 suos.
456 5910 591 5967 Cum
624 5912 784 5983 igitur
808 5912 1135 5982 Oportuisset
1161 5909 1283 5965 illos
1310 5924 1595 5965 occurrere
1625 5908 1809 5976 fratri,
1839 5918 1897 5963 et

1612 452 1876 509 XXXVII.
1918 455 2165 514 GBNES.
2210 458 2439 514 IIOMIL.
2485 460 2620 517 LXI.

3504 475 3613 538 539

2004 571 2297 640 amplexari
2321 615 2334 635 ,
2359 581 2414 628 et
2456 576 2728 644 qttomodo
2750 594 2809 634 se
2837 592 2986 650 pater
3027 581 3268 653 haberet,
3294 589 3565 658 inquirere
3591 635 3609 660 ,

2005 660 2080 714 illi
2105 677 2234 717 vero
2268 664 2417 733 quasi
2446 667 2571 722 tene
2611 666 2855 737 qumdam
2878 714 2894 739 ,
2923 673 3014 729 ubi
3057 690 3255 745 agnum
3283 681 3610 749 conspicata

2004 750 2237 815 fuerint,
2267 757 2507 812 assiliunt
2537 801 2551 822 ,
2580 770 2634 813 et
2677 759 2941 818 Exuerunt
2966 807 2979 828 ,
3015 768 3216 837 inquit,
3242 769 3439 839 Ioseph
3475 787 3611 830 Me

2000 845 2163 906 varia,
2189 844 2285 899 ~25.
2313 858 2358 899 et
2386 860 2644 920 acceptum
2672 869 2785 907 eum
2811 857 3134 926 projecerunt
3150 860 3203 914 in
3227 861 3414 918 Imm.
3439 863 3609 922 Lacus

2002 947 2170 991 autem
2198 951 2306 994 erat
2335 958 2539 1007 vacuus,
2574 962 2757 1016 aquam
2780 965 2881 1003 non
2907 951 3117 1007 habens.
3141 953 3607 1019 Quemadmodum

2002 1034 2348 1088 consuluerat
2375 1036 2605 1098 Ruben.
2642 1040 2712 1093 ita
2754 1038 3016 1101 fecerunt.
3046 1044 3113 1099 Et
3135 1046 3329 1117 injecto
3355 1048 3467 1112 illo,
3504 1050 3607 1105 Se-

2003 1123 2186 1178 derunt
2215 1126 2284 1178 ad
2310 1128 2674 1183 comedendum
2708 1150 2910 1202 panem.
2943 1135 2989 1191 0
3027 1138 3437 1195 crudelitatem!
3462 1157 3496 1194 ο
3524 1143 3611 1196 in-

2006 1212 2417 1273 lnnnanitatem!
2449 1217 2544 1275 Ille
2564 1221 2780 1290 quidem
2808 1233 3012 1280 tantum
3047 1228 3254 1283 itineris
3276 1229 3608 1296 confecerat,

2001 1316 2055 1359 et
2086 1315 2232 1361 tanto
2258 1309 2436 1363 studio
2463 1310 2530 1366 de
2555 1312 2633 1366 eis
2656 1313 2987 1383 inquisierat.
3014 1327 3070 1371 ut
3093 1318 3297 1375 videret
3327 1332 3381 1375 et
3406 1338 3611 1376 annun-

2004 1399 2159 1453 tiaret
2209 1402 2344 1471 patri
2394 1405 2667 1472 quomodo
2706 1421 2766 1461 se
2802 1408 3067 1463 haberent
3101 1425 3189 1465 res
3236 1411 3447 1467 illorum
3481 1430 3495 1467 :
3525 1413 3607 1470 illi

2003 1505 2131 1544 vero
2152 1493 2302 1562 quasi
2338 1493 2546 1550 barbari
2569 1507 2620 1551 et
2651 1497 2966 1563 inhumani,
2999 1503 3123 1569 quia
3153 1504 3504 1559 consuluerat
3526 1508 3608 1564 eis

2003 1582 2192 1638 Ruben
2220 1600 2288 1639 ne
2314 1585 2651 1643 effunderent
2675 1592 2991 1661 sanguinem
3051 1593 3195 1651 fame
3234 1596 3482 1653 occidam
3508 1612 3607 1650 vo-

2003 1676 2207 1730 lebant.
2236 1676 2341 1733 Sed
2374 1679 2638 1751 benignus
2686 1684 2827 1739 Deus
2871 1686 3048 1739 Statim
3098 1704 3219 1742 eum
3254 1690 3497 1745 liberavit
3535 1693 3604 1745 ab

2004 1766 2209 1821 insania
2263 1768 2506 1824 fratrum.
2547 1771 2637 1827 25.
2671 1771 2796 1828 Cum
2824 1777 2967 1829 enim
3008 1781 3349 1835 consedissent
3370 1783 3442 1836 ad
3468 1800 3613 1836 con:-

2003 1860 2253 1913 edendum
2284 1879 2485 1931 panem.
2511 1865 2739 1919 viderunt
2764 1864 3059 1925 lsmaelitas
3086 1872 3300 1927 uiatores
3322 1874 3595 1934 venientes.

2003 1962 2048 2005 et
2076 1951 2363 2024 JEgyptum
2393 1972 2564 2011 versus
2610 1968 2802 2014 euntes.
2843 1960 2933 2018 26.
2970 1961 3035 2017 Et
3068 1965 3197 2019 dixit
3226 1963 3396 2021 ludas
3422 1982 3443 2021 :
3472 1967 3609 2034 Quid

2004 2049 2206 2114 prodest
2237 2048 2280 2101 si
2305 2050 2640 2105 occidet-imus
2668 2054 2879 2122 fratrem
2909 2066 3172 2123 nostrum,
3200 2070 3249 2113 et
3274 2062 3607 2114 occultavcri-

2002 2155 2115 2193 ntus
2141 2141 2434 2209 sanguinem
2463 2144 2617 2214 ejus?
2637 2144 2726 2199 27.
2749 2144 2945 2214 Venite,
2974 2150 3248 2206 vendamus
3276 2170 3390 2205 eum
3416 2152 3609 2207 lentae-

2004 2230 2105 2285 litis
2134 2232 2243 2287 istis
2267 2249 2285 2287 :
2308 2250 2492 2289 manus
2517 2247 2686 2292 autem
2732 2251 2920 2295 nostra:
2978 2259 3082 2297 non
3126 2244 3229 2299 sint
3266 2262 3422 2315 super
3456 2262 3573 2301 eum
3594 2289 3607 2309 ,

2002 2324 2120 2391 quia
2143 2327 2303 2394 {inter
2329 2336 2499 2381 noster
2524 2338 2568 2381 et
2598 2346 2718 2384 caro
2746 2340 2921 2386 nostra
2949 2344 3045 2388 est.

2071 2415 2130 2468 4.
2170 2414 2304 2469 Vide
2336 2418 2605 2484 quomodo
2650 2428 2705 2475 et
2753 2422 2902 2491 prius
2954 2423 3141 2479 Ruben
3197 2426 3408 2481 minore
3450 2428 3596 2482 malo

2004 2506 2177 2574 majus
2225 2508 2520 2576 prohibuit,
2553 2520 2608 2565 et
2646 2527 2789 2567 nunc
2814 2530 3029 2583 quoque
3066 2516 3233 2572 Iudas
3276 2520 3509 2574 consulit
3550 2530 3614 2575 ut

2004 2598 2264 2653 vendatur
2288 2598 2453 2656 frater
2473 2644 2489 2667 ,
2521 2618 2628 2673 quo
2654 2618 2777 2659 eum
2808 2606 2877 2658 ab
2908 2607 3124 2663 interitu
3168 2608 3381 2681 eripere
3422 2619 3609 2679 queat.

2007 2682 2118 2737 lloc
2140 2693 2319 2739 autem
2349 2694 2518 2741 totum
2542 2688 2613 2741 ita
2644 2699 2852 2758 gestum
2884 2701 2965 2745 est
2989 2732 3002 2753 ,
3026 2702 3085 2745 ut
3113 2693 3273 2747 etiam
3304 2694 3483 2748 invitis
3507 2694 3613 2749 illis

2002 2790 2123 2845 quae
2148 2792 2178 2830 a
2209 2777 2318 2833 Deo
2349 2779 2599 2847 praedicta
2622 2780 3148 2851 fuerantevenirent,
3176 2796 3230 2840 et
3250 2785 3613 2855 dispensatio-

2005 2866 2057 2920 ni
2089 2866 2283 2922 divinaz
2304 2869 2586 2925 servirent.
2624 2870 2688 2924 Et
2716 2873 2944 2943 probato,
2977 2874 3168 2945 inquit,
3197 2876 3410 2931 consitio
3426 2876 3608 2942 Judw,

2002 2958 2092 3012 28.
2116 2959 2396 3013 eduxerunt
2441 2977 2555 3014 eum
2583 2962 2645 3015 de
2669 2965 2884 3017 cisterna
2907 3007 2923 3030 ,
2955 2974 3002 3018 et
3030 2967 3363 3021 vendiderunt
3405 2965 3609 3023 Ismae-

2007 3048 2109 3103 litis
2158 3051 2339 3122 viginti
2390 3052 2578 3105 aureis.
2636 3053 2681 3108 0
2723 3055 2955 3122 iniquam
3008 3058 3462 3126 permutationem
3508 3060 3522 3112 ι
3581 3075 3616 3110 o

2004 3140 2322 3196 damnosum
2374 3142 2684 3197 lucrumlo
2732 3144 3143 3213 injustissimam
3198 3146 3609 3202 venditionem!

2008 3229 2144 3285 Eum
2174 3231 2264 3300 qui
2292 3230 2444 3285 vobis
2486 3232 2748 3303 sanguine
2781 3233 3256 3303 conjunctissimus
3282 3246 3419 3300 erat,
3451 3251 3611 3308 quem

2006 3334 2159 3392 pater
2188 3327 2419 3379 maxime
2443 3325 2676 3389 amabat,
2701 3326 2788 3394 qui
2819 3325 2885 3379 ad
2917 3326 3196 3380 visendum
3226 3341 3323 3383 vos
3354 3339 3576 3383 venerat
3598 3370 3612 3389 ,

2005 3415 2093 3485 qui
2123 3431 2411 3484 numquam
2441 3432 2537 3471 vos
2563 3417 2647 3472 vel
2676 3418 2725 3471 in
2759 3432 2945 3486 parvo,
2965 3419 3047 3473 vel
3076 3419 3132 3472 in
3155 3436 3349 3491 magno
3372 3420 3613 3477 σπευδε-

2007 3516 2109 3571 rat,
2138 3506 2373 3562 vendere
2394 3507 2639 3573 audetis;
2671 3518 2725 3562 et
2756 3508 2988 3563 vendere
3019 3509 3324 3565 hominibus
3342 3512 3609 3576 barbaris,

2007 3611 2059 3652 et
2090 3600 2142 3653 in
2169 3597 2459 3670 [Egyptuui
2489 3599 2976 3655 descendentibus?
3011 3600 3142 3667 Quae
3179 3611 3325 3656 tanta
3366 3603 3616 3657 insania?

2008 3706 2128 3761 qua:
2155 3689 2395 3744 invidia?
2425 3691 2543 3760 quis
2592 3690 2770 3745 livor?
2795 3690 2927 3745 Nam
2972 3691 3019 3746 si
3068 3690 3174 3747 hoc
3201 3703 3347 3747 metu
3374 3693 3618 3748 somnio-

2007 3797 2125 3836 rum
2157 3780 2333 3835 facitis
2356 3823 2371 3847 ,
2399 3792 2454 3834 ut
2485 3781 2724 3849 persuasi
2768 3782 2882 3838 haec
2909 3783 3130 3837 omnino
3158 3792 3420 3839 eventura
3442 3799 3564 3839 esse
3595 3802 3609 3839 :

2008 3888 2177 3944 quare
2221 3872 2571 3942 impossibilia
2608 3874 2907 3939 attentatis,
2942 3884 2997 3929 et
3024 3873 3179 3929 factis
3209 3876 3403 3930 vestris
3425 3885 3613 3929 contra

2013 3968 2175 4019 Deum
2209 3965 2405 4019 bellum
2433 3966 2727 4032 assumitis,
2755 3966 2842 4036 qui
2868 3965 2983 4020 inec
2998 3966 3049 4020 ei
3074 3966 3436 4036 praedixerat?
3461 3968 3614 4034 Quod

2007 4061 2053 4111 si
2090 4058 2238 4111 nibili
2264 4057 2437 4111 facitis
2457 4059 2687 4123 somnia,
2727 4057 2822 4113 sed
2852 4059 3171 4112 existimatis
3193 4074 3316 4114 esse
3337 4061 3609 4123 delirium,

2010 4164 2182 4219 quare
2232 4149 2346 4204 haec
2399 4148 2555 4219 agitis
2605 4166 2725 4219 quae
2773 4161 3084 4220 perpetuam
3141 4150 3294 4205 vobis
3348 4151 3613 4206 maculam

2010 4244 2243 4305 inurunt,
2274 4250 2328 4295 et
2350 4241 2549 4295 luctum
2575 4241 2965 4296 indesinentem
3000 4242 3138 4311 patri
3159 4251 3339 4297 vestro
3351 4242 3579 4298 afferant
3595 4246 3617 4297 τ

2010 4332 2119 4387 Sed
2148 4348 2181 4385 ο
2204 4333 2579 4403 gravissimum
2608 4332 2880 4399 morbum,
2928 4332 3037 4386 imo
3067 4344 3303 4387 mentem
3329 4336 3616 4404 sanguina-

2010 4426 2145 4479 riam
2171 4426 2185 4478 l
2213 4425 2344 4480 Cum
2372 4424 2515 4479 enim
2554 4426 2675 4495 quis
2705 4422 2967 4479 nefarium
3016 4440 3153 4494 opus
3203 4426 3533 4495 aggreditur,
3561 4438 3619 4481 et

2010 4518 2251 4571 obruitur
2276 4532 2306 4569 a
2328 4515 2741 4586 regitationibus
2769 4516 3015 4570 absurdis
3039 4558 3054 4583 ,
3088 4516 3133 4570 is
3162 4528 3336 4587 neque
3368 4520 3621 4588 praponit

2009 4618 2135 4663 ante
2177 4608 2364 4663 oculos
2407 4608 2622 4664 oculum
2665 4607 2816 4662 illum
2852 4609 2943 4679 qui
2984 4624 3091 4663 non
3138 4610 3405 4679 quiescit:
3441 4626 3619 4682 neque

2011 4710 2289 4755 reveretur
2341 4708 2586 4754 naturam
2629 4701 2797 4769 ipsam
2833 4741 2847 4765 ,
2905 4717 3079 4771 neque
3128 4702 3355 4757 attendit
3416 4704 3617 4773 aliquid

2009 4795 2153 4865 quod
2178 4794 2245 4849 ad
2268 4795 2790 4849 commiserationem
2819 4808 2878 4849 se
2897 4795 3065 4864 possit
3087 4794 3377 4860 inducere;
3403 4795 3456 4850 id
3473 4799 3616 4866 quod

2010 4898 2064 4942 et
2090 4887 2196 4942 illis
2223 4886 2420 4941 evenit.
2451 4885 2567 4941 Non
2600 4887 2745 4940 enim
2774 4887 3078 4955 cogitabant
3106 4886 3242 4957 quod
3271 4885 3433 4943 frater
3448 4901 3614 4954 esset,

2011 4993 2185 5048 neque
2232 4976 2375 5047 quod
2423 4977 2761 5039 adolescens,
2816 4994 2989 5047 neque
3028 4978 3171 5048 quod
3218 4989 3323 5033 tam
3371 4981 3619 5037 amabilis

2012 5072 2168 5143 patri,
2197 5085 2371 5141 neque
2397 5071 2540 5141 quod
2570 5087 2860 5142 numquam
2894 5072 2946 5125 in
2989 5082 3132 5127 terra
3164 5074 3335 5127 aliena
3367 5074 3618 5137 vixisset,

2011 5176 2061 5219 et
2082 5162 2222 5234 apud
2254 5172 2506 5217 externos
2534 5179 2824 5233 numquam
2849 5174 2973 5217 ante
2994 5174 3368 5232 conversatus,
3395 5181 3537 5220 nunc
3565 5168 3616 5219 in

2014 5272 2151 5315 terra
2186 5269 2293 5313 tam
2339 5268 2546 5314 semota
2587 5257 2726 5311 inter
2772 5258 3027 5311 barbaros
3060 5257 3398 5313 habitaturus
3423 5271 3568 5314 esset
3603 5277 3615 5312 :

2010 5352 2104 5407 sed
2135 5352 2281 5407 omni
2309 5352 2529 5405 honesta
2562 5349 2886 5419 cogitatione
2911 5351 3117 5418 objecta
3151 5366 3312 5404 unum
3336 5350 3623 5406 dumtaxat

2009 5445 2291 5509 curabant,
2320 5442 2591 5514 quomodo
2620 5442 2873 5497 invidiam
2904 5458 3079 5508 suam,
3111 5453 3167 5497 ut
3197 5443 3474 5511 putabant,
3495 5459 3617 5509 ope-

2012 5556 2070 5595 re
2094 5539 2396 5609 explerent.
2446 5537 2512 5593 Et
2535 5537 2609 5591 illi
2637 5537 2851 5606 quidem
2888 5546 3069 5592 mente
3098 5536 3385 5591 fratricidze
3414 5544 3569 5591 erant
3598 5552 3616 5591 :

2010 5636 2095 5705 qui
2126 5642 2305 5688 autem
2338 5632 2405 5685 ab
2432 5631 2511 5685 eis
2540 5644 2727 5700 passus
2747 5639 2849 5691 est,
2881 5631 3059 5684 omnia
3103 5630 3309 5687 fortiter
3331 5628 3468 5683 tulit.

2082 5725 2271 5779 Manus
2299 5721 2507 5777 Domini
2533 5720 2751 5775 custodit
2774 5721 2991 5791 Joseph.
3012 5751 3085 5764 —
3103 5721 3451 5777 Custodiebat
3468 5724 3616 5778 enim

2011 5834 2135 5871 etim
2168 5830 2356 5871 manus
2402 5828 2658 5883 superna,
2694 5822 2748 5867 et
2798 5814 2976 5867 omnia
3023 5811 3260 5867 dimcilia
3290 5809 3522 5864 faciebat
3568 5817 3621 5868 ei

2015 5909 2186 5965 facilia
2218 5917 2271 5963 et
2300 5906 2457 5962 levia.
2497 5904 2723 5973 Quando
2768 5904 2912 5958 enim
2957 5918 3188 5975 superna
3244 5904 3623 5958 benevolentia
