4170 6482
633 434 726 489 851
1358 429 1414 486 S.
1446 428 1717 487 1033'le
1756 423 2222 484 CIIRYSUSTOMI
2262 421 2574 484 ARCHIEP.
2615 420 3142 486 (IONSTANTINOP.

635 548 877 610 fruimur,
905 543 1062 598 etiam
1111 542 1246 597 inter
1274 543 1476 597 medios
1521 542 1793 597 barbaros.
1825 550 1878 595 et
1929 540 1980 594 in
2026 540 2193 594 aliena

631 639 848 708 regione
867 634 1058 690 melius
1075 643 1126 688 et
1144 633 1474 689 commodius
1497 633 1693 688 versari
1720 645 2016 701 possumus,
2037 645 2193 700 quam

632 729 666 781 ii
692 728 779 799 qui
803 727 944 782 domi
973 725 1226 790 habitant,
1254 734 1308 782 et
1331 726 1521 796 quibus
1545 739 1750 780 summa
1778 739 1900 779 cura
1931 725 2197 778 ministra-

636 828 721 872 tur
753 835 764 871 :
795 817 931 872 sicut
951 817 1050 872 etsi
1081 816 1132 871 itt
1154 816 1312 872 domo
1343 831 1636 879 versemur,
1655 825 1711 870 et
1729 815 1972 870 omnibus
1999 813 2202 868 deliciis

631 909 732 964 frui
760 908 1057 972 videamur,
1098 907 1336 963 destituti
1363 917 1538 962 autem
1560 907 1726 960 simus
1755 921 1984 975 superno
2015 908 2200 973 prmi-

628 998 739 1070 ilio,
769 998 1018 1053 omnibus
1047 1011 1229 1053 sumus
1259 999 1580 1052 miseriores.
1634 996 1875 1065 Magnum
1932 995 2074 1048 enim
2123 1003 2206 1047 est

631 1087 840 1141 virtutis
867 1086 1049 1152 robur,
1081 1094 1136 1141 et
1178 1087 1392 1139 malitia:
1421 1085 1702 1140 infirmitas
1729 1101 1742 1136 :
1771 1093 1824 1138 et
1854 1083 1952 1138 hoc
1976 1084 2204 1137 maxime

628 1175 858 1231 ostendit
884 1175 1035 1230 nobis
1064 1175 1304 1236 historia,
1337 1190 1492 1243 quam
1537 1175 1588 1228 in
1633 1174 1876 1228 manibus
1925 1172 2202 1227 habemus.

631 1268 723 1322 Dic
751 1268 892 1322 enim
924 1281 1058 1337 quos
1085 1267 1306 1322 miseros
1327 1277 1382 1322 et
1413 1267 1703 1320 innumeris
1746 1267 1991 1336 lacrymis
2019 1265 2206 1334 dignos

626 1371 748 1412 esse
769 1366 939 1426 putas,
970 1351 1156 1412 illosne
1176 1357 1265 1427 qui
1291 1366 1435 1410 tanta
1457 1357 1593 1411 mala
1619 1357 1872 1415 fecerunt,
1899 1371 1966 1408 an
1989 1354 2203 1409 fratrem

629 1450 716 1518 qui
761 1449 811 1501 in
864 1457 1184 1519 potestatem
1217 1448 1556 1502 barbarorum
1602 1446 2204 1502 veneratHlanifestum

631 1541 770 1608 quod
820 1540 960 1594 illos.
1015 1539 1194 1608 Cogita
1251 1538 1411 1602 enim,
1438 1537 1681 1603 obsecro,
1714 1539 1797 1590 hic
1841 1536 2203 1591 admirabilem

633 1633 799 1690 illum.
828 1632 914 1699 qui
947 1638 1088 1684 tanta
1117 1630 1476 1684 ministrorum
1508 1643 1632 1683 cura
1659 1628 1929 1690 educatus,
1961 1638 2014 1683 et
2040 1630 2093 1681 in
2127 1628 2204 1682 ιιι.

634 1727 715 1779 nis
763 1724 992 1793 paternis
1039 1735 1248 1791 semper
1295 1721 1503 1775 habitus
1542 1719 1660 1786 fuit,
1688 1719 1954 1790 quomodo
1984 1730 2203 1789 repente

631 1822 842 1867 coactus
871 1823 951 1867 est
980 1811 1118 1866 ferre
1145 1824 1358 1881 gravem
1404 1811 1710 1865 servitutem
1737 1810 1876 1879 apud
1917 1811 2058 1864 viros
2086 1811 2207 1864 baro

637 1905 808 1967 hat-os,
844 1919 946 1960 non
973 1904 1218 1959 meliores
1243 1904 1370 1973 ipsis
1397 1903 1596 1958 bestiis.
1625 1903 1727 1958 Sed
1757 1905 1991 1958 omnium
2023 1903 2203 1957 Domi-

638 2011 737 2050 nus
779 2005 930 2063 erat,
959 1997 1046 2063 qui
1075 2006 1128 2050 et
1153 1995 1271 2052 illos
1302 1996 1561 2049 humanos
1607 1995 1882 2061 reddebat,
1916 2004 1970 2050 et
2020 1995 2105 2050 isti
2155 1995 2206 2048 in

636 2091 880 2149 omnibus
925 2091 1228 2160 patientiam
1289 2089 1522 2144 iudebat.
1581 2089 1648 2144 Et
1687 2103 1806 2142 cum
1847 2087 2210 2143 vendidissent

638 2179 872 2240 fratrem,
906 2180 1054 2248 quasi
1087 2178 1430 2246 perfecissent
1478 2179 1804 2248 propositum
1854 2192 2005 2232 suum
2036 2177 2206 2232 allecti

634 2269 796 2327 fuere.
831 2269 920 2322 illo
961 2268 1138 2324 ablato
1169 2268 1415 2323 videlicet
1445 2283 1474 2321 e
1501 2267 1696 2332 medio,
1745 2269 1830 2322 cui
1881 2268 2206 2322 invidebant.

637 2360 725 2414 29.
753 2360 997 2414 Reversus
1022 2369 1093 2413 est
1115 2369 1301 2422 autem,
1330 2359 1522 2428 inquit.
1557 2358 1730 2412 Ruben
1758 2360 1825 2411 ad
1844 2362 2132 2422 cisternam,
2164 2369 2211 2411 et

638 2467 736 2506 non
765 2453 882 2504 vidit
910 2451 1137 2522 Josepli;
1168 2462 1213 2506 et
1239 2454 1450 2520 disrupit
1473 2452 1757 2506 vestimenta
1778 2468 1890 2516 sua,
1921 2451 2007 2506 30.
2027 2462 2070 2505 et
2092 2453 2209 2504 red-

646 2541 703 2595 iit
729 2545 796 2595 ad
819 2551 997 2608 fratres
1023 2559 1174 2596 suos.
1213 2550 1260 2592 et
1301 2541 1428 2595 dixit
1453 2556 1470 2592 .·
1502 2541 1637 2594 Puer
1675 2558 1773 2595 non
1809 2551 1913 2606 est,
1957 2558 2050 2612 ego
2096 2557 2211 2596 vero

643 2647 744 2701 quo
760 2632 842 2684 ibo
857 2633 996 2685 ultra
1013 2625 1313 2691 ?Quoniam
1333 2624 1472 2680 enim
1485 2642 1648 2698 supra
1662 2627 1842 2684 docuit
1881 2628 2056 2684 divina
2073 2629 2215 2685 Scri-

644 2729 815 2788 ptura,
845 2736 964 2774 eum
991 2730 1266 2790 propterea
1304 2723 1631 2779 consuluisse
1679 2740 1796 2778 eum
1844 2727 1892 2778 in
1926 2731 2210 2787 cisternam

639 2811 1047 2879 conjiciendum,
1077 2821 1132 2866 ut
1152 2828 1214 2866 ex
1238 2815 1587 2883 sanguinariis
1617 2817 1857 2869 manibus
1883 2817 2028 2870 illum
2047 2819 2210 2885 eripe-

643 2909 727 2956 ret
751 2910 806 2954 et
835 2901 1079 2957 redderet
1109 2905 1239 2971 patri
1274 2920 1286 2955 :
1315 2919 1453 2959 nunc
1476 2945 1489 2968 ,
1522 2905 1720 2974 inquit,
1748 2905 1833 2960 ubi
1864 2906 1994 2960 vidit
2017 2921 2075 2961 se
2104 2907 2210 2960 voti

644 3001 942 3061 compotem
969 3008 1072 3047 non
1099 2993 1468 3059 esse,diseidit
1491 2996 1800 3050 vestimenta
1824 3011 1940 3061 sua,
1965 3005 2019 3052 et
2041 2997 2208 3052 dixit:

641 3081 781 3136 Puer
805 3100 902 3136 non
927 3093 1018 3145 est,
1048 3100 1138 3154 ego
1165 3095 1330 3137 autem
1355 3101 1453 3150 quo
1483 3086 1664 3138 vadunt
1689 3087 1714 3140 ἲ
1738 3086 1957 3152 Qualem
1999 3087 2218 3142 habebi-

643 3188 759 3227 mus
800 3173 1190 3240 defensionem,
1215 3184 1268 3228 et
1309 3178 1536 3240 maxime
1571 3191 1669 3246 ego
1696 3177 1783 3243 qui
1815 3177 1965 3233 vobis
1983 3192 2218 3246 praeesse

649 3263 834 3318 videor
853 3265 874 3317 ?
893 3265 1111 3320 Putabat
1139 3267 1278 3319 enim
1309 3282 1428 3320 eum
1453 3267 1684 3321 occisum
1714 3267 1894 3323 fuisse.
1955 3269 2022 3323 At
2069 3279 2212 3338 post-

647 3370 804 3425 quam
853 3357 1048 3410 factum
1075 3368 1157 3411 est
1183 3357 1320 3426 quod
1345 3359 1670 3426 quarebant,
1701 3368 1754 3413 et
1783 3364 1832 3414 in
1862 3361 2087 3416 alienam
2113 3371 2220 3416 ter.

647 3462 758 3500 ram
792 3446 1050 3500 miserunt
1086 3462 1206 3501 eum
1245 3462 1400 3514 quem
1439 3448 1562 3504 odio
1591 3448 1876 3514 habebant,
1907 3464 2064 3522 atque
2086 3452 2219 3506 invi-

642 3537 784 3591 diam
815 3551 965 3590 suam
991 3536 1167 3606 aliquo
1215 3539 1373 3593 modo
1425 3541 1725 3610 mitigarunt
1753 3557 1771 3594 :
1799 3552 1979 3610 postea
2027 3558 2215 3613 magna

645 3628 900 3682 Industria
925 3629 1224 3697 cogitarunt
1277 3638 1338 3683 ut
1377 3630 1685 3686 deluderent
1729 3641 1958 3702 patrem,
1983 3651 2049 3688 ne
2081 3635 2215 3688 mala

645 3734 739 3773 sua
767 3719 1089 3787 conspiratio
1126 3719 1199 3774 illi
1255 3723 1526 3776 manifesta
1575 3723 1744 3776 fieret.
1799 3726 1886 3779 51.
1941 3724 2006 3778 Et
2049 3727 2218 3780 occiso

653 3809 796 3862 bello
816 3825 1128 3877 caprarum,
1155 3809 1534 3880 inquinaverunt
1563 3824 1744 3867 vestem
1771 3819 2033 3884 sanguine,
2064 3817 2150 3872 52.
2175 3828 2219 3870 ct

648 3904 916 3956 attulerunt
937 3913 1118 3957 vestem
1149 3905 1279 3972 patri
1305 3920 1396 3958 suo
1416 3944 1432 3969 ,
1460 3915 1505 3958 et
1532 3906 1767 3959 dixerunt
1787 3923 1806 3960 :
1825 3907 2078 3977 Cognosce
2099 3926 2218 3962 num

649 3993 797 4045 vestis
823 3993 916 4060 ﬁlii
937 3993 1009 4046 tui
1029 3993 1110 4057 sit,
1143 4009 1311 4055 necne.
1342 3992 1474 4059 Quid
1502 3995 1745 4064 decipitis
1764 3999 2115 4065 vosmetipsos
2139 4039 2153 4062 ,
2186 4015 2218 4051 ο

654 4082 938 4135 insensati?
992 4082 1123 4136 Nam
1177 4083 1298 4138 licet
1338 4094 1545 4153 patrem
1576 4085 1825 4154 decipere
1847 4090 2079 4156 possitis,
2112 4105 2216 4145 non

654 4181 826 4224 tamen
851 4172 1077 4226 latebitis
1104 4176 1311 4227 oculum
1339 4174 1485 4228 illum
1512 4176 1600 4244 qui
1627 4177 1790 4245 sopiri
1823 4179 2002 4247 nequit
2025 4221 2038 4240 ,
2062 4195 2216 4249 quem

658 4262 886 4316 maxime
911 4263 1143 4316 omnium
1167 4263 1449 4319 formidare
1476 4268 1772 4335 Oportebat.
1823 4266 1926 4321 Sed
1950 4269 2016 4321 ita
2047 4284 2104 4323 se
2126 4268 2218 4324 ha-

654 4355 739 4406 bet
772 4353 1000 4406 humana
1030 4363 1245 4418 natura,
1276 4355 1383 4410 imo
1425 4357 1495 4410 ita
1527 4372 1585 4412 se
1617 4357 1774 4412 habet
1813 4358 2096 4414 muitorum
2129 4377 2219 4416 ne-

650 4442 810 4510 quitia
835 4485 848 4501 ,
879 4452 935 4495 ιιι
963 4443 1246 4516 humanum
1275 4445 1516 4500 timorem
1539 4456 1592 4501 et
1627 4453 1901 4516 praesentis
1935 4449 2053 4504 vita:
2088 4451 2218 4504 infa-

653 4536 811 4586 miam
844 4543 1043 4586 tantmn
1076 4535 1309 4588 maxime
1329 4546 1578 4601 caveant,
1608 4539 1659 4591 in
1689 4547 1866 4594 mente
1909 4549 2084 4594 autem
2115 4556 2217 4594 non

653 4631 868 4676 versent
891 4622 1123 4677 terribile
1153 4623 1279 4677 illud
1311 4624 1537 4679 tribunal
1565 4667 1580 4692 ,
1606 4636 1659 4682 et
1688 4629 2071 4685 intolerabilem
2105 4646 2218 4700 pte-

657 4725 799 4772 nam,
832 4709 922 4763 sed
955 4710 1054 4764 hoc
1085 4726 1244 4764 unum
1267 4722 1471 4778 curent,
1496 4715 1757 4782 quomodo
1773 4718 2004 4787 effugere
2022 4721 2222 4788 WSsllll

657 4800 939 4854 humanam
969 4802 1437 4871 reprehensionem
1472 4823 1484 4858 :
1513 4804 1562 4859 id
1589 4807 1728 4876 quod
1771 4816 1826 4862 et
1869 4809 1940 4862 illi
1980 4820 2219 4879 egerunt,

654 4891 777 4944 dum
811 4901 1012 4958 patrem
1055 4907 1208 4945 suum
1249 4893 1493 4962 decipere
1529 4897 1856 4950 molirentur.
1883 4895 1970 4952 35.
2013 4903 2222 4969 Agnovit

653 4985 800 5047 enim,
834 4984 1020 5052 inquit,
1050 4996 1227 5038 vestem
1255 4995 1412 5054 pater,
1436 4997 1480 5040 et
1500 4989 1627 5042 dixit
1657 5004 1675 5041 :
1715 4988 1870 5043 Vestis
1883 4991 1977 5055 ﬁlii
1999 4993 2094 5044 mei
2112 5003 2184 5046 est
2203 5009 2221 5045 :

655 5075 760 5141 [em
776 5074 907 5126 mala
937 5075 1183 5127 devoravit
1205 5092 1334 5139 eum,
1365 5076 1470 5144 fera
1491 5079 1660 5146 rapuit
1684 5079 1891 5149 Ioseph.
1911 5082 2114 5136 Etenim
2134 5101 2220 5138 ve-

655 5179 712 5216 re
737 5164 883 5232 quasi
913 5164 960 5215 in
1004 5166 1166 5218 malas
1194 5165 1388 5219 bestias
1412 5168 1698 5234 incidisset,
1730 5172 1902 5225 omnia
1935 5173 2222 5230 crudeliter

657 5268 843 5318 passus
870 5264 972 5308 est.
1001 5255 1087 5308 54.
1115 5255 1332 5309 Discidit
1356 5267 1517 5311 utilem
1547 5262 1831 5315 vestimenta
1852 5281 1963 5330 sua,
1984 5276 2028 5318 et
2057 5268 2220 5332 posuit

655 5360 850 5396 saccum
879 5360 1028 5411 super
1057 5345 1249 5399 lumbus
1279 5363 1396 5400 suos
1421 5389 1434 5411 ,
1466 5358 1509 5400 et
1532 5350 1657 5402 luxit
1682 5353 1841 5418 ﬁlium
1885 5371 2029 5408 suum
2050 5356 2219 5410 diebus

656 5435 843 5485 multis.
875 5433 1092 5498 Quantis
1119 5435 1309 5490 fuerint
1327 5438 1399 5490 illi
1431 5438 1571 5506 digni
1594 5439 1858 5510 lacrymis,
1882 5446 1969 5513 qni
1998 5460 2100 5499 non
2130 5462 2218 5500 so-

657 5523 762 5574 lum
806 5520 1021 5575 fratrem
1062 5523 1300 5580 barbaris
1329 5527 1706 5593 vendiderunt,
1737 5531 1826 5586 sed
1855 5542 1906 5586 et
1936 5545 2136 5603 patrem
2166 5538 2216 5592 in

658 5621 893 5664 extrema
940 5623 1208 5668 senectute
1236 5616 1286 5669 in
1315 5626 1515 5672 tantum
1552 5620 1745 5674 luctum
1767 5622 2101 5690 injecerunt?
2128 5629 2213 5683 35.

658 5703 953 5773 Congregati
973 5716 1136 5760 autem
1166 5719 1278 5762 sunt
1307 5711 1402 5778 ﬁlii
1425 5713 1531 5780 ejus
1563 5722 1607 5766 et
1627 5714 1748 5781 ﬁlia
1777 5718 2219 5774 utconsolarentnr

3780 427 3880 482 539

2303 553 2436 601 eum,
2455 551 2500 595 et
2531 541 2712 606 noluit,
2745 542 2914 595 dicens
2941 557 2959 595 :
2992 540 3306 596 Descendunt
3329 541 3395 592 ad
3415 539 3576 604 ﬁlium
3607 555 3772 592 meum
3804 542 3878 591 tn-

2307 647 2427 700 gens
2449 632 2501 684 in
2525 632 2797 701 infernum.

2378 721 2432 776 5.
2473 721 2670 790 Opinor
2701 731 2756 776 et
2803 720 2902 774 hoc
2937 720 3039 775 illis
3076 719 3234 774 aliam
3277 719 3437 776 fuisse
3464 718 3692 789 plagam.
3727 717 3881 772 Vide-

2309 813 2434 867 bant
2460 814 2602 869 enim
2629 825 2832 881 patrem
2863 822 3061 867 tantum
3087 824 3298 881 tamque
3323 812 3613 866 ferventem
3642 826 3878 866 amorem

2309 901 2562 958 exhibere
2589 918 2712 972 erga
2732 919 2852 958 eum
2885 903 2972 972 qui
3002 917 3102 955 non
3141 904 3322 957 aderat
3349 944 3362 966 ,
3388 904 3493 958 imo
3517 911 3574 956 et
3601 903 3884 972 putabatur

2308 1008 2337 1047 a
2365 992 2544 1048 bestiis
2591 994 2921 1064 discerptus.
2955 1004 3005 1048 et
3045 994 3230 1062 majori
3278 993 3617 1049 tabescebant
3667 993 3880 1047 invidia.

2310 1082 2415 1138 Sed
2443 1084 2514 1137 illi
2545 1085 2756 1154 quidem
2779 1100 2901 1154 erga
2929 1083 3144 1138 fratrem
3168 1093 3221 1138 et
3240 1100 3360 1153 erga
3391 1093 3594 1154 patrem
3616 1084 3882 1148 crudeles,

2312 1173 2448 1226 nufla
2473 1173 2664 1228 fuerint
2690 1177 2838 1228 venia
2872 1177 3057 1245 digni:
3091 1175 3388 1230 Madianita:
3441 1185 3619 1230 autem
3676 1185 3731 1228 et
3786 1174 3882 1242 ipsi

2310 1263 2503 1318 divinae
2555 1265 2794 1319 serviunt
2827 1265 3226 1335 dispensationi,
3276 1275 3330 1321 et
3377 1266 3552 1320 denuo
3593 1265 3883 1334 Josephnm

2314 1357 2544 1413 vendunt
2567 1358 2828 1428 Petephre
2856 1357 3208 1428 archimagiro
3230 1357 3308 1428 (a)
3336 1357 3649 1412 Pharaonis.
3697 1356 3884 1411 Vidisti

2310 1450 2577 1516 quomodo
2601 1452 2851 1521 paulatim
2881 1451 3154 1520 procedit,
3186 1460 3240 1506 et
3265 1466 3358 1520 per
3385 1453 3564 1505 omnia
3594 1466 3744 1503 suam
3775 1449 3883 1503 vir-

2313 1549 2477 1595 tutem
2505 1551 2556 1595 et
2581 1544 2885 1611 patientiam
2915 1543 3172 1608 declarat,
3205 1553 3259 1597 ut
3293 1544 3368 1597 sie
3388 1544 3536 1613 quasi
3559 1543 3756 1597 athleta
3783 1543 3886 1596 for-

2313 1631 2433 1684 titer
2461 1643 2704 1698 certans,
2732 1632 3070 1687 reditniretur
3113 1648 3309 1687 corona
3353 1635 3522 1702 regni,
3570 1644 3617 1688 et
3665 1644 3891 1687 eventus

2313 1723 2642 1776 somniorum
2696 1723 3042 1791 implerentur
3076 1741 3087 1775 :
3119 1739 3222 1792 quo
3253 1724 3574 1778 docerentur
3595 1725 3626 1778 ii
3653 1724 3740 1792 qui
3763 1738 3886 1778 eum

2313 1812 2676 1877 vendiderant,
2705 1827 2762 1867 se
2795 1813 2922 1865 nihil
2947 1813 3211 1867 commodi
3255 1828 3317 1867 es
3347 1828 3439 1866 sua
3470 1813 3664 1866 malitia
3702 1827 3889 1880 repor-

2315 1903 2497 1959 tasse?
2543 1904 2767 1958 Tantum
2808 1906 2948 1960 enim
2981 1906 3142 1959 robur
3177 1905 3337 1960 habet
3365 1906 3556 1970 virtus,
3585 1916 3641 1958 ut
3693 1905 3891 1960 clarior

2316 1992 2430 2046 fieri
2459 1993 2626 2048 soleat
2654 2010 2773 2048 cum
2801 1995 3100 2050 infestatur.
3130 1994 3268 2049 Nihil
3299 1996 3439 2049 enim
3485 2011 3546 2050 ea
3575 1995 3846 2049 robustius
3870 2034 3889 2059 ,

2316 2084 2445 2138 nihil
2473 2085 2696 2139 validius
2730 2103 2742 2138 :
2770 2103 2874 2140 non
2898 2085 3038 2155 quod
3069 2087 3178 2154 ipsa
3210 2085 3325 2138 sola
3356 2095 3558 2142 tantum
3585 2085 3780 2141 habeat
3811 2103 3894 2140 ro-

2317 2175 2432 2240 bur,
2458 2173 2550 2229 sed
2577 2175 2699 2243 quia
2733 2175 2776 2227 is
2800 2176 2888 2243 qui
2917 2189 3033 2228 eam
3064 2173 3329 2243 possidet,
3356 2184 3409 2229 et
3435 2190 3722 2244 supernum
3739 2176 3894 2229 auxi-

2319 2266 2440 2318 lium
2472 2264 2630 2320 habet
2662 2282 2674 2317 :
2703 2280 2808 2334 quo
2838 2265 3084 2334 prmsidio
3115 2275 3169 2321 et
3197 2281 3298 2336 ope
3320 2283 3439 2321 cum
3471 2267 3693 2332 fruatur,
3718 2269 3894 2320 Omni-

2316 2359 2413 2413 bus
2443 2368 2525 2413 est
2553 2360 2815 2426 potentior
2843 2369 2897 2413 et
2923 2358 3170 2421 invictus,
3203 2373 3266 2412 ac
3295 2359 3410 2427 capi
3439 2360 3640 2428 nequit,
3664 2375 3770 2412 non
3801 2376 3894 2416 90-

2318 2451 2421 2502 Ium
2437 2450 2706 2503 hominum
2731 2449 2952 2510 insidiis,
2977 2449 3069 2503 sed
3092 2458 3145 2502 et
3165 2449 3463 2504 dtcmonum
3485 2449 3895 2508 machinationi-

2320 2543 2433 2593 bus.
2497 2541 2550 2593 ld
2583 2533 2833 2594 'scientes
2853 2581 2867 2605 ,
2899 2555 2965 2594 ne
2992 2539 3246 2608 fugiamus
3282 2539 3420 2593 male
3448 2539 3609 2594 affici.
3635 2542 3728 2600 sed
3755 2546 3899 2600 male

2317 2645 2474 2698 agere
2505 2651 2516 2685 :
2552 2631 2651 2684 hoc
2678 2630 2818 2682 enim
2865 2639 2946 2683 est
2978 2645 3101 2685 vere
3131 2630 3269 2684 male
3297 2629 3459 2684 affici.
3487 2629 3620 2684 Nam
3651 2637 3740 2707 qui
3767 2653 3896 2705 pro-

2319 2723 2518 2775 ximum
2547 2719 2783 2796 aﬂligere
2811 2729 2996 2793 tentat,
3031 2721 3337 2797 illiqnidem
3363 2730 3581 2783 omnino
3626 2728 3756 2782 nihil
3795 2744 3897 2783 no-

2318 2828 2402 2872 cet
2435 2831 2449 2872 :
2479 2819 2604 2873 licet
2648 2819 2788 2874 enim
2846 2822 2912 2875 ad
2965 2837 3180 2891 parvum
3233 2833 3443 2892 tempus
3481 2833 3687 2886 noceat,
3713 2823 3764 2876 in
3795 2823 3899 2877 hoc

2320 2919 2522 2964 tantum
2563 2911 2763 2965 saeculo
2791 2910 2841 2966 id
2872 2912 3030 2977 facit;
3075 2912 3174 2967 sibi
3200 2923 3375 2966 autem
3424 2913 3740 2968 immortalis
3787 2922 3900 2966 tor-

2320 3010 2496 3056 menta
2550 3003 2828 3068 recondit,
2860 3012 2913 3058 et
2945 3018 3128 3073 patrias
3154 3004 3556 3060 intolerabiles:
3601 3019 3731 3073 quas
3789 3020 3898 3058 utin

2319 3094 2474 3148 aliter
2517 3094 2750 3164 effugere
2799 3109 3101 3165 possumus,
3130 3096 3229 3151 nisi
3275 3097 3638 3166 paraverimus
3683 3111 3784 3150 nos
3828 3096 3897 3149 ad

2322 3184 2566 3238 ferendas
2585 3185 2898 3240 alﬂictiones
2919 3226 2933 3249 ,
2957 3195 3010 3241 et
3030 3185 3321 3240 secundum
3339 3185 3632 3241 doctrinam
3665 3187 3897 3251 Domini,

2322 3292 2604 3346 precemur
2635 3294 2729 3348 pro
2771 3279 2834 3332 iis
2873 3279 2960 3350 qui
3001 3280 3154 3334 nobis
3201 3279 3422 3348 injurias
3471 3278 3727 3349 inferunt.
3785 3278 3898 3332 llnc

2320 3369 2460 3422 enim
2489 3367 2640 3422 nobis
2679 3383 2921 3438 magnam
2954 3371 3157 3438 parabit
3199 3371 3524 3437 mercedem,
3549 3381 3602 3426 et
3641 3371 3900 3425 concedet

2321 3458 2508 3528 dignos
2559 3458 2697 3514 effici
2747 3475 2913 3530 regno
2968 3462 3219 3516 caelorum
3250 3479 3263 3514 :
3292 3462 3431 3531 quod
3487 3463 3643 3516 nobis
3698 3464 3898 3517 utinam

2321 3549 2659 3615 concedatur,
2691 3551 2860 3620 gratia
2891 3560 2946 3606 et
2976 3552 3300 3622 benignitate
3327 3555 3534 3609 Domini
3562 3557 3728 3609 nostri
3770 3555 3898 3610 Jesu

2321 3639 2537 3704 Christi,
2569 3642 2652 3695 cui
2698 3658 2818 3696 cum
2873 3644 3027 3699 Patre
3053 3657 3106 3698 et
3133 3656 3320 3701 sancto
3366 3646 3569 3716 Spiritu
3612 3649 3680 3702 sit
3705 3649 3896 3719 gloria,

2325 3730 2621 3799 imperium,
2657 3733 2845 3797 honor,
2879 3750 3018 3790 nunc
3043 3745 3095 3789 et
3121 3751 3334 3807 seraper
3355 3778 3370 3804 ,
3402 3747 3454 3792 et
3494 3739 3545 3792 iu
3573 3746 3767 3795 smcuta
3798 3753 3899 3794 sa:-

2322 3823 2581 3877 culorum.
2613 3827 2803 3879 Amen.

2868 3939 3142 3996 HOMILIA
3184 3941 3342 3997 LXII.

2326 4043 2392 4099 Et
2422 4048 2543 4100 vidit
2569 4049 2734 4102 ludas
2759 4051 2974 4104 hominis
3001 4050 3277 4106 Chanantci
3317 4055 3507 4121 ﬁliam,
3539 4072 3650 4126 quc
3690 4061 3900 4113 vocaba-

2393 4147 2472 4189 tur
2503 4138 2656 4203 Sava,
2691 4150 2734 4192 et
2765 4141 2906 4195 duxit
2943 4159 3052 4194 eant
3077 4185 3092 4208 ,
3115 4154 3160 4197 et
3186 4145 3438 4214 ingressus
3475 4157 3549 4202 est
3575 4149 3642 4201 ad
3666 4167 3778 4204 eam
3805 4167 3825 4205 :
3849 4163 3894 4205 et

2393 4230 2677 4299 concipiens
2726 4234 2915 4303 peperit
2948 4234 3132 4302 ﬁlium,
3161 4246 3207 4289 et
3240 4240 3432 4292 vocavit
3474 4256 3652 4294 nomen
3679 4243 3790 4311 ejus
3827 4242 3901 4296 Er

2395 4321 2548 4388 (Gen.
2581 4323 2669 4376 58.
2695 4324 2750 4377 2.
2776 4325 2852 4394 5).

2397 4456 2448 4509 l.
2489 4457 2628 4510 Satis
2650 4472 2818 4526 nuper
2841 4473 2907 4512 ex
2940 4453 3161 4513 historia
3181 4459 3380 4530 Joseph
3404 4461 3704 4528 didicimus,
3729 4482 3904 4536 quan.

2329 4558 2438 4600 tum
2462 4546 2638 4602 damni
2665 4559 2912 4606 nascatur
2932 4565 2994 4604 ex
3023 4551 3238 4615 invidia,
3267 4561 3321 4606 et
3347 4556 3614 4622 quomodo
3636 4559 3904 4624 pernicio-

2325 4652 2417 4691 sns
2449 4637 2537 4692 ille
2580 4639 2795 4694 morbus
2841 4641 3070 4695 animam
3101 4643 3327 4710 primum
3363 4655 3688 4715 corrumpat,
3713 4662 3745 4701 a
3795 4665 3899 4718 qua

2327 4730 2578 4783 nascitur.
2626 4729 2842 4785 Vidistis
2891 4733 3160 4800 quomodo
3207 4749 3300 4800 per
3348 4733 3486 4789 hanc
3527 4738 3900 4805 aegritudine

2327 4817 2514 4873 fratres
2555 4819 2754 4890 Ioseph
2798 4831 2851 4874 et
2894 4824 3226 4892 cognationis
3250 4825 3397 4879 obliti
3424 4835 3578 4890 sunt,
3612 4838 3668 4882 et
3695 4830 3900 4885 bestia-

2327 4926 2441 4964 rum
2463 4911 2828 4966 crndelitatem
2865 4927 2988 4981 erga
3029 4927 3149 4967 eum
3177 4915 3266 4983 qui
3294 4915 3344 4968 in
3373 4917 3518 4971 nullo
3545 4917 3688 4986 ipsos
3729 4921 3902 4976 offen-

2325 5000 2516 5068 derat,
2546 5012 2921 5066 exercuerunt,
2955 5003 3208 5058 malitiam
3255 5006 3471 5074 quidem
3523 5024 3670 5062 suam
3721 5014 3902 5079 potius

2325 5093 2657 5150 manifestam
2701 5093 3002 5158 reddentes,
3057 5111 3214 5166 quam
3263 5098 3409 5153 fratri
3461 5112 3733 5156 nocentes.
3793 5103 3899 5159 Ma-

2326 5185 2430 5238 litia
2477 5186 2616 5240 enim
2674 5199 2768 5238 sua
2820 5185 2973 5240 fratri
3028 5201 3126 5241 suo
3178 5203 3282 5242 non
3332 5198 3536 5244 tantum
3578 5205 3898 5258 nocuerunt,

2324 5286 2579 5344 quantum
2649 5275 2854 5344 seipsos
2923 5277 3208 5346 ignominia
3279 5277 3590 5334 affecerunt.
3642 5280 3776 5337 Nam
3829 5284 3898 5339 li-

2324 5377 2407 5421 cet
2480 5367 2715 5422 barbaris
2787 5384 2906 5422 eum
2987 5369 3367 5436 vendiderint,
3442 5381 3496 5426 et
3551 5373 3628 5427 illi
3701 5374 3897 5432 iterum

2325 5458 2656 5512 vendiderint
2731 5459 3084 5531 archimagiro
3135 5459 3469 5531 Pharaonis,
3549 5463 3904 5522 nihilominus

2323 5549 2441 5616 quia
2510 5548 2689 5602 habuit
2751 5565 3035 5617 supernum
3107 5552 3361 5605 auxilium
3400 5593 3414 5616 ,
3469 5568 3499 5608 a
3557 5570 3661 5624 quo
3733 5556 3899 5625 jura-

2325 5641 2481 5694 batur
2512 5683 2526 5706 ,
2584 5641 2759 5695 omnia
2827 5642 2926 5710 ipsi
2974 5643 3108 5698 levia
3152 5653 3208 5698 et
3259 5644 3430 5699 facilia
3475 5645 3582 5702 visa
3629 5658 3772 5702 sunt.
3831 5650 3900 5706 Et

2385 5778 2457 5837 (a)
2491 5777 2826 5848 archimagiro,
2848 5779 2892 5826 id
2919 5788 3020 5839 est,
3045 5778 3252 5843 principi
3284 5792 3538 5842 caruerunt
3558 5794 3575 5841 ;
3599 5783 3796 5848 vulgata
3823 5796 3914 5835 re-

2327 5835 2401 5896 ro,
2425 5835 2648 5900 magistro
2670 5835 2889 5888 militum.
