4120 6500
363 434 471 491 S33

361 546 607 601 volebam
638 542 813 598 'etiam
861 539 1018 596 hodie
1068 538 1315 595 eamdem
1371 534 1646 589 historiam
1702 536 1953 603 tractare,

363 632 592 703 indeque
664 631 817 687 vobis
878 638 1166 684 contexere
1244 625 1502 681 doctrinae
1571 633 1877 676 sermonem
1936 634 1950 670 :

360 729 548 772 verum
596 716 648 770 in
703 714 879 770 medio
928 713 1029 767 alia
1072 711 1320 782 quaedam
1375 708 1609 763 narratio
1642 703 1942 774 interiacet,

358 823 522 879 quam
574 822 682 862 non
724 821 935 875 aequum
962 813 1046 861 est
1084 817 1185 858 nos
1214 802 1526 873 przeterire;
1564 797 1659 854 sed
1698 811 1832 865 opus
1864 800 1950 849 est

360 910 419 954 ut
458 909 713 970 quantum
759 896 1011 968 possibile
1046 906 1129 950 est
1168 901 1585 965 perscrutrmur,
1630 898 1685 945 et
1722 889 1800 943 sic
1844 888 1947 941 ite-

360 1005 481 1044 rum
526 989 595 1044 ad
647 996 1021 1059 argumentum
1067 984 1287 1056 Josephi
1337 982 1641 1039 redeamus.
1691 979 1949 1047 Qumnam

361 1082 522 1152 igitur
543 1082 632 1136 illa
656 1095 777 1150 qua
798 1079 1134 1135 interseritur
1158 1075 1434 1134 narratio?
1458 1075 1550 1130 Illa
1576 1074 1646 1128 de
1672 1071 1827 1129 Iuda.
1849 1069 1949 1125 Hic

356 1172 505 1227 enim
523 1181 740 1241 accepta
758 1172 811 1226 in
834 1185 1057 1226 uxorem
1081 1168 1187 1224 tilia
1208 1166 1519 1231 Chanantei,
1545 1163 1681 1220 Sava
1709 1160 1945 1222 nomine,

356 1265 729 1335 susceptisque
764 1280 837 1319 ex
881 1264 971 1319 illa
1014 1262 1184 1317 tribus
1215 1260 1362 1325 filiis,
1392 1257 1565 1323 duxit,
1612 1255 1806 1325 inquit,
1838 1251 1949 1324 pri-

356 1355 632 1425 mogenita
669 1347 769 1409 suo
797 1354 872 1410 Er
914 1368 1137 1408 uxorem
1176 1352 1427 1407 Thamar.
1458 1349 1591 1419 Quia
1638 1355 1817 1401 autem
1856 1344 1948 1399 ille

354 1446 531 1499 malus
555 1453 669 1499 erat
692 1459 879 1501 coram
899 1444 1146 1510 Domino,
1167 1440 1363 1497 occidit
1387 1454 1515 1495 eum
1531 1438 1693 1492 Deus.
1718 1435 1786 1491 Et
1806 1448 1946 1503 prae-

353 1536 501 1605 cepit
550 1536 763 1599 Aunan,
810 1544 868 1590 ut
905 1535 1063 1590 ducta
1109 1548 1276 1588 uxore
1321 1530 1502 1585 fratris
1543 1528 1649 1593 sui,
1689 1525 1943 1581 excitaret

354 1639 540 1681 semen
569 1624 717 1680 fratri
744 1641 864 1681 suo.
906 1625 962 1681 id
988 1625 1133 1681 enim
1162 1624 1245 1678 lex
1270 1622 1451 1692 jussit,
1475 1634 1595 1691 qua:
1618 1616 1771 1684 dicit,
1800 1616 1941 1671 Mor-

354 1724 450 1768 tuo
478 1715 637 1771 fratre
665 1716 781 1771 sine
807 1715 1009 1783 liberis,
1051 1715 1214 1770 frater
1235 1714 1394 1768 ducta
1422 1726 1589 1766 uxore
1615 1708 1814 1765 excitet
1853 1722 1943 1762 se-

351 1819 477 1860 men
516 1803 664 1861 fratri
716 1804 906 1880 (Deut.
954 1806 1046 1862 25.
1091 1805 1192 1876 5).
1240 1804 1439 1860 Verum
1486 1811 1541 1857 et
1589 1803 1763 1866 hunc,
1818 1799 1941 1869 quia

350 1896 527 1955 malus
545 1905 682 1963 erat,
710 1898 907 1953 occidit
932 1897 1207 1952 Dominus.
1230 1894 1345 1950 Hoc
1368 1892 1561 1949 ludam
1590 1902 1792 1947 terrore
1819 1904 1944 1958 per-

349 1986 503 2053 culit,
538 1987 805 2043 videntem
830 1988 967 2043 duos
993 1988 1131 2042 tilios
1158 1995 1266 2041 tam
1294 1987 1400 2040 cito
1424 1983 1692 2039 interiisse
1716 1998 1731 2035 :
1759 1990 1815 2037 et
1848 1998 1944 2034 vo-

350 2080 467 2136 lens
498 2079 729 2136 Thamar
765 2080 1053 2148 consolari,
1085 2067 1327 2150 promisit
1378 2093 1437 2133 se
1478 2076 1644 2132 alium
1679 2073 1846 2133 filium
1891 2073 1941 2129 ei

348 2170 605 2228 daturum
636 2192 651 2229 :
682 2174 775 2230 sed
817 2189 923 2231 non
956 2174 1213 2245 implebat
1244 2170 1525 2239 promissa,
1557 2170 1762 2224 veritus
1790 2182 1858 2221 ne
1886 2176 1942 2221 et

350 2262 471 2326 ipse
502 2263 747 2319 eamdem
791 2280 1004 2335 pinnam
1047 2263 1230 2329 ferret,
1259 2278 1419 2334 quam
1463 2261 1678 2317 fratres.
1719 2259 1941 2315 Talibus

347 2354 790 2421 promissionibus
814 2355 1131 2425 pascebatur
1153 2354 1405 2415 Thamar,
1450 2353 1609 2423 inque
1647 2351 1808 2407 domo
1846 2365 1940 2420 pa-

344 2443 448 2498 tris
474 2444 553 2499 sui
586 2446 827 2510 sedebat,
861 2456 1177 2518 exspectans
1204 2444 1420 2517 quando
1444 2444 1618 2499 soceri
1654 2444 1937 2513 promissio

348 2534 660 2603 impleretur
687 2553 700 2589 :
729 2544 785 2592 et
808 2537 997 2593 videns
1027 2536 1217 2593 ludam
1247 2551 1354 2591 non
1385 2536 1525 2591 velle
1561 2535 1785 2605 implere
1816 2547 1937 2602 pro-

346 2629 533 2693 missa,
562 2630 772 2687 interim
804 2643 1080 2688 mansuete
1110 2632 1247 2699 tulit,
1280 2647 1384 2685 non
1412 2629 1681 2686 sustinens
1706 2629 1935 2683 aliorum

343 2720 615 2792 conjugis,
661 2722 757 2779 sed
799 2724 1041 2793 amplexa
1082 2723 1418 2790 viduitatem,
1459 2731 1515 2777 et
1559 2731 1769 2791 tempus
1806 2734 1939 2773 con-

340 2827 537 2883 gruum
557 2822 875 2884 exspectans
894 2832 908 2869 :
926 2814 1213 2870 festinabat
1226 2816 1370 2869 enim
1390 2824 1443 2869 ut
1463 2813 1602 2868 filios
1629 2818 1936 2882 procrearet

339 2920 412 2961 es
438 2920 648 2961 aituero.
681 2906 748 2961 Et
774 2908 897 2977 quia
926 2908 1059 2963 vidit
1099 2923 1313 2963 socrum
1350 2918 1633 2969 mortuam,
1662 2914 1717 2961 et
1741 2904 1933 2961 Judam

342 2996 530 3052 venire
573 2996 626 3051 in
670 2996 910 3053 Thamna
945 3000 1010 3053 ad
1038 2998 1336 3055 tondendas
1372 3013 1520 3060 oves.
1565 2996 1729 3051 furari
1770 2994 1936 3051 voluit

343 3087 521 3142 soceri
541 3087 904 3155 concubitum,
932 3097 989 3144 et
1010 3104 1073 3144 ex
1104 3090 1195 3143 illo
1222 3089 1358 3143 filios
1387 3103 1689 3159 procreare,
1727 3101 1833 3141 non
1862 3086 1930 3141 li-

344 3176 580 3233 bidiuem
612 3179 827 3249 explere
854 3182 1257 3250 concupiscens,
1288 3180 1427 3237 absit
1458 3180 1581 3243 hoc,
1629 3178 1725 3234 sed
1752 3192 1822 3233 ne
1852 3177 1934 3230 vi-

340 3265 564 3322 deretur
615 3283 735 3323 esse
785 3270 902 3325 sine
938 3270 1459 3342 nominezalioquin
1508 3282 1565 3327 et
1604 3269 1935 3340 dispensatio

340 3368 459 3412 erat
494 3358 546 3413 id
575 3361 715 3430 quod
745 3360 922 3427 ﬂebat,
955 3362 1095 3419 unde
1120 3372 1175 3418 et
1213 3378 1375 3432 opere
1411 3364 1677 3433 completa
1717 3372 1843 3417 sunt
1867 3376 1930 3416 ea

341 3465 465 3517 qua:
495 3450 581 3504 illa
609 3452 940 3507 deliberavit.
973 3455 1056 3509 16.
1090 3453 1344 3525 Depositis
1373 3454 1527 3520 enim,
1560 3454 1752 3523 inquit,
1783 3453 1935 3507 vesti-

320 3541 438 3595 *ιη
459 3543 715 3597 viduitatis
758 3561 884 3611 sure,
923 3554 971 3599 et
1004 3546 1184 3600 induta
1223 3546 1475 3613 theristro,
1506 3556 1555 3600 et
1593 3556 1775 3600 ornata
1802 3546 1932 3601 sedit

338 3633 483 3701 apud
520 3646 693 3703 portas
723 3634 873 3707 (Cap.
906 3637 1019 3708 38).
1062 3638 1263 3695 Deinde
1300 3640 1450 3710 quasi
1498 3652 1763 3693 excusans
1810 3654 1929 3694 eam

341 3723 639 3794 Scriptura,
660 3726 792 3781 dixit
819 3744 833 3779 :
867 3726 1003 3782 Vidit
1018 3730 1150 3784 enim
1172 3730 1308 3800 quod
1335 3740 1556 3785 creverat
1586 3730 1798 3795 Setom;
1822 3730 1932 3801 ipse

336 3824 509 3869 autem
552 3834 653 3872 non
695 3818 839 3873 daret
878 3820 1045 3889 ipsam
1094 3822 1142 3875 ei
1187 3837 1415 3888 mrem,
1458 3832 1513 3877 et
1544 3830 1822 3893 propterea
1860 3820 1928 3876 ad

337 3905 714 3975 deecptionem
743 3909 887 3964 illam
911 3912 1233 3980 properavit.
1261 3911 1426 3966 Judas
1454 3912 1597 3967 enim
1625 3927 1748 3968 cum
1773 3920 1928 3981 puta-

340 4006 424 4052 ret
442 4014 559 4052 eam
584 4013 706 4055 esse
727 4010 963 4057 scortum
997 4002 1289 4075 (velaverat
1315 4003 1458 4057 enim
1487 4004 1572 4057 illa
1602 4002 1817 4067 faciem,
1862 4018 1930 4058 ne

337 4091 763 4161 agnosceretur),
788 4092 877 4146 16.
921 4091 1135 4147 Divertit
1163 4095 1231 4147 ad
1256 4110 1387 4147 eam.
1417 4092 1526 4147 Illa
1562 4104 1731 4149 autem
1757 4094 1886 4147 dixit
1910 4109 1929 4146 :

340 4174 479 4241 Quid
516 4178 640 4231 mihi
670 4178 855 4234 dabis?
881 4178 984 4236 Ille
1022 4192 1190 4235 autem
1230 4184 1481 4246 pollicitus
1524 4192 1597 4237 est
1622 4184 1826 4237 fta-dum
1866 4199 1931 4240 ea;

337 4267 574 4337 gregibus
615 4285 669 4323 se
707 4271 995 4326 missurum.
1044 4273 1131 4327 17.
1178 4274 1243 4325 At
1281 4273 1389 4326 lucc
1415 4273 1544 4328 dixit
1573 4289 1593 4328 .°
1625 4274 1687 4330 Si
1729 4274 1930 4328 dederis

336 4357 695 4427 arrhabonem,
747 4362 906 4416 donec
949 4364 1141 4418 mittas.
1188 4365 1274 4420 l8.
1309 4364 1377 4417 Et
1419 4364 1557 4419 dedit
1597 4365 1845 4419 annulum
1882 4377 1927 4419 et

336 4450 615 4515 armillam,
647 4463 693 4505 et
738 4453 995 4519 baculum,
1037 4465 1086 4509 et
1115 4457 1318 4509 intravit
1358 4456 1427 4509 ad
1470 4473 1601 4523 eam,
1643 4468 1689 4512 et
1717 4458 1928 4526 gravida

337 4540 475 4611 facta
504 4552 577 4596 est
605 4560 669 4598 ea:
693 4560 773 4599 eo.

410 4631 640 4687 Christus
690 4651 755 4689 ea:
807 4638 997 4691 semine
1031 4637 1193 4692 Juda.
1216 4668 1288 4678 —
1313 4638 1500 4694 Nullus
1539 4641 1655 4696 hazc
1700 4642 1927 4697 audiens

336 4720 659 4778 condemnet
686 4723 921 4781 Thamar
946 4745 959 4781 :
990 4743 1132 4793 nam,
1163 4737 1223 4782 ut
1250 4728 1383 4794 dixi,
1413 4730 1796 4799 dispensationi
1825 4734 1925 4786 mi-

339 4811 585 4866 nistravit
613 4830 625 4867 :
652 4806 930 4885 propterea
973 4833 1146 4887 neque
1187 4818 1347 4871 ullam
1386 4820 1509 4874 inde
1544 4822 1924 4890 reprehensio-

338 4919 461 4958 nem
490 4916 742 4973 meretur,
774 4923 945 4978 neque
970 4910 1133 4964 Judas
1162 4912 1476 4967 criminibus
1517 4914 1610 4968 fuit
1639 4916 1922 4970 obnoxius.

339 4995 551 5050 Etenim
590 4996 689 5052 hac
720 5000 800 5053 via
830 5001 1146 5068 procedens,
1196 5002 1432 5058 invenies
1478 5020 1544 5058 ex
1586 5007 1765 5074 pueris
1801 5006 1925 5061 inde

335 5087 475 5142 natis
493 5087 761 5142 Christum
781 5093 1071 5146 secundum
1103 5110 1314 5148 carnem
1341 5094 1536 5151 ducere
1564 5113 1750 5166 genus.
1776 5098 1927 5153 Pin:-

337 5189 483 5233 terea
512 5179 619 5233 duo
663 5181 746 5234 isti
776 5183 867 5236 lilii
903 5198 997 5252 per
1032 5202 1152 5239 cum
1190 5188 1320 5253 nati,
1352 5189 1576 5241 duorum
1607 5190 1921 5257 pepulerum

338 5272 503 5339 figura
533 5268 762 5334 fuerunt,
797 5282 850 5325 et
873 5274 1145 5337 prmdictio
1185 5279 1425 5345 quaedam
1456 5280 1577 5333 vita:
1606 5290 1713 5334 tum
1742 5280 1923 5335 Judai-

338 5374 435 5423 ear,
467 5370 578 5415 tum
621 5362 930 5432 spirituails.
977 5365 1080 5419 Sed
1125 5382 1261 5420 nunc
1292 5370 1565 5424 videamus
1599 5381 1719 5439 post
1745 5388 1922 5427 reces-

336 5449 645 5518 sunttJudur,
676 5454 946 5522 quomodo
981 5470 1143 5524 parvo
1172 5469 1357 5510 exacto
1384 5468 1640 5528 tempore,
1677 5471 1729 5514 et
1760 5476 1922 5530 opere

337 5540 390 5594 in
422 5553 661 5611 apertum
688 5546 964 5613 producto,
996 5548 1158 5603 Judas
1188 5553 1531 5619 semetipsum
1573 5555 1917 5621 condemnat,

340 5632 483 5685 illam
520 5648 549 5685 a
574 5636 888 5693 criminibus
918 5639 1167 5695 liberans.
1212 5642 1341 5696 Nam
1376 5653 1652 5712 postquam
1682 5646 1923 5715 implevit

339 5721 569 5778 Thamar
593 5727 733 5794 quod
765 5730 949 5792 voluit,
986 5732 1175 5786 iterum
1202 5744 1404 5788 mutato
1440 5734 1621 5788 habitu
1651 5737 1772 5790 inde
1800 5739 1919 5807 qui-

338 5814 456 5872 dum
488 5819 725 5885 recessit,
753 5832 806 5875 et
834 5824 974 5879 venit
1016 5826 1065 5879 in
1102 5826 1317 5882 domum
1350 5842 1520 5883 suam.
1549 5826 1712 5884 Judas
1741 5841 1917 5886 autem

1330 422 1396 479 ΙΝ
1432 421 1587 478 CAP.
1627 414 1917 474 XXXVI".
1958 407 2202 468 GENES.
2243 406 2473 465 ιιοιιιι..
2515 406 2675 464 LXII.

3558 408 3659 464 53!

2065 520 2195 576 nihil
2224 536 2409 577 eorum
2434 521 2631 585 sciens,
2660 519 3071 590 promissionem
3094 517 3337 591 implevit
3362 527 3419 576 et
3445 520 3660 580 hrcdum

2066 614 2231 675 tnisit,
2264 620 2324 666 ut
2347 610 2705 665 arrhabonem
2735 625 2891 666 suum
2923 610 2997 666 illi
3026 610 3209 666 datum
3234 610 3501 681 reciperet
3528 614 3661 666 :sed

2065 700 2326 775 nusquam
2382 703 2598 758 inventa
2640 702 2884 770 muliere,
2937 702 3096 758 rediit
3143 718 3298 774 puer,
3343 703 3657 774 significans

2060 793 2213 849 Iuda:
2250 808 2310 848 se
2338 808 2602 864 nusquam
2634 794 2877 849 invenire
2918 794 3198 849 mulierem
3238 793 3497 864 potuisse.
3525 793 3661 863 Qui-

2061 885 2161 940 bus
2198 884 2512 955 compertis,
2540 884 2708 940 ludas
2735 884 2890 953 dixit,
2930 886 3121 956 inquit,
3163 884 3242 941 Ne
3270 885 3409 941 forte
3445 886 3663 941 damne-

2064 992 2206 1041 llllll’,
2247 985 2304 1030 ut
2336 974 2502 1030 habiti
2547 976 2761 1045 ingrati.
2794 976 2979 1045 Neque
3024 978 3168 1031 enim
3196 977 3404 1032 sciebat
3431 975 3656 1032 factum.

2058 1067 2257 1124 Verum
2284 1069 2573 1139 pmteritis
2602 1069 2876 1123 mensibus
2907 1070 3096 1134 tribus,
3128 1077 3184 1124 et
3209 1069 3419 1123 sarcina
3451 1069 3658 1124 ventris

2061 1168 2269 1228 partum
2313 1160 2658 1230 pnedicente,
2706 1170 2761 1215 et
2810 1160 2960 1216 nullo
3002 1160 3113 1215 alio
3154 1159 3409 1216 furtivum
3452 1162 3659 1217 sciente

2055 1253 2399 1307 concubitum
2424 1270 2441 1310 :
2464 1253 2555 1307 Ἃ.
2586 1252 2976 1317 Annuntiatum,
3009 1254 3201 1324 inquit,
3222 1262 3295 1307 est
3319 1251 3494 1320 lude,
3524 1254 3661 1322 quod

2054 1353 2255 1397 uterum
2289 1354 2479 1415 gereret
2522 1360 2588 1399 at:
2637 1344 2912 1399 adulterio.
2972 1344 3041 1398 Et
3087 1356 3143 1398 ut
3186 1344 3384 1412 didicit,
3442 1343 3657 1399 Educite

2054 1451 2187 1499 eam,
2219 1436 2401 1506 inquit,
2430 1445 2477 1489 et
2506 1440 2849 1489 comburatur.
2896 1435 3080 1505 Magna
3116 1434 3431 1505 indignatio,
3471 1435 3654 1505 gravis

2055 1540 2234 1595 pinna,
2257 1528 2378 1597 quia
2406 1539 2460 1583 et
2487 1537 2765 1597 peccatum
2792 1527 2994 1597 grande
3032 1541 3153 1581 esse
3179 1526 3480 1582 videbatur.
3512 1524 3652 1595 Quid

2053 1619 2212 1688 igitur
2260 1618 2540 1673 Thamar?
2592 1619 2869 1673 Productis
2916 1618 2982 1673 iis
3029 1634 3150 1687 qua:
3192 1619 3244 1673 in
3294 1616 3653 1673 arrhabonum

2051 1708 2217 1764 ludas
2263 1710 2574 1780 reliquerat,
2624 1709 2949 1779 inquitziﬁi.
2991 1708 3054 1764 Si
3095 1710 3208 1781 quis
3246 1718 3321 1763 est
3359 1710 3511 1781 cujus
3543 1708 3654 1765 hac

2050 1812 2191 1869 sunt,
2216 1804 2280 1857 ab
2306 1804 2396 1857 illo
2426 1803 2609 1858 verttris
2636 1806 2892 1857 sarcinam
2922 1802 3115 1873 accepi.

2119 1895 2175 1949 2.
2217 1896 2449 1951 Attende
2469 1896 2739 1965 quomodo
2771 1895 2936 1951 silens
2959 1894 3064 1950 fide
3092 1895 3285 1965 dignos
3309 1903 3472 1951 testes
3492 1893 3652 1952 aﬂ'ert

2047 1988 2137 2059 qui
2160 1988 2463 2058 loquantur,
2488 1988 2691 2043 etsatis
2710 2002 2828 2043 eam
2851 1988 3095 2042 criminis
3115 1987 3389 2041 innoxiam
3418 1985 3648 2043 demon-

2046 2089 2239 2136 strent.
2270 2077 2405 2147 Quia
2439 2079 2583 2135 enim
2609 2079 2780 2135 tribus
2809 2079 3037 2133 testibus
3062 2079 3274 2150 egebat,
3316 2094 3438 2147 quae
3474 2077 3527 2141 in
3557 2077 3647 2132 tali

2045 2186 2207 2228 causa
2246 2173 2575 2243 arguebatur
2604 2189 2618 2227 :
2653 2172 2852 2227 idcirco
2880 2181 2938 2228 et
2976 2171 3094 2226 hare
3131 2171 3283 2242 quasi
3314 2171 3461 2227 claro
3492 2172 3646 2227 testi-

2044 2265 2228 2320 monio
2243 2264 2395 2332 dato,
2418 2276 2528 2322 tres
2549 2265 2910 2321 arrhabonum
2934 2269 3143 2335 species
3162 2264 3345 2333 mittit,
3364 2264 3646 2331 annulum,

2042 2356 2327 2417 armillam,
2355 2363 2411 2411 et
2440 2356 2685 2411 baculum
2720 2374 2734 2410 :
2762 2366 2818 2411 et
2846 2356 2993 2411 domi
3019 2355 3218 2412 sedens
3258 2364 3552 2426 taceasque
3592 2355 3644 2409 in

2042 2465 2201 2505 causa
2241 2450 2386 2505 vicit.
2432 2450 2523 2506 26.
2561 2450 2730 2505 ludas
2776 2450 2921 2505 enim
2968 2465 3086 2503 cum
3132 2451 3435 2521 agnovisset,
3469 2449 3598 2503 dixit
3626 2464 3647 2503 :

2039 2540 2335 2610 lustiﬁcata
2358 2552 2433 2597 est
2459 2543 2621 2614 magis
2642 2558 2795 2612 quam
2816 2557 2929 2613 ego,
2956 2551 3224 2611 propterea
3244 2540 3381 2611 quod
3405 2557 3504 2594 non
3525 2539 3644 2594 dedi

2041 2649 2154 2686 eam
2181 2633 2290 2700 [ilio
2321 2649 2432 2687 meo
2459 2632 2655 2688 Setont.
2681 2631 2818 2700 Quid
2848 2640 2951 2697 est,
2979 2629 3275 2701 Iusti/irata
3300 2641 3373 2687 est
3400 2632 3512 2701 ipsa
3536 2647 3647 2686 ma-

2039 2721 2138 2793 gis,
2170 2738 2323 2793 quam
2350 2723 2482 2793 ego?
2520 2722 2614 2778 illa
2640 2722 2878 2793 quidem,
2912 2722 3105 2793 inquit,
3155 2723 3371 2777 innoxia
3411 2733 3513 2788 est,
3542 2738 3645 2794 ego

2039 2823 2221 2867 autem
2264 2814 2530 2883 mcipsum
2579 2814 2921 2881 condenmo,
2967 2822 3023 2870 et
3056 2814 3203 2868 nullo
3230 2824 3487 2885 urguente
3530 2829 3646 2869 me-

2039 2903 2218 2974 ipsum
2250 2903 2456 2974 prodo;
2489 2905 2597 2959 imo
2630 2905 2845 2961 abunde
2872 2920 2959 2961 me
2993 2905 3343 2976 redarguunt,
3372 2921 3491 2975 qua:
3518 2905 3642 2961 data

2037 3003 2162 3049 sunt
2190 2993 2265 3049 illi
2296 2995 2349 3050 in
2377 2995 2757 3051 arrhabonem.
2785 2995 2852 3050 Et
2873 2996 3066 3051 deinde
3093 2997 3289 3051 itermn
3319 2995 3642 3052 Thamaretn

2036 3100 2321 3152 excusans,
2353 3086 2521 3141 dicit:
2554 3086 2690 3154 Quia
2716 3103 2822 3142 non
2863 3085 2982 3142 dedi
3007 3103 3119 3141 eant
3150 3086 3326 3142 Selom
3351 3087 3461 3157 filio
3505 3102 3637 3142 meo.

2039 3175 2199 3232 Forte
2232 3184 2413 3232 autem
2438 3175 2542 3231 hoc
2570 3174 2772 3231 factum
2816 3183 2900 3232 est
2925 3177 2997 3232 ob
3023 3175 3161 3231 hanc
3193 3192 3355 3248 quam
3397 3176 3644 3232 dicturus

2037 3281 2157 3322 sum
2195 3282 2436 3322 causam.
2482 3267 2617 3323 Nam
2660 3268 2785 3336 quia
2814 3267 2982 3324 ludas
3030 3269 3254 3338 putabat
3292 3268 3434 3323 illius
3479 3282 3643 3325 causa

2039 3368 2281 3414 mortuos
2308 3358 2384 3413 Er
2412 3369 2467 3415 et
2497 3360 2708 3424 Aunan,
2740 3358 2901 3430 idque
2933 3368 3181 3415 metuens
3209 3374 3331 3414 eam
3359 3374 3466 3414 non
3491 3358 3644 3416 dedit

2036 3450 2238 3517 Selom,
2270 3451 2516 3520 quamvis
2558 3452 2607 3505 ei
2634 3451 2992 3521 promisisset,
3021 3460 3081 3505 ut
3112 3450 3399 3507 manifeste
3433 3465 3498 3507 ac
3524 3452 3641 3507 evi-

2035 3542 2226 3599 denter
2259 3544 2424 3598 sciret
2462 3544 2632 3613 ipsam
2679 3559 2785 3598 non
2818 3543 2935 3599 istis
2962 3558 3179 3599 causam
3221 3544 3386 3601 fuisse
3425 3545 3634 3610 mortis,

2034 3634 2131 3690 sed
2160 3648 2255 3689 eos
2282 3644 2502 3706 propter
2538 3650 2689 3689 suam
2717 3635 2973 3690 malitiam
3004 3651 3193 3705 pinnas
3220 3635 3435 3693 dedisse
3461 3637 3638 3709 (Osci.

2033 3727 2109 3781 dit
2151 3744 2289 3795 eum,
2330 3728 2520 3799 inquit,
2548 3727 2687 3783 Deus
2719 3745 2737 3783 :
2764 3738 2820 3785 et
2844 3730 3036 3785 iterum
3058 3771 3075 3797 ,
3109 3730 3306 3785 Occidit
3338 3748 3452 3787 eum
3482 3731 3635 3803 (Gen.

2033 3818 2124 3875 38.
2168 3819 2223 3874 7.
2258 3818 2409 3891 10),
2463 3820 2634 3891 inquit
2665 3820 2828 3876 etiam
2879 3821 2948 3877 de
3001 3824 3309 3895 secundo),
3353 3832 3636 3893 pmpterca

2036 3912 2251 3981 ignarus
2277 3913 2392 3982 ipse
2420 3927 2542 3968 cum
2569 3928 2705 3968 nuru
2726 3928 2821 3967 sua
2844 3929 2958 3969 rem
2982 3913 3164 3981 habet,
3192 3924 3242 3970 et
3272 3916 3418 3970 clare
3448 3914 3636 3970 didicit

2041 4002 2208 4071 ipsam
2239 4018 2348 4059 non
2377 4003 2431 4058 in
2460 4018 2623 4059 causa
2650 4004 2839 4073 fuisse,
2868 4004 2963 4060 sed
2994 4005 3206 4060 illorum
3252 4006 3509 4061 malitiam
3536 4022 3633 4063 eos

2032 4110 2155 4149 reos
2190 4110 2367 4168 parum
2412 4095 2604 4151 fecisse
2643 4112 2657 4149 :
2689 4106 2745 4151 et
2779 4096 3060 4153 confessus
3104 4108 3385 4167 peccatum
3436 4112 3630 4163 suum,

2032 4186 2191 4240 etiam
2219 4186 2360 4241 illam
2387 4201 2417 4242 a
2443 4187 2708 4257 supplicio
2746 4187 3013 4242 liberavit.
3047 4186 3168 4241 Non
3191 4188 3402 4259 adjecit,
3438 4187 3630 4259 inquit,

2030 4285 2085 4329 ut
2105 4285 2423 4347 cognosceret
2450 4293 2582 4341 eam,
2603 4277 2747 4347 quod
2772 4277 3029 4341 declarat,
3053 4292 3228 4348 neque
3252 4278 3481 4349 primum
3507 4292 3630 4334 cum

2030 4383 2094 4423 ea
2133 4384 2249 4425 rem
2281 4369 2586 4424 habiturum
2617 4370 2803 4435 fuisse,
2847 4371 2891 4425 si
2918 4370 3227 4441 agnovisset
3254 4385 3396 4426 eam.
3427 4370 3631 4427 Deinde

2032 4467 2314 4530 postquam
2343 4460 2629 4531 diligenter
2658 4461 2898 4516 narravit
2941 4462 3096 4517 nobis
3134 4462 3314 4518 divina
3356 4462 3631 4533 Scriptura

2029 4550 2402 4620 deceptionem
2452 4568 2611 4622 quam
2656 4552 2857 4607 fecerat
2908 4552 3179 4618 Thamar,
3235 4562 3632 4623 consequenter

2030 4640 2188 4695 doeet
2216 4657 2315 4696 nos
2344 4644 2433 4712 qui
2462 4643 2553 4696 filii
2582 4644 2632 4697 ei
2667 4644 2776 4697 sint
2814 4645 2942 4697 nati.
2967 4643 3057 4698 27.
3087 4642 3308 4696 Factum
3334 4654 3407 4697 est
3437 4654 3627 4707 autem,

2030 4727 2221 4798 inquit,
2248 4747 2364 4783 cum
2390 4741 2605 4801 pareret,
2627 4742 2767 4785 erant
2786 4732 2988 4802 gemelli
3012 4735 3065 4785 in
3087 4742 3257 4786 ventre
3279 4734 3390 4802 ejus
3409 4748 3428 4786 :
3444 4731 3533 4788 28.
3563 4732 3629 4789 Et

2028 4838 2142 4874 cum
2168 4832 2384 4891 pareret,
2407 4838 2540 4875 unus
2567 4824 2819 4891 protendit
2852 4840 3056 4876 manum
3084 4838 3103 4877 :
3132 4825 3501 4894 apprehensum
3530 4841 3630 4877 uu-

2030 4922 2127 4966 tem
2177 4913 2420 4967 obstetrix
2460 4916 2664 4967 coccino
2710 4914 2905 4984 ligavit,
2961 4915 3173 4968 dicens:
3205 4914 3307 4968 Hic
3348 4918 3631 4986 egredietur

2030 5004 2244 5073 primus.
2290 5002 2421 5059 Vide
2463 5005 2569 5070 hic,
2617 5006 2860 5068 obsecro,
2901 5016 3296 5061 sacramentum
3344 5017 3399 5061 et
3429 5008 3626 5077 pnedi-

2028 5097 2261 5151 ctionem
2300 5097 2621 5151 futurorum.
2653 5097 2784 5152 Nam
2829 5108 3108 5168 postquam
3152 5100 3335 5169 ligavit
3363 5100 3623 5156 obstetrix

2030 5204 2243 5243 manum
2298 5190 2540 5255 coicino,
2594 5190 2666 5244 ita
2717 5200 2773 5243 ut
2826 5192 3078 5259 cognosci
3125 5204 3303 5259 posset
3356 5192 3619 5255 exiturus,

2030 5292 2153 5336 tune
2178 5282 2267 5336 29.
2314 5283 2543 5337 Retraxit
2576 5300 2803 5346 manum,
2836 5295 2883 5337 et
2929 5286 3048 5337 exiit
3078 5289 3236 5355 frater
3266 5288 3394 5354 ejus.
3424 5286 3621 5353 Cessit,

2027 5374 2214 5444 inquit,
2248 5374 2416 5439 fratri,
2462 5384 2518 5427 ut
2562 5375 2707 5443 prior
2733 5377 3100 5446 egrederetur,
3131 5388 3187 5431 et
3225 5378 3314 5445 qui
3357 5380 3620 5445 posterior

2029 5464 2327 5533 putabatur,
2376 5465 2519 5533 prior
2565 5466 2713 5530 exiit,
2762 5475 2817 5519 et
2864 5466 2948 5535 qui
3004 5468 3149 5535 prior
3195 5468 3621 5532 existinutbatnr,

2027 5556 2291 5622 posteriOr
2316 5569 2562 5625 egressus
2604 5567 2704 5611 est.
2742 5556 2805 5609 Et
2835 5559 2963 5611 dixit
3004 5559 3287 5611 obstetrix:
3324 5562 3494 5625 Quare
3538 5561 3621 5611 di-

2026 5648 2129 5699 visa
2151 5658 2222 5699 est
2246 5656 2451 5715 propter
2478 5657 2523 5701 te
2547 5664 2686 5717 sepe:
2708 5648 2732 5700 ?
2760 5649 2826 5701 Et
2852 5652 3039 5702 vocavit
3065 5666 3243 5702 nomen
3266 5653 3373 5721 ejus
3398 5650 3593 5703 Phares

2028 5738 2410 5793 Dissectionem
2440 5738 2583 5793 enim
2622 5747 2676 5794 et
2707 5741 2856 5810 quasi
2898 5742 3235 5809 partitionem
3280 5744 3382 5797 hoc
3418 5758 3613 5796 nomen

2026 5830 2309 5899 significat.
2357 5829 2446 5885 50.
2499 5828 2566 5885 Et
2596 5841 2705 5901 post
2755 5832 2887 5885 hunc
2929 5850 3155 5903 egressus
3186 5844 3256 5888 est
3287 5834 3447 5903 frater
3474 5834 3606 5901 ejus,
