4170 6470
534 339 638 402 ⁸35

533 457 621 524 qui
646 457 842 526 signum
885 458 940 511 in
972 471 1124 510 manu
1157 456 1358 510 dextera
1391 463 1673 526 acceperat,
1715 464 1763 509 et
1791 457 1983 512 vocarit
2016 470 2112 506 no-

539 563 654 604 men
680 549 790 618 ejus
816 546 974 610 lava,
1004 546 1144 617 quod
1171 548 1549 617 interpretatur
1567 547 1756 602 Oriens
1778 545 1877 620 (τι).

606 637 741 694 lora
766 637 933 709 ﬁgura
955 637 1216 694 Ecclesia.
1246 640 1354 694 Lex
1379 649 1580 712 peccata
1609 638 1935 694 demonstrat.
1958 666 2028 678 -
2048 635 2117 692 Et

535 728 674 798 quod
701 743 806 782 non
834 737 1033 784 temere
1065 739 1120 784 et
1145 730 1346 799 absque
1370 747 1526 786 causa
1559 731 1673 785 tunc
1699 729 1830 784 facta
1863 730 1988 792 sint,
2021 727 2116 782 scd

535 824 701 889 figura
741 821 1034 874 futurorum
1081 819 1299 886 fuerint,
1342 825 1484 892 resil
1509 836 1580 876 sa:
1609 819 1901 876 declarant.
1933 819 2117 890 Neque

534 912 678 966 enim
723 912 1015 967 secundum
1061 921 1264 968 natura:
1319 913 1559 967 ordinem
1613 912 1716 967 hoc
1759 909 1958 966 factum
2010 918 2114 966 est.

533 1006 816 1071 ρυοιιιοιιο
835 1007 975 1060 enim
1005 1012 1121 1059 erat
1149 1003 1418 1073 possibile,
1451 1013 1506 1058 ut
1527 1013 1810 1074 postquam
1837 1018 2028 1058 manus
2053 1002 2120 1057 li-

537 1108 657 1166 gata
683 1093 778 1149 fuit
804 1097 1045 1161 coccino,
1073 1096 1186 1163 ipsa
1215 1095 1405 1149 iterum
1430 1094 1861 1162 contraheretur,
1887 1105 1942 1149 et
1966 1095 2121 1150 daret

535 1186 814 1254 posteriori
856 1187 1159 1251 transitum,
1188 1185 1290 1240 nisi
1323 1185 1501 1241 divina
1533 1187 1777 1256 qnzedam
1809 1189 1975 1241 virtus
2004 1185 2119 1242 tunc

538 1276 684 1345 prius
707 1277 1091 1346 dispensasset,
1121 1288 1178 1330 et
1214 1277 1353 1331 sicut
1381 1277 1433 1331 in
1464 1278 1649 1331 umbra
1676 1277 1903 1346 quadam
1933 1276 2116 1345 praefl-

534 1377 796 1436 gurasset,
826 1367 966 1436 quod
993 1367 1170 1420 statim
1198 1368 1265 1420 ab
1295 1368 1443 1421 initio
1467 1367 1620 1434 Zara,
1651 1367 1790 1436 quod
1819 1377 1900 1421 est
1927 1366 2120 1421 Oriens

537 1460 648 1531 (hic
674 1460 815 1514 enim
847 1459 1012 1530 figura
1056 1468 1171 1513 erat
1215 1459 1512 1525 Ecclesiae),
1542 1469 1884 1528 prospectare
1913 1459 2074 1526 cmpit
2103 1476 2116 1512 :

536 1567 643 1619 quo
668 1550 934 1621 paulisper
972 1550 1315 1620 procedente,
1347 1565 1408 1602 ac
1439 1564 1560 1604 mox
1611 1549 2006 1614 retrocedente,
2041 1551 2118 1603 le-

537 1644 672 1712 galis
706 1643 1006 1697 observatio
1058 1657 1158 1713 per
1192 1642 1392 1697 Phares
1431 1643 1723 1713 significata
1767 1642 2111 1707 subintravit,

537 1750 656 1804 qua:
703 1745 980 1804 postquam
1024 1733 1116 1788 diu
1164 1749 1384 1803 regnum
1428 1735 1704 1798 tenuisset,
1754 1748 1819 1788 eo
1859 1733 1948 1803 qui
1977 1733 2121 1803 prius

533 1833 794 1891 cesserat,
846 1824 979 1877 Zara
1026 1824 1292 1891 videlicet,
1341 1839 1526 1878 rursus
1570 1824 1913 1893 procedente,
1962 1825 2124 1878 cessit

542 1914 792 1969 Ecclesia:
822 1916 993 1969 Olllllls
1020 1914 1236 1970 Iudaica
1268 1915 1638 1970 consuetudo?
1667 1915 1772 1971 Sed
1818 1915 1956 1970 forte
1981 1930 2124 1970 nunc

539 2006 696 2058 fuerit
728 2006 1085 2060 necessarium
1140 2005 1278 2059 idem
1324 2007 1538 2061 brevius
1577 2015 1631 2062 et
1679 2007 1874 2061 clarius
1919 2006 2120 2060 dicere.

543 2095 795 2165 Fuerunt,
851 2097 989 2150 sicut
1038 2095 1172 2151 Zara
1220 2099 1308 2166 qui
1361 2113 1574 2152 manum
1623 2097 1860 2167 protulit,
1911 2097 2025 2154 Noe
2071 2105 2126 2152 et

539 2185 829 2248 Abraham,
864 2187 972 2244 imo
1008 2199 1133 2241 ante
1162 2185 1274 2243 Noe
1302 2188 1434 2242 Abel
1475 2197 1532 2242 et
1557 2177 1763 2253 Enocb,
1791 2189 1986 2257 quibus
2011 2204 2127 2243 ma-

539 2294 702 2347 gnum
743 2277 975 2332 studium
1010 2277 1107 2334 fuit
1157 2289 1214 2334 ut
1255 2281 1526 2349 placerent
1566 2280 1700 2335 Deo.
1731 2279 1931 2334 Deinde
1973 2289 2123 2350 post-

538 2386 700 2440 quam
730 2371 780 2424 in
812 2372 1010 2426 multos
1053 2373 1345 2444 propagati,
1388 2374 1549 2428 multa
1590 2383 1926 2444 peccatorum
1957 2389 2120 2429 onera

537 2462 890 2531 collegerunt.
921 2479 1056 2533 opus
1088 2473 1266 2519 autem
1292 2475 1406 2519 erat
1438 2476 1493 2518 ut
1521 2465 1603 2518 vel
1641 2479 1855 2533 parvam
1894 2465 2122 2535 aliquam

538 2554 954 2608 consolationem
998 2555 1259 2610 haberent
1287 2573 1299 2609 :
1327 2556 1447 2610 data
1490 2567 1573 2610 est
1615 2559 1698 2610 lex
1725 2565 1782 2610 ut
1809 2557 1994 2610 umbra
2030 2557 2126 2610 ali-

538 2662 664 2716 qua,
717 2662 822 2701 non
868 2657 1085 2717 peccata
1133 2647 1343 2713 tollens,
1385 2647 1478 2700 sed
1522 2663 1583 2701 ea
1633 2647 2026 2713 demonstrans,
2073 2656 2127 2702 ct

540 2739 818 2794 manifesta
844 2740 923 2808 eis
948 2737 1166 2804 faciens,
1201 2748 1258 2792 ut
1296 2748 1564 2808 tamquam
1594 2737 1888 2808 imperfecti
1919 2737 2010 2792 filii
2037 2739 2126 2807 qui

541 2829 678 2883 laete
708 2839 1016 2898 pascuntur,
1045 2829 1351 2883 adolescere
1384 2838 1621 2898 possent.
1654 2828 1850 2884 Verum
1883 2829 2004 2898 quia
2031 2845 2126 2883 tte-

540 2934 643 2992 que
669 2920 770 2978 hoc
797 2919 881 2977 his
913 2920 1126 2992 profuit,
1154 2921 1270 2990 sed,
1301 2921 1383 2979 vel
1413 2921 1527 2995 lege
1549 2930 1886 2986 peccatorum
1917 2922 2127 2990 magni-

541 3016 776 3072 tudinem
829 3025 1178 3080 nicustrante,
1229 3017 1326 3086 ipsi
1385 3018 1578 3070 iterum
1627 3015 1814 3070 iisdem
1869 3010 2126 3087 inquinati

539 3116 684 3171 sunt,
719 3106 1011 3161 adveniens
1041 3109 1338 3161 communis
1368 3107 1620 3161 Dominus
1644 3116 1847 3174 noster,
1875 3108 2128 3176 spiritua-

546 3201 652 3252 lem
689 3199 828 3254 hanc
867 3206 922 3253 et
950 3199 1230 3253 virtutibus
1257 3199 1458 3252 claram
1499 3200 1657 3252 vitam
1690 3197 1925 3252 humano
1945 3197 2127 3268 generi

542 3291 763 3361 largitus
789 3300 890 3356 est,
923 3292 1074 3358 cujus
1106 3293 1325 3360 figuram
1362 3289 1494 3344 Zara
1525 3291 1798 3360 implebat.
1832 3289 1898 3344 Et
1929 3290 2129 3344 idcirco

542 3383 860 3451 evangelista
888 3383 1046 3436 etiam
1087 3381 1330 3435 meminit
1353 3380 1606 3446 Thamar,
1635 3390 1690 3434 et
1719 3395 1904 3434 eorum
1934 3380 2024 3449 qui
2061 3395 2126 3432 cx

542 3475 628 3529 illa
657 3475 765 3528 nati
809 3485 951 3536 sunt,
985 3483 1038 3528 et
1061 3473 1228 3526 dicit:
1256 3472 1421 3527 Iudas
1459 3483 1626 3526 autem
1649 3471 1821 3542 genuit
1854 3469 2051 3524 Phares
2079 3480 2124 3524 et

541 3564 728 3622 Iuram
755 3565 818 3618 de
845 3564 1069 3620 Thamar
1088 3564 1300 3634 (Matth.
1336 3566 1384 3618 1.
1413 3564 1490 3634 5).

615 3657 667 3711 ὅ.
707 3655 785 3711 Ne
811 3657 967 3726 igitur
993 3667 1190 3710 temere
1216 3665 1596 3726 pnntereamus
1626 3669 1688 3710 ea
1712 3670 1829 3724 quae
1852 3654 1904 3708 in
1925 3652 2128 3708 divinis

541 3748 831 3816 Scripturis
853 3759 977 3803 sunt
1007 3749 1233 3818 prodita,
1265 3762 1436 3817 neque
1463 3762 1526 3801 ea
1552 3763 1672 3816 qua:
1699 3746 1949 3800 dicuntur
1972 3759 2000 3796 a
2037 3759 2129 3797 su-

543 3840 761 3910 perficie
781 3839 1068 3896 salutemus
1093 3855 1108 3905 ;
1136 3840 1229 3895 sed
1256 3840 1478 3909 ingressi
1501 3841 1566 3892 ad
1591 3842 1760 3908 ipsum
1786 3836 2126 3908 profundum,

542 3947 664 3987 cum
694 3931 906 3986 divitias
935 3947 1054 4002 qua:
1083 3933 1152 3985 ibi
1184 3933 1349 3985 latent
1373 3931 1740 3992 didicerimus,
1770 3929 2131 4000 glorificemus

544 4022 826 4076 Dominum
857 4032 1116 4085 nostrum,
1144 4024 1232 4092 qui
1258 4038 1379 4076 cum
1410 4032 1551 4076 tanta
1580 4023 1836 4092 sapientia
1858 4020 2132 4090 dispensat

542 4113 740 4166 omnia.
759 4113 890 4168 Nam
914 4115 957 4167 si
990 4114 1313 4168 noluerimus
1335 4125 1568 4169 mentem
1583 4125 1636 4169 et
1657 4129 1872 4169 causam
1889 4117 2127 4170 omnium

543 4221 663 4274 qua:
695 4205 826 4258 facta
871 4215 996 4257 sunt
1041 4205 1341 4274 exquirere,
1392 4221 1496 4259 non
1535 4207 1708 4260 solum
1750 4205 1887 4260 hanc
1928 4207 2128 4262 conde-

544 4298 865 4363 mnabimus,
885 4297 1024 4366 quod
1056 4313 1175 4351 eum
1204 4313 1392 4352 socero
1420 4314 1518 4354 suo
1551 4300 1916 4355 concubuerit.
1949 4301 2041 4355 sed
2073 4310 2128 4354 et

542 4391 813 4447 Abraham
863 4390 1338 4458 reprehendemus,
1376 4401 1433 4446 ut
1461 4393 1786 4462 puericidam
1831 4394 2009 4446 animo
2053 4392 2131 4446 fa-

544 4495 709 4550 ctum,
742 4495 796 4538 et
837 4483 1092 4538 Phinecm
1121 4494 1177 4537 ut
1207 4486 1404 4554 gemini
1450 4485 1609 4538 simul
1650 4485 1920 4539 homicidii
1954 4501 2126 4540 reum.

545 4578 637 4630 Sin
669 4586 843 4632 autem
876 4578 1290 4646 uniuscujusque
1316 4593 1533 4632 causam
1561 4578 1844 4647 diligenter
1871 4578 2125 4632 didiceri-

545 4683 684 4730 tuus,
730 4679 783 4721 et
813 4668 931 4721 illos
957 4683 987 4722 a
1017 4672 1239 4722 crimine
1277 4670 1641 4731 liberabimus,
1667 4681 1722 4724 et
1762 4685 1859 4724 nos
1906 4671 2128 4723 multam

545 4763 668 4814 inde
706 4760 984 4817 utilitatem
1035 4763 1405 4832 percipiemus.
1448 4763 1708 4817 Caeterum
1759 4778 1858 4817 nos
1893 4780 2011 4830 qua:
2063 4764 2128 4816 ad

543 4853 820 4906 historiam
846 4855 981 4906 hanc
1005 4853 1252 4919 attinent,
1284 4870 1380 4922 pro
1410 4855 1542 4910 virili
1574 4864 1752 4909 nostra
1783 4856 2131 4924 pertractavi-

543 4961 659 4997 tnus
687 4944 891 4998 earilati
925 4955 1131 4999 vestrae.

617 5034 894 5089 Historiam
917 5035 1129 5105 Iosephi
1159 5054 1369 5092 narrare
1403 5039 1595 5108 pergit;
1621 5039 1785 5109 ipsum
1811 5041 1977 5110 gratia
2003 5057 2123 5094 con-

543 5128 684 5180 tinuo
711 5127 944 5197 adjutum
975 5132 1208 5184 ostendit.
1234 5161 1303 5170 —
1329 5132 1478 5198 Quod
1506 5133 1550 5186 si
1592 5149 1695 5186 non
1732 5134 2044 5203 fatigamiui,
2075 5146 2129 5191 et

545 5223 841 5287 volueritis,
874 5232 1032 5277 etiam
1059 5224 1337 5293 sequentia
1383 5228 1723 5294 attingemus,
1754 5237 1806 5280 et
1834 5228 2025 5281 iterum
2059 5227 2123 5281 ad

545 5314 902 5367 narrationem
930 5313 1258 5368 admirabilis
1281 5314 1496 5382 Iosephi
1539 5318 1829 5381 veniemus,
1866 5329 1920 5370 ut
1964 5318 2130 5372 disca.

544 5419 610 5466 tis
640 5422 700 5460 ex
738 5422 799 5460 ns
827 5423 943 5477 qua:
975 5407 1131 5461 hodie
1170 5409 1306 5462 dicta
1355 5421 1496 5472 sunt,
1543 5424 1661 5479 qua:
1698 5427 1991 5479 generosus
2038 5411 2127 5465 ille

543 5498 758 5559 athleta,
795 5511 914 5567 post
954 5500 1158 5554 somnia
1191 5501 1277 5554 illa
1313 5517 1530 5572 regnum
1564 5513 1615 5556 et
1650 5505 1998 5574 principatum
2023 5505 2127 5560 fra—

547 5601 683 5644 trum
712 5594 810 5646 sibi
847 5595 1228 5661 promittentia,
1263 5597 1594 5662 sustinuerit,
1627 5609 1678 5651 et
1705 5600 1970 5667 quomodo
2000 5617 2119 5656 ecr-

609 5766 680 5836 (a)
713 5769 810 5817 Vox
839 5772 1068 5821 llebraica
1095 5784 1168 5823 cst
1190 5780 1303 5840 m7,
1328 5776 1413 5823 scd
1442 5775 1720 5826 feuucntius
1759 5786 1915 5836 .‘l‘fv‘l.

1271 341 1325 397 S.
1366 338 1641 396 JOANNIS
1675 337 2148 396 CHRYSOSTOMI
2197 337 2510 395 ARCIIIEP.
2533 337 3066 398 CONSTANTINOP.

3703 338 3804 394 5.56

2227 453 2513 508 tatninibus
2538 453 2870 512 certamina.
2911 454 3295 510 tentationibns
3334 455 3656 542 tentat'pnes
3699 467 3814 507 suc-

2223 544 2511 608 cesserint;
2540 545 2607 598 ita
2637 553 2693 598 ut
2723 543 3183 600 increbrescereut
3210 541 3520 613 naufragia,
3551 559 3652 598 nec
3686 543 3814 598 sub-

2226 646 2558 706 mergeretur
2597 636 3042 707 gubernator:et
3086 651 3209 690 cum
3255 632 3482 690 validior
3522 634 3819 704 insurgeret

2227 735 2534 795 tempestas,
2555 728 2705 796 quasi
2731 727 2797 782 ad
2825 728 3182 798 gubernacula
3211 727 3427 794 sedens,
3456 727 3633 781 navim
3667 742 3818 795 rege.

2223 825 2324 872 ret.
2353 817 2394 871 Ε
2424 832 2482 872 re
2504 828 2680 872 autem
2713 819 3044 874 fueritverba
3067 820 3179 888 ipsa
3203 819 3421 884 audire,
3451 828 3508 872 ut
3531 817 3819 888 diligenter

2225 908 2402 961 omnia
2432 907 2640 963 discere
2665 911 2951 979 possimus.
2987 911 3036 965 f.
3061 908 3257 980 Ioseph
3281 919 3450 964 autem
3475 909 3722 980 deductus
3749 916 3820 961 est

2223 999 2277 1052 in
2303 997 2612 1071 ngyptum,
2655 1011 2700 1056 et
2738 1004 2856 1056 emit
2897 1018 3011 1056 eum
3038 1003 3408 1074 archimagirus
3442 1000 3732 1056 Pharaonis
3759 1002 3824 1052 de

2225 1106 2380 1142 manu
2413 1089 2790 1145 Ismaelitarum
2821 1090 3007 1162 (Caput
3035 1093 3151 1162 39).
3199 1093 3402 1148 Deinde
3440 1101 3716 1163 postquam
3747 1090 3819 1146 illi

2225 1181 2463 1236 moribus
2500 1182 2731 1246 barbari,
2759 1183 2848 1254 qui
2877 1199 2905 1237 a
2931 1184 3183 1240 fratribus
3205 1200 3326 1239 eum
3363 1191 3624 1247 emerant,
3656 1181 3822 1254 Egy-

2230 1276 2338 1344 ptio
2364 1275 2724 1346 archimagiro
2769 1275 3083 1344 Pharaonis,
3115 1278 3486 1344 vendiderunt,
3515 1279 3693 1332 varios
3719 1276 3820 1330 do-

2229 1365 2401 1418 minos
2429 1368 2649 1421 sortitus
2670 1376 2752 1422 est
2782 1367 2894 1434 ille,
2927 1369 3015 1438 qui
3047 1369 3185 1424 inter
3208 1369 3360 1424 ulnas
3380 1371 3545 1438 patris
3567 1367 3825 1422 educatus

2230 1457 2402 1511 fuerat
2422 1474 2435 1511 :
2461 1469 2516 1513 ut
2543 1473 2611 1514 ne
2627 1457 2954 1514 admiremur
2968 1459 3235 1530 quomodo
3252 1461 3430 1515 tulerit
3446 1475 3661 1530 gravem
3681 1459 3823 1512 illam

2226 1551 2534 1607 servitutem
2551 1551 2862 1607 adolescens
2879 1595 2892 1618 ,
2911 1561 2965 1606 et
2978 1552 3197 1606 omnino
3216 1553 3363 1607 dura:
3381 1551 3682 1622 bujusmodi
3703 1550 3827 1602 vita:
3885 1590 3892 1600 .

2227 1642 2553 1712 inexpertus,
2588 1641 2839 1713 domique
2857 1658 3044 1713 magna
3065 1643 3228 1712 patris
3246 1642 3613 1698 benevolentia
3630 1644 3828 1697 enutri-

2231 1741 2315 1787 tus
2335 1749 2346 1787 :
2369 1731 2604 1787 subdidit
2618 1732 2892 1802 Scriptura
2911 1734 3096 1789 dicens
3112 1753 3125 1790 :
3141 1735 3196 1789 ε.
3224 1734 3287 1788 Et
3312 1746 3418 1788 erat
3438 1735 3692 1789 Dominus
3708 1751 3824 1788 cum

2226 1823 2440 1895 Ioseph,
2454 1835 2500 1878 et
2511 1835 2618 1879 erat
2637 1827 2712 1880 vir
2730 1842 2996 1895 assequens
3028 1825 3125 1898 (a).
3147 1826 3283 1895 Quid
3302 1835 3405 1891 est,
3429 1826 3555 1880 Erat
3579 1825 3828 1880 Dominus

2231 1933 2344 1970 cum
2357 1916 2550 1986 Ioseph
2568 1917 2594 1970 .’
2606 1917 2969 1972 Comitabatur
2987 1933 3131 1982 eum,
3152 1918 3341 1988 inquit,
3366 1918 3542 1971 divina
3560 1917 3750 1986 gratia,
3775 1925 3830 1971 c‘.

2229 2009 2482 2064 reddebat
2501 2010 2547 2063 ei
2569 2007 2736 2063 facilia
2757 2010 2932 2064 omnia
2952 2025 3070 2079 qum
3083 2011 3260 2080 gravia
3280 2021 3448 2064 erant.
3475 2010 3596 2062 llzcc
3614 2010 3830 2076 dispen-

2228 2102 2380 2156 sabat
2421 2116 2606 2157 omnes
2623 2102 2738 2172 ejus
2757 2117 2862 2168 res,
2884 2101 2998 2156 hate
3012 2103 3402 2157 mansuetiores
3420 2103 3469 2156 ei
3485 2101 3717 2156 reddidit
3733 2118 3831 2156 ne-

2231 2194 2540 2262 gotiatores.
2565 2205 2618 2248 et
2642 2193 2874 2249 vendere
2890 2195 3248 2264 archimagiro
3267 2195 3460 2264 coegit,
3493 2203 3552 2248 ut
3575 2194 3828 2264 paulatim

2231 2284 2330 2338 hac
2358 2286 2439 2338 via
2471 2285 2788 2354 procedens,
2812 2296 2866 2340 et
2891 2301 2988 2356 per
3019 2288 3340 2341 tentationes
3361 2287 3476 2340 illas
3497 2287 3721 2352 vadens,
3755 2287 3818 2340 ad

2230 2379 2434 2447 regium
2467 2379 2658 2433 solium
2697 2379 2988 2435 ascendere
3020 2380 3237 2434 valeret.
3271 2377 3468 2434 Verum
3501 2389 3577 2444 tu,
3607 2379 3825 2440 dilecte,

2230 2469 2454 2523 audiens
2483 2485 2605 2524 eum
2647 2470 2965 2524 sustinuisse
3007 2469 3318 2525 servitutem
3361 2469 3501 2539 apud
3532 2469 3828 2540 negotiato-

2237 2575 2344 2626 res,
2393 2559 2587 2615 deinde
2640 2561 2928 2616 servivisse
2971 2560 3112 2631 apud
3165 2561 3600 2631 archimagirum,
3653 2561 3829 2631 cogita

2229 2653 2499 2721 quomodo
2527 2668 2634 2708 non
2665 2653 2908 2708 turbatus
2945 2655 3034 2720 sit,
3083 2665 3255 2723 neque
3292 2653 3624 2723 cogitaverit,
3657 2669 3830 2724 neque

2232 2742 2554 2800 hmsitaverit
2596 2759 2779 2799 secum
2819 2745 3004 2799 dicens
3030 2762 3042 2798 :
3073 2744 3202 2813 Quae
3241 2745 3571 2799 somniorum
3615 2744 3832 2800 illorum

2230 2834 2496 2907 deceptio,
2551 2851 2670 2906 qua:
2721 2844 2920 2890 tantam
2963 2836 3185 2906 gloriam
3239 2835 3634 2908 pollicebatur?
3691 2838 3832 2900 Ecce

2231 2926 2374 2981 enim
2405 2937 2525 2997 post
2552 2927 2758 2982 somnia
2796 2927 2882 2985 illa
2908 2929 3160 3000 servitus,
3192 2943 3246 2990 et
3271 2935 3502 2991 servitus
3523 2937 3727 3006 gravis.
3764 2951 3827 2990 ac

2230 3017 2434 3078 domini
2487 3023 2754 3079 vatii:ab
2799 3024 2900 3079 hoc
2942 3035 3154 3080 transeo
3200 3025 3265 3079 ad
3304 3024 3485 3091 illum;
3531 3026 3598 3081 ab
3643 3027 3736 3080 illo
3764 3025 3830 3082 ad

2233 3114 2397 3169 alium
2441 3123 2544 3169 :et
2583 3129 2748 3186 cogor
2800 3115 3152 3170 barbarorum
3205 3131 3519 3172 assuescere
3569 3118 3830 3172 moribus.

2233 3207 2500 3278 Numquid
2529 3207 2770 3262 derelicti
2801 3207 3025 3262 sumus?
3049 3207 3304 3277 numquid
3325 3208 3617 3278 contempti
3646 3223 3834 3263 sumus

2234 3315 2262 3352 a
2294 3313 2529 3369 superno
2553 3299 2802 3369 prmsidio
2825 3301 2848 3353 Ῡ
2875 3299 3014 3354 Nihil
3041 3299 3150 3354 tale
3178 3300 3259 3354 vel
3287 3299 3420 3353 dixit
3450 3301 3532 3355 vel
3559 3301 3830 3370 cegitavit,

2233 3390 2326 3445 sed
2351 3391 2468 3444 tulit
2494 3392 2672 3444 omnia
2695 3401 2972 3445 mansuete
2993 3400 3049 3444 et
3074 3389 3304 3446 fortiter.
3334 3388 3462 3442 Erat
3487 3392 3632 3445 enim
3655 3388 3836 3443 Domi-

2232 3497 2328 3534 nus
2357 3498 2470 3534 cum
2491 3477 2704 3552 Ioseph,
2737 3492 2784 3535 et
2810 3492 2915 3535 erat
2944 3481 3020 3534 uir
3045 3497 3333 3549 assequens.
3366 3480 3504 3549 Quid
3531 3490 3636 3547 est,
3683 3484 3836 3536 Asse-

2233 3576 2431 3643 quens?
2456 3573 2644 3629 Omnia
2671 3576 2719 3628 ei
2751 3589 3005 3643 prospere
3043 3573 3425 3637 succedebant,
3468 3574 3665 3643 ubique
3693 3589 3832 3642 pra:-

2234 3667 2458 3722 cedcbat
2497 3681 2617 3720 eum
2662 3680 2892 3735 superna
2940 3663 3291 3735 providentia,
3337 3672 3392 3719 et
3435 3663 3506 3717 ita
3547 3664 3828 3719 manifesta

2235 3768 2351 3813 erat
2377 3759 2568 3829 gratia,
2601 3773 2720 3828 qua:
2743 3757 2966 3812 florebat
2986 3773 3149 3827 super
3174 3774 3320 3824 cum,
3345 3758 3585 3811 utetiam
3610 3755 3834 3811 dmuino

2235 3851 2352 3918 ejus
2397 3851 2752 3921 archimagiro
2783 3850 3124 3905 manifestum
3173 3850 3276 3904 hoc
3317 3849 3488 3905 fleret.
3538 3850 3592 3904 5.
3626 3848 3835 3904 Scietat

2236 3943 2386 4006 enim,
2414 3942 2599 4010 inquit,
2624 3941 2856 3994 dominus
2879 3944 3007 4010 ejus,
3030 3942 3167 4010 quod
3195 3941 3444 3994 Dominus
3462 3952 3588 3994 esset
3614 3957 3729 3994 cum
3747 3957 3831 4007 eo,

2235 4044 2280 4087 et
2309 4035 2478 4087 omnia
2506 4050 2833 4103 quacumque
2867 4034 3101 4105 faciebat,
3145 4032 3397 4087 Dominus
3424 4050 3670 4103 prospera
3711 4035 3834 4088 red-

2235 4127 2381 4180 debat
2427 4129 2479 4180 in
2512 4129 2742 4183 manibus
2785 4129 2918 4197 ejus.
2963 4129 3016 4182 4.
3057 4126 3258 4181 Invenit
3285 4136 3456 4180 autem
3481 4124 3678 4195 Ioseph
3709 4145 3833 4198 gra-

2232 4218 2354 4270 tiant
2383 4232 2554 4272 coram
2583 4218 2787 4272 domino
2803 4236 2915 4282 suo,
2946 4229 2992 4272 et
3017 4219 3275 4272 constituit
3305 4234 3418 4272 eum
3443 4234 3596 4286 super
3624 4219 3836 4272 domum

2231 4324 2398 4374 suam,
2443 4318 2490 4361 et
2536 4310 2707 4362 omnia
2747 4325 3073 4379 quacumque
3117 4309 3351 4373 habebat,
3390 4309 3529 4361 dedit
3558 4308 3611 4361 in
3652 4325 3835 4362 manus

2231 4398 2447 4468 Ioseph.
2482 4400 2671 4455 Vidisti
2706 4412 2963 4470 quantum
2994 4401 3061 4454 sit
3097 4415 3328 4470 superna
3357 4415 3515 4457 manu
3546 4399 3833 4467 adjuvari?

2235 4490 2373 4545 Ecce
2399 4491 2542 4544 enim
2575 4492 2827 4557 etjuvcni
2854 4501 2908 4545 et
2935 4491 3214 4560 peregrino
3238 4499 3292 4543 et
3319 4489 3533 4559 captivo
3567 4504 3835 4558 servoque

2232 4597 2261 4636 a
2290 4583 2505 4636 domino
2528 4593 2633 4638 tota
2657 4583 2845 4636 domus
2868 4583 3103 4636 creditur
3132 4600 3144 4634 :
3178 4581 3244 4634 Et
3271 4581 3441 4635 omnia
3455 4597 3569 4652 qua:
3593 4581 3831 4646 habebat,

2234 4676 2369 4728 dedit
2397 4676 2448 4728 in
2476 4692 2652 4728 manus
2684 4677 2812 4744 ejus.
2839 4676 3054 4740 Quare?
3079 4674 3212 4743 Quia
3253 4689 3378 4728 cum
3407 4688 3645 4743 superno
3675 4674 3831 4726 auxi-

2236 4767 2305 4819 lio
2325 4776 2374 4818 et
2406 4781 2531 4820 suos
2557 4767 2734 4819 attulit
2762 4780 2958 4820 mores.
2985 4764 3171 4818 Gratus
3193 4765 3337 4819 enim
3359 4765 3404 4817 ei
3426 4774 3574 4828 erat;
3602 4762 3705 4817 hoc
3725 4773 3830 4828 est,

2234 4872 2356 4909 cum
2387 4871 2573 4926 magna
2595 4857 2761 4924 gratia
2793 4855 3017 4910 faciebat
3038 4856 3236 4908 omnia.
3267 4853 3468 4909 Deinde
3491 4853 3678 4908 volens
3707 4869 3831 4910 eum

2236 4947 2494 5016 benignus
2539 4947 2678 5000 Deus
2709 4946 2760 4999 in
2791 4946 2980 5015 majori
3021 4947 3304 5001 securitate
3341 4945 3690 5007 constituere,
3721 4961 3832 5000 non

2222 5037 2477 5091 ‘liberavit
2515 5055 2544 5090 a
2595 5039 2872 5102 servitute,
2909 5053 3082 5107 neque
3110 5037 3411 5092 libertatem
3449 5037 3498 5091 ei
3530 5036 3696 5090 dedit.
3734 5036 3833 5091 llic

2234 5131 2375 5183 enim
2423 5144 2536 5183 mos
2582 5140 2663 5184 est
2694 5131 2822 5191 Deo,
2851 5139 2906 5182 ut
2950 5146 3054 5184 non
3107 5129 3297 5184 liberet
3333 5145 3363 5180 a
3405 5128 3652 5198 periculis
3686 5128 3832 5182 viros

2235 5222 2426 5275 virtute
2456 5220 2659 5283 claros,
2693 5236 2865 5290 neque
2905 5237 2934 5274 e
2965 5220 3349 5275 teutationibus
3379 5220 3576 5272 eximat
3606 5236 3619 5274 :
3652 5217 3745 5272 sed
3779 5220 3830 5273 in

2235 5314 2361 5382 ipsis
2390 5314 2770 5366 tentationibns
2814 5323 3016 5366 tantum
3059 5327 3212 5366 suum
3256 5311 3504 5366 ostendat
3543 5311 3828 5376 auxilium,

2236 5413 2292 5456 ut
2321 5405 2634 5458 tentationes
2666 5405 2792 5472 ipsa:
2832 5405 2910 5458 eis
2943 5406 3069 5457 fiant
3099 5403 3310 5457 occasio
3343 5402 3662 5456 festivitatis.
3697 5401 3831 5455 Pro-

2237 5505 2351 5563 pter
2382 5493 2484 5547 hoc
2513 5505 2566 5547 et
2601 5495 2785 5548 beatus
2819 5495 2981 5549 David
3013 5495 3224 5549 diccbat
3253 5511 3266 5546 :
3300 5493 3366 5546 In
3393 5493 3723 5545 tribulatione
3753 5493 3832 5545 di-

2237 5589 2407 5642 lutas-ti
2449 5603 2524 5639 me
2568 5585 2733 5655 (Psat.
2767 5587 2819 5640 4.
2861 5585 2940 5655 2).
2994 5585 3108 5640 Non
3160 5584 3580 5649 tribulationem,
3635 5584 3827 5652 inquit,

2300 5721 2372 5780 (a)
2400 5721 2633 5769 ttebraice
2651 5698 2823 5772 ηηὸιςε
2883 5725 3012 5778 una,
3042 5720 3112 5768 vir
3137 5730 3362 5778 prospere
3384 5730 3547 5781 agens,
3564 5730 3661 5781 quo
3680 5717 3825 5767 etiam

2242 5805 2386 5839 bt’llSll
2411 5790 2566 5837 locum
2594 5793 2800 5853 t-vyhrat
2820 5791 3179 5852 uultqsmttnnus
3205 5790 3338 5837 infra.
