4120 6490
254 430 362 487 535

248 542 513 610 ἐξῆλθεν
539 539 575 594 ὁ
611 534 874 605 ἀδελφὸς
901 531 1087 588 αὐτοῦ
1121 533 1153 586 ό
1185 528 1254 583 :6
1291 523 1687 610 σημεῖον-ἐπὶ
1728 519 1836 610 τῆς

251 605 449 694 χειρὸς
501 621 614 686 τῆς
668 616 870 683 δεξιᾶς
919 612 1272 684 δεξάμενος,
1320 612 1418 666 καὶ
1465 608 1724 662 ἐκάλεσε
1771 605 1838 658 τὸ

249 707 440 775 ὄνομα
471 702 658 760 αὑτοῦ
696 697 877 769 Ζαρᾶ,
904 700 932 753 δ
957 697 1318 771 ἑρμηνεύεται
1347 694 1600 764 άνατολή.

315 865 427 920 K61
459 865 540 919 6::
576 863 675 933 οὐχ
705 861 893 926 άπλῶς
930 860 1104 916 ταῦτα
1141 860 1456 932 γεγένηται,
1500 856 1638 911 ἀλλά
1668 853 1833 916 τύπος

238 943 311 1021 ἦν
339 949 446 1002 τών
477 946 779 1018 μελλόντων
805 945 1045 1007 ἔσεσθαι,
1075 945 1214 999 αύτά
1236 944 1386 1015 δηλοῖ
1415 942 1480 996 τά
1511 941 1831 1012 πράγματα.

243 1031 382 1085 Οὐδὲ
421 1031 531 1099 γάρ
562 1029 702 1082 κατά
736 1028 951 1098 φύσεως
998 1026 1320 1082 ἀκολουθίαν
1366 1023 1434 1098 ἦν
1481 1025 1541 1078 :6
1591 1022 1832 1092 γεγονός.

244 1112 372 1175 Πῶς
402 1110 512 1182 γάρ
547 1107 616 1182 ἦν
647 1111 892 1171 δυνατὸν,
932 1111 1070 1180 μετά
1096 1110 1158 1164 :6
1184 1109 1401 1180 δεθῆναι
1435 1108 1725 1178 τὴν-χεῖρα
1755 1103 1835 1173 τῷ

243 1194 504 1264 κοκκίνῳ,
542 1194 703 1247 πάλιν
735 1193 1088 1262 συσταλῆναι,
1117 1193 1223 1246 «καὶ
1257 1191 1440 1246 δοῦναι
1480 1187 1711 1260 πάροδον
1755 1184 1834 1256 τῷ

244 1275 387 1346 μετά
437 1275 641 1338 ταῦτα,
685 1278 734 1329 εί
772 1275 847 1346 μὴ
899 1275 1019 1328 θεία
1067 1293 1152 1338 τις
1197 1271 1266 1346 ἦν
1317 1273 1546 1343 δύναμις
1591 1274 1625 1341 ἠ
1663 1269 1835 1322 ταῦτα

241 1359 729 1428 προοικονομοῦσα,
765 1359 859 1412 καὶ
889 1357 1139 1428 καθάπερ
1167 1359 1226 1410 ἐν
1259 1359 1388 1428 σκιᾷ
1411 1373 1515 1410 τινι
1550 1352 1832 1425 ιπροδιετυ⁶

241 1442 432 1503 ποῦτο,
461 1443 544 1494 ὅτι
575 1441 634 1505 ἐξ
662 1441 840 1513 ἀρχῆς
874 1441 968 1495 καὶ
999 1443 1062 1494 ἐκ
1103 1440 1407 1511 προοιμίων
1442 1441 1470 1491 6
1498 1438 1670 1508 Ζαρᾶ,
1700 1435 1833 1506 ὅπερ

241 1525 392 1576 ἐστὶν
420 1524 650 1595 ἀνατολὴ
677 1537 699 1564 ι
733 1516 912 1592 (οὗτος
944 1524 1053 1594 γάρ
1080 1525 1109 1576 6
1133 1523 1304 1586 τύπος
1331 1522 1430 1591 τῆς
1461 1519 1830 1589 Ἐκκλησίας),

241 1607 447 1677 ἤρξατο
494 1607 850 1676 προκύπτειν,
885 1607 980 1660 καὶ
1022 1606 1216 1680 μικρὸν
1268 1604 1624 1676 προελθόντος
1667 1598 1833 1655 αὐτοῦ

241 1693 337 1744 καὶ
391 1690 870 1761 ὑποχωρήσαντος,
915 1691 948 1761 ὴ
996 1688 1195 1760 νομικὴ
1232 1689 1614 1759 παρατήρησις
1658 1690 1690 1756 ἡ
1747 1683 1835 1737 διὰ

239 1772 333 1825 τοῦ
367 1773 539 1840 Φαρὲς
589 1772 902 1844 μηνυομένη
942 1771 1252 1842 ἐπεισῆλθε.
1289 1772 1383 1824 καὶ
1430 1770 1606 1841 χρόνῳ
1656 1765 1835 1838 πολλῷ

241 1855 538 1924 κρατοῦσα,
562 1854 724 1909 πάλιν
749 1855 842 1908 τοῦ
881 1856 1145 1927 πρότερον
1175 1853 1326 1925 [594]
1352 1853 1831 1924 ὑποχωρήσαντος,

239 1938 333 1990 τοῦ
374 1940 525 2007 Ζαρᾶ
566 1938 730 2005 λέγω,
763 1937 1141 2008 προελθόντος,
1169 1935 1533 2006 παρεχώρησε
1577 1931 1737 1986 πάλιν
1765 1933 1833 2001 τῇ

239 2019 539 2090 Ἐκκλησία
560 2021 709 2072 πᾶσα
729 2020 764 2090 ἡ
795 2019 1061 2091 Ἰουδαῖκὴ
1084 2016 1328 2071 πολιτεία
1348 2035 1362 2084 ;
1395 2016 1555 2069 Ἀλλά
1575 2016 1715 2084 τάχα
1737 2013 1836 2069 νῦν

238 2104 537 2169 ἀναγκαῖον
570 2101 979 2173 συντομώτερον
1010 2102 1173 2155 πάλιν
1211 2101 1344 2155 66:6
1379 2101 1472 2153 καὶ
1499 2099 1835 2168 σαφέστερον

236 2186 435 2239 εἰπεῖν.
462 2181 756 2255 Ἤρξαντο,
809 2185 1066 2255 καθάπερ
1109 2187 1136 2238 6
1177 2185 1329 2254 Ζαρᾶ
1364 2185 1462 2253 τὴν
1497 2185 1653 2253 χεῖρα
1696 2197 1834 2252 προ-

235 2267 554 2338 εξήνεγκεν,
578 2273 605 2321 ό
632 2268 752 2320 Νῶε
789 2269 882 2320 καὶ
909 2270 937 2320 6
970 2267 1241 2339 3669669.,
1288 2267 1489 2337 μᾶλλον
1516 2265 1571 2318 δὲ
1604 2265 1711 2336 πρὸ
1737 2263 1833 2318 τοῦ

236 2352 362 2404 Νῶε
391 2353 420 2405 6
450 2352 613 2405 Ἅϐελ
645 2353 741 2406 καὶ
768 2352 797 2404 6
838 2351 1007 2420 Ἑνὼχ
1052 2351 1149 2419 τῆς
1189 2350 1325 2420 1:96;
1362 2350 1454 2402 :6v
1487 2348 1619 2402 Θεὸν
1651 2349 1838 2421 εὐαρε-

237 2435 482 2504 στήσεως
555 2435 722 2488 πολὺν
776 2433 1048 2487 ποιεῖσθαι
1103 2432 1282 2502 λόγον.
1338 2427 1471 2484 Εῐτα
1522 2423 1708 2501 ἐπειδὴ
1754 2432 1834 2494 εἰς

236 2518 446 2587 πλῆθος
486 2517 809 2582 ἐκταθέντες
838 2516 1009 2570 πολλά
1041 2517 1237 2588 φορτία
1265 2515 1682 2585 ἁμαρτημάτων
1715 2531 1836 2565 συν-

233 2601 506 2666 ελέξαντο,
557 2601 662 2654 ἔδει
695 2601 749 2655 δὲ
799 2603 1003 2671 μικράς
1052 2617 1199 2664 τινος
1241 2600 1437 2662 αὐτοὺς
1485 2595 1836 2668 παραμυθίας

234 2684 550 2748 ἀπολαύειν,
578 2685 653 2748 ώς
677 2685 806 2738 σκιά
831 2701 915 2746 τις
949 2686 978 2737 6
1002 2684 1164 2753 νόμος
1204 2683 1382 2752 ἐδόθη,
1411 2683 1508 2752 οὐχ
1534 2682 1617 2734 ὅτι
1659 2682 1836 2752 ἀμαρο

233 2767 452 2836 τήματα
481 2767 744 2838 ἀναιρῶν,
773 2766 908 2820 ἀλλά
943 2765 1115 2819 ταῦτα
1141 2766 1464 2828 ἀποδεικνὺς
1498 2766 1590 2818 καὶ
1624 2762 1836 2834 φανερά

235 2851 421 2913 αὐτοῖς
473 2849 859 2920 ἐργαζόμενος,
891 2850 977 2902 ῖνα
1034 2848 1285 2920 καθάπερ
1316 2849 1386 2902 :6
1434 2848 1596 2918 ἀτελῆ
1649 2838 1836 2901 παιδία

232 2935 468 3003 γάλακτι
501 2934 811 3004 τρεφόμενα
849 2934 930 2996 είς
973 2934 1159 3003 ἀκμὴν
1207 2934 1425 3004 ἡλικίας
1459 2931 1632 2984 ἐλθεῖν
1671 2932 1834 3000 δυνη-

235 3017 425 3072 θῶσιν.
461 3017 601 3070 Ἀλλ’
633 3015 822 3086 ἐπειδὴ
853 3015 976 3068 οὑδέ
1023 3015 1196 3079 οὕτως
1233 3015 1520 3068 ἀπώναντό
1547 3031 1599 3066 τι
1619 3055 1633 3079 ,
1675 3014 1832 3079 ἀλλὰ,

236 3102 413 3156 καίτοι
451 3101 894 3162 ὑποδεικνύοντος
927 3099 1023 3153 τοῦ
1069 3100 1234 3170 νόμου
1274 3098 1382 3152 τῶν
1417 3098 1833 3168 ἁμαρτημάτων

176 3164 202 3186 ⁸
235 3187 301 3240 τὸ
344 3183 594 3254 μέγεθος,
624 3177 770 3237 οὗτοι
820 3183 984 3235 πάλιν
1026 3164 1236 3244 τούτοις
1268 3164 1834 3253 ἀνεφύροντοξνπαρα-

236 3268 526 3337 γενόμενος
560 3269 587 3319 6
621 3265 797 3328 κοινὸς
838 3266 1116 3336 Δεσπότης
1147 3264 1245 3334 τὴν
1281 3261 1658 3333 πνευματικὴν
1698 3263 1831 3315 ταύ-

231 3366 334 3419 την
368 3351 458 3402 καὶ
508 3350 764 3420 ἐνάρετον
798 3349 1073 3402 πολιτείαν
1105 3347 1186 3416 τῷ
1226 3347 1333 3399 τῶν
1366 3345 1672 3416 ἀνθρώπων
1703 3347 1829 3414 ἐχα-

237 3433 428 3500 ρίσατο
467 3431 632 3498 γένει,
660 3427 731 3503 ἧς
762 3430 933 3484 τύπον
975 3431 1003 3480 6
1035 3431 1187 3500 Ζαρᾶ
1237 3428 1496 3499 ἐπλήρου.
1527 3429 1626 3482 Διά
1674 3427 1831 3480 τοῦτο

235 3516 331 3568 καὶ
371 3516 398 3566 6
444 3513 835 3584 εύαγγελιστὴς
872 3515 1146 3585 μέμνηται
1194 3514 1285 3565 καὶ
1333 3515 1434 3582 τῆς
1485 3511 1686 3582 Θάμαρ
1737 3514 1832 3564 καὶ

233 3597 346 3650 τῶν
393 3599 448 3664 ἐξ
499 3599 667 3668 αὐτῆς
720 3597 1046 3667 τεχθέντων,
1102 3596 1196 3648 καί
1251 3611 1448 3665 φησιν·
1497 3595 1718 3659 Ἰούδας
1763 3593 1832 3645 δὲ

234 3681 528 3751 ἐγέννησε
558 3683 662 3735 τὸν
691 3680 883 3750 Φαρὲς
910 3680 1007 3734 καὶ
1039 3680 1147 3734 τὸν
1176 3677 1336 3747 Ζαρὰ
1367 3680 1433 3732 ἐκ
1467 3676 1576 3746 τῆς
1607 3677 1826 3746 Θάμαρ.

308 3842 378 3910 γ’.
397 3842 489 3913 Μὴ
503 3843 682 3897 τοίνυν
703 3843 891 3908 ἁπλῶς
911 3843 1346 3916 παρατρέχωμεν
1363 3844 1429 3896 τὰ
1446 3845 1502 3896 ἐν
1518 3845 1639 3906 ταῖς
1658 3844 1832 3909 θείαις

235 3926 479 3996 Γραφαῖς
527 3927 788 3997 κείμενα,
833 3927 968 3999 μηδέ
1012 3925 1339 3998 ἐξεπιπολῆς
1367 3930 1480 3988 τοῖς
1512 3925 1830 3997 λεγομένοις

239 4009 615 4081 προσέχωμεν,
643 4010 757 4064 ἀλλ’
784 4013 864 4073 είς
890 4009 950 4063 :6
981 4009 1142 4079 βάθος
1168 4010 1396 4072 ἑαυτοὺς
1425 4008 1706 4072 καθέντες,
1739 4011 1834 4062 x61

235 4093 329 4144 τὸν
359 4093 780 4163 ἐναποκείμενον
807 4092 1038 4145 πλοῦτον
1060 4092 1491 4164 καταμαθόντες,
1514 4090 1829 4161 δοξάζωμεν

235 4177 328 4230 τῦν
377 4177 641 4248 ἡμέτερον
667 4177 967 4247 Δεσπότην,
1009 4176 1100 4229 τὸν
1141 4175 1279 4246 μετά
1326 4173 1592 4244 τοσαύτης
1639 4175 1832 4243 σοφίας

236 4263 453 4315 ᾶπαντα
481 4260 888 4330 οἰκονομοῦντα.
921 4260 980 4312 EE
1013 4260 1121 4328 γάρ
1157 4259 1232 4329 μὴ
1260 4259 1348 4312 τὸν
1377 4258 1578 4311 σκοπὸν
1610 4259 1703 4311 καὶ
1731 4259 1832 4328 τὴν

237 4343 419 4397 αἰτίαν
469 4343 700 4396 ἑκάστου
749 4341 861 4396 τὼν
921 4343 1226 4411 γινομένων
1275 4342 1552 4408 ἐξετάζειν
1621 4341 1829 4411 βουλοί-

239 4424 402 4495 μεθα,
433 4427 494 4477 66
528 4426 688 4494 μόνον
726 4425 932 4495 ταύτης
961 4426 1436 4494 κατηγορήσομεν,
1467 4424 1544 4488 ώς
1581 4423 1661 4494 τῷ
1697 4440 1827 4478 πεν-

236 4509 382 4582 θερῷ
432 4511 599 4580 αὐτῆς
635 4509 909 4578 μιγείσης,
938 4507 1072 4561 ἀλλά
1103 4509 1197 4560 καὶ
1236 4509 1326 4560 τὸν
1365 4506 1614 4578 Ἀϐραάμ
1654 4508 1831 4561 αἰτια-

238 4594 467 4662 σόμεθα,
498 4594 572 4656 ὼς
612 4593 958 4646 παιδοκτόνον
984 4595 1049 4662 τῇ
1082 4589 1275 4663 γνώμῃ
1301 4592 1688 4661 γεγενημένον,
1735 4593 1832 4644 καὶ

235 4677 330 4728 τὸν
355 4678 560 4738 Φινεὲς,
601 4677 674 4738 ώς
717 4678 836 4728 κατ’
882 4676 1044 4729 αὑτὸν
1071 4675 1164 4726 δύο
1197 4677 1389 4742 φόνους
1428 4674 1824 4745 ἐργασάμενον.

251 4759 377 4812 Ἐάν
403 4759 459 4812 δὲ
493 4761 724 4812 ἑκάστου
758 4761 858 4830 τὴν
892 4760 1072 4812 αἰτίαν
1107 4758 1350 4829 ἀκριϐῶς
1397 4758 1828 4826 καταμάθωμεν,

236 4845 524 4905 κάκείνους
559 4843 818 4913 μέμψεως
864 4841 1268 4912 ἀπαλλάξομεν,
1306 4841 1402 4894 καὶ
1432 4841 1586 4894 66:01
1628 4840 1830 4909 πολλὴν

234 4927 447 4978 ἐκεῖθεν
488 4928 588 4998 τὴν
620 4927 887 4994 ὠφέλειαν
949 4923 1378 4996 καρπωσόμεθα.
1420 4922 1583 4976 ’Λλλά
1625 4923 1692 4976 τά
1732 4923 1830 4992 μὲν

235 5011 377 5062 κατά
406 5010 501 5078 τὴν
544 5011 781 5081 ἱστορίαν
813 5009 1038 5079 ταύτην,
1070 5009 1145 5070 ώς
1175 5010 1306 5078 ἡμῖν
1351 5002 1462 5060 οἷόν
1494 5024 1554 5058 τε
1584 5001 1670 5076 ἦν,
1699 5007 1829 5072 διεξ-

234 5092 575 5160 εληλύθαμεν
601 5095 694 5144 ἐπὶ
729 5096 827 5163 τῆς
859 5093 1129 5164 ὑμετέρας
1154 5093 1398 5162 ἀγάπης.

312 5267 372 5318 Εἰ
403 5265 457 5317 δέ
496 5265 568 5334 μὴ
607 5264 944 5332 ἀπεκάμετε,
981 5263 1074 5315 καὶ
1119 5259 1393 5328 βούλεσθε,
1439 5257 1532 5310 καὶ
1565 5254 1672 5308 τῶν
1703 5253 1828 5323 ἑξῆς

232 5346 583 5416 ἐφαψόμεθα,
613 5349 707 5398 καὶ
740 5347 898 5398 πάλιν
930 5345 1022 5397 ἐπὶ
1053 5344 1151 5413 τὴν
1196 5343 1336 5395 κατά
1382 5342 1471 5393 τὸν
1516 5338 1830 5406 θαυμαστὸν

250 5432 448 5499 Ἰωσὴφ
496 5432 745 5499 διήγησιν
780 5427 1002 5497 ἥξομεν,
1053 5427 1138 5478 ἵνα
1193 5426 1401 5495 μάθητε
1457 5424 1550 5476 καὶ
1604 5424 1667 5474 ἐκ
1721 5420 1829 5472 τῶν

235 5519 479 5583 σήμερον
528 5512 853 5581 λεγομένων,
902 5512 1002 5563 ὅσα
1042 5511 1070 5562 6
1111 5511 1354 5575 γενναῖος
1388 5502 1540 5568 οὗτος
1594 5504 1830 5573 ἀθλητὴς

237 5599 381 5669 μετά
426 5597 494 5647 :6
542 5596 795 5666 ὀνείρατα
844 5597 1056 5658 ἐκεῖνα,
1110 5592 1177 5646 τὰ
1227 5591 1324 5662 τὴν
1361 5590 1638 5658 βασιλείαν
1683 5585 1832 5655 αὐτῷ

239 5681 520 5751 μηνύοντα
569 5681 663 5732 καὶ
718 5680 816 5748 τὴν
865 5678 1008 5731 κατὰ
1057 5677 1164 5730 τῶν
1205 5673 1451 5742 ἀδελφῶν
1492 5672 1688 5741 ἀρχὴν,
1731 5670 1832 5721 ὐπ-

236 5767 446 5834 έμεινε,
479 5765 572 5815 καὶ
609 5764 754 5823 ὅπως
804 5763 911 5814 61:6
939 5761 1166 5830 ἀγώνων
1210 5759 1417 5828 ἀγῶνες
1454 5757 1615 5809 αὐτὸν
1661 5753 1829 5807 διεδέ-

238 5866 423 5918 χοντο,
469 5848 562 5900 καὶ
609 5849 937 5917 πειρασμοῖς
983 5845 1285 5915 πειρασμοὶ
1332 5843 1685 5911 συνήπτοντο,
1737 5839 1831 5889 καὶ

237 5931 519 6001 ἐπάλληλα
560 5927 628 6000 ἦν
661 5932 728 5982 τέι
752 5931 1006 5996 ναυάγια.
1039 5929 1132 5981 καὶ
1160 5929 1186 5980 6
1227 5927 1565 5996 κυϐερνήτης
1602 5923 1663 5976 οὐ
1704 5939 1830 5974 κατ-

212 6015 574 6079 -ιποντοῖζῖῑο,
623 6016 711 6067 7.7.".
776 6015 1125 6088 σφοδροτέρου
1185 6015 1272 6063 ῖς)
1341 6025 1602 6079 λςιςιοης
1664 6015 1825 6061 :51;-

1203 417 1268 472 ΙΝ
1313 413 1466 469 CAP.
1507 406 1774 467 XXXVIII
1815 405 2063 464 GENES.
2102 403 2336 463 HOMIL.
2381 401 2540 462 LXII.

1950 519 2272 590 ισταμένου,
2327 517 2579 588 καθάπερ
2639 513 2732 567 ἐπὶ
2789 513 2899 568 τῶν
2942 511 3144 567 οἰάκων
3198 511 3541 584 καθήμενος,

1942 603 2085 656 οὕτω
2128 604 2228 673 τὴν
2281 601 2411 656 ναῦν
2458 601 2658 654 ίθυνεν.
2691 597 2877 662 Ἀξιον
2919 597 2978 650 δέ
3011 596 3246 652 ἀκοῦσαι
3294 598 3390 650 καὶ
3441 600 3542 651 αὐ-

1943 686 2049 738 τῶν
2096 687 2204 738 τῶν
2253 685 2539 755 ῥημάτων,
2580 682 2666 736 ἵνα
2704 682 2885 735 πάντα
2923 679 3062 750 μετά
3103 678 3392 750 ἀκριϐείας
3439 695 3544 748 p.6-

1943 767 2056 821 θεῖν
2106 767 2446 839 δυνηθῶμεν.
2496 765 2713 834 Ἰωσὴφ
2764 763 2864 828 δὲ,
2914 762 3084 834 φησὶ,
3149 762 3419 831 κατήχθη
3457 765 3546 828 εις

1941 850 2277 918 Αἴγυπτον,
2321 849 2417 903 καὶ
2464 847 2766 914 ἐκτήσατο
2816 847 3004 900 αὑτὸν
3043 847 3076 899 ό
3123 843 3545 914 ἀρχιμάγειρος

1941 932 2151 1000 Φαραὼ
2179 933 2248 986 ἐκ
2278 932 2475 1001 χειρὸς
2520 928 2928 1000 Ἰσμαηλιτῶν.
2965 925 3100 982 Εἶτα
3131 929 3319 996 ἐπειδὴ
3348 929 3443 981 καὶ
3490 929 3542 980 οί

1942 1017 2090 1082 παρά
2116 1015 2225 1066 τῶν
2254 1014 2500 1084 ἀδελφῶν
2531 1014 2690 1067 αὑτὸν
2721 1012 3066 1082 ὠνησάμενοι
3102 1010 3370 1081 βάρϐαροί
3396 1026 3543 1073 τινες

1941 1113 2034 1150 και
2059 1097 2338 1150 ἀλλόκοτοι
2368 1094 2510 1168 ἦσαν
2534 1097 2595 1150 τὸ
2613 1092 2765 1167 ἦθος,
2796 1096 2891 1148 καὶ
2909 1094 3070 1147 πάλιν
3088 1095 3243 1147 66:61
3267 1093 3345 1163 τῷ
3370 1093 3542 1160 Δίγυο

1940 1181 2083 1251 πτίῳ
2114 1181 2192 1251 τῷ
2241 1181 2626 1253 ἀρχιμαγείρῳ
2669 1178 2761 1232 τοῦ
2797 1179 2999 1250 Φαραὼ
3040 1179 3206 1231 αὑτὸν
3253 1175 3540 1238 ἀπέδοντο,

1939 1265 2033 1315 καὶ
2060 1263 2350 1332 διαφόρους
2378 1263 2576 1334 ῆμεισε
2617 1262 2886 1324 δεσπότας
2927 1263 2956 1314 6
3002 1263 3062 1314 ἐν
3104 1263 3228 1323 ταῖς
3272 1258 3545 1327 ἀγκάλαις

1937 1345 2032 1397 τοῦ
2091 1345 2294 1416 πατρὸς
2341 1345 2710 1415 ἀνατραφείς·
2752 1345 2841 1397 ἵνα
2873 1343 2947 1413 μὴ
2999 1341 3339 1412 ξενιζώμεθα
3384 1339 3541 1411 [595]

1940 1427 2056 1491 πῶς
2091 1429 2290 1498 ἧνεγκε
2311 1428 2408 1498 τὴν
2432 1426 2714 1498 μοχθηράν
2745 1427 2964 1496 ἐκείνην
2996 1425 3244 1478 δουλείαν
3275 1424 3399 1486 νέος
3442 1422 3539 1487 ῶν,

1939 1511 2033 1562 καὶ
2081 1512 2264 1581 πάσης
2303 1511 2561 1581 τοιαύτης
2607 1509 3029 1579 σκληραγωγίας
3062 1509 3291 1578 ἄπειρος
3313 1547 3327 1572 ,
3355 1508 3450 1561 καὶ
3481 1509 3542 1560 ἐν

1936 1595 2084 1666 οἰκίᾳ
2119 1596 2256 1664 μετά
2283 1594 2489 1665 πολλῆς
2524 1593 2623 1662 τῆς
2673 1594 2950 1664 πατρικῆς
2992 1591 3376 1663 φιλοστοργίας
3403 1593 3538 1643 ἀνα-

1933 1679 2187 1749 τραφεὶς,
2237 1678 2518 1746 ἐπήγαγεν
2560 1678 2592 1748 ἠ
2639 1676 2828 1746 Γραφὴ
2870 1676 3136 1744 λέγουσα’
3169 1676 3278 1729 Καὶ
3313 1672 3392 1746 ἦν
3420 1673 3541 1728 Κύ-

1930 1775 2064 1829 ριος
2090 1761 2243 1829 μετὰ
2294 1759 2542 1827 Ἰωσὴφ,
2598 1754 2822 1827 καὶῆν
2892 1758 3052 1825 ἀνὴρ
3095 1756 3536 1826 ἐπιτυγχάνων.

1937 1841 2003 1894 Τί
2033 1845 2168 1908 ἐστι,
2217 1844 2328 1897 Καὶ
2356 1839 2435 1913 ἦν
2468 1844 2687 1910 Κύριος
2709 1841 2860 1911 μετά
2913 1842 3176 1910 ἰωσήφς
3232 1841 3542 1911 Συμπαρῆν

1939 1925 2114 1996 αὐτῷ,
2142 1927 2330 1998 φησὶν,
2364 1929 2396 1998 ἡ
2431 1927 2639 1980 ἀνωθεν
2663 1928 2844 2000 χάρις,
2882 1928 2977 1980 καὶ
3004 1927 3148 1998 αὑτὴ
3169 1927 3319 1997 αὐτῷ
3360 1927 3540 1980 πάντα

1934 2011 2004 2064 τὰ
2032 2013 2272 2083 δυσχερῆ
2322 2009 2703 2084 ἐξευμάριξεν.
2741 2011 2892 2083 Αὕτη
2923 2014 3100 2068 πάντα
3123 2012 3192 2066 :6
3220 2011 3339 2065 κατ’
3375 2012 3541 2065 αὐτὸν

1933 2092 2235 2166 ᾠκονόμει·
2265 2095 2404 2167 αὕτη
2437 2097 2532 2150 καὶ
2560 2097 2688 2160 τοὺς
2720 2096 2995 2169 ἐμπόρους
3027 2096 3273 2159 ἐκείνους
3319 2097 3542 2167 ἡμερωο

1933 2180 2126 2250 τέρους
2173 2180 2322 2250 αὐτῷ
2360 2180 2663 2250 κατέστησε
2687 2222 2702 2245 ,
2738 2182 2832 2234 καὶ
2867 2181 3160 2234 ἀποδόσθαι
3192 2180 3269 2251 τῷ
3297 2183 3538 2252 ἀρχιμα-

1935 2262 2106 2332 γείρῳ
2141 2264 2580 2333 κατηνάγκασεν,
2619 2265 2708 2317 ῖνα
2738 2264 2845 2336 ὀδῷ
2877 2266 3191 2335 προϐαίνων
3219 2265 3362 2318 οὔτω
3398 2266 3539 2320 κατά

1937 2347 2131 2417 μικρὸν
2155 2387 2168 2410 ,
2202 2348 2296 2400 καὶ
2335 2348 2426 2401 6:6
2462 2347 2572 2400 τῶν
2623 2348 2952 2419 πειρασμῶν
2979 2348 3186 2401 τούτων
3217 2348 3415 2402 ὁδεύων
3446 2350 3540 2402 ἐπὶ

1933 2429 2024 2482 τὸν
2052 2431 2149 2500 τῆς
2177 2430 2458 2500 βασιλείας
2491 2429 2679 2501 θρόνον
2712 2431 2958 2484 ἀνελθεῖν
2988 2431 3214 2503 δυνηθῇ.
3248 2429 3408 2484 Ἀλλά
3444 2433 3534 2494 σὺ.

1932 2512 2224 2581 ἁγαπητέ,
2291 2513 2507 2566 ἀκούων
2553 2515 2635 2567 6::
2685 2514 2947 2584 ὑπέμεινε
2996 2514 3094 2586 τὴν
3142 2514 3393 2568 δουλείαν
3435 2515 3536 2586 τὴν

1934 2594 2086 2667 παρά
2125 2597 2237 2658 τοῖς
2289 2596 2556 2667 ἐμπόροις
2579 2637 2594 2662 ,
2639 2592 2758 2649 εἶτα
2805 2596 3077 2663 διεδέξατο
3109 2599 3143 2668 ἡ
3183 2596 3397 2651 δουλεία
3439 2597 3538 2651 τοῦ

1934 2678 2338 2750 ἀρχιμαγείρου
2361 2721 2376 2746 ,
2411 2678 2636 2748 λογίζου
2658 2719 2674 2745 ,
2722 2679 2843 2743 πῶς
2877 2680 2978 2734 οὐκ
3011 2682 3375 2752 ἐταράττετο,
3416 2681 3538 2735 οὐδὲ

1933 2761 2260 2830 διελογίζετο
2289 2762 2413 2816 καθ’
2446 2765 2639 2818 ἐαυτὸν
2676 2764 2772 2818 καὶ
2805 2764 3002 2836 ἠπόρει
3030 2766 3124 2818 καὶ
3157 2765 3312 2833 ἔλεγε
3331 2782 3344 2797 ·
3374 2765 3470 2828 Τίς
3499 2766 3536 2835 η

1930 2845 2040 2898 τῶν
2074 2846 2372 2916 ὀνειράτων
2401 2847 2628 2900 ἐκείνων
2650 2848 2836 2919 ἀπάτη
2867 2851 2900 2918 ὴ
2929 2841 3202 2919 τοσαύτην
3235 2848 3335 2920 τὴν
3374 2866 3536 2920 περι-

1932 2931 2163 2998 φάνειάν
2191 2948 2278 3000 μοι
2322 2931 2642 3001 μηνύουσας
2686 2931 2816 2985 Ἰδοὺ
2847 2932 2958 3002 γάρ
2991 2933 3130 3001 μετά
3177 2933 3249 2986 :6
3279 2932 3535 3001 ὀνείρατα

1933 3014 2118 3066 ἐκεῖνα
2160 3013 2408 3080 δουλεία,
2441 3015 2535 3067 καὶ
2576 3014 2793 3068 δουλεία
2831 3015 3081 3086 χαλεπὴ,
3124 3016 3221 3069 καὶ
3262 3016 3535 3080 δεσπότας

1931 3097 2148 3166 άμείὸω
2170 3138 2185 3163 ,
2217 3097 2327 3150 61:6
2362 3098 2557 3151 τούτου
2600 3098 2739 3168 πρὸς
2781 3099 3015 3159 ἐκεῖνον,
3051 3100 3147 3151 καὶ
3195 3098 3291 3152 ἀπ’
3325 3100 3536 3152 ἐκείνου

1933 3180 2071 3251 πρὸς
2116 3179 2342 3243 τοῦτον,
2387 3180 2483 3234 καὶ
2553 3179 3172 3249 ἀναγκάζομαι,ἔθεσιν
3217 3181 3534 3245 ἀλλοκότοις

1934 3261 2457 3332 συναναμίγνυσθαι.
2500 3257 2651 3333 Ἀρα
2702 3261 2776 3334 μὴ
2831 3261 3374 3335 ἐγκατελείφθημεν;
3425 3261 3538 3334 ἄρα

1935 3346 2010 3416 μὴ
2056 3345 2436 3416 παρώφθημεν
2495 3345 2644 3416 παρά
2685 3345 2786 3413 τῆς
2838 3345 3048 3399 ἀνωθεν
3099 3347 3314 3416 ροπῆς;
3369 3349 3539 3403 Ούδέν

1929 3427 2170 3480 τοιοῦτον
2198 3429 2299 3481 οὐκ
2329 3423 2504 3494 εἶπεν,
2537 3429 2636 3481 οὐκ
2665 3428 2972 3498 ἐνενόησεν,
3008 3428 3127 3481 ἀλλ’
3153 3431 3318 3501 ἔφερε
3349 3432 3536 3485 πάντα

1931 3507 2123 3581 πράως
2175 3512 2270 3565 καὶ
2316 3513 2600 3579 γενναίως.
2645 3506 2759 3565 Ἦν
2800 3511 2905 3582 γάρ
2960 3514 3180 3581 Κύριος
3213 3515 3367 3582 μετὰ
3412 3516 3535 3570 Ἰω-

1931 3592 2064 3660 σὴφ
2090 3635 2103 3655 ,
2139 3594 2235 3646 καὶ
2266 3589 2345 3663 ἦν
2376 3594 2534 3663 ἀνὴρ
2573 3595 2994 3663 ἐπιτυγχάνων
3060 3595 3126 3647 Τί
3167 3598 3337 3660 ἐστιν,
3377 3598 3535 3649 Ἐπι-

1932 3677 2266 3746 τυγχάνων.
2314 3679 2501 3732 Πάντα
2540 3678 2689 3748 αύτῷ
2725 3678 3056 3743 κατευώδου,
3095 3680 3374 3750 πανταχοῦ
3402 3697 3538 3749 προ-

1929 3761 2184 3814 ωδοποίει
2206 3761 2355 3832 αὐτῷ
2399 3764 2431 3830 η
2464 3761 2674 3815 ἀνωθεν
2702 3764 2896 3832 χάρις,
2929 3763 3025 3815 καὶ
3059 3763 3202 3816 οὕτω
3228 3766 3439 3835 φανερά
3466 3761 3536 3837 ἦν

1929 3844 1963 3912 ἡ
2001 3843 2310 3896 ἐπανθοῦσα
2337 3845 2486 3914 αύτῷ
2520 3846 2678 3916 χάρις
2700 3888 2714 3910 ,
2746 3846 2822 3908 ὼς
2864 3846 2959 3898 καὶ
2988 3844 3066 3915 τῷ
3095 3847 3334 3919 δεσπότῃ
3367 3848 3533 3903 αὐτοῦ

1930 3926 2010 3997 τῷ
2060 3927 2441 3999 ἀρχιμαγείρῳ
2480 3927 2783 3997 κατάδηλον
2831 3927 2990 3980 τοῦτο
3045 3928 3324 3994 γενέσθαι.
3365 3931 3536 4002 ’ῌδει

1929 4010 2063 4078 γὰρ,
2117 4011 2303 4081 φησὶν,
2351 4015 2384 4066 ό
2432 4014 2633 4079 κύριος
2662 4011 2872 4074 αὑτοῦ,
2911 4010 3000 4064 ὅτι
3034 4013 3254 4080 Κύριος
3296 4009 3377 4081 ἦν
3405 4015 3534 4081 μετ’

1931 4090 2138 4156 αὐτοῦ,
2172 4093 2270 4145 καὶ
2303 4093 2500 4146 πάντα
2533 4093 2649 4146 ὅσα
2681 4094 2757 4147 ἂν
2783 4092 2927 4162 ποιῇ
2947 4133 2962 4156 ,
2996 4095 3211 4161 Κύριος
3237 4095 3443 4150 εὐοδοἷ
3463 4098 3536 4150 ἐν

1932 4175 2062 4241 ταῖς
2093 4176 2306 4244 χερσὶν
2337 4176 2548 4232 αὐτοῦ.
2586 4174 2744 4244 Εὗρε
2789 4178 2855 4229 δὲ
2905 4178 3128 4246 Ἰωσὴφ
3154 4177 3335 4247 χάριν
3357 4182 3534 4233 ἐναν-

1931 4259 2063 4311 τίον
2092 4260 2200 4313 τοῦ
2247 4261 2458 4328 κυρίου
2505 4261 2729 4324 αὐτοῦ,
2780 4263 2879 4314 καὶ
2930 4261 3312 4328 κατέστησεν
3344 4266 3534 4318 αὺτίν

1930 4339 2029 4393 ἐπὶ
2061 4345 2169 4396 τοῦ
2208 4342 2380 4397 οτκου
2427 4344 2654 4407 αὑτοῦ,
2697 4343 2793 4396 καὶ
2839 4343 3036 4398 ,πάντα
3075 4345 3194 4398 ὅσα
3239 4341 3318 4413 ἦν
3370 4346 3532 4411 αὐτῴ

1930 4424 2116 4478 ἔδωκε
2141 4425 2239 4479 διὰ
2266 4425 2466 4494 χειρὸς
2497 4426 2734 4493 Ἰωσήφ.
2768 4422 2921 4490 Εἶδες
2944 4428 3069 4481 ὅσον
3115 4429 3264 4481 ἐστὶν
3293 4429 3398 4481 ὑπὸ
3429 4428 3532 4498 τῆς

1932 4506 2140 4560 ἀνωθεν
2189 4507 2503 4577 βοηθεῖσθαι
2535 4507 2752 4573 δεξιᾶς;
2796 4508 2926 4561 Ἰδοὺ
2979 4509 3088 4580 γὰρ
3140 4512 3234 4562 καὶ
3275 4511 3393 4573 νέος
3433 4512 3530 4564 καὶ

1933 4591 2084 4657 ξένος
2133 4593 2228 4643 καὶ
2265 4593 2612 4662 αἰχμάλωτος
2644 4592 2740 4645 καὶ
2772 4590 2978 4654 δοῦλος,
3015 4595 3111 4645 καὶ
3141 4597 3324 4646 πᾶσαν
3349 4597 3531 4664 ἐγχει-

1934 4675 2143 4746 ρίζεται
2176 4676 2328 4744 παρὰ
2356 4674 2449 4727 τοῦ
2481 4677 2744 4728 δεσπότου
2791 4677 2893 4746 τὴν
2931 4676 3133 4731 οὶκίαν.
3184 4677 3297 4731 Καὶ
3332 4677 3532 4732 πάντα

1931 4757 2031 4810 διὰ
2066 4757 2262 4826 χειρὸς
2307 4758 2498 4812 αὐτοῦ
2539 4757 2781 4822 δέδωκε,
2832 4759 2986 4829 φησί.
3035 4759 3134 4813 Διὰ
3178 4760 3264 4825 τί;
3311 4761 3530 4831 Ἐπειδὴ

1936 4839 2076 4908 μετά
2121 4840 2220 4910 τῆς
2265 4839 2473 4893 ἄνωθεν
2523 4841 2816 4912 συνεργίας
2846 4844 2942 4895 καὶ
2970 4842 3063 4895 τὸν
3095 4845 3294 4895 οἰκεῖον
3329 4844 3530 4913 τρόπον

1933 4925 2272 4993 εἰσήνεγκεν.
2307 4923 2636 4992 Εὺηρέστει
2670 4927 2778 4996 γάρ
2807 4925 2967 4989 αὐτῷ
2988 4965 3002 4986 ,
3034 4927 3222 4995 φησὶν,
3260 4927 3379 4979 ἀντὶ
3406 4925 3529 4993 τοῦ,

1936 5006 2088 5061 Μετὰ
2118 5007 2320 5078 πολλῆς
2347 5009 2559 5071 εὐνοίας
2588 5009 2806 5062 ᾶπαντα
2829 5008 3206 5079 διεπράττετο.
3246 5007 3377 5062 Εἶτα
3407 5009 3532 5079 βου-

1932 5091 2156 5160 λόμενος
2195 5092 2357 5144 αὑτὸν
2391 5094 2418 5144 6
2447 5093 2830 5161 φιλάνθρωπος
2855 5093 2989 5154 Θεὸς
3017 5094 3076 5145 ἐν
3107 5094 3312 5147 πλείονι
3352 5113 3528 5149 κατα-

1935 5176 2132 5246 στῆσαι
2163 5177 2315 5248 ἀδείᾳ
2335 5217 2348 5241 ,
2396 5177 2497 5229 οὐκ
2541 5175 2818 5246 ἀπήλλαξε
2849 5175 2949 5245 τῆς
2987 5177 3233 5239 δουλείας
3254 5219 3269 5242 ,
3315 5178 3437 5231 ούδέ
3469 5181 3527 5232 ἐν

1932 5257 2214 5330 ἐλευθερίᾳ
2247 5259 2664 5328 παρεσκεύασεν
2693 5254 2853 5311 εἶναι.
2893 5258 3066 5312 Τοῦτο
3097 5264 3206 5328 γὰρ
3230 5259 3380 5329 αύτῷ
3406 5261 3528 5323 ἔθος

1933 5343 2040 5402 ἀεὶ,
2095 5343 2221 5406 τοὺς
2273 5343 2562 5413 ἐναρέτους
2613 5341 2815 5412 ἀνδρας
2859 5343 2959 5395 οὐκ
3004 5342 3373 5396 ἀπαλλάττειν⁸
3419 5344 3528 5394 τῶν

1933 5425 2214 5487 κινδύνων,
2255 5426 2375 5478 ούδέ
2426 5425 2747 5496 ἐλευθεροῦν
2777 5426 2886 5478 τῶν
2920 5426 3264 5496 πειρασμῶν,
3313 5426 3430 5478 ἀλλ’
3470 5429 3528 5478 ἐν

1932 5511 2116 5581 αὐτοῖς
2160 5515 2272 5571 τοῖς
2304 5513 2634 5580 πειρασμοῖς
2665 5510 2935 5580 τοσαύτην
2982 5509 3390 5564 ἐπιδείκνυσθαι
3427 5511 3527 5580 τὴν

1931 5594 2137 5644 οἰκείαν
2170 5592 2372 5662 ῥοπὴν,
2402 5595 2477 5656 ώς
2510 5595 2707 5657 αὐτοῦς
2735 5595 2862 5656 τοὺς
2895 5596 3240 5665 πειρασμοὺς
3267 5595 3526 5646 ὑπόθεσιν

1931 5677 2113 5739 αὐτοῖς
2148 5676 2341 5746 ἑορτῆς
2384 5677 2648 5744 γίνεσθαι.
2705 5681 2803 5729 Διά
2846 5677 3005 5730 τοῦτο
3043 5680 3138 5732 καὶ
3183 5682 3210 5731 6
3253 5678 3524 5749 μακάριος

1931 5760 2094 5813 Δαυῖδ
2142 5761 2349 5828 ἐλεγενο
2404 5761 2500 5812 Ἑν
2525 5763 2727 5828 θλίψει
2756 5761 3107 5827 ἐπλάτυνὰς
3135 5780 3234 5830 με.
3265 5763 3398 5829 Οὐχὶ
3427 5761 3527 5832 τὴν

1934 5844 2114 5912 θλίψιν
2151 5844 2438 5914 ἀπήλασας
2463 5885 2476 5909 ,
2510 5846 2695 5914 φησὶν,
2727 5844 2847 5897 οῦδέ
2877 5846 3082 5914 ταύτης
3125 5844 3442 5910 ἀπαλλάξας
3469 5847 3528 5898 ἐν

1933 5928 2114 5982 ἀνέσει
2148 5945 2214 5997 με
2241 5925 2380 5981 εἷναι
2405 5929 2732 5998 πεποίηκας,
2762 5929 2876 5981 ἀλλ’
2903 5930 3039 6000 ὅπερ
3068 5929 3184 5982 ἐστί
3209 5928 3528 5999 θαυμαστὸν

1935 6013 2026 6067 7.1".
2071 6013 2363 6083 ῖῖὲς-ἀδοξον
2388 6054 2398 6072 ,
2527 6011 2672 6083 (εἰσιν
2706 6014 2807 6066 τῶν
2841 6013 3074 6082 θλίσξεων
3102 6015 3435 6085 τυγχάνοντα
3471 6011 3511 6065 ὲπ
