4170 6496
329 433 433 489 537

328 546 620 608 abstulisti,
646 561 819 615 neque
836 545 902 601 ab
918 562 981 601 ea
1014 546 1296 601 liberatum
1327 546 1379 600 in
1409 548 1795 617 tranquillitate
1819 564 1942 605 esse

334 636 546 692 voluisti
573 654 586 691 :
609 636 706 691 sed
740 636 790 691 id
822 636 963 707 quod
994 647 1078 692 est
1113 638 1455 704 miraculum,
1484 648 1541 694 et
1568 654 1824 709 perquam
1852 655 1941 692 ra-

330 746 472 796 rum,
504 728 557 783 in
591 728 769 784 medio
808 729 1169 785 tribulationis
1210 731 1586 799 constitutum,
1616 733 1821 804 absque
1850 750 1943 805 pa-

326 835 457 876 vore
480 835 602 876 esse
632 836 719 875 me
752 819 922 875 fecisti
955 838 967 873 :
1002 821 1128 876 illud
1158 836 1292 878 sane
1317 832 1372 879 ct
1408 824 1495 879 hic
1518 823 1642 880 fecit
1676 825 1941 896 benignus

327 913 607 966 Dominus.
649 912 702 967 5.
743 909 1011 966 Benedixit
1051 913 1183 967 enim
1219 915 1428 968 domum
1454 914 1697 988 AEgyptii
1734 928 1945 989 propter

321 1000 544 1071 Joseph.
580 1000 851 1057 Etdidicit
873 1012 1056 1077 postea
1089 1003 1369 1072 barbarus,
1404 1022 1527 1061 eum
1555 1007 1643 1078 qui
1670 1020 1726 1062 ut
1751 1024 1942 1065 servus

323 1092 642 1155 habebatur,
681 1093 794 1148 Deo
817 1089 1159 1164 peculiariter
1196 1106 1406 1167 gratum
1436 1112 1578 1166 esse,
1612 1097 1680 1153 Et
1707 1100 1939 1171 permisit

328 1184 501 1236 cmm'a
526 1199 641 1253 qua:
666 1182 882 1238 habebat
912 1204 965 1239 tn
993 1188 1225 1240 manibus
1250 1188 1483 1260 Joseplt;
1510 1190 1563 1245 6.
1596 1198 1644 1244 et
1676 1208 1777 1245 non
1805 1193 1937 1247 scie-

323 1276 409 1329 bat
446 1275 747 1346 quidquam,
796 1288 986 1349 prater
1013 1294 1198 1350 panem
1237 1296 1388 1351 quem
1428 1281 1742 1337 comedebat.
1774 1283 1939 1351 Quasi

323 1368 604 1423 dominum
648 1369 813 1425 totius
842 1369 1039 1425 domus
1082 1372 1381 1428 constituit.
1417 1373 1501 1428 En
1537 1389 1728 1430 servus
1763 1384 1820 1430 et
1850 1391 1941 1429 ca-

324 1462 500 1529 ptivus
524 1462 626 1516 sub
652 1477 814 1517 manu
842 1476 937 1518 sua
965 1462 1130 1519 habet
1155 1465 1334 1519 omnia
1361 1481 1481 1535 quae
1521 1477 1677 1523 erant
1707 1467 1937 1522 domini.

321 1552 495 1609 Tanta
523 1569 609 1609 res
636 1564 721 1610 est
748 1555 921 1610 virtus
950 1574 962 1608 :
988 1572 1109 1610 nam
1141 1557 1468 1629 ubicumque
1496 1558 1586 1613 illa
1607 1563 1936 1630 apparuerit,

321 1646 579 1702 omnibus
601 1647 910 1703 dominatur
928 1658 986 1704 et
1010 1650 1285 1720 prtevalet.
1318 1650 1532 1721 Etenim
1560 1651 1702 1708 sicut
1730 1654 1941 1709 oriente

321 1741 440 1797 sole
467 1741 706 1796 tenebor:
731 1741 1112 1810 discutiuntur,
1148 1745 1218 1798 ita
1259 1752 1315 1798 et
1346 1760 1487 1800 nunc
1513 1756 1809 1816 apparente
1834 1747 1940 1802 vir-

322 1842 440 1889 tute
468 1849 498 1888 e
524 1832 704 1889 medio
737 1833 940 1887 tollitur
963 1833 1141 1889 onmis
1172 1836 1396 1890 malitia.

392 1925 448 1979 4.
486 1923 631 1979 Victa
658 1942 690 1977 a
714 1923 944 1995 Joscplio
981 1943 1114 1981 uxor
1141 1927 1490 1998 Putipliaris;
1532 1929 1669 1984 Deus
1709 1933 1849 1985 solus
1871 1932 1940 1984 ti-

318 2016 538 2068 mendus
562 2015 851 2073 esl.——Sed
883 2020 1020 2073 mala
1041 2020 1208 2075 bestia
1231 2021 1497 2087 diabolus,
1529 2033 1585 2078 ut
1604 2024 1839 2095 primum
1865 2028 1942 2079 νὶ-

315 2104 398 2157 dit
423 2104 629 2173 justum
662 2116 873 2175 gratum
908 2123 1048 2175 esse,
1083 2119 1138 2164 et
1183 2126 1279 2181 per
1306 2127 1368 2167 ea
1398 2129 1518 2183 quae
1549 2125 1803 2185 putantur
1818 2131 1942 2173 esse

315 2196 544 2251 adversa
577 2198 861 2254 clariorem
904 2199 1043 2268 fieri,
1087 2199 1268 2258 fremit
1296 2202 1549 2261 dentibus
1592 2214 1646 2261 et
1691 2206 1938 2265 insanit:

319 2305 497 2361 neque
524 2290 711 2347 videre
756 2302 928 2361 potest
949 2292 1150 2363 justum
1174 2296 1413 2367 qn0tidie
1450 2300 1618 2369 magis
1663 2315 1727 2356 ac
1769 2303 1940 2372 magis

315 2382 640 2447 clarescere,
671 2382 765 2439 sed
798 2385 1119 2454 profundum
1146 2388 1456 2445 barathrum
1480 2390 1683 2457 cll'odit,
1715 2402 1769 2447 et
1793 2409 1937 2464 przc-

316 2473 559 2543 cipitium
606 2484 790 2543 parat,
844 2493 950 2546 quo
1002 2478 1148 2533 illum
1200 2482 1457 2547 maximo,
1512 2491 1569 2537 ut
1619 2483 1935 2553 arbitratur,

314 2562 515 2618 damno
541 2563 769 2629 alliciat;
803 2575 856 2620 et
897 2576 1272 2639 tempestatem
1327 2574 1561 2638 excitat,
1605 2590 1725 2645 quin
1769 2577 1939 2647 possit

317 2654 610 2711 violentum
656 2656 758 2728 ipsi
802 2659 1138 2731 naufragimn
1171 2678 1363 2733 parcre
1403 2684 1417 2720 :
1459 2668 1555 2723 sed
1597 2668 1784 2723 didicit
1827 2686 1935 2725 non

316 2759 440 2817 post
470 2749 690 2821 longum
723 2761 953 2822 tempus,
984 2769 1046 2810 se
1074 2768 1259 2811 contra
1300 2759 1578 2815 stimulum
1627 2763 1932 2833 calcitrarc,

315 2849 372 2893 ct
396 2849 582 2895 contra
622 2857 779 2895 suum
806 2853 967 2912 caput
995 2848 1209 2916 operari
1240 2850 1440 2905 omnia.
1484 2851 1553 2906 Et
1577 2865 1687 2908 erat
1714 2854 1932 2925 Ioseph,

309 2931 507 3001 inquit,
539 2933 749 3002 pulcher
776 2936 961 3004 specie,
989 2947 1035 2992 et
1067 2941 1323 3009 formosus
1348 2954 1575 3012 aspectu.
1610 2945 1789 3014 Quare
1830 2963 1935 3003 no-

317 3022 400 3078 bis
428 3027 670 3093 corporis
703 3028 1155 3095 pulchritudinem
1180 3037 1399 3089 narrat?
1420 3034 1489 3092 Ut
1511 3037 1784 3094 discamus
1808 3054 1932 3094 eum

315 3131 424 3171 non
454 3118 628 3173 solum
653 3121 827 3173 anima
861 3124 1142 3192 pulchrum
1166 3125 1354 3193 fuisse,
1384 3129 1477 3185 sed
1517 3140 1570 3185 et
1590 3147 1838 3202 corpore.
1877 3133 1932 3189 ln

315 3206 435 3274 ipso
463 3208 607 3262 enim
637 3209 771 3266 flore
799 3214 975 3268 aetatis
998 3226 1113 3271 erat
1138 3234 1150 3269 :
1175 3217 1391 3287 juvenis
1432 3232 1570 3288 erat,
1604 3232 1660 3279 et
1706 3224 1934 3280 Pulcher

311 3298 501 3363 specie,
534 3309 579 3351 et
600 3300 854 3368 formosus
878 3306 1031 3375 facie.
1056 3307 1183 3364 Haec
1212 3320 1390 3365 autem
1423 3313 1571 3382 prius
1599 3320 1838 3373 narravit
1862 3318 1933 3375 de

312 3404 381 3441 co
406 3389 706 3459 Scriptura.
756 3404 814 3448 ut
858 3396 1050 3452 doceat
1082 3416 1179 3455 nos
1214 3401 1523 3473 Egyptian)
1569 3407 1932 3467 adolescentis

314 3480 712 3549 pulchritudine
735 3498 946 3555 captam
972 3490 1037 3543 ad
1068 3492 1309 3548 illicitum
1329 3510 1450 3550 eum
1479 3501 1824 3556 concubitum
1848 3505 1926 3558 in-

310 3573 529 3628 citasse.
561 3575 613 3631 7.
644 3575 711 3629 Et
730 3579 924 3645 factum
950 3592 1024 3635 est
1045 3594 1158 3653 post
1188 3585 1314 3639 haec.
1339 3589 1476 3654 Quid
1504 3600 1606 3655 est,
1630 3592 1757 3648 Post
1781 3596 1932 3650 hinc?

315 3663 606 3734 Postquam
638 3667 689 3721 ei
719 3671 1026 3725 concredita
1059 3685 1299 3743 potestas
1338 3681 1502 3735 totius
1530 3682 1746 3749 domus,
1780 3698 1928 3756 post-

312 3772 476 3821 quam
510 3766 716 3813 tantum
745 3761 1003 3817 honorem
1025 3778 1055 3818 a
1078 3765 1298 3823 domino
1318 3784 1417 3824 suo
1437 3786 1800 3845 consequutus
1822 3789 1926 3848 est,

314 3845 498 3917 Infecit
545 3865 676 3903 uxor
714 3851 909 3906 domini
949 3856 1029 3908 sui
1075 3860 1247 3913 oculos
1291 3879 1410 3916 suos
1448 3864 1501 3917 in
1542 3864 1759 3937 Ioseph.
1794 3845 1928 3925 Vide

314 3940 776 4008 intemperantiam
827 3946 1039 4003 lasciva:
1095 3953 1358 4010 mulieris.
1392 3955 1507 4012 Non
1544 3960 1709 4015 subiit
1748 3962 1823 4016 illi
1873 3964 1927 4021 in

313 4040 547 4088 mentem
576 4051 637 4090 se
667 4035 850 4094 ltabcri
881 4040 1175 4110 dominam,
1208 4062 1313 4102 non
1342 4050 1591 4120 cogitavit
1631 4052 1783 4108 illum
1805 4070 1928 4113 esse

314 4140 550 4190 so-rvnm,
580 4127 675 4183 sed
701 4145 730 4183 a
764 4131 1096 4191 formositate
1120 4147 1294 4206 capta,
1316 4149 1372 4195 et
1390 4141 1655 4199 diabolico
1678 4146 1928 4203 incendio

314 4228 588 4286 suscepto,
617 4220 669 4274 in
708 4221 957 4291 juvenem
988 4240 1174 4298 p03tea
1214 4231 1421 4288 insilire
1462 4246 1627 4291 tentat
1655 4256 1670 4292 :
1702 4240 1929 4296 malam-

312 4324 415 4376 que
437 4309 583 4366 illam
610 4316 989 4383 cogitationem
1016 4322 1071 4375 in
1103 4335 1284 4380 mente
1309 4342 1553 4397 servans,
1589 4339 1801 4404 tempus
1837 4337 1925 4390 iii-

312 4401 562 4468 quirebat
587 4413 645 4460 et
670 4408 1039 4479 solitudinem,
1062 4430 1183 4485 qua:
1225 4431 1442 4487 pOSseiit
1468 4424 1516 4478 ci
1546 4401 1825 4496 cooperari
1859 4431 1925 4486 ad

316 4492 553 4548 illicitum
595 4510 750 4551 suum
798 4514 1070 4560 conatum.
1135 4506 1319 4563 Verum
1365 4513 1454 4567 ille
1496 4492 1663 4573 noluit
1688 4534 1709 4572 :
1749 4537 1926 4592 neque

316 4590 509 4653 paruit,
539 4606 714 4661 neque
738 4598 899 4650 verba
927 4599 1069 4655 illius
1098 4607 1358 4675 suscepit.
1388 4606 1603 4665 Sciebat
1627 4614 1771 4667 enim
1800 4590 1925 4673 hinc

313 4681 411 4734 sibi
436 4696 682 4753 magnam
716 4691 1005 4756 perniciem
1034 4699 1213 4751 enasci
1242 4717 1255 4752 :
1283 4709 1337 4754 et
1364 4717 1468 4755 non
1491 4706 1663 4760 solum
1686 4722 1773 4762 res
1797 4725 1925 4765 suas

311 4774 610 4842 spectabat,
657 4778 752 4833 sed
801 4796 1019 4850 operam
1048 4785 1211 4841 dabat
1262 4799 1320 4843 ut
1365 4801 1417 4845 et
1461 4794 1629 4862 illam,
1661 4810 1921 4866 quantmn

316 4867 569 4930 possibile
599 4880 736 4935 erat,
767 4872 837 4927 ab
868 4874 1069 4932 insama
1098 4878 1199 4933 hac
1230 4880 1503 4951 liberaret,
1535 4896 1590 4941 et
1632 4889 1701 4943 ab
1735 4891 1922 4948 illicita

314 4960 411 5012 i5ta
442 4969 875 5034 concupiscentia
909 4988 921 5020 λ
954 4981 1116 5042 atque
1157 4976 1441 5031 consilium
1471 4981 1518 5033 ei
1563 4982 1739 5049 all'crt,
1778 4988 1921 5055 qttod

309 5067 349 5102 s.
377 5049 611 5108 fticiebat
642 5056 770 5111 eiut
798 5060 1114 5127 pudelieret,
1140 5074 1194 5120 et
1222 5068 1346 5135 quid
1376 5070 1474 5124 sibi
1505 5086 1649 5128 esset
1682 5049 1924 5144 profutu-

310 5155 429 5195 rnnt
464 5158 836 5212 cognosceret.
866 5152 917 5205 8.
960 5152 1104 5207 Dixit
1142 5159 1299 5225 enim,
1337 5160 1527 5231 inquit,
1560 5169 1709 5221 uxori
1730 5170 1923 5226 domini

308 5238 385 5286 sui
421 5238 656 5301 (domina
699 5256 729 5293 a
770 5258 931 5298 servo
971 5248 1253 5303 consilium
1281 5254 1508 5324 accep‘t)
1535 5274 1548 5310 :
1580 5259 1641 5312 Si
1683 5262 1920 5318 dominus

312 5340 451 5376 uicus
475 5340 680 5396 proliter
706 5350 782 5384 me
806 5336 933 5388 nihil
960 5339 1051 5391 scit
1077 5339 1129 5391 in
1156 5342 1307 5395 domo
1328 5361 1441 5406 sua,
1475 5348 1565 5400 sed
1587 5352 1756 5405 omnia
1782 5372 1922 5425 qure-

308 5431 522 5479 cumqne
546 5420 714 5487 liabet,
744 5424 878 5479 dedit
906 5429 955 5481 in
983 5448 1162 5485 mmms
1191 5451 1347 5490 meas.
1372 5436 1416 5491 Ο
1442 5450 1650 5507 gratum
1681 5420 1922 5499 viri-aui-

308 5524 453 5561 tnum
480 5510 492 5562 !
528 5511 656 5568 Vide
696 5520 966 5585 quomodo
1004 5540 1284 5583 enumerat
1315 5530 1574 5588 beneficia
1602 5536 1828 5602 domini,
1860 5552 1919 5596 ut

306 5597 499 5697 deccat
526 5615 781 5671 quantum
815 5610 900 5663 illa
926 5626 983 5667 se
1005 5613 1265 5685 ingratint
1290 5638 1413 5691 erga
1437 5628 1716 5697 c0njugem
1736 5597 1917 5688 osten-

308 5693 417 5742 dat.
447 5691 503 5747 Si
531 5700 673 5749 enitn
702 5714 822 5769 ego,
860 5703 1025 5773 inquit
1050 5750 1061 5769 ,
1086 5713 1175 5777 qui
1214 5712 1440 5769 famulus
1469 5691 1625 5785 sunt,
1659 5723 1745 5789 qui
1791 5739 1914 5793 pcr-

307 5798 544 5846 vannus.
578 5794 668 5857 qui
694 5794 956 5861 captivus,
985 5808 1129 5852 tanta
1158 5801 1303 5856 fruor
1324 5808 1461 5873 apud
1491 5824 1611 5863 cum
1645 5812 1911 5881 libertate,

309 5884 360 5924 ut
391 5876 568 5932 omnia
608 5894 705 5936 sua
746 5882 847 5937 sub
888 5903 1047 5945 manu
1079 5908 1195 5948 mea
1231 5898 1508 5953 tradiderit
1542 5918 1552 5928 ·
1588 5912 1640 5957 et
1668 5905 1796 5961 nilnl
1827 5876 1909 5964 cst

1327 431 1391 487 IN
1430 433 1585 489 CAP.
1630 432 1881 491 XXXIX.
1924 434 2174 493 GENES.
2218 390 2451 496 llOIIlL.
2496 440 2657 497 LXII.

3565 443 3671 501 558

2052 550 2194 620 quod
2227 554 2439 625 excepit
2466 555 2535 610 de
2564 570 2725 611 manu
2763 571 2905 623 mea,
2949 564 3149 629 praeter
3188 565 3240 612 te
3281 574 3295 610 :
3325 564 3383 613 et
3420 558 3674 613 omnilnis

2050 642 2170 697 aliis
2197 660 2298 715 ego
2326 660 2579 716 praesum,
2612 646 2714 702 soli
2745 656 2925 702 autem
2963 647 3054 701 tibi
3082 648 3359 716 subjicior,
3384 664 3551 719 esqne
3578 665 3673 705 ex-

2053 739 2133 792 tra
2164 750 2338 790 meam
2371 746 2715 807 potestatein.
2771 737 2975 795 Deinde
3008 746 3067 793 ut
3105 738 3320 794 letalem
3362 739 3413 794 ei
3457 740 3670 809 plagam

2050 826 2225 894 daret,
2272 839 2327 884 et
2379 831 2430 885 in
2478 841 2715 887 mentem
2759 843 3041 886 revocaret
3068 831 3164 886 viri
3212 831 3667 894 benevolentiam,

2054 920 2511 992 pcrsuaderetque
2537 923 2584 977 ei
2619 939 2687 977 ne
2718 933 2823 977 tam
2849 923 3050 993 ingrata
3070 932 3215 979 esset
3230 938 3356 992 erga
3382 923 3669 993 conjugem

2050 1026 2229 1077 suum,
2258 1012 2430 1083 inquit
2454 1030 2466 1066 :
2494 1014 2559 1069 Et
2590 1022 2642 1067 tu
2666 1025 2950 1084 propterea
2971 1026 3120 1069 estra
3146 1023 3467 1084 potestatein
3492 1029 3669 1071 meam

2048 1118 2107 1157 es
2135 1142 2153 1168 ,
2184 1118 2250 1158 co
2275 1102 2328 1157 9.
2361 1103 2511 1170 Quod
2535 1114 2589 1157 tu
2616 1120 2750 1158 uxor
2778 1106 2889 1176 ejus
2917 1105 3005 1159 sis.
3041 1104 3173 1159 Cum
3206 1106 3367 1175 igitur
3392 1120 3525 1159 uxor
3551 1106 3672 1173 ejus

2048 1194 2143 1256 sis,
2179 1193 2448 1257 Quomodo
2488 1195 2677 1266 faciam
2725 1195 2821 1249 hoc
2869 1194 3059 1249 malunt
3105 1195 3331 1263 verbum,
3362 1208 3410 1250 et
3452 1197 3670 1267 peccatio

2049 1302 2221 1339 coram
2257 1284 2368 1341 Deo
2388 1286 2416 1341 ?
2440 1286 2705 1353 Quoniam
2727 1287 2869 1341 enim
2903 1286 2993 1342 illa
3020 1287 3368 1343 solitudinem
3398 1287 3667 1343 observa-

2051 1379 2161 1443 bat,
2194 1387 2249 1433 et
2276 1389 2489 1449 tempus
2519 1380 2866 1449 exspectabat
2900 1393 3009 1450 quo
3046 1380 3212 1434 latere
3258 1388 3441 1449 posset
3466 1379 3664 1445 virum,

2048 1480 2102 1525 et
2132 1486 2321 1527 omnes
2350 1472 2438 1541 qui
2485 1473 2538 1527 in
2584 1472 2747 1527 domo
2785 1480 2962 1540 erant,
2994 1472 3126 1527 dicit
3154 1489 3167 1525 :
3196 1472 3463 1538 Quomodo
3490 1488 3675 1543 potero

2049 1568 2219 1634 facere
2247 1566 2441 1617 malum
2484 1564 2602 1632 hoc,
2631 1575 2680 1619 et
2711 1565 2927 1632 peccabo
2951 1580 3124 1618 coram
3159 1564 3265 1618 Deo
3284 1563 3311 1616 ?
3338 1563 3477 1632 Quid
3520 1562 3667 1619 enim

2050 1659 2245 1729 putas?
2276 1660 2499 1713 Etiamsi
2553 1658 2841 1714 fecerimus
2893 1668 2952 1712 ut
3005 1673 3091 1713 res
3128 1657 3265 1712 clam
3297 1658 3368 1713 sit
3394 1657 3667 1720 omnibus,

2044 1751 2265 1808 oculum
2292 1761 2469 1808 tamen
2495 1752 2669 1819 illum,
2697 1753 2787 1823 qui
2806 1751 3101 1807 dormitare
3128 1752 3331 1822 nequit,
3362 1751 3529 1805 latere
3558 1766 3668 1805 non

2049 1845 2347 1915 poterimus
2378 1863 2392 1898 :
2426 1844 2575 1899 illum
2608 1844 2786 1899 solum
2829 1843 3021 1899 timere
3061 1852 3297 1915 Oportet,
3348 1852 3404 1897 et
3435 1850 3669 1897 tremere

2045 1952 2109 1992 ac
2136 1952 2353 2007 parere,
2386 1946 2445 1990 ut
2470 1952 2538 1991 ne
2566 1937 2618 1990 in
2645 1946 2942 2005 conspectu
2985 1935 3102 2005 ejus
3133 1934 3255 1987 mali
3283 1932 3557 2004 quidpiam
3587 1932 3665 1985 fa-

2046 2031 2279 2085 ciamus.
2308 2030 2371 2084 Et
2398 2038 2457 2084 ut
2476 2030 2748 2084 discamus
2766 2029 2897 2099 justi
2920 2027 3277 2083 excellentem
3299 2027 3580 2092 virtutem,
3612 2034 3668 2080 et

2046 2139 2172 2181 eum
2201 2139 2307 2179 non
2343 2124 2514 2179 semel
2556 2138 2732 2193 neque
2777 2124 2880 2189 bis,
2925 2123 3023 2178 sed
3063 2132 3119 2178 et
3160 2122 3360 2192 saepius
3389 2130 3666 2176 certamen

2046 2216 2150 2272 hoc
2169 2216 2510 2280 sustinuisse,
2540 2227 2595 2271 et
2618 2216 2948 2284 colloquium
2980 2214 3083 2270 hoc
3114 2214 3323 2277 tulisse,
3353 2211 3668 2268 consulere-

2045 2324 2151 2379 que
2180 2325 2286 2363 non
2309 2310 2635 2371 cessavisse,
2664 2307 2843 2364 subdit
2871 2307 3147 2377 Scriptura
3175 2325 3189 2363 :
3218 2307 3305 2362 10.
3338 2305 3467 2360 Cum
3497 2312 3667 2358 autent

2045 2398 2331 2470 loqueretur
2354 2401 2419 2455 de
2435 2402 2518 2455 die
2536 2402 2589 2454 in
2611 2402 2764 2468 diem,
2792 2410 2839 2454 et
2865 2417 2968 2454 non
2990 2399 3216 2453 obediret
3242 2398 3287 2453 ei
3314 2414 3333 2452 :
3355 2397 3445 2451 ubi
3475 2395 3665 2451 obser—

2044 2494 2190 2548 vavit
2211 2495 2265 2548 in
2298 2493 2461 2549 domo
2493 2492 2779 2548 facientem
2806 2490 3031 2562 aliquid,
3059 2490 3255 2546 assiliit
3300 2490 3354 2543 in
3380 2492 3663 2556 juvenem,

2043 2585 2185 2640 sicut
2238 2584 2350 2640 fera
2393 2586 2646 2640 dentibus
2692 2583 2967 2648 frendens,
3009 2591 3066 2638 et
3106 2579 3460 2652 apprehensis
3495 2578 3663 2633 vesti-

2044 2680 2240 2734 mentis
2290 2679 2463 2733 tenuit
2492 2695 2636 2732 cum.
2670 2676 2787 2733 Non
2842 2676 3162 2746 simpliciter
3214 2674 3319 2730 hoc
3368 2680 3663 2744 praeterea-

2045 2786 2185 2838 mus,
2236 2770 2332 2827 sed
2376 2771 2676 2842 cogitemus
2721 2778 2980 2841 quantum
3023 2778 3300 2824 certamen
3347 2765 3667 2821 sustinuerit

2037 2869 2217 2937 justus
2249 2866 2357 2921 ille.
2406 2866 2522 2920 Non
2564 2865 2708 2920 enim
2735 2872 2853 2919 erat
2894 2873 3002 2918 tam
3050 2859 3393 2926 admirabile,
3437 2866 3494 2914 ut
3530 2855 3661 2913 mihi

2041 2960 2276 3028 videtur,
2306 2960 2357 3013 in
2392 2960 2608 3013 fornace
2657 2956 2948 3029 Babylonis
2993 2955 3197 3011 versari
3244 2965 3355 3009 tres
3384 2968 3578 3023 pueros
3607 2959 3665 3006 et

2042 3053 2237 3107 illaesos
2268 3066 2606 3122 permanere,
2652 3050 2896 3121 nihilque
2922 3049 2992 3104 ab
3017 3049 3139 3120 igne
3162 3047 3269 3117 pati
3299 3046 3464 3119 (Dim.
3487 3042 3567 3115 ὅ),
3602 3051 3663 3097 ιιι

2038 3144 2355 3201 admirabile
2387 3144 2489 3198 hoc
2516 3152 2570 3199 et
2614 3158 2822 3208 rarum,
2864 3156 3059 3211 nempe
3096 3138 3472 3194 admirandum
3510 3136 3660 3189 illum

2034 3236 2287 3307 juvenem
2317 3234 2539 3290 retineri
2566 3231 2905 3287 vestimentis
2930 3246 2959 3285 a
2985 3230 3216 3285 scelesta
3245 3229 3333 3284 illa
3357 3238 3411 3281 et
3438 3227 3660 3292 lasciva,

2041 3345 2141 3385 nec
2168 3338 2346 3395 tamen
2378 3328 2453 3383 illi
2486 3326 2703 3389 cedere,
2745 3324 2842 3381 sed
2871 3332 2927 3379 et
2952 3323 3197 3379 vestibus
3223 3321 3427 3377 relictis
3457 3319 3509 3374 in
3542 3333 3659 3373 ina-

2041 3421 2199 3477 nibus
2227 3421 2371 3475 illius
2403 3420 2633 3474 resilire.
2664 3418 2815 3474 Sicut
2834 3418 2979 3473 enim
3008 3427 3118 3472 tres
3148 3416 3298 3486 pueri
3336 3415 3407 3469 illi
3440 3424 3657 3485 propter

2038 3527 2190 3567 suam
2222 3512 2475 3565 virtutem
2503 3524 2738 3580 superno
2765 3507 2886 3564 freti
2912 3508 3132 3575 auxilio,
3164 3510 3285 3579 igne
3320 3506 3654 3578 przcsmntio-

2037 3619 2127 3660 res
2160 3604 2261 3660 visi
2287 3613 2415 3659 sunt
2445 3622 2458 3658 ε
2494 3604 2563 3657 ita
2592 3612 2650 3660 et
2679 3603 2789 3667 ille,
2812 3603 2937 3674 quia
2967 3602 3110 3673 quod
3152 3602 3205 3655 in
3241 3615 3302 3656 se
3321 3608 3439 3655 erat
3468 3597 3659 3654 affere-

2037 3696 2148 3760 bat,
2180 3706 2236 3751 et
2264 3695 2614 3752 continentia:
2650 3694 2948 3751 certamina
2978 3709 3099 3749 cum
3136 3707 3330 3763 magna
3366 3690 3659 3746 exhibebat

2034 3788 2363 3856 constantia,
2409 3800 2606 3859 magno
2636 3800 2980 3857 supernoque
3009 3785 3261 3856 praesidio
3292 3782 3655 3838 muniebatur.

2034 3880 2220 3952 Neque
2245 3882 2392 3937 enim
2444 3880 2728 3950 pctuisset,
2775 3878 2998 3935 dextera
3048 3876 3143 3933 Dei
3190 3892 3298 3931 non
3328 3883 3659 3945 cooperante

2034 3972 2105 4036 ei,
2134 3980 2341 4027 tantum
2366 3983 2641 4027 certamen
2662 3981 2895 4039 certare,
2932 3979 2989 4026 et
3016 3986 3047 4025 a
3072 3969 3276 4025 retibus
3304 3968 3448 4023 illius
3479 3966 3657 4023 libidi-

2035 4077 2182 4117 nosa:
2209 4064 2454 4119 mulieris
2493 4064 2770 4135 aufugere.
2803 4064 2871 4119 Et
2903 4062 3100 4119 licebat
3130 4072 3317 4133 postea
3345 4060 3530 4116 videre
3552 4060 3655 4114 ad—

2035 4158 2337 4213 tnirabilem
2364 4158 2535 4223 illum,
2566 4160 2769 4215 nudum
2788 4159 3005 4231 quidem
3029 4159 3266 4215 vestibus
3294 4162 3463 4223 exire,
3495 4158 3654 4213 indu-

2036 4257 2146 4304 tum
2177 4262 2355 4306 autem
2400 4252 2751 4308 continentiae
2782 4252 3135 4318 vestimentis,
3180 4261 3237 4309 et
3276 4253 3431 4323 quasi
3468 4251 3538 4307 ab
3567 4251 3652 4305 in-

2032 4341 2226 4396 cendio
2268 4351 2323 4397 et
2369 4343 2588 4399 fornace
2617 4343 2845 4399 illaesum
2884 4343 3165 4415 ell'ugere:
3213 4360 3278 4399 ac
3325 4360 3432 4399 non
3477 4344 3653 4399 solum

2032 4451 2141 4489 non
2177 4435 2449 4504 adustum,
2479 4438 2573 4492 sed
2605 4448 2662 4493 et
2689 4438 2859 4493 multo
2885 4436 3225 4509 fulgidiorem
3269 4447 3325 4494 et
3364 4438 3654 4494 clariorem

2031 4527 2251 4583 factum.

2104 4622 2157 4675 5.
2188 4621 2293 4677 Sed
2327 4622 2447 4677 vide
2475 4631 2598 4693 post
2625 4632 2826 4679 tantam
2852 4625 3155 4687 victoriam,
3192 4634 3416 4695 postque
3445 4632 3649 4680 tantam

2030 4712 2421 4780 fortitudinem,
2469 4716 2624 4786 cujus
2667 4732 2828 4773 causa
2872 4717 3021 4771 illum
3060 4718 3343 4787 oportebat
3376 4719 3649 4785 coronari,

2029 4815 2086 4861 et
2130 4807 2288 4876 cujus
2335 4823 2496 4863 eausa
2554 4809 2840 4880 oportebat
2896 4811 3048 4865 illum
3099 4810 3402 4880 prtedicari,
3453 4811 3651 4868 iterum

2030 4902 2182 4971 quasi
2207 4918 2362 4958 reum
2383 4914 2436 4958 et
2462 4904 2753 4959 obnoxium
2784 4905 3069 4959 innumera
3098 4906 3452 4961 sustinentem
3483 4906 3647 4963 mala.

2030 4993 2162 5047 Nam
2189 4993 2437 5065 lEgyptia
2463 4995 2554 5050 illa
2585 5012 2692 5050 non
2720 4995 2899 5052 ferens
2922 4998 3182 5067 pudorem
3204 5009 3257 5053 et
3273 4998 3647 5069 opprobrium,

2030 5086 2082 5139 in
2114 5103 2233 5156 qua:
2271 5089 2507 5157 scipsam
2546 5088 2806 5158 injecerat
2839 5090 3191 5158 impossibilia
3219 5099 3511 5158 attentans,
3539 5094 3653 5162 pri-

2030 5195 2177 5233 mum
2204 5180 2421 5249 quidem
2449 5182 2765 5237 convocavit
2790 5196 2884 5237 eos
2908 5183 2995 5253 qui
3024 5182 3079 5237 in
3110 5184 3275 5237 domo
3297 5193 3471 5252 erant,
3496 5201 3648 5241 accn-

2028 5283 2156 5323 sans
2194 5270 2591 5325 adolescentem
2638 5291 2650 5325 :
2700 5274 3122 5344 testificaturque
3152 5276 3301 5330 illum
3332 5276 3533 5332 dixisse
3582 5294 3647 5334 ea

2026 5376 2146 5431 qua:
2175 5363 2243 5415 ab
2270 5364 2379 5432 ipsa
2403 5380 2599 5435 magno
2627 5368 2805 5422 furore
2835 5370 3106 5438 proposita
3137 5370 3368 5437 fuerant,
3394 5382 3552 5442 atque
3574 5373 3648 5427 ita

2026 5467 2217 5508 omnes
2259 5454 2511 5525 decipere
2549 5465 2738 5513 tentat.
2786 5459 2883 5516 Hic
2908 5463 3055 5517 enim
3101 5478 3220 5518 mos
3268 5473 3354 5519 est
3403 5465 3642 5528 maliti-aa.

2025 5560 2240 5615 semper
2283 5556 2469 5601 contra
2519 5552 2776 5608 virtutem
2824 5564 3045 5624 pugnat,
3090 5569 3146 5611 et
3190 5558 3237 5611 ei
3283 5574 3378 5612 sua
3426 5571 3645 5630 pet-cata

2023 5636 2332 5693 adscribere
2364 5644 2598 5711 satagit:
2634 5644 2686 5698 id
2712 5646 2853 5715 quod
2895 5657 2945 5701 et
2990 5648 3107 5703 hinc
3145 5648 3395 5714 faciebat,
3456 5650 3645 5706 adole-

2026 5740 2269 5785 scentem
2296 5734 2445 5800 quasi
2475 5735 2922 5805 intemperantem
2954 5742 3245 5796 criminans
3277 5753 3331 5797 et
3380 5758 3440 5799 se
3466 5743 3643 5800 contio

2026 5832 2220 5876 llClllliB
2252 5824 2396 5877 larva
2442 5836 2646 5896 tegens,
2682 5829 2976 5899 dicensqne
3008 5843 3227 5902 propter
3260 5833 3362 5889 hoc
3391 5845 3447 5890 et
3492 5834 3642 5888 illum

2027 5923 2202 5970 vestes
2229 5916 2532 5987 reliqutsse,
2563 5930 2616 5976 et
2643 5938 2701 5979 se
2727 5922 3014 5981 retinuisse
3041 5925 3179 5981 illas.
3219 5924 3488 5997 Benignus
3509 5934 3641 5975 νεεϊο
