4170 6468
605 373 710 434 559

609 490 749 545 Deus
781 491 892 544 lucc
919 489 1030 544 fieri
1061 488 1332 558 permittit,
1358 497 1412 541 ut
1444 503 1536 556 per
1557 487 1729 541 omnia
1758 483 2008 540 famulum
2024 499 2178 539 suum

607 583 885 636 clariorem
921 579 1136 645 efﬁciat.
1164 578 1294 633 Nam
1327 579 1439 632 hrec
1462 579 1636 632 omnia
1668 577 1895 632 venienti
1918 578 2033 629 viro
2059 590 2179 629 cum

608 685 796 739 magna
825 669 1020 723 malitia
1050 668 1181 723 dixit
1199 709 1214 732 ,
1265 678 1318 723 ct
1343 668 1734 723 adolescentem
1761 669 2027 721 accusavit
2053 704 2067 727 ,
2094 664 2179 718 di-

607 773 734 812 cens
769 776 782 812 :
814 758 898 812 l7.
933 756 1145 812 Intrauit
1168 759 1235 812 ad
1263 775 1341 812 me
1370 775 1492 828 puer
1519 757 1782 821 Πώγωνα,
1812 773 1958 826 quem
1992 753 2180 809 duxisti

607 847 674 899 ad
695 863 803 912 nos,
836 857 889 899 ut
917 849 1148 901 illuderet
1174 850 1314 901 milii.
1338 849 1382 902 0
1408 849 1597 903 misera
1627 857 1681 902 et
1700 847 2034 901 calamitosa!
2062 845 2178 899 Non

609 939 718 1005 ipse
750 940 1057 1004 introduxit,
1091 950 1147 994 ut
1188 939 1431 994 illuderet
1459 939 1549 993 tibi
1584 957 1598 991 :
1630 939 1723 992 sed
1749 937 1987 992 diabolus
2018 945 2068 990 te
2095 937 2182 989 in-

605 1028 775 1092 duxit,
805 1038 987 1084 utnon
1013 1030 1183 1086 solum
1223 1030 1459 1085 adultera
1503 1031 1675 1093 lieres,
1707 1027 1800 1081 sed
1826 1036 1879 1081 et
1909 1037 1984 1090 ut,
2016 1040 2184 1094 quan~

609 1129 720 1173 tmn
753 1121 802 1174 in
833 1129 882 1175 te
922 1121 1034 1186 fuit,
1071 1121 1410 1176 homicidium
1441 1130 1692 1188 patrares.
1728 1118 1794 1173 Et
1818 1119 2049 1172 ostendit
2089 1131 2184 1184 po-

607 1220 720 1265 stea
748 1211 812 1265 ad
835 1213 1320 1282 comprobationem
1347 1228 1528 1267 eorum
1559 1226 1678 1281 quae
1703 1210 1843 1266 dicta
1873 1218 2027 1264 erant
2050 1207 2176 1262 ado-

611 1300 858 1354 lescentis
879 1311 1072 1356 vestes.

682 1388 778 1444 Dei
803 1391 1112 1458 providentia
1131 1407 1249 1461 erga
1275 1391 1574 1460 Josephum.
1597 1421 1665 1430 --
1686 1387 1996 1452 Considera,
2023 1385 2177 1440 obse-

607 1495 720 1544 cro,
779 1481 861 1534 hic
908 1482 1202 1535 communis
1248 1486 1482 1535 omnium
1538 1479 1742 1533 Domini
1793 1477 2177 1532 clementiam:

610 1570 747 1623 sicut
777 1571 915 1624 enim
950 1587 978 1624 a
1005 1573 1254 1626 fratribus
1295 1572 1438 1626 illum
1483 1571 1695 1639 eripuit,
1737 1570 2032 1623 volentibus
2059 1584 2178 1622 cum

611 1661 907 1716 interficere
944 1679 957 1714 :
1007 1671 1059 1716 et
1099 1662 1274 1716 effecit
1309 1663 1534 1731 primum
1564 1661 1776 1731 quidem
1808 1671 1864 1716 ut
1889 1659 2181 1714 secundum

610 1753 886 1807 consilium
909 1753 1090 1807 Ruben
1119 1755 1167 1806 iu
1190 1753 1471 1808 cisternam
1498 1755 1888 1817 immitteretur,
1920 1761 1973 1807 et
1998 1760 2180 1821 postea

612 1843 798 1896 iterum
829 1843 1115 1898 secundum
1139 1845 1415 1897 consilium
1444 1843 1592 1898 Iuda:
1615 1842 2025 1912 negotiatoribus
2053 1857 2182 1894 ven-

611 1933 842 1998 deretur,
877 1941 932 1988 ut
956 1935 1282 1988 somniorum
1308 1950 1526 1990 eventus
1551 1935 1958 2003 complerentur,
1992 1931 2180 1986 fidem-

613 2041 715 2092 que
763 2025 993 2080 facerent
1026 2027 1190 2095 justo,
1238 2042 1341 2081 non
1389 2029 1576 2082 frustra
1626 2041 1796 2096 neque
1836 2035 2034 2080 temere
2071 2025 2184 2079 haec

613 2118 922 2186 przesignata
955 2117 1116 2172 fuisse
1153 2137 1165 2172 :
1197 2119 1265 2173 ita
1292 2129 1345 2174 et
1384 2136 1522 2176 nunc
1559 2135 1787 2189 superna
1837 2133 2026 2173 manus
2065 2127 2184 2172 erat

611 2223 726 2276 qua:
758 2208 1037 2263 barbarum
1070 2211 1313 2279 detinuit,
1344 2222 1398 2267 et
1423 2229 1528 2267 non
1564 2214 1800 2282 permisit
1835 2223 1889 2265 ut
1917 2212 2093 2267 statim
2116 2211 2182 2266 ad

611 2298 808 2352 caulem
834 2300 957 2368 justi
988 2301 1278 2356 festinaret.
1315 2303 1448 2369 Quid
1495 2304 1634 2358 enim
1683 2304 2035 2372 prohibuisset
2060 2318 2182 2357 eum

612 2394 712 2447 hoc
741 2392 931 2457 facere,
976 2410 1096 2448 cum
1147 2396 1460 2465 intelligeret
1502 2397 1647 2451 illum
1681 2399 1873 2450 violare
1917 2412 2069 2449 suum
2100 2395 2181 2449 le-

610 2494 752 2536 ctum
782 2485 1108 2540 tentavissc?
1154 2485 1345 2540 Verum
1392 2487 1639 2555 providus
1674 2488 1810 2541 Deus
1838 2487 1956 2542 ideo
1984 2495 2180 2541 tantam

609 2575 810 2627 curavit
851 2575 918 2628 ab
974 2576 1063 2630 illo
1101 2575 1336 2630 exhiberi
1379 2576 1736 2638 clementiam,
1783 2587 1839 2629 ut
1876 2576 2098 2644 injectus
2130 2577 2181 2629 in

609 2671 895 2723 carcerem,
926 2660 1084 2712 etiam
1117 2659 1224 2713 illic
1251 2675 1400 2714 suam
1427 2660 1717 2714 declararet
1741 2661 2004 2725 virtutem,
2033 2672 2085 2716 et
2108 2661 2186 2714 sic

611 2745 675 2798 ad
706 2748 1048 2816 principatum
1078 2750 1221 2820 regni
1253 2752 1568 2819 perveniret.
1597 2752 1683 2806 19.
1709 2753 2006 2807 Sin-censuit
2027 2755 2179 2820 mini,

614 2835 798 2903 inquit,
830 2839 1060 2892 dominus
1086 2842 1213 2910 ejus,
1254 2842 1340 2896 20.
1388 2850 1434 2895 et
1470 2842 1603 2896 misit
1630 2858 1742 2894 eum
1789 2844 1840 2894 in
1879 2843 2179 2911 custodiam,

614 2925 695 2978 ubi
718 2928 868 2979 vincti
893 2929 1023 2998 regis
1067 2929 1432 2986 detinebantur.
1475 2931 1580 2986 Sed
1627 2933 1672 2986 si
1699 2932 1913 3001 quidem
1942 2949 2045 2988 non
2066 2949 2182 2988 cre-

609 3015 787 3080 debat,
816 3033 917 3070 non
945 3019 1218 3086 oportebat
1248 3036 1366 3075 eum
1399 3022 1448 3075 in
1471 3037 1738 3077 carcerem
1768 3023 2069 3092 conjicere:
2099 3025 2180 3079 sin

610 3107 857 3162 credebat
876 3123 1058 3164 verum
1078 3125 1196 3165 esse
1224 3111 1361 3181 quod
1383 3111 1627 3183 Egyptia
1661 3111 1903 3180 finxerat,
1933 3123 2058 3168 tunc
2085 3130 2181 3170 ue-

611 3213 713 3265 que
747 3212 958 3252 carcere
997 3199 1187 3269 dignus
1215 3210 1346 3266 erat,
1391 3203 1482 3255 sed
1524 3203 1678 3271 plecti
1701 3203 1872 3271 capite
1909 3211 1964 3258 et
2000 3213 2182 3259 extre-

614 3304 750 3341 mam
800 3304 1007 3358 poenam
1058 3291 1161 3359 pati
1215 3291 1455 3346 debebat.
1517 3292 1709 3346 Verum
1767 3293 1980 3362 quando
2027 3308 2183 3349 suum

610 3379 856 3432 auxilium
889 3381 1072 3434 dextra
1104 3395 1330 3450 superna
1360 3382 1609 3445 ostendit,
1638 3384 1814 3437 omnia
1853 3385 1992 3438 levia
2022 3394 2076 3440 et
2099 3385 2176 3439 fa-

609 3469 727 3522 cilia
759 3471 916 3534 fiunt;
949 3481 1002 3525 et
1026 3472 1227 3525 feroces
1254 3474 1636 3528 mansuetiores
1657 3488 1713 3528 se
1735 3483 2004 3543 priestant.
2031 3475 2182 3531 Tunc

611 3571 784 3615 autem
831 3577 1113 3631 supernum
1161 3564 1456 3631 pra'sidium
1499 3565 1720 3620 ubertim
1761 3567 1914 3621 nobis
1958 3570 2176 3628 assistit,

609 3652 818 3716 quando
861 3654 1076 3706 multam
1106 3663 1160 3708 et
1188 3669 1285 3708 nos
1323 3656 1712 3711 ostenderimus
1738 3659 2004 3714 virtutem.
2048 3660 2178 3714 Nam

610 3741 694 3794 hic
721 3743 966 3809 quoniam
1011 3745 1228 3798 multum
1258 3747 1499 3811 certavit,
1542 3758 1817 3817 propterea
1860 3751 2020 3804 etiam
2065 3766 2180 3804 ma-

608 3847 735 3899 gnas
765 3833 1132 3887 retributiones
1159 3837 1519 3906 consequitur.
1551 3838 1616 3890 Et
1648 3848 1764 3906 post
1794 3847 1990 3892 tantam
2027 3841 2178 3894 forti-

611 3921 839 3974 tudinem
867 3923 1143 3976 abducitur
1185 3925 1234 3975 in
1266 3937 1646 3989 carcereut,.et
1681 3927 1899 3983 silenter
1935 3929 2035 3984 fert
2062 3946 2179 3983 oni-

610 4011 714 4062 nia.
745 4011 902 4065 Scitis
924 4013 1063 4066 enim
1083 4025 1283 4082 ,quauta
1330 4017 1362 4068 ii
1398 4017 1486 4085 qui
1530 4033 1633 4070 non
1676 4029 1799 4072 sunt
1844 4019 1943 4073 sibi
1982 4021 2180 4075 conscii

611 4098 859 4162 malitiae,
913 4103 1123 4170 quando
1171 4106 1305 4158 sicut
1351 4105 1424 4159 rei
1477 4106 1912 4173 condemnantur,
1968 4119 2182 4164 utantur

611 4205 751 4258 saepe
800 4192 1011 4258 fiducia,
1059 4194 1370 4264 dicendique
1415 4198 1653 4253 libertate
1704 4200 1940 4254 instructi
1982 4203 2177 4270 ingenti

609 4279 786 4333 animo
829 4280 1099 4350 insurgant
1143 4295 1324 4339 contra
1369 4303 1460 4340 eos
1509 4289 1597 4356 qui
1645 4289 1938 4345 insontibus
1975 4297 2178 4348 crimen

610 4370 886 4424 intentant.
931 4371 1126 4427 Verum
1173 4375 1260 4428 ille
1311 4391 1415 4429 non
1454 4378 1575 4431 sic:
1617 4380 1708 4432 sed
1751 4381 1890 4445 silet,
1921 4391 1973 4434 et
2000 4383 2174 4437 omnia

610 4471 878 4514 unmsuete
921 4461 1041 4528 fert,
1075 4473 1126 4517 et
1155 4479 1338 4534 magna
1366 4481 1485 4519 cum
1518 4468 1763 4536 patientia
1798 4471 1886 4524 Dei
1907 4482 2178 4539 exspectat

607 4552 919 4606 subsidium.
949 4555 1075 4609 Vide
1104 4558 1242 4609 enim
1273 4559 1538 4627 quomodo
1568 4569 1622 4615 et
1663 4561 1714 4614 in
1741 4577 1954 4616 carcere
1985 4565 2177 4630 princi-

611 4653 788 4710 patum
817 4659 1027 4698 omnem
1052 4648 1272 4714 accipiat
1296 4664 1322 4700 a
1349 4650 1566 4704 custode
1591 4654 1840 4718 carceris,
1875 4653 2029 4722 idque
2058 4673 2173 4710 tne-

609 4733 712 4784 rito
744 4749 756 4782 :
783 4731 872 4784 2|.
915 4732 1040 4786 Erat
1065 4737 1204 4789 enim
1234 4735 1481 4791 Dominus
1507 4756 1620 4792 cum
1663 4739 1872 4807 Ioseph,
1914 4744 2096 4811 inquit,
2129 4755 2176 4799 et

607 4822 889 4887 effundebat
916 4825 960 4878 ei
993 4840 1136 4878 suam
1159 4828 1569 4884 misericordiam.
1626 4831 1757 4896 Quid
1781 4841 1880 4893 est,
1923 4831 2174 4896 Effunde-

605 4915 688 4965 lmt
713 4914 754 4966 ei
781 4930 922 4966 suam
950 4915 1384 4969 misericordiam?
1407 4919 1485 4970 Ad
1520 4919 1909 4973 miserationem
1942 4921 2175 4976 inflecte-

607 5004 693 5055 but
724 5005 1026 5072 prarfcctum
1064 5009 1313 5072 carceris,
1349 5020 1400 5062 et
1438 5011 1569 5064 mire
1610 5026 1732 5080 erga
1765 5013 1909 5066 illum
1941 5013 2175 5069 benevo-

608 5094 823 5146 lentiam
850 5109 996 5148 suam
1028 5097 1280 5150 declarari
1312 5100 1525 5151 curabat
1569 5119 1581 5152 :
1628 5101 1774 5153 Dedit
1814 5106 1952 5156 enim
1985 5106 2028 5156 ei
2057 5122 2174 5174 gra-

605 5186 723 5235 tiam
744 5201 909 5236 coram
930 5187 1037 5239 illo.
1064 5186 1198 5241 Vere
1224 5189 1351 5240 nihil
1383 5190 1582 5242 beatius
1608 5205 1670 5243 eo
1691 5193 1776 5260 qui
1815 5192 1908 5245 Dei
1940 5193 2173 5248 benevo-

606 5275 760 5327 lentia
790 5275 993 5329 fruitur.
1022 5276 1112 5332 2‘2.
1149 5278 1292 5330 Dedit
1329 5281 1489 5342 enim,
1539 5280 1722 5347 inquit,
1771 5283 2031 5351 praefectus
2056 5301 2172 5336 car-

601 5367 728 5418 ceris
751 5383 992 5420 carcerem
1015 5370 1064 5421 in
1090 5387 1291 5422 manum
1312 5370 1522 5438 Joseplt.
1549 5371 1677 5426 Vide
1697 5375 1961 5441 quomodo
1992 5385 2172 5433 custos

604 5459 830 5511 carceris
871 5460 1064 5529 aliquid
1115 5462 1332 5516 honoris
1371 5464 1419 5516 ei
1463 5463 1652 5529 defert,
1701 5470 2169 5539 auctoritatemque

604 5549 651 5602 ei
677 5552 944 5617 permittit,
975 5563 1129 5622 atque
1168 5571 1352 5608 omnes
1383 5555 1471 5623 qui
1523 5556 1572 5608 in
1621 5572 1832 5611 carcere
1857 5570 2026 5625 erant,
2053 5577 2170 5616 esse

601 5642 748 5711 jubet
792 5645 890 5698 sub
941 5655 1192 5712 potestate
1231 5647 1361 5714 ejus.
1411 5647 1496 5702 9.3.
1547 5646 1613 5699 Et
1637 5651 1878 5702 nesciebat
1907 5655 2169 5718 prtefcctus

604 5737 813 5790 carceris
837 5739 1028 5807 aliquid
1055 5755 1072 5791 :
1102 5741 1266 5793 omnia
1295 5741 1422 5792 enim
1447 5755 1585 5794 erant
1613 5759 1662 5794 tn
1693 5759 1840 5795 manu
1866 5741 2075 5813 Ioseph,
2108 5760 2164 5798 co

1307 371 1360 428 S.
1400 370 1673 427 JOANNIS
1708 366 2178 426 CHRYSOSTOMI
2218 364 2532 421 ARCIIIEP.
2573 363 3105 421 CONSTANTINOP.

3765 363 3870 421 διο

2289 481 2426 551 quod
2456 479 2701 536 Dominus
2729 490 2834 533 erat
2858 497 2969 533 cum
2992 497 3070 542 eo,
3101 490 3149 533 et
3177 480 3345 532 omnia
3369 495 3483 548 que
3506 481 3614 548 ipse
3633 481 3866 548 faciebat,

2289 569 2536 624 Dominus
2560 586 2855 640 prosperare
2873 570 3085 641 faciebat
3107 569 3162 624 in
3185 570 3417 624 matribus
3435 571 3562 639 ejus.
3593 569 3870 640 Vidoquo-

2289 660 2448 715 modo
2487 660 2838 714 comitabatur
2868 674 2990 714 eum
3029 670 3286 730 perpetuo
3327 674 3556 729 superna
3599 661 3790 730 gratia,
3816 671 3870 715 et

2287 751 2460 805 oinnia
2489 764 2607 818 qua:
2630 748 2871 814 faciebat,
2900 758 3052 805 erant
3080 749 3232 819 plena
3253 750 3441 819 gratia.

2361 840 2572 895 .lfornlis
2599 841 2843 910 epilogus.
2865 839 2958 895 Dei
2978 841 3142 909 gratia
3166 841 3309 909 efﬁcit
3339 849 3394 893 ut
3417 841 3585 894 omnia
3604 839 3728 892 bene
3751 858 3868 891 sac-

2288 931 2565 985 cedant.-—
2587 929 2698 984 Hoc
2727 930 2885 999 igitur
2908 939 2964 984 et
2992 945 3088 983 nos
3129 930 3457 997 studeamus,
3496 941 3551 983 ut
3592 929 3867 983 nobiscum

2287 1034 2498 1087 semper
2523 1019 2807 1074 habeamus
2839 1021 3137 1084 Dominum,
3165 1030 3221 1074 et
3249 1029 3305 1074 ut
3332 1037 3450 1089 qua:
3473 1035 3503 1074 a
3534 1020 3686 1076 nobis
3715 1021 3868 1083 fiunt),

2287 1109 2354 1163 ab
2385 1110 2473 1164 illo
2513 1120 2907 1178 prosperentur.
2951 1109 3083 1164 Nam
3109 1111 3200 1181 qui
3245 1111 3386 1165 illius
3423 1111 3676 1164 auxilium
3719 1124 3870 1165 asse-

2286 1201 2486 1268 quitur,
2535 1202 2693 1254 etiam
2743 1201 2795 1254 in
2839 1201 3028 1256 mediis
3074 1202 3225 1256 malis
3265 1203 3531 1258 exsistens
3558 1203 3774 1268 ridebit,
3805 1216 3869 1259 ac

2287 1290 2436 1343 nihili
2466 1290 2668 1358 putabit
2692 1292 2892 1354 omnia,
2925 1291 3150 1347 Domino
3170 1293 3404 1346 omnium
3438 1293 3662 1348 faciente
3679 1303 3736 1349 et
3761 1294 3872 1350 dis-

2289 1389 2520 1447 ponente
2548 1389 2759 1442 cuncta,
2790 1390 2846 1434 ut
2876 1395 3129 1450 prosjn-re
3167 1381 3455 1436 succedant
3475 1383 3669 1446 omnia,
3712 1393 3872 1453 atque

2287 1470 2450 1523 ardua
2497 1470 2667 1525 facilia
2713 1471 2988 1526 reddente.
3034 1473 3316 1539 Quomodo
3362 1484 3540 1528 autem
3579 1477 3871 1544 poterimus

2288 1562 2565 1616 nobiscum
2615 1564 2812 1618 habere
2863 1564 3175 1630 Dominum,
3224 1565 3293 1618 ita
3342 1575 3399 1619 ut
3451 1565 3564 1632 ipso
3609 1567 3873 1636 dirigente

2288 1665 2544 1720 prospere
2574 1668 2792 1721 agamus
2820 1653 2870 1706 in
2903 1655 3189 1708 omnibus?
3215 1653 3272 1709 Si
3299 1654 3461 1709 sobrii
3489 1657 3872 1726 vigilantesth

2290 1741 2563 1808 fuerimus,
2594 1753 2649 1796 et
2679 1744 2866 1797 imitati
2898 1743 3155 1800 fuerimus
3185 1745 3398 1814 juvenis
3437 1747 3574 1801 illius
3601 1748 3875 1802 continen-

2289 1832 2412 1886 tiam
2444 1843 2497 1886 et
2523 1834 2654 1888 alias
2678 1835 2920 1900 virtutes,
2951 1837 3291 1906 animumque
3329 1853 3670 1913 generosum,
3695 1854 3758 1893 ac
3787 1841 3871 1893 vi-

2287 1925 2522 1980 derimus
2551 1927 2627 1981 sic
2655 1930 2829 1981 omnia
2881 1928 2990 1983 fieri
3021 1929 3302 1998 diligenter
3340 1939 3607 2001 oportere,
3637 1941 3694 1984 ut
3721 1946 3875 1985 num.

2287 2032 2444 2085 quam
2472 2034 2500 2070 a
2532 2018 2751 2071 Domino
2770 2021 3222 2085 condemnemur;
3251 2019 3344 2076 sed
3371 2021 3600 2096 sciamus
3618 2021 3875 2091 possibile

2289 2121 2391 2160 non
2420 2122 2558 2172 esse,
2593 2117 2647 2161 ut
2675 2111 2964 2163 occultetur
2992 2110 3189 2179 aliquid
3228 2111 3295 2165 ab
3324 2112 3479 2166 oculo
3511 2112 3601 2166 illo
3626 2114 3716 2182 qui
3741 2113 3877 2168 dor-

2287 2197 2476 2250 tnitare
2505 2197 2708 2266 nequit,
2736 2213 2918 2252 verum
2950 2214 3167 2255 necesse
3191 2201 3408 2254 omnino
3433 2215 3574 2266 esse,
3605 2211 3662 2254 ut
3704 2201 3749 2255 is
3783 2200 3879 2268 qui

2289 2296 2487 2354 peccat,
2525 2289 2795 2356 suppliciis
2829 2288 3092 2344 obnoxius
3118 2290 3226 2344 fiat.
3257 2290 3438 2361 Neque
3465 2291 3681 2361 majoris
3709 2293 3874 2347 facia-

2287 2393 2405 2431 mus
2445 2379 2688 2433 timorem
2743 2380 3038 2447 hominum,
3087 2397 3244 2452 quam
3294 2383 3707 2453 indignationem
3755 2385 3872 2446 Dei.

2287 2466 2379 2520 sed
2409 2483 2674 2523 memores
2701 2471 2869 2524 simus
2896 2486 3108 2540 semper
3128 2471 3414 2526 verborum
3453 2473 3648 2542 Joseph
3683 2473 3876 2527 dicen-

2289 2559 2356 2612 tis
2386 2576 2399 2613 :
2432 2558 2694 2622 Quomodo
2735 2561 2919 2628 faciam
2947 2564 3146 2616 verbum
3191 2563 3287 2617 hoc
3322 2565 3533 2628 malum,
3565 2576 3613 2619 et
3656 2568 3876 2634 peccabo

2290 2668 2459 2705 coram
2492 2653 2642 2706 Deo?
2671 2653 2834 2724 lgitur
2863 2654 3074 2723 quando
3115 2671 3214 2710 nos
3256 2656 3431 2725 aliqua
3461 2657 3709 2726 cogitatio
3747 2672 3875 2726 per-

2291 2745 2486 2810 turbat,
2516 2745 2616 2800 hoc
2643 2746 2693 2799 in
2720 2754 2897 2801 mente
2936 2761 3207 2802 versemus
3232 2747 3472 2815 verbum,
3504 2757 3559 2803 et
3583 2749 3767 2802 statim
3795 2747 3878 2802 ef-

2288 2837 2449 2906 fugiet
2474 2838 2645 2890 omnis
2685 2837 2863 2892 illicita
2894 2839 3340 2910 concupiscentia.
3375 2838 3554 2910 Itaque
3599 2841 3712 2895 sive
3753 2841 3874 2909 quis

2286 2940 2567 2995 corporum
2609 2929 3034 2998 concupiscentia
3077 2931 3335 2999 capiatur,
3372 2932 3483 2986 sive
3526 2933 3876 2999 pecuniarum

2286 3030 2488 3083 amore,
2520 3017 2632 3072 sive
2675 3018 2777 3072 alia
2818 3020 3042 3089 quadam
3088 3019 3314 3074 absurda
3359 3022 3650 3090 voluptate,
3690 3022 3871 3077 statim

2288 3105 2389 3162 hoc
2414 3109 2631 3178 cogitet,
2664 3110 2810 3164 illum
2849 3126 3038 3181 nempe
3065 3127 3184 3166 esse
3211 3113 3299 3182 qui
3345 3128 3440 3167 nos
3468 3113 3809 3178 condemnet,
3840 3131 3870 3168 a

2287 3214 2390 3269 quo
2416 3214 2522 3253 non
2552 3208 2634 3254 est
2652 3200 2902 3267 possibile
2923 3202 3189 3256 occultare
3215 3202 3372 3256 etiam
3393 3217 3452 3256 ea
3476 3218 3594 3272 quae
3613 3204 3663 3257 in
3692 3214 3872 3258 mento

2288 3301 2467 3344 nostra
2500 3300 2778 3345 versantur
2809 3311 2822 3345 :
2852 3301 2904 3345 et
2929 3293 3146 3345 omnino
3167 3291 3478 3363 effugiemus
3499 3294 3658 3348 etiam
3684 3294 3872 3348 diabo-

2288 3381 2414 3435 licas
2444 3383 2876 3445 machinationes,
2911 3399 3206 3454 magnoque
3233 3385 3496 3454 adjutorio
3519 3399 3758 3454 superno
3780 3388 3871 3456 ju-
3919 3379 3922 3382 ’

2287 3473 2554 3537 vabimur;
2584 3489 2688 3542 quo
2711 3474 2860 3527 nobis
2884 3473 2982 3527 frui
3013 3477 3282 3544 cootingat
3311 3477 3557 3529 omnibus
3585 3481 3753 3546 gratia
3814 3489 3869 3532 ct

2287 3564 2608 3634 benignitate
2634 3565 2840 3619 Domini
2868 3566 3031 3620 nostri
3058 3565 3409 3630 Jesquristi,
3441 3567 3524 3620 cui
3565 3582 3686 3620 cum
3713 3567 3871 3622 Patro

2285 3666 2338 3710 et
2366 3669 2548 3712 sancto
2568 3658 2763 3727 Spiritu
2791 3659 2857 3712 sit
2886 3659 3072 3728 gloria,
3107 3661 3407 3729 imperium,
3434 3660 3623 3727 honor,
3651 3675 3792 3714 nunc
3815 3669 3872 3715 et

2287 3763 2516 3819 semper,
2545 3752 2670 3805 etin
2697 3751 2888 3804 saecula
2915 3751 3248 3806 saeculorum.
3282 3752 3470 3806 Amen.

2838 3879 3108 3934 HOMILIA
3143 3879 3324 3934 LXIII.

2287 3988 2355 4043 Et
2383 3990 2626 4043 nesciebat
2665 3989 2859 4058 aliquid
2903 3994 3168 4061 prtefcetus
3192 3991 3405 4044 carceris
3432 4000 3636 4060 propter
3669 3995 3864 4064 Ioseph

2888 4082 3039 4151 (Gen.
3069 4082 3157 4139 39.
3185 4082 3296 4150 23).

2357 4195 2407 4247 1.
2443 4193 2712 4264 Reliquias
2745 4209 2930 4248 eorum
2961 4209 3081 4263 qua:
3109 4208 3137 4248 a
3181 4193 3336 4248 nobis
3375 4194 3488 4249 beri
3529 4193 3670 4249 dicta
3695 4203 3819 4248 sunt
3847 4238 3864 4261 ,

2283 4285 2524 4338 volumus
2569 4283 2728 4338 hodie
2772 4284 2995 4338 reddere
3035 4285 3242 4339 caritati
3296 4295 3488 4340 vestrm
3517 4325 3531 4348 ,
3564 4293 3618 4340 et
3668 4285 3864 4341 iterum

2283 4377 2542 4444 attingere
2573 4375 2846 4429 historiam
2869 4375 3110 4446 Josephi.
3141 4377 3297 4432 Scitis
3317 4379 3458 4431 enim
3482 4379 3733 4433 hesterno
3751 4394 3864 4434 ser-

2285 4481 2440 4518 mone
2487 4467 2736 4534 prolixius
2778 4477 3039 4531 extenso,
3073 4481 3170 4521 nos
3214 4481 3319 4521 non
3367 4468 3602 4537 potuisse
3639 4470 3866 4524 ulterius

2285 4557 2548 4626 progredi,
2580 4555 2672 4612 sed
2697 4557 2929 4610 sermoni
2956 4556 3110 4611 finem
3131 4558 3708 4630 imposuisse,quando
3737 4575 3862 4628 pro-

2283 4658 2398 4717 pter
2428 4648 2688 4718 IEgyptize
2714 4649 3032 4702 calumniam
3058 4652 3125 4702 ab
3143 4649 3492 4718 archimagiro
3517 4650 3567 4702 in
3589 4664 3862 4707 carcetem

2281 4751 2361 4792 est
2383 4739 2671 4807 conjectus.
2697 4738 2819 4792 Ideo
2842 4738 2996 4793 hodie
3025 4753 3200 4808 opera:
3230 4740 3454 4806 pretium
3487 4739 3639 4792 fuerit
3664 4740 3866 4796 docere

2281 4840 2507 4881 vestram
2535 4829 2830 4893 caritatem,
2856 4843 2974 4897 quae
3005 4829 3054 4882 in
3086 4844 3299 4882 carcere
3319 4829 3366 4882 ei
3396 4829 3704 4882 acciderint.
3730 4829 3863 4884 Nam

2285 4925 2556 4984 postquam
2580 4918 2629 4969 in
2657 4932 2925 4970 carcerem
2951 4925 3036 4972 est
3060 4919 3351 4984 cunjectus,
3381 4929 3434 4971 et
3464 4918 3689 4972 traditus
3720 4934 3864 4987 pra:-

2284 5010 2417 5060 t'ecto
2444 5008 2690 5074 carceris,
2715 5009 2872 5062 etiam
2901 5009 3006 5062 illic
3038 5019 3236 5062 tantum
3266 5009 3355 5064 Dei
3386 5009 3680 5063 subsidium
3712 5025 3866 5064 asse-

2279 5108 2476 5167 quutus
2501 5108 2583 5151 est
2606 5139 2618 5160 ,
2654 5107 2709 5152 ut
2738 5099 2898 5152 totius
2926 5099 3151 5152 carceris
3192 5101 3516 5168 principatus
3548 5115 3576 5151 a
3608 5100 3863 5167 pra-lecto

2279 5197 2508 5247 carceris
2534 5191 2631 5262 ipsi
2657 5192 3055 5247 concederetur.
3088 5192 3154 5246 Et
3183 5193 3424 5246 nesciebat
3452 5193 3645 5261 aliquid
3678 5198 3864 5264 prefe-

2277 5293 2384 5336 ctus
2407 5284 2620 5336 carceris
2651 5293 2852 5352 prOpter
2879 5282 3091 5352 Joseplt.
3121 5281 3310 5336 Vidisti
3348 5281 3616 5352 quomodo
3643 5283 3696 5335 in
3731 5283 3865 5352 ipsis

2278 5373 2530 5428 aerumnis
2555 5388 2771 5427 versans
2791 5415 2806 5437 ,
2838 5373 3212 5427 adversitatem
3241 5388 3306 5427 ne
3349 5373 3578 5426 senserit
3599 5372 3818 5440 quidem
3844 5413 3859 5438 ,

2277 5466 2367 5520 sed
2420 5465 2636 5533 provida
2676 5466 2933 5532 sapientia
2974 5465 3062 5517 Dei
3106 5463 3280 5518 omnia
3324 5476 3509 5529 aspera
3553 5461 3776 5515 verterit
3808 5464 3860 5516 in

2271 5557 2520 5625 jucunda.
2555 5556 2618 5608 Et
2658 5556 2792 5608 sicut
2834 5556 2954 5609 licet
2980 5555 3098 5622 quis
3139 5552 3473 5619 margariuun
3509 5550 3620 5604 luto
3643 5551 3855 5616 obruat,

2275 5649 2618 5702 nihilominus
2659 5650 2882 5700 nativam
2936 5649 3126 5700 retinet
3171 5641 3617 5712 pulchritudinem
3649 5685 3663 5697 .
3697 5646 3775 5698 sic
3806 5659 3858 5699 et

2279 5741 2462 5804 virtus,
2494 5754 2823 5811 quocumque
2849 5755 2961 5792 eam
2986 5736 3294 5806 projcccris,
3321 5747 3470 5790 suam
3500 5735 3608 5790 vim
3636 5737 3858 5800 exserit,
