4170 6486
310 431 417 486 53‘)

309 547 407 602 καὶ
455 539 722 617 ἠνείχετο,
770 540 856 600 ἵνα
907 543 997 597 διὰ
1041 542 1260 597 πάντων
1307 543 1398 596 τὸν
1439 542 1634 597 ἑαυτοῦ
1682 541 1902 612 οἰκέτην

307 629 702 702 λαμπρότερον
750 629 1030 700 ἀποφήνῃ.
1086 627 1274 681 Ταῦτα
1303 626 1412 698 γὰρ
1450 626 1665 680 ᾶπαντα
1698 624 1906 680 ἐλθόντι

306 712 390 783 τῷ
421 712 578 782 ἀνδρὶ
608 711 747 782 μετά
776 710 979 780 πολλῆς
1016 711 1118 780 τῆς
1169 709 1512 781 κακουργίας
1541 708 1774 762 εἰποῦσα
1814 706 1907 760 καὶ

311 798 745 869 κατηγορήσασα
779 795 872 849 τοῦ
901 796 1185 848 νεανίσκου
1209 795 1396 863 ἔλεγεν
1420 810 1434 824 ·
1458 793 1726 862 Είσῆλθε
1754 793 1904 862 πρός

304 900 384 953 με
416 887 450 937 ό
477 882 620 948 παῖς
660 885 692 935 ό
732 879 1002 949 Ἐϐραῖος
1022 924 1036 947 ,
1071 880 1144 934 ὃν
1169 880 1494 950 εἰσήγαγες
1520 881 1673 950 πρὸς
1708 879 1866 948 ἡμᾶς
1887 918 1901 941 ,

306 963 595 1032 ἐμπαῖξαι
628 980 751 1031 μοι.
809 963 993 1016 Ἀθλία
1042 963 1137 1017 καὶ
1177 963 1516 1034 ταλαίπωρε.
1569 964 1684 1018 Οὐκ
1742 963 1905 1026 αὐτὸς

309 1050 606 1119 εισήγαγεν
634 1047 775 1100 ῶστε
805 1047 1074 1118 ἐμπαῖῗαί
1103 1065 1205 1110 σοι,
1225 1048 1338 1102 ἀλλ’
1371 1050 1398 1101 ό
1421 1048 1668 1110 διάϐολός
1693 1065 1752 1100 σε
1785 1049 1904 1100 εἰσ-

310 1135 554 1202 ήγαγεν,
584 1130 726 1184 ὥστε
778 1131 854 1202 μὴ
903 1131 1063 1201 μόνον
1090 1131 1374 1201 μοιχαλίδα
1407 1131 1702 1200 γενέσθαι,
1745 1131 1902 1193 ἀλλά,

309 1217 368 1270 τὺ
394 1211 530 1286 ἧκον
563 1215 643 1276 εἰς
688 1215 770 1272 σε.
817 1216 911 1268 καὶ
950 1215 1110 1284 φόνον
1161 1215 1520 1286 ἐργάσασθαι.
1551 1216 1658 1270 Καὶ
1691 1215 1904 1268 ἐδείκνυ

308 1298 496 1353 λοιπόν
551 1301 631 1362 εἰς
656 1296 932 1364 ἀπόδειξιν
957 1297 1070 1351 τῶν
1101 1298 1233 1368 παρ’
1280 1298 1450 1369 αὐτῆς
1497 1298 1806 1370 λεγομένων
1839 1300 1907 1351 τά

310 1382 507 1452 ίμάτια
529 1381 624 1434 τοῦ
651 1380 957 1433 νεανίσκου.

391 1475 589 1530 Ἐννόει
621 1494 710 1546 μοι
741 1475 977 1529 ἐνταῦθα
1003 1474 1097 1530 τοῦ
1138 1475 1320 1529 κοινοῦ
1349 1477 1569 1530 πάντων
1599 1477 1904 1548 ἀνθρώπων

306 1563 581 1614 Δεσπότου
609 1563 708 1632 τὴν
739 1561 1171 1630 φιλανθρωπίαν.
1203 1562 1418 1633 Ὠσπερ
1450 1563 1560 1633 γάρ
1601 1561 1706 1615 τῶν
1744 1563 1902 1616 ἀδελ-

306 1645 426 1712 φῶν
471 1644 633 1697 αὑτὸν
664 1644 902 1710 ἐξείλετο
955 1645 1299 1715 βουλομένων
1345 1645 1510 1699 αὑτὸν
1541 1647 1774 1709 ἀνελεῖν,
1812 1649 1904 1699 καὶ

311 1729 699 1798 παρεσκεύασε
732 1729 998 1800 πρότερον
1030 1730 1128 1800 μὲν
1159 1730 1302 1784 κατά
1328 1731 1428 1802 τὴν
1462 1732 1774 1804 συμϐουλὴν
1809 1733 1904 1784 τοῦ

318 1813 543 1882 Ῥουϐὴν
572 1815 651 1875 εἰς
680 1812 772 1864 τὸν
807 1813 1010 1864 λάκκον
1043 1812 1404 1883 ἐμϐληθῆναι,
1437 1816 1529 1868 καὶ
1561 1815 1701 1886 μετά
1730 1815 1905 1868 ταῦτα

304 1894 468 1947 πάλιν
499 1893 637 1947 κατά
671 1894 771 1963 τὴν
803 1894 1115 1966 συμϐουλὴν
1143 1895 1236 1948 τοῦ
1290 1896 1460 1950 Ἰούδα
1490 1901 1604 1962 τοῖς
1638 1899 1904 1970 ἐμπόροις

302 1978 696 2048 διαπραθῆναι,
727 1979 815 2031 ἵνα
850 1977 957 2030 τῶν
979 1977 1278 2048 ὀνειράτων
1311 1981 1343 2048 ἠ
1377 1979 1604 2043 ἔκϐασις
1632 1983 1712 2042 εἰς
1742 1982 1904 2052 ἔργον

302 2061 534 2116 ἐλθοῦσα
568 2062 732 2133 πείσῃ
764 2062 856 2115 τὸν
890 2061 1122 2124 δίκαιον,
1166 2063 1242 2124 ὡς
1276 2063 1338 2115 οὐ
1387 2065 1567 2134 μάτην
1625 2065 1745 2117 οὐδὲ
1780 2067 1900 2136 είκῆ

303 2146 487 2198 ἐκεῖνα
515 2144 663 2215 αὐτῷ
702 2144 1083 2214 προεμηνύετο
1109 2161 1122 2173 ’
1171 2145 1316 2198 οὕτω
1345 2148 1439 2198 καὶ
1474 2146 1568 2198 νῦν
1621 2149 1653 2215 ή
1698 2148 1904 2200 ἀνωθεν

307 2230 434 2300 χεὶρ
458 2225 526 2299 ἦν
559 2230 592 2299 ή
630 2229 721 2281 τὸν
755 2227 1034 2298 βάρϐαρον
1073 2230 1282 2280 ἐκεῖνον
1314 2230 1625 2299 κατέχουσα
1645 2271 1658 2290 ,
1691 2232 1785 2283 καὶ
1830 2231 1903 2301 μὴ

297 2313 716 2382 συγχωρήσασα
759 2309 966 2373 εὐθέως
1014 2311 1108 2362 ἐπὶ
1140 2312 1240 2380 τὴν
1273 2312 1491 2381 σφαγὴν
1533 2314 1774 2382 ὁρμῆσαι
1807 2313 1902 2365 τοῦ

304 2398 606 2448 νεανίσκου.
639 2396 702 2448 Τί
733 2395 842 2466 γάρ
876 2391 942 2465 ῆν
966 2396 1026 2448 τὸ
1055 2395 1286 2456 κωλύον,
1318 2396 1560 2463 μαθόντα
1584 2397 1660 2458 ὡς
1693 2399 1773 2458 είς
1807 2397 1904 2449 αύ⁹

301 2479 411 2550 τὴν
429 2479 527 2548 τὴν
555 2478 716 2548 εὐνὴν
742 2477 1002 2546 ἀδικῆσαι
1044 2478 1206 2530 αὑτὸν
1235 2478 1561 2548 ἐπεχείρησε
1581 2520 1594 2540 ,
1631 2477 1705 2549 μὴ
1744 2476 1904 2531 τοῦτο

305 2563 568 2631 ποιῆσαι;
632 2561 772 2614 Ἀλλ’
823 2563 851 2614 ὁ
899 2562 1210 2631 εὐμήχανος
1262 2560 1391 2624 Θεὸς
1441 2562 1714 2632 τοσαύτην
1761 2580 1904 2632 παρ-

301 2645 606 2698 εσκεύασεν
634 2645 798 2698 αὐτὸν
827 2645 1200 2709 ἐπιδείξασθαι
1225 2643 1322 2714 τὴν
1354 2646 1665 2714 πραΰτητα,
1687 2647 1772 2700 ἵνα
1799 2648 1900 2713 ὲμο

303 2728 524 2798 ϐληθεὶς
554 2728 631 2798 τῷ
665 2728 1048 2798 δεσμωτηρίῳ,
1080 2727 1174 2781 καὶ
1208 2727 1374 2780 πάλιν
1403 2730 1518 2780 ἐκεῖ
1544 2729 1644 2798 τὴν
1693 2731 1902 2782 οίκείαν

301 2810 717 2881 ἐπιδειξάμενος
749 2809 974 2881 ἀρετὴν,
1001 2810 1175 2873 οὕτως
1205 2812 1298 2863 ἐπὶ
1335 2811 1434 2880 τὴν
1468 2811 1644 2881 ἀρχὴν
1676 2812 1771 2882 τῆς
1807 2813 1902 2881 βα-

302 2894 510 2957 σιλείας
549 2893 950 2964 παραγένηται.
994 2893 1300 2962 Ἐθινμώθη
1333 2897 1464 2964 γὰρ,
1505 2896 1694 2965 φησὶν,
1731 2900 1763 2950 ό
1797 2899 1900 2949 κύ-

296 2995 428 3044 ριος
468 2977 678 3036 αὐτοῦ.
712 2978 812 3031 καὶ
846 2977 1137 3032 ἐνέϐαλεν
1165 2978 1354 3030 αὐτὸν
1381 2978 1468 3043 εἰς
1500 2979 1565 3030 τὸ
1598 2980 1898 3047 ὀχύρωμα,

301 3061 458 3115 ὅπου
491 3064 544 3114 οἱ
585 3059 893 3128 δεσμῶται
930 3059 1036 3114 τοῦ
1068 3059 1380 3125 βασιλέως
1427 3061 1798 3130 κατέχονται.
1840 3062 1900 3116 Et

304 3147 405 3214 μὲν
431 3145 541 3215 γάρ
575 3143 651 3215 μὴ
681 3142 991 3204 ἐπίστευσε,
1021 3143 1122 3196 οὐκ
1157 3144 1327 3213 ἐχρῆν
1355 3144 1519 3197 αὐτὸν
1550 3143 1807 3214 ἐμϐαλεῖν
1843 3147 1902 3198 ὲν

300 3227 380 3297 τῷ
404 3226 763 3298 δεσμωτηρίῳ
782 3242 793 3254 ·
831 3227 879 3278 εί
909 3225 965 3280 δὲ
995 3225 1288 3279 ἐπίστευσε
1317 3225 1480 3280 πάλιν
1522 3227 1722 3297 ἀληθὲς
1760 3223 1900 3280 εἶναι

299 3311 366 3363 τὸ
389 3311 540 3381 παρά
569 3311 668 3381 τῆς
698 3310 1004 3377 Αἰγυπτίας
1032 3310 1348 3379 λεγόμενον,
1373 3310 1496 3363 οὐδὲ
1525 3309 1668 3363 οὕτω
1693 3310 1903 3379 δεσμω-

299 3395 497 3467 τηρίου
520 3393 672 3460 άξιος
700 3387 790 3465 ἦν,
825 3394 963 3447 ἀλλά
997 3393 1383 3463 ἀποτμηθῆναι
1420 3395 1514 3446 καὶ
1535 3393 1694 3464 δίκην
1715 3393 1899 3447 δοῦναι

297 3479 401 3547 τὴν
441 3477 694 3548 ἐσχάτην.
738 3477 877 3530 Ἀλλ’
913 3478 1042 3530 ὃταν
1075 3478 1108 3547 ὴ
1141 3476 1350 3530 ἄνωθεν
1382 3475 1533 3542 δεξιά
1572 3478 1669 3547 τὴν
1699 3477 1901 3547 ἑαυτῆς

301 3561 562 3631 πρόνοιαν
589 3559 992 3622 ἐπιδείκνυται,
1031 3561 1208 3613 πάντα
1240 3559 1440 3612 εῦκολα
1481 3561 1576 3612 καὶ
1615 3562 1779 3631 ῥᾴδια
1814 3563 1899 3628 γί-

301 3661 476 3701 νεται.
503 3645 597 3697 καὶ
620 3646 668 3696 οί
696 3643 877 3712 ἄγριοι
901 3643 1246 3713 ἡμερώτεροι
1268 3642 1645 3696 καθίστανται.
1680 3646 1813 3697 Τότε
1843 3645 1900 3697 δὲ

303 3729 454 3799 καὶὴ
483 3729 690 3783 ἄνωθεν
734 3729 876 3796 ῥοπὴ
920 3729 1057 3796 μετά
1097 3726 1375 3795 δαψιλείας
1424 3730 1554 3797 ἡμῖν
1597 3728 1897 3796 παραγίνε-

301 3831 413 3873 ται,
433 3814 560 3865 ὅταν
807 3811 900 3864 καὶ
929 3813 1089 3881 ἡμεῖς
1113 3811 1212 3882 τὴν
1245 3811 1446 3882 ἀρετὴν
1479 3811 1897 3882 ὲπιδειξώμεθα.

315 3895 535 3965 Ἐπειδὴ
560 3894 668 3965 γὰρ
697 3895 948 3964 μεγάλως
977 3890 1131 3956 οὗτος
1151 3895 1482 3962 ἠγωνίσατο,
1503 3895 1591 3946 διὰ
1618 3893 1777 3946 τοῦτο
1807 3897 1900 3948 καὶ

306 3980 560 4048 μεγάλων
585 3979 851 4031 ἀπολαύει
890 3978 995 4030 τῶν
1031 3977 1298 4048 ἀμοιϐῶν.
1333 3979 1442 4029 Καὶ
1481 3978 1619 4047 μετὰ
1648 3976 1748 4047 τὴν
1784 3995 1900 4030 τοσ-

302 4061 478 4131 αύτην
525 4061 779 4132 ἀνδρείαν
821 4062 1068 4131 ἀπήγετο
1120 4064 1202 4122 εἰς
1244 4061 1305 4112 τὸ
1349 4060 1757 4130 δεσμωτήριον,
1804 4062 1899 4113 καὶ

305 4148 433 4215 σιγῇ
460 4147 640 4197 πάντα
676 4143 968 4213 ὑπέμενεν.
1002 4144 1146 4196 Ἵστε
1176 4143 1286 4214 γὰρ
1325 4144 1473 4205 ὅπως
1504 4145 1550 4195 οῖ
1585 4144 1751 4214 μηδὲν
1773 4145 1897 4197 ἐαυ-

301 4232 414 4290 τοῖς
442 4227 741 4290 συνειδότες
774 4227 1032 4299 πονηρδν,
1062 4228 1283 4280 ἐπειδὰν
1313 4225 1388 4288 ὡς
1412 4225 1703 4279 ὑπεύθυνοι
1728 4243 1897 4281 κατα-

301 4310 655 4374 δικάζωνται,
693 4310 838 4383 πόσῃ
874 4312 1174 4381 κέχρηνται
1210 4309 1471 4372 πολλάκις
1507 4312 1574 4379 τῇ
1612 4311 1898 4381 παρρησίᾳ

302 4396 395 4447 καὶ
422 4397 491 4464 τῇ
523 4394 978 4464 ἐλευθεροστομίᾳ
1003 4433 1017 4454 ,
1053 4393 1571 4462 κατεξανιστάμενοι
1620 4397 1712 4446 καὶ
1742 4393 1894 4467 [599]

306 4477 840 4546 με’,αλοφρονοῦντες
872 4476 1014 4530 κατὰ
1046 4476 1154 4528 τῶν
1184 4476 1282 4546 τὴν
1325 4475 1482 4545 δίκην
1521 4476 1705 4540 αὐτοῖς
1740 4479 1898 4530 ἀνευ-

302 4561 484 4624 θύνοις
521 4557 670 4614 οὖσιν
698 4563 1031 4629 ἐπαγόντων.
1066 4561 1204 4614 Ἀλλ’
1233 4553 1388 4622 οὗτος
1418 4561 1515 4630 οὐχ
1546 4561 1739 4624 οὕτως,
1762 4562 1897 4616 ἀλλά

302 4645 399 4698 καὶ
444 4645 574 4716 σιγᾷ
600 4685 613 4708 ,
655 4647 748 4698 καὶ
798 4646 977 4698 πάντα
1019 4645 1210 4715 πράως
1249 4643 1483 4712 δέχεται,
1530 4644 1622 4696 καὶ
1666 4647 1895 4713 ἀνέμενε

303 4730 443 4800 μετά
469 4730 667 4798 πολλῆς
697 4730 796 4798 τῆς
821 4730 1097 4798 ὑπομονῆς
1125 4729 1225 4796 τὴν
1252 4727 1348 4779 τοῦ
1373 4727 1509 4779 Θεοῦ
1543 4730 1735 4798 ῥοπήν.
1756 4732 1897 4799 Ὀρα

297 4814 413 4884 γὰρ
448 4813 566 4876 πῶς
602 4815 696 4866 καὶ
725 4814 782 4865 ὲν
804 4812 881 4881 τῷ
910 4810 1272 4880 δεσμωτηρίῳ
1308 4808 1382 4862 ῶν
1409 4810 1573 4863 πάλιν
1602 4811 1701 4881 τὴν
1721 4813 1895 4884 ἀρχὴν

301 4899 382 4949 ἆπ
447 4915 524 4948 ·αν
569 4896 730 4958 αὐτὸς
773 4895 985 4964 ἐδέχετο
1019 4895 1170 4964 παρὰ
1199 4893 1292 4946 τοῦ
1336 4894 1779 4964 δεσμοφύλακος⁴
1814 4900 1894 4949 εί-

302 4979 510 5042 κότως·
541 4973 666 5032 Ἦν
699 4979 827 5048 γάρ,
874 4979 1042 5048 φησι,
1074 4979 1293 5044 Κύριος
1314 4977 1462 5046 μετὰ
1505 4979 1727 5047 Ἰωσὴφ
1749 5021 1763 5040 .
1797 4981 1895 5033 καὶ

299 5062 589 5132 κατέχεεν
611 5063 800 5116 αὑτοῦ
834 5063 1026 5125 ἕλεος.
1048 5062 1112 5114 Τί
1137 5063 1254 5114 ἐστι
1282 5062 1362 5124 τὸ,
1383 5062 1681 5130 Κατέχεεν
1706 5065 1895 5117 αὐτοῦ

304 5147 510 5211 Meae;
536 5145 677 5219 Πρὸς
706 5141 886 5197 οἶκτον
917 5144 1204 5214 ἐπέκαμψε
1227 5144 1318 5196 τὸν
1352 5144 1890 5216 ἀρχιδεσμοφύλακα,

301 5230 398 5282 καὶ
435 5229 635 5300 πολλὴν
663 5229 792 5299 περὶ
819 5227 980 5281 αὑτὸν
1018 5226 1114 5298 τὴν
1145 5226 1358 5280 εὔνοιαν
1387 5228 1760 5294 ἐπιδείξασθαι
1789 5247 1894 5284 πα-

307 5313 662 5381 ρεσκεύασεν·
698 5311 918 5364 Ἔδωκε
951 5312 1060 5380 γὰρ
1085 5310 1246 5375 αὐτῷ
1281 5312 1456 5379 χάριν
1481 5314 1762 5369 ἐναντίον
1789 5319 1895 5370 αὑ-

303 5394 433 5450 τοῦ.
491 5396 717 5467 Αληθῶς
745 5397 899 5448 οὐδὲν
936 5395 1402 5466 μακαριστότερον
1430 5396 1524 5449 τοῦ
1554 5399 1654 5468 τῆς
1689 5400 1896 5454 ἄνωθεν

304 5479 517 5542 εὐνοίας
568 5479 953 5540 ἀπολαύοντος.
992 5478 1212 5531 Ἔδωκε
1246 5479 1356 5549 γὰρ
1382 5521 1395 5544 ,
1432 5482 1626 5549 φησιν,
1662 5485 1689 5535 ό
1731 5485 1896 5552 ἀρχι-

300 5563 699 5632 δεσμοφύλαε
728 5563 795 5616 τὸ
826 5561 1236 5630 δεσμωτήριον
1279 5561 1376 5616 διὰ
1412 5565 1608 5631 χειρὸς
1652 5565 1731 5631 τῷ
1778 5569 1893 5622 Ἰωη

298 5645 456 5714 σήφ.
486 5647 624 5716 Ὅρα
670 5648 786 5710 πῶς
818 5648 1173 5712 ὑπεξίσταται
1201 5648 1229 5698 ό
1266 5646 1634 5716 δεσμοφύλαξ,
1666 5652 1759 5704 καὶ
1787 5670 1881 5705 πα.

307 5733 564 5801 ραχωρεῖ,
616 5733 707 5783 καὶ
758 5731 910 5801 αὐτῷ
962 5732 1062 5800 τὴν
1105 5729 1390 5783 αύθεντίαν
1442 5733 1764 5803 ἐπιτρέπει.
1803 5739 1895 5789 καὶ

301 5814 514 5874 πάντας
545 5815 672 5877 τοὺς
713 5816 770 5866 ἐν
801 5815 878 5885 τῷ
914 5813 1273 5884 δεσμωτηρίῳ
1299 5813 1404 5866 ὑπὸ
1432 5815 1529 5886 τὴν
1562 5815 1773 5868 ἐκείνου
1807 5821 1894 5884 ἐξ-

299 5899 490 5951 ηυσίαν
518 5893 655 5950 εἶναι
683 5898 956 5952 ἐκέλευσε.
990 5897 1100 5950 Καὶ
1135 5899 1248 5950 οὐκ
1271 5893 1350 5966 ἦν
1385 5901 1417 5950 ό
1443 5899 1891 5967 ἀρχιδεσμοφύ·

303 5982 424 6047 λαξ
455 5982 765 6055 γινώσκων
801 5980 1010 6038 οὐδέν’
1056 5981 1254 6034 πάντα
1295 5983 1404 6049 γὰρ
1441 5976 1520 6049 ἦν
1564 5982 1660 6036 διὰ
1695 5985 1892 6051 χειριίς

1281 419 1353 480 ΙΝ
1392 421 1544 482 CAP.
1578 418 1800 476 XXXIX
1838 415 2083 475 CENES.
2131 419 2366 474 IIOMIL.
2411 420 2568 475 LXIII
3511 421 3617 478 ῖιόθ

2029 537 2274 608 Ἰωσὴφ,
2305 537 2400 591 διὰ
2428 538 2494 592 τὸ
2527 540 2636 592 τὸν
2665 539 2886 608 Κύριον
2911 541 3039 609 μετ’
3073 539 3265 594 αὐτοῦ
3300 534 3476 600 εἶναι.
3519 546 3613 599 και

2010 619 2128 674 ὅσα
2155 623 2339 688 αὐτὸς
2374 622 2563 676 ἐποίει
2584 661 2598 683 ,
2635 623 2854 691 Κύριος
2884 622 3114 677 εὑῶδου
3143 623 3214 677 ἐν
3241 623 3374 689 ταῖς
3401 625 3619 693 χερσὶν

2009 704 2218 759 αὑτοῦ.
2257 704 2458 758 Σκόπει
2492 704 2612 768 πῶς
2649 706 2947 777 συμπαρῆν
2973 706 3123 777 αὐτῷ
3162 705 3431 776 διηνεκῶς
3462 706 3498 778 ἠ
3523 708 3618 779 χά-

2013 804 2099 858 ρις
2139 788 2173 858 ἡ
2212 785 2442 852 ἄνωθεν,
2479 787 2574 842 καὶ
2605 787 2788 842 πάντα
2820 789 2966 860 άπερ
3005 788 3246 860 ἔπραττε
3275 790 3505 860 χάριτος
3544 787 3617 860 ῆν

2012 872 2445 944 πεπληρωμένα.

2081 955 2255 1010 Τοῦτο
2296 956 2473 1010 τοίνυν
2524 955 2618 1009 καλ⁵
2665 954 2828 1026 ἡμεῖς
2877 954 3297 1026 σπουδάσωμεν,
3356 954 3445 1009 ῖνα
3493 955 3615 1027 μεθ’

2010 1039 2222 1093 ἐαυτῶν
2245 1039 2458 1110 ἔχωμεν
2478 1039 2566 1092 ἀεὶ
2595 1039 2688 1092 τὸν
2710 1039 2936 1110 Κύριον,
2966 1039 3061 1091 καί
3085 1039 3174 1090 ἵνα
3195 1042 3266 1096 τά
3295 1041 3426 1109 παρ’
3451 1041 3484 1110 ﬂ
3492 1041 3614 1109 μῶν

2009 1122 2274 1192 γινόμενα
2325 1123 2417 1175 ὑπ’
2465 1122 2679 1176 ἐκείνου
2719 1121 3111 1190 κατεξυοδῶται.
3164 1120 3224 1173 '0
3264 1121 3376 1192 γάρ
3409 1128 3614 1194 ταύτης

2008 1204 2261 1270 ἀξιωθεὶς
2287 1208 2387 1276 τῆς
2421 1205 2619 1276 ῥοπῆς,
2656 1205 2759 1260 κᾶν
2796 1203 2982 1277 μέσοις
3008 1209 3118 1269 τοῖς
3154 1206 3348 1270 δεινοῖς
3381 1205 3456 1259 ὢν
3480 1224 3612 1278 τυγ-

2008 1289 2170 1359 χάνῃ,
2206 1290 2640 1358 καταγελάσεται
2673 1288 2915 1351 πάντων,
2959 1291 3055 1343 καὶ
3097 1290 3252 1341 οὐδὲν
3298 1289 3438 1342 αὐτὰ
3467 1293 3612 1362 ἡγή-

2011 1390 2184 1436 σεται,
2226 1373 2319 1427 τοῦ
2343 1374 2618 1428 Δεσπότου
2656 1373 2766 1428 τῶν
2796 1374 2954 1441 ὅλων,
2983 1373 3077 1426 τοῦ
3113 1374 3292 1426 πάντα
3325 1374 3610 1439 ποιοῦντος

2009 1457 2103 1509 καὶ
2149 1459 2684 1526 μετασκευάζοντος,
2732 1456 3152 1520 κατευοδοῦντος
3195 1456 3347 1527 αύτῷ
3395 1458 3612 1510 ἅπαντα

2009 1542 2103 1594 καὶ
2129 1542 2197 1594 τὰ
2223 1541 2462 1611 δυσχερῆ
2497 1543 2655 1615 ῥᾴδια
2701 1540 3156 1611 άπεργαζομένου
3175 1553 3224 1594 ⁸.
3281 1540 3404 1604 Πῶς
3433 1540 3490 1594 δέ
3521 1540 3611 1594 δυ-

2007 1624 2290 1694 νησόμεθα
2319 1624 2440 1694 μεθ’
2471 1625 2682 1677 ἑαυτῶν
2707 1625 2851 1694 ἔχειν
2879 1624 2969 1676 τὸν
3003 1623 3229 1695 Κύριον,
3268 1625 3363 1676 καὶ
3395 1625 3487 1676 ὑπ’
3513 1625 3612 1676 αύ-

2006 1708 2100 1760 τοῦ
2131 1703 2572 1762 ’κατευοδοῦσθαι
2605 1710 2662 1760 ἐν
2700 1708 2938 1771 ἆπασιν;
2986 1708 3114 1760 Ἐὰν
3153 1708 3418 1777 νήφοντες
3457 1702 3611 1778 ὦμεν

2008 1792 2101 1844 καὶ
2129 1793 2524 1864 ἐγρηγορότες,
2557 1793 2652 1846 καὶ
2687 1793 3062 1862 μιμησώμεθα
3106 1792 3202 1845 τοῦ
3249 1792 3374 1848 νέου
3416 1793 3608 1846 τούτου

2006 1876 2104 1944 τὴν
2129 1875 2506 1946 σωφροσύνην,
2533 1878 2629 1929 καὶ
2666 1874 2763 1944 τὴν
2789 1874 2955 1943 ἄλλην
2998 1876 3220 1946 ἀρετὴν,
3262 1877 3355 1928 καὶ
3386 1876 3446 1929 τὸ
3476 1879 3609 1948 φρό-

2007 1975 2155 2028 νημα
2193 1959 2254 2011 τὸ
2284 1961 2560 2026 γενναῖον,
2603 1958 2694 2010 καὶ
2733 1959 2935 2027 ἴδωμεν
2979 1957 3062 2009 ὅτι
3124 1959 3269 2011 οὓτω
3310 1960 3416 2028 χρὴ
3472 1961 3610 2013 μετὰ

2005 2042 2296 2112 ἀκριϐείας
2327 2043 2544 2095 ᾶπαντα
2582 2042 3036 2113 διαπράττεσθαι,
3078 2042 3153 2105 ὡς
3186 2044 3460 2115 μηδέποτε
3504 2045 3611 2098 ὑπὸ

2005 2126 2101 2178 τοῦ
2145 2127 2420 2179 Δεσπότου
2465 2127 2959 2196 καταγνωσθῆναι,
3001 2125 3118 2179 ἀλλ’
3149 2130 3233 2179 ὅτι
3267 2129 3365 2197 οὐχ
3397 2123 3509 2181 οἷόν
3547 2120 3608 2182 τὲ

2008 2225 2126 2260 τινα
2153 2207 2335 2260 λαθεῖν
2361 2210 2569 2262 ἐκεῖνον
2603 2209 2696 2261 τὸν
2728 2210 3031 2278 ἀκοίμητον
3062 2209 3345 2279 ὀφθαλμὸν
3377 2211 3603 2272 εἰδέναι,

2007 2290 2119 2343 ἀλλ’
2155 2291 2369 2362 ἀνάγκη
2414 2293 2632 2353 πάντως
2663 2292 2756 2345 τὸν
2785 2293 3106 2362 ἁμαρτόντα
3153 2296 3275 2355 ταῖς
3305 2296 3607 2363 τιμωρίαις

2008 2373 2308 2427 ύπεύθυνον
2328 2374 2600 2443 γενέσθαι.
2628 2375 2738 2429 Καὶ
2766 2374 2840 2445 μὴ
2869 2379 3267 2446 προτιμότερον
3297 2378 3606 2448 ήγώμεοαδ

2006 2457 2095 2509 τὸν
2114 2457 2222 2509 τῶν
2239 2456 2544 2528 ἀνθρώπων
2564 2459 2726 2528 φόϐον
2755 2460 2856 2528 τῆς
2879 2459 2971 2512 τοῦ
2994 2459 3130 2512 Θεοῦ
3157 2462 3602 2532 ἀγανακτήσεως.

2008 2539 2146 2592 ἀλλά
2198 2541 2629 2610 μνημονεύωμεν
2667 2542 2757 2594 διὰ
2797 2542 2998 2606 παντὸς
3043 2542 3157 2595 τῶν
3202 2545 3466 2614 ῥημάτων
3509 2545 3605 2598 τοῦ

2020 2625 2217 2696 Ἰωσὴφ
2253 2625 2531 2692 λέγοντος·
2571 2626 2704 2690 Πῶς
2739 2625 2975 2690 ποιήσω
3014 2627 3080 2679 τὸ
3108 2625 3279 2695 ρἦα
3316 2629 3380 2681 τὸ
3418 2641 3607 2696 πονη-

1996 2709 2113 2776 ρὸν
2141 2707 2318 2762 τοῦτο
2336 2749 2349 2771 ,
2384 2709 2484 2761 καὶ
2516 2709 2936 2778 ἀμαρτήσομαι
2962 2709 3246 2763 ἐναντίον
3271 2710 3380 2765 τοῦ
3409 2711 3560 2765 Θεοῦ
3587 2729 3606 2769 :

2007 2793 2177 2845 Ὅταν
2206 2810 2290 2856 τις
2314 2789 2407 2846 οὖν
2440 2793 2699 2864 λογισμὸς
2721 2795 2869 2864 ἡμᾶς
2895 2793 3253 2867 διαταράττῃ,
3273 2795 3434 2849 τοῦτο
3458 2797 3516 2848 ἐν
3536 2799 3604 2868 τῇ

2004 2876 2214 2948 διανοίᾳ
2243 2877 2570 2946 στρέφωμεν
2607 2877 2668 2929 τὸ
2699 2880 2852 2948 ῥῆμα
2874 2918 2887 2940 ,
2922 2879 3017 2931 καὶ
3054 2881 3403 2951 παραχρῆμα
3428 2898 3606 2949 φυγα-

2004 2959 2218 3013 δεύεται
2265 2962 2414 3013 πᾶσα
2446 2961 2646 3022 ἀτοπος
2694 2961 2983 3032 ἐπιθυμία.
3037 2962 3162 3015 Εῖτε
3208 2959 3301 3016 οὖν
3332 2965 3606 3034 σωμάτων

2005 3042 2274 3113 ἐπιθυμίᾳ
2304 3061 2388 3105 τις
2419 3042 2532 3110 ἀλῶ
2559 3083 2574 3106 ,
2611 3044 2720 3096 εἴτε
2753 3045 3060 3115 χρημάτων
3095 3045 3295 3115 ἔρωτι,
3328 3049 3436 3100 εἴτε
3467 3047 3607 3120 ἄλλῃ

2004 3126 2110 3179 τινὶ
2141 3126 2329 3195 ἀτόπῳ
2357 3128 2540 3197 ἡδονῇ,
2569 3126 2778 3190 εὐθέως
2807 3125 2966 3180 τοῦτο
2992 3127 3315 3196 λογιζέσθω,
3346 3131 3428 3183 ὅτι
3460 3133 3606 3184 ἐκεῖ·

2005 3225 2092 3270 νος
2125 3209 2256 3278 ἡμῖν
2296 3210 2443 3260 ἐστιν
2472 3211 2499 3260 ό
2530 3209 2785 3272 δικάζων,
2820 3209 2878 3262 ὃν
2906 3211 3004 3280 οὐχ
3043 3207 3154 3264 οἶόν
3183 3228 3243 3264 τε
3271 3211 3454 3266 λαθεῖν
3483 3213 3605 3268 οὐδὲ

2005 3294 2070 3346 τὰ
2103 3294 2158 3344 ἐν
2189 3295 2254 3363 τῇ
2293 3293 2503 3362 διανοίᾳ
2549 3292 2948 3364 βουλευόμενα·
2989 3296 3083 3347 καὶ
3131 3297 3351 3360 πάντως
3380 3297 3607 3365 διαφευ-

2005 3375 2208 3445 ξόμεθα
2248 3378 2343 3429 καὶ⁵
2371 3376 2470 3440 τάς
2503 3377 2598 3428 τοῦ
2628 3377 2878 3430 διαϐόλου
2920 3380 3170 3451 μηχανὰς
3191 3421 3205 3443 ,
3246 3383 3340 3433 καὶ
3366 3381 3576 3435 ἀπολαύ
3595 3413 3606 3423 -

2005 3475 2172 3526 σομεν
2216 3458 2417 3527 πολλῆς
2461 3460 2562 3528 τῆς
2607 3461 2815 3513 ἀνωθεν
2866 3465 3227 3533 συμμαχίας·
3279 3461 3347 3536 ἧς
3391 3465 3606 3533 γένοιτο

2004 3544 2213 3605 πάντας
2243 3544 2390 3612 ἡμᾶς
2419 3545 2724 3614 ἐπιτυχεῖν,
2751 3547 2938 3616 χάριτι
2970 3549 3064 3600 καὶ
3086 3548 3479 3620 φιλανθρωπία
3504 3549 3602 3604 τοῦ

2003 3626 2209 3695 Κυρίου
2239 3627 2394 3696 ἡμῶν
2436 3627 2611 3696 Ἰησοῦ
2659 3628 2922 3697 Χριστοῦ,
2951 3627 3106 3700 [600]
3150 3631 3270 3700 μεθ’
3301 3628 3363 3688 o6
3389 3634 3468 3702 τῷ
3500 3635 3605 3688 Πα-

2001 3711 2112 3780 τρὶ,
2140 3710 2257 3779 ἅμα
2283 3709 2361 3780 τῷ
2389 3710 2530 3781 ἁγίῳ
2559 3711 2862 3783 Πνεύματι,
2889 3712 3038 3778 δόξα,
3075 3715 3300 3786 κράτος,
3325 3717 3482 3787 τιμὴ,
3505 3717 3603 3770 νῦν

2003 3795 2095 3847 καὶ
2123 3795 2231 3860 ἀεὶ,
2262 3794 2356 3847 καὶ
2380 3793 2460 3858 είς
2494 3797 2620 3860 τοὺς
2647 3797 2852 3859 αἰῶνας
2884 3797 2995 3850 τῶν
3022 3799 3254 3853 αἰώνων.
3299 3801 3490 3870 ’Δμήν.

2589 3929 2840 3982 ΟΜΙΛΙΑ
2881 3929 2998 3983 ΞΡ.

2001 4011 2110 4064 Καὶ
2146 4013 2257 4065 οὐκ
2294 4011 2374 4079 ἦν
2408 4013 2722 4085 γινώσκων
2758 4014 2942 4085 οὐδέν
2984 4018 3018 4067 ό
3059 4015 3601 4085 ἀρχιδεσμοφύλαε

2603 4083 2701 4135 διὰ
2739 4082 2975 4152 Ἰωσήφ.

2072 4178 2140 4232 α’.
2172 4179 2252 4232 Τά
2272 4179 2501 4248 λείψανα
2517 4178 2626 4233 τῶν
2644 4179 2772 4249 χθὲς
2801 4183 2932 4252 ἡμῖν
2955 4182 3265 4252 εἰρημένων
3291 4183 3599 4256 βουλόμεθα

2003 4262 2245 4332 σήμερον
2275 4263 2571 4317 ἀποδοῦναι
2589 4268 2654 4335 τῇ
2694 4267 2938 4335 ὑμετέρᾳ
2959 4266 3169 4338 ἀγάπῃ,
3203 4267 3297 4320 καὶ
3326 4268 3426 4337 τῆς
3455 4271 3599 4324 κατὰ

2000 4345 2093 4398 τὸν
2142 4346 2341 4416 Ἰωσὴφ
2382 4348 2547 4400 πάλιν
2583 4349 2827 4416 ἱστορίας
2869 4349 3135 4416 ἅψασθαι,
3174 4352 3320 4402 ’Ὶστε
3366 4351 3473 4422 γάρ
3511 4355 3595 4406 ὅτι

2001 4428 2126 4498 χθὲς
2147 4430 2226 4492 εἰς
2253 4429 2428 4498 μῆκος
2445 4433 2580 4500 ἡμῖν
2603 4432 2928 4495 ἐκταθέντος
2955 4432 3050 4485 τοῦ
3074 4434 3235 4501 λόγου
3255 4435 3355 4487 οὐκ
3375 4436 3597 4506 £01600-

2005 4530 2104 4582 μεν
2139 4511 2452 4583 περαιτέρω
2505 4516 2813 4585 προελθεῖν,
2853 4516 2989 4568 ἀλλά
3018 4519 3214 4588 μέχρις
3247 4519 3456 4572 ἐκείνου
3505 4520 3598 4573 τὸν

2000 4594 2159 4662 λόγον
2190 4597 2522 4666 ἐστήσαμεν,
2556 4597 2718 4666 ἡνίκα
2748 4597 2836 4650 διὰ
2858 4599 2955 4671 τὴν
2982 4600 3080 4669 τῆς
3096 4599 3402 4669 Αἰγυπτίας
3437 4619 3598 4657 συκο.

2002 4680 2231 4749 φαντίαν
2265 4680 2370 4734 ὑπὸ
2418 4680 2512 4733 τοῦ
2548 4682 2954 4753 ἀρχιμάγείρου
2998 4688 3079 4750 είς
3127 4687 3188 4738 τὸ
3221 4686 3596 4759 δεσμωτήριον

2001 4763 2285 4834 ἐνεϐλήθη.
2321 4765 2411 4816 Διὸ
2441 4765 2682 4836 σήμερον
2717 4769 3017 4834 ἀναγκαῖον
3045 4768 3252 4833 διδάξαι
3278 4770 3375 4840 τὴν
3398 4771 3598 4842 ὑμετέ⁴

2003 4863 2099 4916 ραν
2129 4847 2352 4916 ἀγάπην
2383 4848 2451 4900 τά
2471 4851 2612 4902 κατά
2647 4850 2707 4901 τὺ
2729 4851 3104 4922 δεσμωτήριον
3127 4852 3278 4922 αύτῷ
3313 4855 3594 4927 συμϐεϐηο

2002 4931 2158 4983 κότα.
2179 4931 2400 5001 Ἐπειδὴ
2424 4932 2531 5002 γάρ
2557 4933 2824 5002 ἐνεϐλήθη
2847 4937 2926 4996 εἰς
2944 4936 3003 4986 τὸ
3019 4935 3302 5006 ὀχύρωμα,
3328 4941 3421 4992 καὶ
3454 4956 3595 5009 παρα

1999 5013 2155 5083 εδόθη
2204 5012 2282 5082 τῷ
2331 5015 2858 5085 ἀρχιδεσμοφύλακι,
2898 5019 3058 5070 κάκεῖ
3098 5021 3336 5089 τοσαύτη
3369 5021 3596 5089 γέγονεν

2003 5099 2085 5159 εἰς
2115 5098 2278 5150 αὑτὸν
2296 5101 2330 5168 ή
2357 5098 2509 5170 παρά
2525 5099 2618 5152 τοῦ
2650 5099 2787 5152 Θεοῦ
2818 5101 2982 5170 ῥοπὴ,
3008 5102 3083 5165 ὡς
3103 5105 3282 5157 πᾶσαν
3310 5104 3406 5173 τὴν
3420 5105 3595 5177 ἀρχὴν

1996 5181 2091 5234 τοῦ
2119 5181 2499 5253 δεσμωτηρίου
2522 5183 2684 5236 αὑτὸν
2706 5184 3141 5254 ἐμπιστευθῆναι
3158 5186 3310 5256 παρὰ
3326 5187 3418 5241 τοῦ
3437 5191 3597 5259 ἁρχι-

1997 5265 2430 5335 δεσμοφύλακος.
2463 5269 2702 5320 Καὶοῠκ
2734 5263 2812 5336 ἦν
2841 5269 3172 5335 γινώσκων,
3195 5270 3379 5339 φησὶν,
3412 5272 3597 5325 οὐδὲν

1999 5355 2029 5405 ό
2059 5351 2598 5419 ἀρχιδεσμοφύλαξ
2644 5351 2741 5404 διὰ
2784 5352 3027 5421 Ἰωσήφ.
3071 5348 3222 5416 Εἶδες
3254 5354 3370 5417 πῶς
3400 5358 3457 5408 ὲν
3496 5357 3596 5408 αὺ-

1999 5437 2118 5496 ταῖς
2143 5437 2261 5497 ταῖς
2286 5434 2496 5502 θλίψεσι
2531 5435 2821 5503 γενόμενος
2849 5436 3106 5505 οὐδεμίαν
3138 5437 3391 5506 αἴσθησιν
3424 5438 3594 5509 ἐλάμ-

2000 5517 2128 5568 ϐανε
2156 5517 2263 5568 τῶν
2286 5518 2565 5588 λυπηρῶν.
2595 5518 2761 5587 ἀλλ’ἢ
2796 5520 3104 5589 εὐμήχανος
3132 5519 3226 5572 τοῦ
3263 5520 3398 5572 Θεοῦ
3429 5523 3594 5590 σοφία

1999 5601 2175 5652 πάντα
2201 5600 2493 5669 μετέϐαλλε
2519 5601 2586 5654 τά
2603 5602 2843 5670 λυπηρά.
2867 5604 2977 5655 Καὶ
2995 5602 3247 5670 καθάπερ
3261 5603 3352 5654 τὸν
3374 5621 3592 5672 μαργα-

2001 5684 2156 5754 ρίτην
2171 5684 2274 5737 κᾶν
2302 5686 2358 5736 ἐν
2378 5684 2624 5754 βορϐόρῳ
2651 5703 2734 5748 τις
2759 5686 3120 5755 καταχώσειε,
3144 5686 3202 5736 τὸ
3233 5689 3431 5739 οἰκεῖον
3459 5688 3593 5739 κάλ·

1998 5766 2086 5830 λος
2120 5767 2492 5821 ἐπιδείκνυται
2514 5783 2526 5795 ⁸
2548 5768 2692 5820 οὕτω
2708 5769 2799 5819 καὶ
2823 5771 2852 5837 ή
2873 5769 3064 5838 ἀρετὴ,
3091 5769 3225 5821 ὅπου
3253 5768 3299 5821 δ’
3321 5769 3392 5823 ἂν
3417 5773 3590 5844 αὐτὴν

2067 5937 2090 5996 Ρ
2115 5935 2332 5992 Quatuor
2357 5949 2468 5982 mss.
2497 5936 2921 5996 κατεργαζομένου.

2070 5995 2094 6030 δ
2123 6000 2219 6044 Sex
2248 6011 2344 6043 mss‘
2385 5998 2447 6057 μὴ
2479 5995 2697 6057 πρότερον
2716 5999 2937 6055 ἡγώμεθα
