4170 6492
304 528 539 587 etiamin
556 531 832 591 servitute.
842 530 1006 586 etiam
1025 528 1077 583 in
1091 537 1327 594 carcere,
1346 530 1506 583 etiam
1520 532 1571 584 in
1590 530 1899 595 amictionc,

306 627 468 674 etiam
498 623 553 675 in
589 624 959 692 prosperitate.
982 617 1247 689 Quoniam
1276 622 1435 692 igitur
1459 632 1515 677 et
1553 622 1606 677 in
1631 614 1902 677 carcerem

300 713 576 781 coniectus
604 714 704 769 sibi
731 714 1039 769 conciliavit
1060 712 1368 783 pmfecttttn
1394 715 1646 779 careeris,
1668 722 1725 769 et
1744 726 1907 783 super

303 817 495 858 omnes
517 806 605 875 qui
634 805 703 859 ibi
733 812 887 859 erant
913 812 1229 873 potestatem
1253 806 1321 859 ab
1345 820 1411 859 eo
1433 806 1647 875 accepit
1675 824 1689 858 :
1715 805 1901 859 videa-

303 909 427 949 mus
449 905 504 950 et
533 896 619 949 hic
643 896 913 964 quomodo
938 897 1042 950 vim
1072 896 1258 965 gratia:
1286 894 1386 950 sibi
1416 910 1688 950 concessae
1730 894 1901 949 mani-

304 981 530 1039 festarit.
560 986 611 1040 Ι.
641 984 857 1039 Factum
900 996 975 1041 est
1019 988 1184 1049 enim,
1214 987 1418 1055 inquit,
1448 998 1563 1057 post
1608 985 1755 1039 verba
1796 986 1903 1038 lucc

307 1072 460 1153 (Cap.
488 1076 601 1146 40).
625 1076 849 1143 Qualia!
879 1077 1011 1145 Quae
1038 1078 1281 1131 narravit
1302 1087 1422 1147 post
1461 1078 1656 1131 factam
1697 1076 1903 1131 calum-

303 1166 471 1231 niain,
490 1177 771 1237 postquam
786 1167 1172 1223 condemnatus
1192 1178 1275 1223 est
1302 1167 1367 1222 ad
1394 1182 1663 1222 carcerem
1690 1184 1703 1220 :
1723 1175 1777 1221 ct
1794 1181 1898 1220 non

306 1258 407 1313 hoc
441 1259 613 1314 solum
638 1301 652 1323 ,
685 1260 777 1315 sed
808 1270 863 1315 et
892 1271 1169 1329 postquam
1211 1260 1564 1335 significatum
1615 1267 1699 1313 est
1745 1257 1899 1311 nobis

305 1350 588 1404 Dominum
619 1366 739 1405 eum
768 1352 859 1405 illo
884 1350 1072 1418 fuisse,
1102 1361 1155 1407 et
1182 1351 1490 1423 pra-fectum
1515 1351 1749 1406 carceris
1777 1365 1897 1405 om-

302 1442 391 1495 nia
421 1456 541 1511 qua:
570 1442 639 1494 ibi
667 1450 819 1495 erant
847 1442 945 1511 ipsi
974 1444 1327 1508 commisisse,
1353 1451 1411 1495 ut
1439 1441 1697 1511 pet-illum
1722 1440 1897 1494 admi-

303 1531 676 1586 nistrarentur.
706 1531 920 1586 Factum
948 1544 1041 1593 est.
1073 1534 1263 1603 inquit,
1290 1545 1401 1603 post
1427 1534 1573 1586 verba
1602 1534 1729 1597 hac,
1755 1542 1898 1600 post-

298 1638 459 1691 quam
474 1623 701 1695 injectus
716 1634 798 1679 est
815 1625 867 1679 in
888 1641 1180 1688 carcerem,
1199 1642 1322 1679 cum
1335 1634 1617 1695 peccassent
1634 1626 1898 1695 praefectus

299 1715 656 1783 pittcernarttm
678 1726 724 1770 et
751 1720 1021 1789 praefectus
1046 1718 1313 1788 pistorum,
1334 1718 1400 1770 .2.
1428 1727 1482 1771 et
1500 1718 1552 1773 5.
1579 1716 1897 1770 condemnati

296 1814 417 1860 sunt
441 1823 473 1858 α
511 1822 659 1877 rege.
697 1817 752 1861 ut
790 1810 844 1862 in
886 1824 1139 1863 carcerem
1165 1810 1501 1872 mitterentur,
1521 1810 1577 1863 4.
1606 1823 1729 1878 quos
1760 1823 1894 1874 pra-

297 1900 457 1966 fectus
498 1902 715 1952 carceris
750 1898 973 1969 Joseplio
1019 1900 1406 1953 commendavit.
1440 1898 1622 1969 Neque
1664 1899 1809 1953 enim
1839 1905 1898 1950 ut

303 1987 487 2042 vincto
517 2003 642 2042 usus
666 2000 747 2043 est
774 1990 885 2053 illo,
917 1990 1010 2045 sed
1042 1999 1101 2044 ut
1119 2005 1369 2044 curarunt
1402 1992 1680 2059 participe,
1710 1990 1818 2044 into
1838 1998 1897 2045 ut

295 2090 366 2131 eo
389 2078 479 2147 qui
509 2078 576 2132 ibi
600 2079 937 2135 detentorum
961 2082 1203 2136 miserias
1231 2081 1390 2135 solari
1415 2091 1616 2151 posset.
1643 2080 1713 2135 Et
1735 2082 1895 2135 adsti-

297 2168 359 2220 tit
384 2168 453 2222 eis
476 2208 492 2235 ,
520 2169 709 2239 inquit.
735 2169 874 2238 Quid
898 2181 982 2227 est
1000 2213 1015 2236 ,
1047 2174 1249 2227 Adstitit
1279 2173 1350 2227 eis
1371 2173 1397 2227 .9
1419 2174 1532 2229 Hoc
1565 2182 1668 2239 est,
1695 2188 1893 2229 consa-

296 2257 436 2312 latus
454 2266 537 2313 est
555 2299 569 2325 ,
595 2260 868 2315 roboravit
888 2277 1075 2317 eorum
1100 2274 1328 2329 mentes,
1361 2265 1533 2319 erexit
1560 2280 1746 2319 eorum
1773 2264 1891 2318 ani-

296 2362 414 2402 nios
436 2391 452 2414 ,
479 2359 534 2404 ct
570 2367 674 2406 non
720 2354 962 2421 permisit
997 2354 1271 2409 absorberi
1317 2370 1428 2424 pra:
1464 2358 1696 2411 tristitia.
1728 2356 1893 2412 Erant

292 2448 464 2493 autem
503 2440 677 2494 diebus
722 2443 895 2497 multis
920 2446 972 2497 in
1000 2461 1199 2498 carcere
1218 2486 1235 2509 ,
1259 2445 1312 2501 5.
1340 2455 1388 2500 et
1415 2447 1647 2500 uiderunt
1688 2457 1894 2517 uterque

290 2529 600 2584 insomnium
627 2532 680 2585 in
706 2544 849 2588 nocte
868 2550 989 2599 una,
1015 2535 1284 2604 prafectns
1310 2537 1663 2607 pincernarum
1691 2548 1739 2592 et
1757 2555 1891 2610 prae-

292 2624 453 2689 fectus
502 2623 766 2691 pistorum.
797 2626 902 2681 Sed
936 2622 1119 2681 beatus
1160 2627 1252 2682 ille
1274 2668 1289 2693 ,
1322 2628 1406 2683 cui
1436 2644 1581 2685 cum
1609 2639 1725 2686 erat
1752 2645 1883 2701 quc-

294 2712 455 2766 modn
484 2716 852 2772 consolaretur
876 2718 993 2773 illos
1018 2760 1047 2785 ,.
1066 2729 1124 2773 nt
1152 2720 1282 2775 vidit
1312 2735 1406 2776 eos
1426 2723 1497 2776 ob
1519 2723 1778 2778 visionem
1810 2724 1891 2776 iit-

292 2807 622 2861 somniorum
656 2809 877 2874 turbari,
911 2821 966 2865 et
992 2821 1170 2869 mente
1198 2813 1478 2882 confundi,
1506 2814 1635 2871 dicit
1663 2834 1677 2871 :
1706 2816 1757 2869 7.
1786 2814 1889 2870 Cur

290 2898 447 2963 [acies
474 2908 651 2953 uestris
675 2900 825 2955 hodie
862 2910 965 2954 tam
990 2903 1241 2958 obnubin
1281 2912 1327 2958 et
1366 2917 1556 2959 masta:
1574 2912 1601 2963 7
1621 2908 1885 2961 Ostende-

294 2990 418 3043 hant
432 2990 573 3043 enim
597 2990 758 3046 facies
774 3008 959 3047 eorum
979 2994 1120 3048 intus
1136 2996 1386 3051 latentem
1404 2999 1882 3067 perturbationem.

293 3078 582 3147 PrOpterea
620 3091 676 3136 et
716 3083 929 3151 sapiens
957 3086 1171 3154 quidam
1202 3087 1415 3142 dicebat
1443 3109 1457 3141 :
1489 3088 1655 3143 Corde
1686 3092 1887 3144 (tutante

289 3170 436 3236 ﬂoret
463 3170 636 3237 facies,
668 3171 723 3226 in
751 3174 955 3228 tristitia
978 3186 1149 3229 autem
1177 3178 1475 3241 exsistente,
1498 3191 1672 3232 niteret
1702 3179 1880 3249 (Prov.

289 3260 378 3314 15.
415 3260 525 3331 i3).
556 3260 717 3330 igitur
744 3266 863 3332 quia
892 3266 1022 3320 vidit
1061 3281 1155 3321 eos
1184 3269 1393 3321 tristitia
1424 3268 1643 3324 aﬂectos
1672 3280 1889 3340 proptr!

290 3349 676 3406 insomniorum
703 3354 961 3409 visionem
983 3397 996 3417 .
1027 3371 1241 3411 causam
1270 3359 1479 3413 discere
1507 3360 1695 3415 volens
1724 3376 1884 3431 roga-

289 3440 527 3497 vit.Vide
553 3444 823 3513 quomodo
845 3456 900 3501 et
923 3448 974 3501 in
1001 3463 1214 3504 carcere
1238 3452 1502 3507 exsistens
1527 3468 1675 3507 suam
1704 3464 1887 3509 osten-

288 3532 368 3587 dit
414 3534 659 3588 virtutem
687 3576 705 3602 ,
734 3546 789 3591 et
832 3538 1057 3593 aliorum
1098 3555 1359 3597 mmrores
1392 3543 1624 3599 allevare
1660 3546 1883 3601 studuit.

288 3624 425 3693 Quid
458 3625 616 3695 igitur
656 3628 771 3682 illi?
797 3630 849 3684 8.
886 3630 1154 3686 Somnium
1192 3634 1439 3701 vidimus,
1473 3646 1517 3691 et
1547 3654 1648 3691 non
1677 3646 1749 3692 est
1795 3640 1883 3709 qui

287 3718 531 3786 conjectet
569 3720 719 3774 illud.
756 3720 1076 3792 lgnorabant
1102 3727 1415 3796 sapientiam
1462 3730 1580 3800 ejus
1625 3746 1749 3786 cum
1776 3748 1883 3803 quo

290 3806 661 3879 loquebantur,
684 3810 776 3865 sed
799 3812 1070 3883 vulgarem
1091 3817 1324 3888 aliquem
1347 3834 1467 3875 esse
1482 3822 1881 3892 existimabant,

287 3907 341 3951 ct
371 3909 649 3968 propterea
679 3903 947 3959 somnium
968 3907 1017 3960 ei
1043 3921 1149 3962 non
1181 3920 1433 3978 narrant,
1467 3913 1559 3967 sed
1590 3922 1792 3968 tantum
1824 3930 1884 3971 se

287 3989 487 4077 vidisse
528 3990 745 4059 dicunt,
774 4003 829 4049 et
869 3996 1111 4053 addunt:
1139 3999 1330 4057 Nullus
1372 4014 1454 4059 est
1482 4006 1574 4074 qui
1616 4008 1885 4077 conjectct

291 4076 443 4132 illud.
472 4078 672 4136 Verum
699 4084 1029 4142 admirabilis
1071 4089 1160 4147 ille
1192 4092 1276 4147 vir
1314 4093 1443 4149 dicit
1485 4098 1564 4151 eis
1591 4115 1605 4151 ε
1636 4076 1825 4153 Nam
1850 4117 1883 4153 a

290 4165 400 4222 Deo
424 4171 778 4258 manifestatio
813 4178 923 4248 ejus
947 4179 1058 4233 est?
1082 4180 1311 4239 Narrate
1333 4187 1489 4258 igitur
1511 4190 1655 4243 mihi.
1684 4191 1823 4246 Num
1851 4208 1879 4247 a

289 4272 377 4313 me
418 4257 536 4329 ipso
579 4265 831 4332 promitto
870 4268 1022 4324 vobis
1060 4272 1260 4344 aliquid
1292 4292 1378 4331 me
1404 4278 1711 4336 dicturum?
1742 4283 1881 4339 Deus

286 4360 369 4405 est
387 4352 477 4422 qui
494 4354 715 4411 revelat.
741 4355 970 4415 Narrate
983 4362 1137 4432 igitur
1156 4366 1299 4420 mihi.
1325 4367 1456 4424 Vide
1479 4370 1881 4444 intelligentiam

288 4453 342 4497 et
370 4444 683 4502 humilitatis
703 4450 1095 4509 excellentiam.
1125 4455 1240 4512 Non
1268 4458 1443 4527 dixit,
1474 4462 1585 4532 Ego
1611 4464 1762 4520 vobis
1794 4466 1881 4520 di-

286 4534 485 4627 ῘΗδίοον
512 4552 611 4609 ⁸80
639 4540 790 4596 'Obis
813 4542 933 4600 dico
952 4550 1281 4605 somniorum
1305 4561 1578 4621 eventum;
1602 4555 1697 4610 sed
1717 4557 1882 4627 quid?

293 4624 515 4682 Narrate
553 4630 709 4700 igitur
729 4634 872 4689 mihi.
907 4637 1048 4694 Dens
1074 4641 1219 4696 enim
1245 4652 1326 4697 est
1354 4644 1503 4699 solus
1531 4647 1619 4715 qui
1648 4624 1771 4701 talia
1795 4662 1883 4704 re-

288 4716 450 4772 velat.
480 4719 536 4775 9.
564 4718 633 4774 Et
673 4726 897 4780 narravit
940 4728 1205 4797 prefectus
1248 4733 1626 4801 pineernaruin.
1674 4738 1760 4792 12.
1812 4738 1881 4794 Ut

288 4817 458 4863 autem
485 4812 678 4867 audivit
693 4813 905 4887 Ioseph,
930 4821 1129 4889 inquit:
1146 4821 1275 4878 Hoc
1290 4834 1363 4879 est
1380 4826 1727 4895 interpretatio
1748 4832 1877 4900 ejus.

290 4900 379 4956 i3.
405 4900 529 4957 Tres
556 4909 879 4977 propagines,
912 4921 1013 4966 (res
1037 4923 1156 4967 sunt
1175 4916 1281 4970 dies
1304 4917 1511 4971 :adhuc
1540 4928 1642 4974 tres
1665 4920 1773 4975 dies
1789 4963 1803 4984 ,
1833 4933 1882 4976 et

286 4990 634 5048 recordubitur
677 4994 882 5054 Pharao
910 5010 1011 5056 tua
1052 5004 1407 5073 pincernarunt
1447 5014 1807 5080 μνημείων-αξ
1836 5021 1883 5066 et

288 5081 407 5136 hinc
429 5086 654 5141 restituet
682 5098 759 5153 te,
786 5099 833 5144 et
860 5093 1005 5148 dabis
1029 5098 1269 5166 poculum
1298 5097 1568 5155 Pharaoni
1593 5103 1647 5157 in
1672 5120 1881 5159 manum

286 5175 400 5244 ejus
434 5177 588 5246 juxta
615 5181 883 5247 pristinum
927 5185 1142 5255 oﬂcium
1170 5200 1311 5243 tuum
1328 5232 1343 5256 ,
1367 5200 1423 5244 ut
1446 5193 1643 5249 solebas
1661 5236 1677 5259 ,
1708 5196 1883 5250 uinum

282 5267 576 5338 infundens.
602 5270 802 5327 “Sed
819 5278 1086 5332 recordare
1108 5281 1208 5334 mei
1224 5299 1313 5351 per
1328 5285 1662 5354 temetipsum,
1678 5288 1885 5355 quando

284 5355 373 5409 tibi
401 5355 523 5413 bene
546 5361 658 5427 erit,
675 5372 721 5417 et
741 5364 895 5433 facies
922 5368 1045 5423 mihi
1065 5370 1482 5440 misericordiam,
1506 5386 1552 5430 et
1571 5393 1763 5431 memor
1783 5381 1882 5433 eris

288 5448 388 5502 mei
415 5452 554 5519 apud
593 5452 917 5513 Pharaonem
940 5502 955 5527 ,
980 5450 1033 5516 et~
1069 5464 1251 5521 educes
1295 5482 1375 5520 me
1409 5484 1472 5522 ea:
1513 5485 1714 5525 careas
1741 5472 1835 5526 hoc
1855 5491 1873 5525 :

288 5539 377 5595 i5.
406 5543 526 5611 quia
551 5547 730 5616 furtim
768 5551 1013 5608 abductus
1041 5571 1151 5609 sum
1180 5573 1244 5612 ea:
1281 5568 1413 5613 terra
1440 5558 1803 5628 Hebreorum,
1836 5575 1883 5618 et

287 5631 371 5685 hic
408 5635 507 5703 feci
549 5638 716 5705 nihil,
747 5651 795 5694 et
824 5643 1138 5702 immiserunt
1161 5666 1244 5703 me
1268 5649 1321 5704 in
1350 5651 1483 5705 hunc
1525 5652 1716 5708 locum.
1747 5655 1882 5722 Quia

289 5722 610 5791 praidixerat
648 5730 700 5785 ei
730 5731 868 5789 bona
888 5746 1149 5793 eventura
1168 5780 1187 5808 ,
1215 5749 1269 5796 et
1315 5743 1769 5800 reconciliandam
1790 5758 1885 5803 re-

283 5834 440 5893 gem,
485 5825 656 5883 dicit:
686 5828 886 5888 Memor
927 5845 1032 5892 esto
1083 5838 1183 5895 mei
1233 5856 1316 5909 per
1366 5840 1624 5907 teipsmn.
1666 5843 1880 5910 quando

1350 414 1418 472 ΙΝ
1452 416 1605 474 CAP.
1648 418 1761 473 XL.
1803 414 2049 475 GENFS.
2094 415 2300 473 H011".
2364 416 2543 473 ωιηι.

3500 432 3613 489 542

2015 529 2322 589 felicitatem
2362 541 2503 585 tuam
2529 531 2844 600 obtinueris,
2874 537 3198 594 mentionem
3226 538 3470 599 faciendo
3489 546 3615 617 ejus

2010 622 2100 689 qui
2127 620 2243 674 hinc
2266 621 2360 675 tibi
2389 622 2657 691 prmdixit,
2680 634 2734 680 et
2753 625 2917 681 facies
2942 627 3069 681 mihi
3093 630 3535 691 misericordiam.

2080 708 2136 764 2.
2159 709 2432 765 Fortitudo
2467 713 2630 767 animi
2654 713 2870 787 Iosephi
2894 730 3109 784 quanta;
3136 734 3327 789 quanta
3352 731 3463 795 ejus
3486 743 3610 801 erga

2009 801 2301 869 proximum
2329 804 2535 859 caritas.
2562 835 2635 845 —
2659 805 2784 861 "me
2814 809 3042 864 audiens
3064 851 3081 877 ,
3114 812 3309 868 dilecte
3331 854 3349 883 ,
3374 832 3443 873 ne
3477 833 3610 875 con-

2007 892 2231 950 demnes
2256 896 2746 965 pusillantmitatem
2768 902 2899 971 justi
2925 922 2940 958 :
2962 906 3057 960 sed
3084 907 3185 962 hac
3210 911 3417 965 ratione
3444 915 3609 981 potis-

2004 983 2197 1038 simum
2220 986 2558 1057 obstupesce,
2581 993 2723 1060 quod
2753 1009 2874 1048 cum
2906 1005 3012 1050 tam
3045 999 3208 1053 multa
3236 1012 3419 1056 essent
3438 1004 3608 1060 mole-

2005 1082 2109 1140 sta,
2142 1085 2246 1129 tam
2274 1075 2487 1134 fortiter
2516 1090 2572 1135 et
2610 1097 2764 1153 aequo
2791 1087 2973 1141 animo
3004 1088 3122 1143 tulit
3153 1090 3299 1146 illam
3332 1094 3604 1151 inhabita-

2009 1168 2232 1223 tionem.
2259 1170 2391 1225 Nam
2421 1172 2545 1229 licet
2573 1191 2820 1247 magnam
2848 1195 2877 1233 a
2907 1183 3131 1239 custode
3171 1188 3406 1242 carceris
3446 1200 3603 1258 pote-

2004 1269 2195 1315 statem
2217 1265 2534 1333 accepisset,
2555 1275 2789 1324 attamen
2810 1272 3194 1340 gravabatnrin
3217 1285 3365 1333 tanto
3387 1280 3605 1348 paedore

2005 1364 2127 1404 cum
2156 1352 2388 1407 sordidis
2407 1364 2463 1409 et
2488 1359 2743 1426 squalidis
2769 1361 2995 1430 agendo.
3029 1362 3161 1419 Nam
3188 1365 3306 1421 vide
3335 1368 3452 1437 ejus
3481 1370 3601 1439 piti-

2008 1440 2335 1509 losophicam
2368 1456 2635 1514 mentem,
2663 1452 2936 1519 quomodo
2962 1453 3168 1510 fortiter
3198 1457 3377 1513 tulerit
3396 1463 3603 1530 omnia,

2006 1530 2058 1582 in
2086 1533 2333 1589 omnibus
2368 1551 2617 1608 magnam
2659 1542 2944 1601 declarans
2987 1551 3183 1606 animze
3221 1553 3599 1616 humilitatem.

2004 1620 2069 1674 Et
2092 1624 2249 1691 [acies
2270 1666 2286 1689 ,
2316 1627 2509 1697 inquit,
2542 1632 2596 1685 in
2618 1648 2699 1688 me
2722 1640 3142 1710 misericordiam,
3174 1658 3223 1702 et
3255 1652 3604 1709 recordaberis

2002 1714 2099 1765 mei
2127 1715 2269 1783 apud
2311 1715 2637 1775 Pharaonem
2658 1764 2673 1789 ,
2704 1735 2754 1779 et
2797 1728 2979 1784 educes
3021 1751 3104 1787 nte
3145 1753 3209 1791 ea:
3245 1755 3447 1796 carcere
3478 1744 3597 1801 hoc.

2003 1806 2233 1860 Attende
2256 1849 2271 1872 ,
2304 1808 2528 1865 obsecro
2559 1853 2572 1876 ,
2607 1813 2694 1869 hic
2737 1822 3007 1887 quomodo
3046 1826 3173 1880 nihil
3221 1829 3365 1885 dicat
3408 1846 3597 1891 contra

2001 1895 2281 1949 scelestam
2328 1899 2471 1954 illam
2501 1902 2800 1962 adulteram
2823 1950 2838 1975 ,
2864 1926 3037 1982 neque
3062 1931 3249 1988 arguat
3272 1922 3548 1982 dominum
3578 1968 3597 1993 ,

2002 1998 2175 2053 neque
2204 1998 2384 2043 narret
2409 1989 2631 2048 fratrum
2658 1996 2709 2050 in
2740 2012 2800 2054 se
2831 2001 3294 2074 inhumanitatein.
3324 2014 3419 2069 sed
3444 1989 3601 2075 tectis

1998 2078 2282 2147 omnibus,
2311 2081 2439 2138 dicit
2471 2102 2484 2137 :
2518 2086 2820 2148 Recordare
2849 2096 2953 2150 mei
2989 2139 3004 2163 ,
3036 2108 3093 2154 et
3123 2100 3205 2157 fac
3232 2106 3386 2162 educi
3415 2124 3504 2165 me
3528 2126 3595 2169 ex

1998 2185 2214 2229 carcere
2238 2174 2340 2231 hoc
2367 2196 2382 2232 :
2416 2178 2549 2245 Quia
2575 2185 2751 2251 furtim
2779 2189 3029 2245 abductus
3052 2211 3165 2247 sum
3196 2200 3261 2251 de
3299 2209 3434 2255 terra
3482 2203 3594 2259 lle-

1999 2264 2247 2322 brteorum
2270 2310 2286 2334 ,
2315 2280 2363 2324 et
2389 2271 2470 2326 hic
2513 2273 2644 2329 nihil
2668 2280 2801 2348 feci,
2832 2292 2881 2335 et
2904 2284 3219 2342 immiserunt
3244 2308 3323 2346 me
3346 2294 3399 2347 in
3426 2295 3597 2352 lacum

1997 2358 2150 2411 hunc.
2178 2358 2257 2429 Ne
2287 2362 2647 2430 perfunctorie
2677 2370 2777 2424 hoc
2804 2384 3211 2442 praetereamus,
3234 2382 3330 2437 sed
3351 2386 3597 2443 conside-

1996 2462 2175 2505 remus
2212 2466 2373 2545 quam
2412 2456 2783 2529 philos0phica
2824 2476 3006 2522 mente
3033 2470 3289 2538 primitus
3314 2474 3509 2545 fuerit,
3540 2490 3596 2536 et

1993 2544 2264 2611 quomodo
2304 2547 2514 2604 inventa
2561 2557 2959 2622 Opportunitate
3005 2565 3295 2633 temporis,
3324 2577 3379 2622 et
3417 2544 3595 2626 sciens

1995 2633 2306 2701 praafectum
2337 2639 2711 2708 pinccrnarum
2744 2647 2795 2700 iii
2823 2646 3031 2706 felicem
3060 2664 3255 2709 statum
3288 2660 3596 2720 restitutum

1997 2738 2154 2789 posse
2205 2743 2367 2783 omne
2422 2734 2688 2802 negotium
2738 2751 2895 2794 suum
2942 2744 3052 2812 regi
3110 2746 3451 2815 significare,
3481 2766 3597 2808 non

1994 2813 2300 2887 Egyptiam
2329 2824 2679 2890 reprehendit
2705 2828 2926 2895 (iterum
2957 2833 3104 2887 enim
3133 2813 3324 2893 eadem
3366 2813 3592 2914 dicam).

1993 2921 2100 2960 non
2117 2910 2393 2967 dominum
2417 2913 2569 2969 all‘ert
2595 2917 2648 2971 in
2674 2920 2932 2987 medium,
2955 2939 3064 2979 non
3090 2926 3303 2995 fratres;
3332 2946 3439 2985 non
3466 2910 3595 2989 dicit

1992 3013 2206 3055 causam
2251 3016 2465 3074 propter
2492 3024 2649 3077 quam
2680 3015 3068 3073 condemnatus
3096 3021 3167 3074 sit
3195 3022 3248 3076 in
3283 3038 3553 3081 carcerem
3574 3067 3590 3089 ,

1991 3103 2165 3160 neque
2206 3094 2384 3149 scelus
2423 3096 2474 3150 in
2503 3114 2563 3154 se
2606 3104 2953 3161 commissum
2993 3124 3214 3166 narrare
3253 3114 3467 3170 studet:
3495 3118 3593 3172 sed

1994 3180 2095 3237 hoc
2122 3198 2285 3239 unum
2324 3197 2506 3254 curat,
2538 3206 2642 3245 non
2671 3201 2727 3247 ut
2751 3195 2873 3250 illos
2896 3198 3257 3269 condemnet,
3283 3205 3378 3260 sed
3407 3215 3466 3261 ut
3494 3222 3597 3280 pro

1991 3288 2050 3330 se
2078 3277 2196 3331 solo
2225 3278 2383 3335 dicat.
2418 3282 2481 3337 Et
2512 3284 2735 3341 fratrum
2761 3289 2978 3357 quidem
3005 3308 3220 3349 causam
3261 3277 3543 3357 occultavit
3568 3342 3591 3371 ,

1990 3369 2176 3426 dicens
2202 3390 2214 3427 :
2237 3371 2403 3428 Furta
2422 3376 2667 3433 abductus
2685 3397 2799 3435 sum
2823 3399 2889 3438 ea:
2912 3394 3047 3439 terra
3075 3385 3408 3445 Ilebra'orum
3432 3410 3450 3447 :
3472 3369 3589 3466 qua:

1989 3474 2167 3521 autem
2193 3467 2442 3539 [Egyptia
2477 3472 2561 3526 illa
2595 3473 2791 3530 fecerat
2815 3519 2830 3542 ,
2859 3493 2964 3532 non
3001 3480 3205 3550 profert
3232 3484 3283 3537 in
3311 3486 3546 3541 medium
3571 3529 3589 3555 ,

1991 3573 2163 3628 neque
2207 3561 2456 3631 injustam
2502 3565 2706 3621 domini
2751 3569 2832 3623 sui
2885 3585 3007 3641 erga
3041 3587 3099 3627 se
3146 3574 3581 3646 indignationem.

1990 3649 2097 3706 Sed
2137 3654 2261 3722 quid
2302 3656 2464 3711 dicit?
2488 3656 2589 3713 Hic
2626 3660 2725 3731 feci
2765 3663 2926 3727 nihil,
2961 3673 3009 3716 et
3050 3665 3370 3722 immiserunt
3413 3686 3492 3725 me
3535 3669 3596 3725 in

1990 3760 2241 3799 carcerem
2289 3748 2441 3803 hunc.
2473 3750 2600 3805 "me
2642 3751 2921 3809 audientes
2967 3754 3238 3812 discamus
3258 3798 3273 3822 ,
3301 3761 3347 3813 si
3384 3759 3435 3815 in
3465 3760 3599 3818 (aliis

1990 3836 2335 3895 inciderimus
2357 3882 2373 3907 ,
2405 3850 2463 3896 ut
2488 3856 2774 3899 caveamus
2813 3860 2882 3899 ne
2906 3846 3165 3902 conviciis
3194 3849 3314 3903 illos
3336 3892 3350 3913 ,
3375 3852 3465 3921 qui
3491 3866 3597 3907 nos

1991 3942 2285 4001 vexarunt,
2314 3934 2643 3991 incessamus
2667 3978 2681 4001 ,
2710 3945 2765 3992 et
2807 3937 2872 3991 ad
2902 3940 3298 3997 accusationem
3330 3944 3345 3975 ⁸
3372 3942 3590 3999 illorum

1991 4022 2227 4094 linguam
2249 4040 2501 4081 acuamus
2530 4044 2542 4080 :
2573 4029 2665 4084 sed
2690 4029 2864 4084 solum
2892 4031 3325 4089 demonstremus
3356 4036 3411 4089 in
3440 4050 3593 4091 man-

1989 4115 2276 4172 suetudine
2316 4127 2371 4172 et
2396 4117 2615 4174 lenitate
2640 4133 2741 4174 nos
2766 4120 3014 4176 innoxios
3052 4137 3175 4179 esse
3198 4164 3213 4188 ,
3236 4132 3292 4178 et
3317 4125 3589 4181 imitemur

1991 4207 2141 4261 illum
2166 4208 2557 4276 admirabilem,
2589 4209 2679 4280 qui
2709 4226 2881 4281 neque
2910 4212 2965 4267 in
2989 4213 3296 4271 calamitate
3322 4218 3591 4273 assistens

1990 4299 2155 4353 voluit
2189 4300 2272 4354 vel
2322 4300 2498 4355 verbis
2540 4302 2886 4371 petulantiam
2915 4314 2970 4360 et
2998 4305 3277 4363 libidinem
3319 4307 3595 4381 Egyptiie

1988 4392 2281 4465 divulgare.
2332 4393 2490 4450 Scitis
2527 4396 2673 4451 enim
2716 4398 2917 4453 multos
2945 4400 3260 4457 criminibus
3296 4404 3458 4459 etiam
3486 4404 3591 4461 ob-

1989 4488 2211 4553 noxios,
2236 4502 2423 4560 magna
2451 4490 2779 4560 impudentia
2816 4492 2869 4546 in
2894 4492 3031 4549 alios
3060 4509 3156 4548 sua
3186 4496 3377 4551 delicta
3407 4507 3587 4554 tratu-

1989 4581 2131 4636 ferre
2155 4583 2337 4635 conari
2368 4599 2382 4637 :
2410 4582 2494 4637 hic
2519 4591 2698 4637 autem
2727 4584 2843 4639 sole
2869 4584 3069 4640 clarior
3094 4588 3383 4654 essistens,
3412 4599 3468 4646 et
3492 4593 3588 4663 qni

1988 4684 2193 4742 poterat
2226 4673 2407 4729 omnia
2432 4688 2553 4729 cum
2582 4675 2813 4731 veritate
2838 4676 3037 4742 dicere,
3070 4689 3123 4733 et
3151 4678 3293 4734 illius
3322 4683 3588 4741 insaniam

1987 4764 2325 4821 manifestam
2355 4765 2557 4833 facere,
2580 4779 2637 4823 et
2661 4770 3013 4839 semetipsum
3042 4771 3330 4829 clariorem
3355 4773 3589 4831 demono

1987 4868 2160 4914 strare
2182 4899 2198 4921 .
2229 4858 2358 4914 nihil
2398 4860 2609 4916 illorum
2661 4862 2713 4915 in
2749 4863 2986 4918 medium
3014 4863 3190 4919 aﬂ‘ert.
3217 4864 3403 4938 Neque
3440 4869 3591 4925 enim

1990 4951 2275 5005 humanam
2302 4951 2597 5006 venabatur
2621 4954 2863 5021 gloriam,
2894 4955 2989 5011 sed
3018 4955 3315 5012 sufﬁciebat
3340 4960 3388 5015 ei
3419 4959 3590 5017 bene-

1988 5045 2219 5100 volentia
2245 5060 2496 5116 superna,
2526 5052 2582 5101 et
2602 5047 2819 5102 oculum
2843 5048 2992 5103 illum
3020 5049 3197 5105 solum
3217 5051 3305 5121 qui
3330 5068 3435 5107 non
3462 5051 3592 5110 dor-

1988 5138 2086 5192 mit
2107 5136 2304 5193 habere
2327 5137 2542 5194 volebat
2563 5136 2898 5193 laudatorem
2914 5139 3178 5195 factorum
3198 5156 3437 5197 suorum.
3461 5142 3593 5201 ideo

1987 5227 2178 5283 silente
2201 5242 2273 5284 eo
2292 5271 2307 5295 ,
2333 5240 2389 5285 et
2413 5230 2593 5284 omnia
2620 5228 2877 5299 obtegere
2904 5230 3178 5296 moliente,
3209 5232 3449 5289 clemens
3480 5235 3589 5291 Do-

1988 5323 2164 5380 minus
2194 5322 2246 5378 in
2275 5332 2474 5378 tantam
2512 5338 2635 5379 cum
2660 5323 2887 5395 gloriam
2918 5325 3181 5393 perduxit,
3214 5326 3429 5393 quando
3455 5328 3589 5386 vidit

1987 5414 2244 5471 athletam
2291 5430 2449 5471 suum
2486 5425 2631 5471 recte
2659 5426 2919 5472 certasse.
2946 5415 3064 5471 iam
3094 5427 3271 5473 autem
3313 5418 3588 5475 discamus

1986 5519 2042 5564 et
2082 5523 2145 5564 ex
2194 5508 2260 5564 iis
2303 5524 2421 5578 qua:
2468 5518 2649 5579 postea
2697 5518 2998 5579 sequuntur
3034 5509 3133 5564 viri
3166 5509 3590 5579 patientiam,ct

1987 5600 2258 5674 quomodo
2289 5616 2393 5656 non
2422 5604 2683 5672 gravatim
2717 5602 2818 5657 fert
2842 5601 3157 5657 dilationem
3179 5644 3196 5669 ,
3228 5616 3402 5673 neque
3430 5616 3461 5655 a
3490 5616 3589 5658 sua

1987 5694 2264 5749 alacritate
2306 5692 2667 5757 excidit;sed
2717 5706 2875 5763 inquo
2920 5693 3103 5749 animo
3138 5691 3317 5749 omnia
3362 5689 3505 5761 fert,
3537 5700 3591 5747 et

2058 5851 2075 5885 ⁸
2109 5850 2272 5910 αιω..
2297 5845 2665 5902 detractionem.
