4170 6470
625 402 732 460 3s3

625 527 867 591 prompte
899 515 1097 588 gratias
1124 513 1232 583 agit
1254 511 1476 566 Domino
1503 524 1605 564 suo
1626 550 1644 574 ,
1667 508 1757 579 qui
1785 507 1898 562 haec
1926 507 2040 562 fieri
2073 521 2195 576 per-

621 607 880 664 mittebat.
909 603 1001 660 llis
1027 605 1237 673 auditis,
1255 601 1500 673 princeps
1525 601 1779 669 pistorum
1810 607 1955 652 ratus
1973 607 2028 651 et
2045 612 2198 651 suum

622 697 723 752 sibi
751 710 1010 751 somnium
1049 669 1172 747 boni
1213 669 1408 762 aliquid
1444 669 1794 759 przesignare,
1823 696 2002 742 narrat
2025 688 2074 741 ei
2113 701 2200 740 so-

622 785 755 842 mnii
785 784 1064 839 visionem.
1087 781 1239 850 Quod
1266 792 1320 835 ιιι
1345 780 1510 834 audiit
1533 779 1752 849 Ioseph,
1781 787 1996 847 accepta
2037 778 2196 831 etiam

620 893 686 933 ex
711 891 939 946 superna
967 875 1292 930 revelatione
1319 874 1435 943 ejus
1467 870 1923 941 interpretatione,
1958 867 2198 938 prmdieit

620 970 693 1024 illi
739 971 1008 1025 interitum
1052 969 1411 1023 imminentem
1435 1007 1450 1032 ,
1479 975 1534 1020 et
1561 964 1690 1018 dicit
1719 981 1732 1017 :
1761 962 1845 1016 l9.
1875 961 2054 1014 Adhuc
2097 969 2196 1012 tres

619 1060 726 1113 dies
749 1099 764 1123 ,
795 1069 842 1112 et
867 1062 1059 1130 auferet
1090 1057 1296 1110 Pharao
1337 1067 1487 1125 caput
1517 1066 1655 1108 tuum
1682 1069 1714 1105 a
1743 1061 1788 1106 te
1809 1093 1824 1117 ,
1854 1061 1899 1104 et
1926 1052 2196 1120 suspendet

619 1163 667 1204 te
704 1153 756 1204 in
785 1151 961 1220 tigno;
988 1161 1032 1203 et
1058 1150 1316 1203 comedent
1339 1150 1561 1202 volucres
1586 1147 1695 1202 cali
1723 1162 1898 1200 carnes
1925 1155 2035 1198 tuas
2063 1161 2095 1196 a
2125 1154 2191 1199 te.

618 1241 842 1309 Propter
866 1241 966 1294 hoc
993 1240 1135 1308 prius
1153 1237 1416 1302 dicebam,
1440 1238 1629 1307 inquit,
1656 1251 1759 1290 non
1778 1249 1806 1288 a
1823 1234 2027 1303 meipso
2043 1233 2192 1287 vobis

616 1333 846 1401 pradico
868 1372 884 1398 ,
911 1331 1002 1386 sed
1033 1346 1381 1401 quzeeumque
1416 1330 1552 1384 Deus
1596 1326 1952 1383 revelaverit:
1982 1333 2036 1376 ut
2078 1325 2190 1378 sive

617 1427 815 1480 bonum
856 1425 1053 1493 aliquid
1083 1464 1097 1489 ,
1127 1423 1238 1478 sive
1284 1423 1481 1478 malum
1534 1421 1816 1490 pmsignet
1863 1416 2189 1472 somniorum

621 1515 789 1580 visio,
820 1530 922 1568 non
951 1514 1080 1568 mihi
1110 1513 1441 1567 adscribatis.
1472 1511 1586 1566 Non
1616 1509 1756 1565 enim
1793 1523 1822 1562 a
1859 1523 1947 1563 me
1975 1506 2088 1560 htcc
2115 1505 2191 1558 lo-

619 1619 772 1672 quor.
795 1605 887 1658 sed
916 1604 1002 1657 illa
1031 1603 1178 1657 vobis
1201 1604 1433 1668 declaro,
1457 1594 1800 1672 quascumque
1819 1601 2044 1669 superna
2072 1612 2191 1666 gra-

618 1700 688 1751 tia
728 1697 853 1750 mihi
882 1696 1250 1749 manifestarit.
1273 1695 1535 1749 Cancrum
1573 1709 1696 1747 cum
1721 1692 1968 1744 adessent
2006 1689 2185 1744 statuti

616 1787 750 1850 dies,
781 1800 942 1853 opere
970 1786 1182 1853 impleta
1211 1794 1334 1837 sunt
1357 1799 1476 1852 qua:
1495 1782 1690 1848 Joseph
1717 1780 1923 1832 dixerat
1948 1789 2032 1830 :et
2051 1781 2186 1832 sicut

616 1878 729 1945 ipse
759 1879 1134 1945 interpretatus
1175 1884 1290 1929 erat
1316 1915 1331 1938 ,
1363 1875 1432 1926 ita
1471 1871 1689 1938 contigit
1738 1869 1948 1935 utrique
1970 1907 1986 1929 ,
2014 1877 2068 1919 et
2099 1869 2184 1919 ille

615 1967 828 2035 quidem
876 1967 940 2020 ad
987 1967 1261 2035 pristinam
1313 1964 1468 2018 rediit
1513 1963 1850 2023 felicitatem,
1882 1957 1968 2012 hic
2011 1965 2186 2012 autem

617 2073 826 2126 pinnam
868 2060 978 2113 luit.
1028 2058 1118 2111 23.
1164 2056 1329 2110 Porro
1373 2057 1638 2125 praefectus
1686 2052 2069 2119 pincernarum,
2099 2051 2186 2117 qui

617 2160 815 2201 tantum
854 2147 1270 2201 consolationem
1315 2153 1622 2212 acceperat,
1652 2159 1751 2194 non
1791 2149 1861 2194 est
1899 2139 2189 2194 recordatus

616 2239 806 2306 Joseph
831 2275 846 2299 ,
869 2237 957 2290 sed
985 2237 1164 2288 oblitus
1184 2244 1254 2288 est
1284 2236 1413 2305 ejus.
1441 2233 1568 2286 Vide
1591 2233 1778 2286 iterum
1799 2231 1996 2299 justum
2022 2231 2072 2282 in
2099 2245 2189 2297 pa-

619 2331 790 2382 laestra
820 2329 990 2395 aliqua
1019 2334 1306 2379 certantem
1335 2363 1349 2389 ,
1379 2331 1434 2378 et
1461 2338 1569 2377 sua:
1615 2323 1819 2378 virtutis
1848 2319 2186 2374 exhibentem

614 2419 924 2487 speciatina,
956 2434 1060 2472 non
1092 2418 1406 2486 perturbari,
1439 2429 1609 2485 neque
1646 2411 1990 2476 commoveri,
2017 2425 2189 2479 neque

614 2524 754 2576 aegre
773 2507 930 2574 ferre.
959 2507 1089 2561 Nam
1115 2509 1158 2560 si
1184 2508 1302 2577 quis
1328 2521 1391 2558 ex
1425 2504 1728 2574 vulgaribus
1757 2502 1962 2567 fuisset,
1983 2505 2053 2554 ita
2081 2499 2188 2554 l'nr-

617 2602 774 2654 tassis
799 2601 936 2655 intra
962 2616 1021 2654 se
1043 2599 1294 2654 dixisset:
1319 2598 1456 2663 Quid
1493 2597 1592 2662 hoc
1619 2599 1738 2650 rei?
1767 2598 2044 2665 pmfectus
2071 2594 2187 2664 pin-

615 2706 895 2744 ccrnarum
917 2730 933 2756 ,
965 2706 1085 2744 mox
1121 2698 1179 2743 ut
1212 2690 1585 2757 interpretatus
1620 2700 1737 2739 sum
1776 2689 1825 2740 ei
1860 2687 2187 2740 somniorum

615 2782 871 2834 visionem
892 2819 906 2842 ,
938 2780 1215 2848 pristinam
1259 2778 1564 2832 felicitatem
1611 2777 1816 2844 accepit
1844 2793 1858 2829 :
1886 2784 2076 2829 et'non
2105 2785 2188 2830 est

615 2883 822 2924 memor
849 2869 962 2938 ejus
990 2869 1076 2938 qui
1103 2868 1202 2922 sibi
1234 2867 1494 2936 praedixit.
1525 2865 1616 2920 Ille
1644 2865 1858 2934 quidem
1883 2865 2036 2918 solita
2071 2867 2188 2919 teli-

613 2967 772 3013 cttate
816 2957 1004 3012 fruitur
1028 2999 1043 3020 ,
1083 2973 1181 3026 ego
1211 2967 1386 3012 autem
1411 2996 1430 3022 ,
1467 2956 1555 3026 qui
1600 2957 1727 3010 nihil
1770 2955 1892 3010 mali
1939 2961 2190 3024 operatus

613 3065 753 3110 sum.
786 3047 868 3106 hic
889 3049 1178 3104 concludar
1199 3064 1318 3103 cum
1342 3047 1642 3110 homicidis,
1669 3061 1788 3100 cum
1814 3045 2033 3110 furibus,
2065 3062 2186 3099 cum

616 3139 929 3202 latronibus.
958 3154 1078 3194 cum
1107 3139 1170 3192 iis
1197 3137 1287 3207 qui
1314 3140 1587 3190 innumera
1624 3136 1760 3190 mala
1781 3137 2185 3190 commiserunt.

614 3228 751 3286 Nihil
777 3230 961 3284 horum
985 3229 1064 3284 vel
1089 3226 1241 3291 dixit,
1270 3227 1350 3282 vel
1377 3225 1629 3295 cogitavit
1650 3242 1662 3278 :
1681 3223 1882 3279 sciebat
1905 3224 2046 3277 enim
2071 3240 2191 3278 am-

617 3321 780 3390 pliora
802 3320 902 3375 sibi
928 3320 1095 3374 stadia
1125 3318 1320 3387 parari,
1352 3326 1407 3371 ut
1436 3316 1668 3386 legitime
1687 3315 1943 3371 certando
1971 3317 2184 3370 clariori

615 3410 950 3466 redimiretur
976 3423 1190 3463 corona.

683 3503 736 3557 3.
777 3501 1066 3556 Considera
1091 3503 1232 3556 enim
1259 3499 1525 3571 quomodo
1552 3509 1674 3571 post
1709 3497 2092 3552 restitutionem
2123 3497 2186 3550 il-

615 3593 716 3646 lius
737 3592 841 3646 duo
865 3592 987 3645 anni
1017 3592 1385 3661 praterierint.
1409 3590 1697 3660 Oportebat
1725 3589 1868 3643 enim
1889 3589 2184 3657 exspectari

617 3697 820 3751 tempus
845 3691 1219 3751 Opportunum,
1256 3692 1310 3735 ut
1341 3682 1525 3750 majori
1554 3697 1677 3736 eum
1707 3682 1873 3751 gloria
1902 3681 2023 3734 inde
2052 3681 2186 3734 edn-

611 3784 840 3829 ceretur.
867 3775 921 3829 Si
951 3775 1093 3828 enim
1123 3772 1411 3843 prazfectus
1440 3773 1806 3842 pinccrnarum
1835 3780 1956 3824 ante
1982 3773 2185 3824 somnia

613 3868 900 3922 Pharaonis
926 3866 1233 3922 recordatus
1258 3908 1272 3931 ,
1305 3881 1426 3921 eum
1451 3865 1689 3919 subsidio
1727 3880 1824 3920 suo
1873 3864 2184 3926 liberasset,

612 3959 849 4012 fortassis
877 3973 983 4011 non
1023 3968 1131 4011 tam
1173 3959 1448 4027 perspicua
1491 3958 1677 4018 fuisset
1702 3958 1820 4012 aliis
1849 3956 1964 4024 ejus
1997 3955 2182 4009 virtus.

611 4046 760 4100 Nunc
785 4057 962 4102 autem
989 4047 1161 4102 solers
1185 4059 1238 4102 et
1257 4049 1469 4117 sapiens
1498 4049 1634 4102 Deus
1661 4048 1856 4113 sciens,
1889 4049 2023 4102 sicut
2050 4049 2187 4116 opti-

612 4154 729 4193 mus
751 4139 933 4194 artifex
961 4181 974 4202 ,
1001 4150 1197 4209 quanto
1237 4149 1476 4207 tempore
1525 4141 1575 4193 in
1620 4141 1739 4209 igne
1779 4138 1969 4194 debeat
1993 4155 2180 4192 aurum

612 4231 812 4294 teneri,
844 4240 898 4284 et
924 4230 1114 4284 iterum
1159 4231 1277 4284 inde
1305 4231 1482 4287 reduci
1509 4269 1524 4294 ,
1558 4232 1814 4299 permittit
1859 4231 1923 4284 ad
1977 4242 2185 4300 tempus

609 4325 832 4378 duorum
856 4337 1113 4376 annorum
1142 4323 1448 4390 prchectum
1480 4324 1850 4392 pincernarum
1882 4323 2022 4376 illius
2049 4324 2185 4376 obli-

608 4413 736 4468 visci
760 4454 776 4475 ,
809 4423 862 4465 ut
887 4421 942 4466 et
964 4422 1169 4482 tempus
1196 4413 1526 4467 somniorum
1561 4414 1852 4468 Pharaonis
1877 4416 2054 4468 veniat
2081 4454 2094 4477 ,
2129 4424 2182 4468 et

607 4507 957 4575 compellente
983 4503 1296 4561 necessitate
1318 4507 1450 4574 ipsa.
1478 4506 1652 4574 justus
1681 4507 1766 4560 ille
1796 4508 1844 4559 in
1880 4516 1989 4560 toto
2020 4523 2184 4575 regno

607 4597 900 4651 Pharaonis
948 4609 1103 4650 notus
1134 4598 1241 4651 fiat.
1275 4601 1324 4652 i.
1357 4597 1495 4652 Nam
1527 4608 1634 4667 post
1672 4601 1797 4653 duos
1832 4617 1991 4652 annos
2021 4602 2140 4653 vidit
2165 4643 2179 4666 ,

609 4687 816 4754 inquit,
842 4687 1036 4740 somnia
1068 4686 1291 4742 Pharao.
1319 4687 1370 4741 8.
1409 4687 1470 4741 Et
1499 4692 1685 4758 factnm
1713 4701 1782 4742 est
1806 4707 1970 4753 mane,
1995 4700 2038 4742 ct
2069 4701 2180 4742 tur-

606 4776 721 4830 bata
743 4787 814 4829 est
840 4777 1007 4830 anima
1036 4778 1163 4849 ejus.
1199 4776 1264 4831 Et
1290 4778 1442 4842 misit,
1466 4789 1510 4831 et
1535 4781 1720 4831 uocauit
1742 4796 1912 4832 omnes
1934 4780 2185 4848 conjecto-

605 4883 686 4920 res
735 4865 950 4936 Egypti
975 4909 987 4929 ,
1018 4878 1061 4921 et
1099 4885 1270 4920 omnes
1305 4869 1551 4937 sapientes
1584 4885 1723 4935 suos,
1762 4880 1808 4922 et
1863 4871 2080 4923 narravit
2115 4873 2184 4925 eis

608 4955 814 5010 Pharao
835 4959 1102 5022 somnium,
1122 4969 1164 5010 et
1190 4976 1286 5011 non
1308 4970 1412 5012 erat
1432 4961 1739 5014 annuntians
1764 4961 1891 5013 illud
1926 4959 2184 5014 Pharaoni

607 5047 804 5119 (Caput
836 5047 960 5118 41).
998 5049 1124 5103 Vide
1171 5050 1511 5118 multiplicem
1566 5051 1659 5105 Dei
1711 5051 2179 5120 dispensationem.

609 5142 760 5196 Prius
805 5142 1059 5210 permittit
1101 5156 1286 5196 omnes
1316 5144 1403 5210 qui
1435 5142 1505 5196 ibi
1552 5142 1879 5198 habebantur
1917 5143 2181 5210 sapientes

607 5234 832 5296 tentari,
870 5243 927 5286 ut
965 5233 1322 5288 demonstrata
1372 5248 1556 5288 eorum
1606 5235 1897 5303 ignorantia
1923 5275 1936 5298 ,
1969 5235 2177 5290 tandem

609 5325 690 5377 hic
718 5325 958 5388 vinctus,
987 5325 1258 5392 captivus,
1292 5338 1478 5379 servus
1503 5366 1517 5390 ,
1549 5324 1803 5379 liehrazus
1846 5327 1897 5379 in
1946 5326 2178 5382 medium

608 5415 862 5468 adductus
885 5425 1004 5468 nota
1031 5414 1226 5469 faceret
1250 5431 1309 5469 ea
1330 5431 1445 5483 quae
1474 5416 1654 5468 multis
1679 5417 1850 5480 ignota
1878 5425 2046 5479 erant,
2074 5432 2180 5485 quo

606 5505 852 5556 omnibus
883 5504 1307 5559 manifestaretur
1334 5522 1560 5574 superna
1602 5516 1767 5575 gratia
1812 5508 1862 5560 in
1900 5507 1992 5563 illo
2020 5509 2182 5562 reful-

608 5609 754 5659 gens.
777 5594 909 5648 Cum
935 5594 1090 5664 igitur
1115 5610 1298 5651 omnes
1328 5599 1593 5666 sapientes
1623 5607 1910 5658 venissent,
1931 5608 1982 5652 et
2010 5613 2180 5669 neque

607 5687 783 5738 dicere
806 5686 999 5755 aliquid
1030 5727 1044 5751 ,
1080 5703 1250 5757 neque
1275 5703 1336 5742 os
1364 5689 1570 5758 aperire
1611 5700 1825 5758 possent
1851 5709 1861 5741 :
1888 5701 2009 5744 tunc
2039 5693 2181 5759 prin-

609 5790 734 5845 ceps
763 5777 1129 5846 pim-ernarum
1161 5780 1467 5835 recordatus
1505 5783 1766 5836 recensuit
1800 5783 2058 5838 Pharaoni
2108 5797 2172 5839 ea

1125 5971 1169 5984 ho"

1369 396 1424 451 S.
1455 392 1730 450 JOANNIS
1768 390 2241 448 ιιιιιιιδυδτωιι
2282 392 2596 449 ARCIIIEP.
2639 390 3170 451 COASTANTINOP.

3768 391 3872 453 5-H

2307 524 2424 578 qua:
2456 509 2556 563 sibi
2592 507 2643 562 in
2670 523 2886 564 carcere
2908 512 3281 580 contigerant,
3314 516 3368 562 ct
3393 507 3598 578 inquit:
3623 507 3673 564 9.
3711 511 3889 566 Per-ca-

2307 611 2412 652 tum
2441 616 2604 653 meum
2631 601 2923 655 reminiscor
2951 603 3118 656 hodie.
3151 601 3220 656 Et
3246 611 3426 656 narrat
3451 602 3632 655 statim
3666 615 3888 670 quomo-

2302 689 2377 744 do
2403 691 2454 743 in
2481 704 2753 746 carcerem
2781 689 3054 761 coniectus
3079 693 3150 746 sit
3186 691 3299 761 ipse
3325 700 3379 746 et
3407 691 3694 762 prietectas
3721 692 3888 761 pisto-

2302 797 2438 845 rum,
2465 792 2518 838 et
2544 783 2772 838 viderint
2796 785 3024 849 somnia,
3050 792 3104 838 et
3133 783 3624 850 interpretationem
3649 797 3836 838 eorum
3863 797 3890 837 ιι

2301 871 2497 942 Joseph
2524 874 2826 943 acceperint
2843 916 2858 939 ,
2883 884 2938 928 et
2961 875 3228 944 quomodo
3255 873 3546 928 secundum
3575 871 3715 926 illius
3754 887 3888 942 prmo

2299 962 2586 1018 dictionem
2617 965 2746 1032 ipsis
2772 964 3052 1020 evenerint
3075 967 3274 1019 omnia.
3302 965 3387 1020 ιι.
3422 963 3544 1017 Ηωε
3565 980 3680 1016 cunt
3705 963 3888 1017 audis-

2299 1062 2369 1106 set
2396 1069 2486 1106 rea:
2508 1093 2522 1116 ,
2547 1055 2680 1107 misit
2703 1054 2772 1108 ad
2800 1054 3016 1124 Joseph,
3049 1064 3097 1109 et
3121 1055 3295 1110 eduxit
3335 1072 3446 1108 eum
3483 1070 3548 1108 ex
3575 1070 3778 1108 carcere
3799 1093 3819 1121 ,
3847 1062 3894 1108 et

2298 1143 2616 1198 totonderunt
2653 1161 2765 1198 eunt
2785 1185 2800 1210 ,
2823 1154 2872 1199 et
2909 1154 3224 1199 mutaverunt
3274 1147 3619 1199 vestimentum
3665 1146 3776 1215 ejus
3803 1185 3817 1209 ,
3849 1155 3894 1196 et

2298 1235 2500 1287 intravit
2546 1235 2617 1287 ad
2648 1234 2990 1289 Pharaonem.
3016 1235 3148 1290 Vide
3185 1237 3364 1288 statim
3391 1235 3458 1287 ab
3485 1234 3636 1287 initio
3662 1245 3894 1302 quantus

2298 1340 2438 1379 nunc
2467 1325 2658 1380 honor.
2683 1327 2968 1396 Postquam
2993 1327 3133 1382 enim
3168 1335 3424 1395 purgatus
3458 1334 3542 1380 est
3569 1340 3664 1394 per
3685 1328 3892 1394 patien-

2295 1419 2445 1482 tiam,
2459 1418 2598 1472 sicut
2616 1433 2804 1472 aurum
2824 1419 3047 1472 rutilans
3060 1418 3188 1472 exiit
3207 1418 3273 1471 de
3292 1426 3585 1480 carcere,et
3604 1414 3797 1470 ductus
3811 1425 3894 1468 cst

2299 1507 2366 1560 ad
2393 1506 2746 1562 PharaOnem.
2782 1506 2972 1562 Vidisti
3007 1516 3264 1576 quantum
3292 1506 3361 1560 sit
3387 1521 3418 1560 a
3447 1521 3678 1574 superna
3720 1506 3889 1576 gratia

2293 1599 2568 1667 adjuvari?
2590 1599 2720 1654 Vide
2737 1614 2876 1652 nunc
2892 1609 3086 1668 quanta
3101 1597 3402 1667 dispensata
3424 1598 3552 1662 sint,
3572 1606 3629 1650 ut
3648 1613 3734 1651 res
3747 1596 3891 1650 loses

2295 1690 2381 1756 phi
2400 1690 2811 1759 complerentur.
2833 1690 2962 1743 Nam
2985 1699 3258 1760 postquam
3281 1705 3546 1744 summum
3563 1689 3696 1744 illud
3717 1703 3890 1744 certa-

2295 1793 2416 1833 men
2433 1790 2685 1834 certasset
2696 1781 3022 1847 ,etscelesta:
3035 1779 3444 1851 illiusIEgyptim
3459 1779 3673 1848 pedicas
3684 1777 3890 1847 effugis.

2293 1881 2394 1934 set,
2411 1881 2463 1924 et
2481 1872 2531 1923 in
2548 1886 2818 1926 carcerem
2828 1871 3104 1940 conjectus
3114 1871 3525 1938 esset,permisit
3537 1878 3591 1924 ut
3605 1869 3888 1938 prmfectus

2295 1959 2667 2027 pineernarum
2695 1969 2748 2014 et
2770 1960 3048 2028 praefectus
3066 1962 3322 2033 pistorum
3337 1959 3630 2012 Pharaonis
3653 1974 3748 2027 per
3763 1959 3888 2012 illud

2296 2057 2502 2118 tempus
2528 2049 2580 2118 in
2615 2064 2884 2104 carcerem
2921 2050 3067 2103 illutn
3097 2049 3439 2118 injicerentur
3465 2090 3477 2111 ,
3506 2059 3560 2103 et
3591 2065 3686 2118 per
3727 2051 3890 2104 inter-

2295 2143 2645 2209 pretationem
2677 2142 3006 2196 somniorum
3035 2142 3305 2196 discerent
3335 2142 3430 2194 viri
3455 2141 3797 2210 sapientiam.
3831 2149 3890 2195 ut

2292 2247 2474 2286 eorum
2492 2233 2626 2288 alter
2650 2248 2788 2287 nunc
2814 2233 3128 2301 tempcsuve
3149 2231 3288 2286 illius
3312 2234 3636 2286 mentionem
3663 2232 3885 2294 iaciens,

2291 2338 2412 2376 eum
2449 2324 2500 2376 iu
2542 2324 2773 2378 medium
2815 2322 3094 2393 proferret.
3131 2324 3216 2378 15.
3253 2323 3394 2376 Dixit
3434 2334 3602 2375 autem
3628 2365 3642 2387 ,
3674 2321 3847 2389 inquit
3871 2362 3886 2378 .

2295 2411 2501 2466 Pharao
2529 2414 2594 2465 ad
2617 2412 2811 2483 Joseph
2835 2432 2851 2467 :
2875 2415 3142 2468 Somnium
3165 2413 3286 2475 vidi,
3307 2424 3353 2466 et
3384 2429 3483 2466 non
3509 2423 3580 2466 est
3609 2414 3696 2482 qui
3730 2413 3896 2464 inter-

2294 2512 2515 2564 pretetur
2562 2504 2731 2555 illud:
2767 2520 2855 2572 ego
2893 2516 3057 2557 autent
3095 2505 3266 2557 audivi
3307 2504 3369 2556 de
3413 2514 3459 2557 te
3495 2506 3713 2556 dicentes
3750 2503 3889 2571 quod

2292 2608 2406 2646 cum
2433 2593 2653 2646 audieris
2680 2596 2894 2658 somnia,
2928 2595 3040 2661 ipsa
3065 2585 3425 2664 interpreteris.
3463 2593 3592 2648 Vide
3612 2593 3890 2663 quomodo

2293 2682 2545 2737 confusus
2577 2683 2782 2738 Pharao
2812 2699 2915 2737 non
2948 2685 3074 2739 dicit
3100 2687 3401 2748 manifeste,
3427 2686 3630 2739 nullum
3657 2699 3885 2738 suorum

2292 2775 2610 2844 sapientium
2654 2777 2892 2845 potuisse
2946 2777 3236 2846 dijudicare
3278 2779 3483 2831 somnia
3517 2794 3530 2830 :
3563 2777 3657 2831 sed
3705 2777 3832 2846 quid
3864 2776 3890 2830 2

2293 2864 2558 2918 Somnium
2587 2867 2708 2931 vidi,
2729 2876 2774 2918 et
2800 2883 2900 2919 non
2928 2877 2999 2920 est
3035 2869 3120 2934 qui
3143 2869 3497 2938 interpretetur
3523 2867 3674 2922 illud.
3703 2868 3890 2921 Auchi

2292 2967 2458 3008 autem
2484 2958 2546 3010 de
2567 2968 2615 3010 te
2643 2960 2862 3012 dicentes
2885 3000 2899 3024 ,
2926 2959 3060 3028 quod
3085 2961 3125 3013 si
3151 2960 3373 3014 audieris
3394 2961 3590 3012 somnia
3611 3001 3628 3025 ,
3660 2961 3774 3030 ipsa
3798 2962 3849 3013 in
3867 2989 3887 3000 ο

2295 3050 2597 3115 terpreteris.
2619 3048 2907 3105 Considera
2935 3092 2948 3114 ,
2980 3053 3228 3116 obsecro,
3260 3051 3347 3106 hic
3378 3066 3625 3121 magnam
3651 3051 3890 3121 pruden~

2296 3136 2421 3193 tiam
2443 3149 2497 3193 et
2530 3140 2779 3210 pietatem
2806 3140 3026 3209 Joseph,
3053 3145 3320 3210 quomodo
3349 3142 3612 3196 Pharaoni
3653 3158 3886 3212 respouo

2292 3232 2433 3286 deat.
2463 3230 2542 3286 Ne
2584 3233 2904 3301 suspiceris,
2939 3233 3148 3302 inquit,
3178 3249 3263 3288 me
3288 3233 3486 3303 aliquid
3513 3247 3543 3286 a
3582 3249 3669 3288 me
3713 3232 3882 3288 dictu.

2293 3337 2410 3376 rum
2434 3362 2448 3386 ,
2476 3323 2558 3376 vel
2585 3321 2881 3376 secundum
2909 3323 3190 3375 humanam
3220 3324 3534 3392 sapientiam
3565 3322 3887 3392 dijudicatu.

2293 3430 2428 3468 runt.
2455 3416 2787 3487 Nequeenim
2799 3411 3523 3485 possibileestsinesuperna
3553 3418 3885 3472 revelatione

2293 3507 2471 3559 talium
2504 3506 2746 3559 notitiam
2790 3505 3004 3558 habere.
3049 3504 3199 3558 Scias
3237 3505 3396 3574 igitur
3425 3547 3436 3567 .
3461 3507 3578 3562 sine
3625 3506 3735 3560 Deo
3776 3523 3882 3562 non

2291 3610 2448 3665 posse
2471 3611 2555 3649 me
2583 3595 2906 3664 respondere
2937 3596 3053 3649 tibi.
3084 3596 3168 3648 l6.
3201 3596 3326 3650 Sine
3351 3595 3458 3650 Deo
3484 3635 3496 3662 ,
3531 3598 3703 3668 inquit
3729 3641 3742 3660 ,
3779 3616 3883 3653 non

2291 3687 2670 3755 respondebitur
2709 3685 2931 3739 salutare
2961 3684 3246 3738 Pharaoni.
3277 3687 3554 3756 Cognosce
3597 3689 3883 3744 universo-

2292 3792 2409 3830 rum
2444 3777 2724 3830 Dominum
2752 3792 2868 3829 esse
2904 3778 2990 3846 qui
3023 3777 3224 3830 revelat
3253 3820 3264 3838 ,
3298 3787 3350 3831 et
3380 3793 3445 3830 ne
3475 3777 3543 3831 ab
3573 3778 3881 3832 hominibus

2291 3884 2488 3936 quzere,
2518 3883 2635 3936 qua:
2659 3870 2821 3921 solius
2854 3868 2946 3921 Dei
2975 3879 3056 3920 est
3080 3869 3444 3922 manifestare.

2364 3959 2544 4012 Divina
2572 3961 2793 4028 potentia
2833 3977 2919 4028 per
2956 3958 3238 4029 Josephunt
3281 3963 3711 4028 ntanifestata.—
3744 3963 3878 4017 Vide

2291 4050 2560 4119 quomodo
2595 4066 2852 4120 responso
2877 4067 2974 4106 suo
2998 4054 3154 4108 docet
3185 4052 3536 4119 Pharaonem,
3585 4070 3746 4124 quam
3775 4057 3884 4120 sint

2292 4142 2486 4198 inlirmi
2517 4155 2570 4197 et
2613 4144 2824 4199 inutiles
2856 4145 3120 4212 sapientes
3150 4146 3286 4215 ejus,
3334 4158 3387 4201 et
3429 4158 3624 4216 quanta
3669 4150 3739 4200 sit
3782 4163 3880 4216 po.

2291 4238 2450 4301 tentia
2486 4235 2594 4290 Dei.
2627 4235 2785 4304 Igitur
2808 4237 3058 4306 quoniam
3085 4238 3379 4306 cognovisti
3406 4254 3468 4292 ex
3494 4253 3598 4304 me,
3625 4253 3798 4308 neque
3813 4253 3880 4292 ex

2292 4326 2515 4381 humana
2545 4327 2822 4393 sapientia,
2877 4343 3047 4396 neque
3085 4342 3149 4381 ex
3181 4327 3410 4397 propriis
3443 4328 3735 4381 rationibus
3765 4327 3881 4383 hate

2290 4430 2375 4469 me
2397 4416 2557 4485 loqui,
2585 4416 2671 4470 dic
2690 4433 2808 4486 quzn
2830 4434 2860 4470 a
2887 4418 2993 4472 Deo
3015 4417 3107 4471 tibi
3137 4429 3260 4472 sunt
3287 4417 3638 4472 manifestata.
3672 4419 3882 4474 Pharao

2292 4505 2378 4559 ubi
2407 4505 2518 4560 haec
2551 4506 2735 4571 audiit,
2778 4515 2961 4563 narrat
2987 4509 3214 4573 somnia,
3241 4517 3295 4562 et
3321 4509 3547 4577 primum
3592 4518 3647 4562 et
3687 4523 3882 4564 secun-

2289 4595 2437 4661 dum,
2461 4605 2514 4652 et
2537 4598 2739 4666 inquit:
2765 4598 2853 4652 24.
2885 4596 3007 4652 Dixi
3038 4599 3422 4669 conjectoribus,
3455 4612 3500 4654 et
3528 4617 3629 4655 non
3658 4612 3764 4655 erat
3793 4605 3882 4669 qui

2289 4688 2611 4742 annuntiaret
2637 4688 2777 4741 mihi.
2803 4687 2917 4742 Non
2947 4689 3161 4753 audisti,
3195 4691 3382 4759 inquit,
3416 4706 3444 4744 a
3476 4707 3583 4756 me,
3617 4707 3722 4746 non
3754 4708 3882 4749 esse

2291 4774 2535 4830 humana:
2561 4778 2833 4845 sapieutire
2857 4780 2976 4832 talia
2995 4781 3334 4850 significare?
3356 4781 3430 4835 Ne
3453 4784 3611 4852 igitur
3630 4783 3738 4838 illis
3760 4799 3884 4839 suc-

2289 4880 2541 4920 censeas:
2575 4883 2861 4936 numquam
2905 4871 3050 4924 enim
3095 4880 3346 4938 poterunt
3373 4873 3494 4925 talia
3527 4873 3882 4942 comprobet»

2289 4957 2437 5022 dere,
2467 4973 2585 5027 qua:
2615 4974 2843 5029 superna
2873 4971 3028 5030 egent
3055 4962 3397 5019 revelatione.
3426 4964 3516 5019 25.
3543 4964 3604 5018 Et
3631 4965 3760 5020 dixit
3783 4966 3890 5022 Jo-

2287 5051 2432 5117 seph,
2467 5050 2668 5119 inquit:
2705 5053 2972 5106 Somnium
3021 5053 3312 5109 Pharaonis
3354 5073 3510 5110 unum
3539 5068 3626 5111 est.
3670 5059 3756 5114 32.
3813 5060 3883 5115 Ut

2288 5151 2453 5192 autem
2481 5142 2654 5194 credas
2686 5143 2818 5209 quod
2858 5161 3026 5198 verum
3063 5147 3176 5210 erit,
3223 5149 3357 5214 quod
3379 5167 3413 5200 a
3445 5147 3548 5203 Deo
3589 5149 3672 5202 tibi
3701 5153 3886 5218 ιιι-ιιἰὶ-

2285 5242 2497 5300 gnatum
2526 5242 2617 5293 est,
2647 5243 2692 5284 et
2715 5234 2849 5302 quod
2874 5236 3167 5291 accelerabit
3195 5235 3332 5290 Deus
3362 5239 3500 5292 istud
3526 5239 3709 5307 facere,
3734 5259 3883 5311 reprb

2287 5322 2430 5374 iitum
2458 5331 2530 5376 est
2555 5325 2793 5377 secundo.
2823 5324 3090 5394 Repetitio
3109 5333 3274 5393 enim,
3309 5329 3498 5398 inquit,
3538 5332 3882 5387 conﬁrmatio

2289 5423 2372 5468 est
2397 5417 2652 5479 visorum,
2685 5428 2739 5471 et
2767 5421 3036 5486 copiosior
3067 5422 3308 5488 probatio
3345 5423 3488 5492 quod
3514 5425 3732 5478 omnino
3763 5428 3879 5482 inec

2290 5506 2461 5559 futura
2493 5507 2620 5564 sint.
2650 5508 2711 5562 Et
2751 5522 3028 5578 postquam
3067 5512 3308 5566 distinxit
3354 5529 3634 5569 numerum
3670 5530 3880 5585 sep:cm

2289 5598 2447 5651 boum
2469 5608 2522 5651 et
2553 5609 2756 5668 septem
2787 5601 3076 5667 spicarum,
3108 5617 3169 5657 ac
3208 5603 3340 5656 dixit
3368 5619 3615 5674 magnam
3646 5604 3881 5664 futuram

2288 5689 2686 5752 abundantiam,
2719 5701 2771 5745 et
2800 5702 2981 5759 postea
3007 5709 3222 5758 gravem
3253 5709 3596 5766 sequuturam
3640 5715 3760 5755 esse
3806 5703 3884 5754 ta-

2290 5794 2450 5846 mem,
2470 5778 2662 5838 deinde
2689 5784 2945 5852 optimum
2971 5786 3250 5842 consilium
3281 5787 3453 5850 atteri,
3478 5799 3530 5841 et
3551 5787 3678 5843 dicit
3697 5805 3713 5846 ;
3732 5792 3880 5846 Cou-
