4120 6472
263 453 367 511 ως

260 564 424 624 stitue
441 562 614 618 virum
645 575 806 632 super
822 557 1135 632 Egyptum,
1157 556 1246 627 qui
1273 554 1443 627 possit
1467 554 1723 625 colligere
1747 551 1872 609 red-

259 658 529 716 ttndantes
552 656 757 712 fructus
790 664 999 724 septem
1038 664 1324 715 annorum,
1347 662 1410 703 ac
1430 647 1508 703 sic
1525 647 1863 717 dispensare,

261 763 317 809 ut
345 751 515 824 possit
544 750 597 804 in
629 758 873 817 tempore
910 744 1066 799 famis
1095 740 1348 797 solatium
1376 737 1628 804 inveniri,
1673 745 1728 793 et
1758 751 1863 792 non

258 843 351 900 iiat
376 838 686 899 omnimodo
730 833 1091 906 consumptio.
1126 834 1216 889 37.
1254 830 1563 887 Placuerunt
1590 830 1698 884 hac
1722 825 1867 882 Pha-

257 935 405 991 raoni
424 943 472 989 et
498 933 729 989 omnibus
747 930 905 986 servis
923 929 1053 999 ejus.
1098 926 1355 996 Tuncque
1381 922 1702 979 ministravit
1726 920 1867 976 Pha-

258 1043 353 1083 rao
380 1026 549 1084 cxitui
592 1023 925 1081 somniorum
966 1017 1187 1097 Josepb,
1234 1032 1357 1089 qua:
1399 1016 1605 1072 viderat
1646 1012 1861 1086 quando

257 1120 399 1190 apud
431 1125 639 1191 patrem
664 1116 878 1188 agebat.
911 1115 981 1170 Et
1004 1114 1118 1186 ipse
1141 1112 1360 1184 quidem
1386 1111 1593 1166 somnia
1623 1108 1858 1165 Pharao-

258 1212 341 1267 nis
368 1210 727 1281 dijudicabat:
758 1208 968 1263 Pharao
1007 1214 1187 1261 autem
1229 1203 1564 1259 somniorum
1608 1213 1861 1258 eventum

258 1305 513 1377 ignorans
540 1303 607 1358 ad
636 1303 797 1357 linem
824 1300 1073 1357 ducebat.
1106 1297 1241 1354 Nam
1267 1306 1323 1351 ut
1350 1297 1466 1352 haec
1498 1296 1720 1359 audivit,
1768 1295 1859 1350 58.

258 1396 405 1451 Dixit
429 1396 585 1450 seruis
617 1394 721 1448 suis
744 1409 761 1446 :
796 1391 936 1446 Num
961 1390 1273 1445 inveniemus
1296 1389 1550 1442 hominem
1574 1386 1750 1454 talem,
1773 1384 1862 1454 qui

255 1490 404 1545 habet
424 1489 655 1559 spiritum
683 1485 780 1540 Dei
808 1486 859 1539 in
888 1482 1193 1553 semetipso?

327 1585 381 1639 4.
425 1581 612 1636 Vidisti
664 1577 933 1649 quomodo
974 1576 1227 1647 cognovit
1266 1582 1321 1629 et
1361 1573 1498 1644 ipse,
1531 1587 1596 1629 ex
1628 1585 1858 1643 superna

254 1675 583 1733 revelatione
624 1673 738 1727 tunc
786 1672 835 1725 ei
877 1666 1220 1725 manifestata
1258 1666 1463 1723 fuisse?
1492 1668 1664 1733 Quem
1689 1665 1856 1731 enim,

254 1767 448 1838 inquit,
498 1762 853 1829 inveniemus,
886 1760 977 1831 qui
1007 1768 1208 1815 tantam
1247 1767 1610 1823 consequutus
1635 1758 1705 1812 sit
1729 1771 1857 1827 gra-

254 1860 405 1926 tiam,
440 1867 495 1913 ut
534 1856 783 1927 spiritum
827 1852 919 1909 Dei
947 1853 999 1908 in
1022 1868 1083 1908 se
1113 1850 1344 1907 habeat?
1370 1851 1460 1906 39.
1496 1849 1562 1904 Et
1591 1850 1744 1915 dicit,
1773 1849 1855 1903 in-

251 1952 391 2023 quit,
418 1951 484 2004 ad
507 1948 701 2018 Joseph
722 1962 741 2001 :
766 1944 900 2011 Quia
930 1943 1228 1998 monstrauit
1253 1942 1343 1997 tibi
1372 1940 1508 1996 Deus
1524 1941 1697 1995 omnia
1724 1941 1853 2008 haec,

251 2060 355 2099 non
374 2050 446 2097 est
470 2043 620 2095 homo
642 2038 938 2111 prudentior
960 2052 1115 2108 quam
1134 2044 1210 2090 tu.

327 2131 476 2189 Nihil
505 2130 713 2201 impedit
750 2129 1003 2183 decretum
1038 2125 1157 2181 Dei.
1192 2124 1453 2194 Quantum
1480 2124 1547 2181 sit
1579 2127 1714 2196 ferre
1740 2140 1857 2179 cum

248 2224 531 2298 gratiarum
552 2223 750 2277 actione
769 2220 1087 2274 tentationes.
1104 2247 1181 2258 —
1198 2215 1431 2272 Attende
1452 2216 1538 2271 hic
1561 2215 1853 2287 quomodo,

247 2315 699 2389 quandocumque
720 2312 948 2369 voluerit
966 2312 1217 2381 providus
1238 2310 1379 2365 Deus
1398 2324 1563 2380 opere
1583 2310 1856 2380 complere

250 2424 372 2481 qua:
400 2408 499 2463 sibi
530 2407 642 2462 visa
670 2406 888 2473 fuerint,
923 2404 1052 2459 nihil
1082 2419 1270 2459 eorum
1299 2419 1419 2475 qua:
1466 2403 1519 2459 in
1561 2405 1740 2460 medio
1760 2404 1857 2460 ob-

250 2511 397 2559 stare
418 2502 685 2567 videntur,
713 2498 973 2571 impedire
995 2498 1183 2569 possit.
1212 2498 1354 2555 Ecce
1374 2498 1520 2553 enim
1545 2517 1574 2551 a
1606 2498 1855 2555 fratribus

251 2609 422 2668 prope
448 2595 660 2651 occisus
692 2594 882 2659 fuerat,
924 2600 1111 2662 postea
1144 2600 1326 2646 autem
1354 2590 1625 2656 venditus,
1671 2605 1858 2646 acces-

248 2698 394 2746 serat
419 2690 545 2743 item
566 2686 831 2743 calumnia
853 2686 906 2740 in
923 2696 1223 2740 extremum
1245 2683 1541 2755 periculum
1557 2683 1853 2756 adducens,

248 2787 306 2836 et
332 2779 385 2835 in
411 2792 629 2834 carcere
660 2785 810 2833 tanto
836 2785 1080 2846 tempore
1105 2775 1297 2839 fuerat,
1320 2784 1375 2830 et
1394 2785 1516 2846 post
1538 2776 1653 2831 hzec
1674 2777 1853 2833 omnia

249 2869 318 2926 ad
344 2870 540 2942 ipsum,
572 2884 739 2939 prope
765 2867 1023 2930 dixerim,
1071 2868 1215 2938 regis
1258 2867 1453 2923 solium
1491 2879 1709 2924 evectus
1746 2878 1852 2927 est.

251 2961 510 3031 Quoniam
534 2960 750 3015 ostendit
797 2958 888 3013 tibi
930 2957 1071 3013 Deus
1100 2958 1209 3013 hac
1237 2960 1431 3025 omnia,
1464 2977 1565 3014 non
1593 2971 1665 3016 est
1706 2962 1855 3018 homo

250 3053 549 3125 prudentior
590 3062 635 3106 et
681 3050 1045 3123 intelligentior
1066 3060 1134 3107 te.
1158 3051 1248 3107 ιο.
1287 3050 1365 3105 Tu
1388 3052 1547 3124 igitur
1574 3054 1674 3109 eris
1702 3071 1858 3126 super

250 3149 461 3202 domum
487 3162 670 3212 meam,
698 3156 744 3199 et
770 3145 823 3200 in
848 3160 939 3200 ore
964 3156 1051 3200 tuo
1076 3145 1271 3201 obediet
1299 3148 1463 3202 omnis
1496 3148 1714 3218 populus
1731 3164 1854 3204 ευθ-

248 3250 535 3295 rumtamen
564 3240 747 3295 throno
773 3254 865 3311 ego
885 3248 933 3293 te
961 3238 1279 3294 antecellens.
1308 3239 1441 3295 Vide
1471 3242 1741 3311 quomodo
1766 3258 1857 3299 ca-

250 3332 430 3403 ptivus
451 3340 675 3401 repente
699 3331 1050 3387 constituitur
1087 3346 1183 3387 rex
1214 3332 1376 3387 totius
1415 3331 1652 3405 Egypti,
1682 3345 1735 3391 et
1766 3337 1855 3408 qui

249 3425 321 3481 ab
346 3423 702 3495 archimagiro
732 3424 785 3477 in
820 3438 1099 3479 carcerem
1141 3424 1417 3494 eonjectus
1447 3425 1637 3491 fuerat,
1666 3443 1695 3483 a
1728 3444 1857 3501 rege

252 3517 306 3571 in
353 3530 623 3574 summum
652 3514 861 3569 locum'
893 3515 1159 3571 exaltatus
1187 3525 1303 3571 est:
1335 3531 1397 3572 ac
1423 3519 1511 3588 qui
1543 3520 1713 3574 fuerat
1739 3522 1857 3591 ejus

249 3608 520 3673 dominus,
551 3616 775 3677 repente
822 3606 955 3661 vidit
992 3622 1152 3677 quem
1182 3617 1240 3663 ut
1265 3608 1567 3665 adulterum
1594 3610 1645 3665 in
1668 3627 1855 3667 carce-

249 3713 369 3756 rem
390 3698 631 3765 miserat,
659 3697 823 3752 totius
852 3696 1071 3770 Egypti
1099 3700 1403 3770 suscepisse
1426 3702 1734 3771 imperium.
1769 3705 1859 3759 Vi-

250 3789 377 3845 disti
403 3798 663 3860 quantum
688 3787 760 3843 sit
789 3787 937 3844 ferre
965 3804 1088 3846 cum
1109 3791 1401 3861 gratiarum
1440 3778 1650 3849 actione
1678 3804 1857 3850 tenta-

250 3881 462 3937 tiones?
488 3880 779 3952 Propterea
824 3880 1021 3936 Paulus
1048 3880 1282 3949 dicebat,
1312 3882 1527 3954 Aﬁlictio
1560 3885 1857 3955 patientiam

250 3983 516 4045 operatur,
569 3972 815 4043 patientia
863 3972 1232 4042 probationem,
1282 3973 1515 4044 probatio
1543 3992 1704 4047 spem,
1743 3994 1859 4048 spes

250 4081 354 4120 non
407 4063 669 4136 pudefacit
740 4063 919 4137 (Rom.
953 4065 1008 4120 5.
1040 4065 1162 4122 3-5
1188 4064 1229 4137 ).
1268 4064 1403 4121 Vide
1447 4066 1607 4137 igitur
1645 4086 1658 4121 :
1716 4068 1850 4123 afﬂi-

248 4158 461 4214 etioncs
488 4157 751 4227 patienter
780 4157 926 4223 tulit;
960 4157 1213 4227 patientia
1243 4158 1526 4228 probatum
1550 4175 1673 4215 eum
1696 4160 1853 4227 fecit;

250 4250 510 4324 probatus
540 4251 709 4305 lactus
736 4251 788 4305 in
817 4265 1009 4321 magna
1038 4266 1136 4321 spe
1161 4250 1384 4322 agebat;
1414 4268 1541 4323 spes
1563 4269 1667 4309 non
1696 4254 1858 4323 pude-

251 4345 400 4402 fecit.
432 4344 521 4399 41.
552 4341 695 4398 Dixit
722 4354 891 4396 autem
912 4342 982 4396 ad
1011 4360 1122 4396 eum
1143 4360 1161 4396 :
1192 4342 1323 4398 Ecce
1349 4347 1601 4399 constituo
1632 4356 1678 4401 te
1708 4348 1860 4402 hodie

249 4452 410 4507 super
434 4450 634 4489 omnem
683 4445 869 4489 terram
900 4431 1139 4505 Egypti.
1183 4433 1274 4489 bi.
1321 4433 1389 4488 Et
1433 4434 1644 4491 Pharao
1686 4438 1857 4493 ablato

250 4528 448 4583 annqu
468 4527 532 4582 de
559 4544 712 4582 manu
752 4545 865 4596 sua,
896 4528 1062 4599 posuit
1097 4545 1210 4581 eum
1240 4528 1293 4583 in
1324 4546 1479 4583 manu
1511 4529 1726 4603 Ioseph,
1773 4533 1857 4587 in-

251 4620 462 4691 duitque
485 4635 597 4671 eum
622 4628 755 4673 veste
794 4619 1020 4690 byssina,
1066 4628 1112 4672 et
1150 4619 1485 4675 circumdedit
1525 4623 1713 4677 collum
1750 4625 1860 4696 ejus

253 4722 433 4783 torque
456 4727 628 4773 aureo,
660 4711 759 4766 £3-
780 4721 827 4767 et
858 4713 975 4783 fecit
1017 4728 1128 4765 eum
1156 4712 1429 4768 ascendere
1468 4732 1621 4786 super
1650 4734 1859 4771 currum

250 4818 406 4861 suum
446 4804 742 4857 secundum.
788 4799 860 4856 Et
910 4803 1249 4875 promulgavit
1292 4820 1466 4857 coram
1505 4822 1561 4859 eo
1591 4824 1777 4876 pra-co,
1812 4818 1860 4863 et

250 4895 514 4951 constituit
535 4911 648 4949 eant
666 4911 818 4965 super
844 4903 1001 4948 totam
1030 4893 1340 4967 Egyptum.
1369 4896 1503 4952 Nam
1541 4898 1679 4955 Deus
1699 4916 1859 4971 quem

253 4986 490 5042 habebat
516 5000 725 5052 secum,
754 4997 908 5041 antea
936 4987 986 5041 ei
1010 4988 1188 5042 omnia
1220 4988 1357 5045 bene
1381 4989 1745 5060 disposuerat,
1773 5003 1858 5047 at-

248 5094 359 5147 que
385 5092 510 5133 eum
554 5078 605 5133 in
652 5086 858 5133 tantum
882 5078 1066 5150 gloria:
1096 5080 1309 5134 culmen
1361 5083 1559 5137 evexit.
1590 5084 1678 5138 44.
1716 5083 1861 5139 Dixit

250 5180 426 5225 autem
454 5167 662 5224 Pharao
683 5186 701 5223 :
726 5170 923 5241 Absque
947 5180 994 5225 te
1013 5171 1185 5226 nullus
1206 5170 1389 5227 leuabit
1414 5192 1619 5228 manum
1645 5194 1790 5231 suam
1809 5179 1862 5232 in

252 5262 397 5318 omni
423 5271 556 5316 terra
583 5259 819 5333 Egypti.
850 5263 939 5318 45.
968 5260 1035 5316 Et
1069 5265 1262 5319 vocavit
1308 5264 1518 5320 Pharao
1556 5285 1737 5323 nomen
1762 5269 1861 5323 Jo-

253 5355 405 5419 seph.
442 5353 969 5426 Psomthomphanech
990 5370 1009 5409 :
1035 5356 1401 5426 appellatione
1428 5359 1617 5413 volens
1643 5363 1860 5431 sapien-

253 5450 389 5504 tiam
407 5446 526 5514 ejus
558 5456 811 5516 perpetua
839 5448 1097 5503 memoria
1130 5456 1376 5504 testatam
1403 5466 1545 5507 esse.
1583 5451 1692 5507 lloc
1718 5456 1863 5509 enim

255 5535 546 5608 significat,
592 5536 917 5593 Occultorum
948 5541 1204 5612 cognitor,
1247 5556 1313 5597 eo
1342 5543 1483 5614 quod
1506 5560 1569 5601 ea
1600 5561 1719 5616 quae
1748 5562 1865 5601 om-

256 5628 420 5685 nibus
445 5629 654 5683 occulta
699 5638 853 5685 erant
890 5633 1335 5699 maniiestaverit,
1370 5634 1489 5690 ideo
1516 5652 1581 5691 ex
1613 5653 1672 5692 re
1711 5649 1862 5709 gesta

256 5718 673 5791 appellationem
696 5722 743 5777 ei
768 5723 1011 5793 imponit.
1035 5724 1099 5779 Et
1121 5736 1176 5781 ut
1192 5729 1557 5784 accumularet
1578 5729 1861 5799 honorem,

331 5903 345 5934 ι
387 5899 485 5963 Alii,
514 5900 581 5950 ad
605 5916 836 5953 summam
856 5910 1147 5968 poteduteut.

1303 440 1369 499 IN
1407 438 1560 497 CAP.
1604 439 1737 496 XLI.
1782 439 2028 496 GENES.
2071 439 2302 497 1101111..
2343 439 2527 500 LXIII.

3484 448 3591 505 5“

1985 554 2077 608 dat
2105 555 2153 609 ei
2185 555 2349 611 tiliam
2391 556 2672 628 Petephra:
2718 558 2772 613 iu
2812 572 3062 616 uxorem.
3091 560 3297 620 Deinde
3332 565 3457 635 quia
3488 567 3590 623 iste

1973 646 2216 717 ejusdem
2261 649 2495 705 nominis
2522 660 2641 705 erat
2669 665 2792 706 eam
2823 668 2889 707 eo
2916 651 3007 723 qui
3035 653 3287 712 dominus
3326 654 3448 729 ejus
3475 658 3586 714 fue-

1973 747 2077 802 rat,
2101 738 2254 804 dicit,
2286 738 2583 797 Sacerdotis
2618 740 2964 811 Ileliopoleos.
3012 745 3078 802 Et
3119 754 3177 801 ut
3217 747 3494 807 discamus
3533 754 3587 808 in

1970 846 2074 901 qua
2102 841 2262 888 a-tate
2291 832 2450 888 fuerit
2478 833 2813 890 admirabilis
2842 834 2953 902 ille,
2978 852 3067 905 qm
3098 846 3301 894 tantam
3326 854 3593 912 assequu-

1972 932 2058 979 tus
2101 933 2183 979 est
2224 924 2550 993 mercedem,
2585 937 2841 999 tantaque
2868 930 3159 985 certamina
3190 931 3455 1002 exhibuit,
3503 936 3583 990 iu-

1969 1016 2118 1087 quit:
2142 1018 2233 1073 46.
2263 1016 2461 1089 Ioseph
2491 1030 2663 1075 autem
2690 1030 2798 1076 erat
2825 1024 3036 1094 triginta
3063 1042 3337 1090 annorum,
3378 1029 3589 1097 quando

1968 1111 2105 1163 stetit
2127 1126 2303 1165 coram
2338 1110 2629 1169 Pharaone.
2658 1114 2737 1171 Ne
2758 1122 2963 1173 temere
2987 1127 3235 1187 putemus
3255 1121 3585 1193 assignatum

1968 1215 2090 1257 esse
2118 1218 2401 1258 numerum
2432 1220 2719 1270 annorum,
2751 1207 2849 1263 sed
2886 1218 2944 1261 ut
2980 1208 3253 1265 discamus
3293 1213 3588 1285 negligenti

1969 1290 2219 1347 virtutem
2242 1294 2444 1349 nullam
2473 1309 2595 1350 esse
2616 1298 3017 1353 excusationem
3041 1316 3055 1354 :
3084 1315 3257 1371 neque
3284 1303 3427 1358 enim
3459 1304 3583 1361 licet

1966 1384 2123 1439 alicui
2153 1384 2390 1455 objicere
2414 1386 2778 1456 juventutem,
2821 1390 2909 1444 ubi
2941 1391 3108 1446 virtus
3145 1394 3443 1451 exercenda
3474 1404 3580 1451 est.

1968 1477 2110 1533 Ecce
2154 1477 2242 1535 ille
2269 1496 2374 1535 non
2402 1480 2576 1536 solum
2614 1481 2827 1551 juvenis
2855 1493 3002 1549 erat,
3042 1484 3137 1539 sed
3168 1486 3328 1541 etiam
3361 1488 3588 1557 pulcher

1967 1570 2172 1640 specie,
2203 1580 2256 1626 et
2289 1572 2558 1628 formosus
2600 1574 2755 1631 facie.
2798 1574 3076 1645 Contingit
3116 1577 3258 1631 enim
3290 1578 3582 1650 aliquando

1961 1659 2217 1730 juvenem
2246 1674 2388 1729 esse,
2417 1670 2474 1719 et
2502 1663 2647 1718 nulla
2677 1666 2921 1735 corporis
2948 1664 3353 1736 pulchritudine
3378 1670 3583 1740 praedi-

1967 1762 2098 1807 tum.
2130 1750 2228 1808 llic
2265 1762 2445 1809 autem
2476 1762 2533 1809 et
2553 1754 2766 1824 juvenis
2792 1763 2847 1811 et
2874 1755 3099 1825 pulcher
3121 1767 3238 1812 erat
3264 1759 3467 1827 specie,
3496 1758 3579 1813 fa-

1964 1844 2156 1914 cieque
2194 1843 2448 1911 decorus,
2477 1860 2539 1901 ac
2564 1847 2716 1917 quasi
2748 1847 2800 1902 in
2833 1847 2951 1918 ipso
2977 1848 3272 1918 juventutis
3300 1848 3434 1907 ﬂore
3459 1866 3578 1907 ser-

1966 1952 2062 1991 vus
2087 1945 2143 1991 et
2171 1937 2416 2007 captivus
2447 1938 2621 1993 factus
2647 1948 2749 1993 est.
2778 1938 2975 1995 Decem
3002 1941 3147 1995 enim
3169 1951 3222 1996 et
3245 1952 3450 2012 septem
3478 1942 3579 1999 Ita.

1964 2026 2124 2083 bebat
2148 2042 2341 2093 annos,
2373 2028 2588 2100 quando
2611 2028 2878 2086 deductus
2902 2040 2986 2087 est
3011 2031 3063 2086 in
3092 2030 3389 2104 Egyptum
3420 2031 3575 2106 (Gen.

1962 2120 2051 2176 37.
2090 2121 2165 2193 t).
2198 2120 2401 2177 Deinde
2426 2122 2479 2177 in
2508 2123 2621 2193 ipsa
2652 2123 2871 2179 fornace
2888 2124 3190 2195 juventutis
3218 2127 3450 2198 positum
3472 2130 3578 2183 Sul-

1964 2211 2130 2267 licita:
2145 2214 2185 2269 it
2213 2216 2579 2287 intemperans
2606 2215 2859 2289 Egyptia
2889 2217 3107 2274 domina
3137 2220 3275 2290 ejus,
3306 2236 3483 2292 neque
3499 2222 3578 2278 sic

1961 2308 2238 2376 superavit
2273 2307 2403 2378 justi
2436 2308 2534 2363 viri
2568 2307 2963 2375 fortitudinem;
2994 2311 3226 2382 denique
3272 2312 3325 2366 in
3356 2328 3577 2369 carcere

1964 2409 2113 2456 tanto
2141 2410 2383 2472 tempore
2413 2416 2751 2457 :erumnosus
2793 2402 2922 2459 fuit:
2949 2412 3003 2459 et
3033 2406 3228 2461 mansit
3259 2407 3410 2475 quasi
3450 2407 3578 2461 ada-

1962 2511 2109 2563 mas;
2144 2512 2249 2551 non
2280 2497 2454 2553 solum
2484 2512 2590 2553 non
2624 2497 2793 2553 factus
2822 2496 3109 2565 infirmior,
3141 2498 3236 2554 sed
3268 2508 3321 2555 et
3347 2500 3463 2569 plus
3489 2514 3579 2555 ro-

1960 2586 2109 2644 boris
2155 2604 2459 2645 assumens.
2495 2588 2694 2645 llabuit
2722 2591 2867 2645 enim
2915 2590 3262 2647 roborantem
3293 2606 3352 2645 se
3383 2608 3576 2663 snper-

1961 2696 2084 2736 natn
2113 2682 2362 2753 gratiam.
2390 2682 2656 2752 Quoniam
2689 2683 2839 2755 prius
2876 2682 3020 2754 quod
3051 2699 3206 2739 suum
3252 2695 3370 2740 erat
3404 2695 3574 2740 totum

1959 2776 2231 2840 attulerat,
2268 2786 2551 2846 propterea
2574 2790 2607 2832 e
2642 2790 2864 2832 carcere
2892 2775 2959 2831 ad
3004 2776 3365 2849 principatum
3414 2777 3579 2834 totius

1960 2867 2181 2942 Egypti
2209 2869 2499 2926 accersitus
2527 2878 2631 2925 est.

2033 2962 2086 3017 5.
2131 2960 2359 3018 Fortiter
2386 2962 2609 3035 ferenda:
2648 2973 2767 3019 sunt
2792 2963 3107 3035 aﬂiictionrs.
3135 2962 3311 3019 Oculis
3353 2965 3474 3033 [idei
3497 2982 3577 3020 res

1960 3052 2251 3122 spirituales
2276 3053 2650 3122 conspicienda
2674 3063 2811 3119 sunt,
2841 3064 2887 3109 et
2914 3054 3061 3109 verbo
3085 3052 3183 3108 Dei
3214 3055 3430 3123 ﬁrmiter
3466 3072 3576 3110 cre-

1961 3134 2299 3189 dendum.—
2328 3137 2455 3192 Hmc
2484 3136 2766 3192 audientes
2816 3138 2867 3192 in
2908 3139 2997 3192 afﬂ
3020 3139 3289 3193 etinnibus
3335 3140 3574 3194 animum

1962 3244 2253 3301 numquam
2300 3229 2754 3301 despondeamus,
2806 3247 2981 3301 neque
3036 3231 3249 3302 propria
3296 3233 3574 3287 ratiocinia

1961 3332 2253 3394 sequentes
2299 3337 2443 3393 mgre
2499 3321 2897 3377 feramuszsed
2950 3338 3199 3393 magnam
3259 3324 3575 3394 patientiam

1961 3402 2279 3471 exhibentes
2310 3431 2406 3487 spe
2427 3417 2567 3470 bona
2594 3414 2893 3481 foreamur,
2921 3418 3156 3471 scientes
3177 3417 3453 3472 solertiam
3485 3418 3579 3471 Do-

1962 3506 2093 3561 mini
2124 3506 2290 3561 nostri
2320 3524 2333 3560 :
2363 3506 2453 3577 qui
2482 3505 2666 3561 sineus
2698 3520 2797 3562 nos
2827 3521 3016 3577 aspera
3050 3508 3307 3575 experiri,
3342 3523 3447 3564 non
3480 3508 3577 3562 de-

1963 3598 2094 3653 serit
2120 3612 2240 3664 nos,
2272 3597 2366 3651 sed
2393 3596 2500 3652 vult
2527 3606 2587 3652 ut
2612 3606 2886 3653 certantes
2925 3598 3142 3653 elariori
3188 3614 3387 3654 corona
3433 3600 3579 3655 redi-

1963 3692 2214 3745 miamur.
2249 3690 2321 3743 lta
2352 3705 2544 3745 omnes
2572 3690 2744 3745 sancti
2775 3672 2984 3761 probati
3010 3700 3156 3746 sunt.
3198 3692 3491 3763 Propterea
3524 3702 3579 3747 et

1962 3782 2191 3853 apostoli
2217 3782 2468 3837 dicebant
2490 3802 2503 3838 :
2531 3783 2638 3838 Per
2662 3783 2849 3838 multas
2877 3783 3170 3854 aﬂiictioncs
3191 3795 3391 3854 oportet
3412 3802 3505 3840 nos
3525 3786 3579 3840 in

1962 3891 2175 3947 regnum
2207 3874 2303 3929 Dei
2330 3876 2522 3930 intrare
2544 3876 2680 3947 (Act.
2714 3878 2801 3931 1-1.
2829 3875 2941 3947 22).
2978 3877 3041 3931 Et
3066 3878 3182 3946 ipse
3208 3875 3456 3934 Christus
3494 3877 3581 3933 di-

1963 3966 2119 4022 cebat
2145 3966 2425 4038 discipulis
2450 3968 2599 4023 suis:
2631 3967 2698 4021 In
2742 3970 2933 4022 nmndo
2971 3969 3291 4040 aﬂlictionem
3334 3970 3582 4025 [rubebitis

1965 4061 2145 4136 (Joan.
2180 4064 2267 4119 16.
2298 4065 2414 4134 35).
2447 4064 2524 4120 Ne
2548 4066 2708 4137 igitur
2734 4081 3061 4123 mmreamus
3094 4070 3145 4123 in
3171 4069 3575 4135 afﬂictionibus,

1963 4156 2058 4211 sed
2084 4155 2364 4212 audiamus
2387 4157 2608 4213 Paulum
2632 4158 2920 4226 dicentem,
2972 4161 3073 4228 Qui
3117 4162 3291 4216 volunt
3318 4164 3399 4233 pie
3420 4164 3582 4218 sisere

1962 4250 2016 4303 in
2044 4248 2248 4305 Christo
2290 4249 2439 4317 Jesu,
2464 4253 2894 4321 persequutionem
2938 4257 3194 4325 patientur
3225 4255 3320 4329 (2.
3352 4255 3488 4311 Tim.
3524 4258 3578 4313 5.

1966 4340 2077 4407 η).
2114 4341 2182 4396 Ει
2209 4357 2275 4396 ne
2305 4342 2656 4409 admiremur,
2691 4361 2865 4417 neque
2886 4363 3029 4418 mgre
3057 4348 3316 4418 feramus,
3340 4352 3436 4407 sed
3460 4367 3573 4405 om-

1966 4433 2052 4487 nia
2084 4448 2204 4488 cum
2240 4434 2551 4489 fortitudine
2591 4444 2647 4491 et
2693 4438 2949 4505 patientia
2983 4440 3302 4509 toleremus,
3358 4458 3465 4497 non
3511 4443 3578 4497 ad

1964 4524 2288 4582 afﬂictiones
2337 4528 2713 4597 respicientes,
2757 4530 2851 4585 sed
2898 4530 2964 4585 ad
3012 4532 3221 4587 lucrum
3268 4535 3413 4605 quod
3456 4536 3581 4592 inde

1966 4632 2357 4688 eongregamus
2402 4637 2415 4671 :
2460 4620 2757 4689 spiritualis
2803 4622 2946 4676 enim
2997 4624 3243 4692 quaedam
3291 4628 3581 4697 negotiatio

1968 4716 2073 4764 est.
2103 4708 2173 4764 Et
2199 4708 2340 4764 sicut
2368 4710 2457 4781 qui
2487 4712 2743 4780 pecunias
2770 4714 3026 4783 colligere
3056 4715 3263 4782 volunt,
3291 4726 3453 4787 atque
3483 4718 3577 4772 lut-

1962 4799 2053 4870 jus
2072 4800 2257 4857 surculi
2286 4801 2701 4872 negotiationem
2728 4814 3001 4869 exercent,
3033 4821 3137 4861 non
3166 4808 3325 4864 aliter
3358 4820 3580 4880 possunt

1968 4905 2166 4961 augere
2191 4905 2316 4947 suas
2344 4907 2497 4962 opes,
2532 4894 2633 4951 nisi
2665 4894 2830 4950 tnulta
2858 4896 3095 4966 pericula
3140 4908 3280 4956 terra
3336 4902 3580 4970 marique

1970 4985 2324 5041 sustinuerint
2353 4987 2606 5056 (necesse
2634 4997 2715 5043 est
2742 4994 2886 5043 enim
2920 4999 2977 5044 ut
3006 4990 3183 5047 ferant
3225 4992 3493 5047 latrouun;
3525 5003 3581 5050 et

1972 5075 2265 5147 piratarum
2292 5076 2574 5147 insidias);
2607 5087 2846 5134 attamen
2874 5082 3052 5135 omnia
3082 5099 3274 5155 magna
3306 5085 3583 5142 alacritate

1971 5168 2289 5236 suscipiunt.
2320 5177 2376 5223 et
2403 5166 2475 5223 ob
2506 5171 2969 5240 exspectationem
3010 5174 3164 5240 lucri,
3216 5193 3579 5232 aerumnarum

1971 5275 2191 5315 sensum
2222 5261 2424 5315 nullum
2451 5261 2677 5317 habent:
2700 5263 2895 5318 eodem
2926 5264 3085 5319 modo
3113 5277 3167 5322 et
3196 5282 3314 5331 nos,
3338 5270 3582 5341 cogitan-

1974 5360 2055 5405 tes
2098 5349 2314 5404 divitias
2355 5360 2409 5404 et
2462 5351 2769 5421 spirituales
2820 5368 3029 5408 merces
3058 5356 3099 5421 ί,
3132 5371 3265 5425 quas
3296 5358 3452 5412 nobis
3496 5359 3583 5413 hic

1971 5442 2228 5511 colligere
2272 5442 2414 5505 licet,
2460 5452 2674 5512 Oportet
2721 5443 2957 5514 gaudere
2988 5455 3044 5501 et
3069 5449 3364 5517 exsultare,
3394 5461 3446 5505 et
3475 5468 3585 5507 non

1973 5534 2324 5603 contemplari
2351 5551 2471 5603 quae
2497 5554 2513 5585 κ
2529 5536 2765 5600 ideutur,
2789 5537 2883 5592 sed
2909 5553 3029 5608 qum
3052 5554 3155 5594 non
3179 5540 3450 5605 videntur,
3472 5557 3501 5596 s
3524 5560 3583 5597 c-

1976 5634 2033 5679 ut
2062 5637 2116 5679 et
2161 5625 2357 5679 Paulus
2386 5624 2667 5691 admonet,
2714 5626 2936 5682 dicens:
2972 5626 3096 5682 Non
3145 5630 3582 5687 considerantibus

1976 5716 2120 5770 nobis
2147 5732 2205 5770 ea
2230 5731 2343 5787 qua:
2372 5716 2608 5771 videntur
2633 5716 2711 5787 (2.
2744 5716 2863 5773 Cor.
2888 5719 2939 5773 ι.
2977 5720 3090 5791 l8).
3123 5720 3272 5775 Fidei
3304 5723 3447 5777 enim
3474 5732 3582 5791 est,

2041 5858 2056 5883 ι
2087 5858 2236 5923 iuxta
2261 5857 2626 5923 qulnquetsts‘s.
2666 5851 2935 5915 legendum
2982 5862 3076 5916 est,
3102 5854 3406 5918 spirituolem
3435 5860 3583 5911 alum-

1980 5914 2213 5975 datttiam,
2243 5926 2347 5979 pro,
2375 5914 2649 5977 spirituates
2673 5914 2875 5967 merces.
