4170 6506
633 441 732 497 54⁵(

634 573 738 612 non
783 554 1149 626 corporalibus
1187 553 1353 609 oculis
1389 561 1670 608 contentos
1714 566 1854 619 esse,
1900 551 1994 607 sed
2040 550 2210 605 oculis

633 647 826 703 utentis
854 644 1125 714 itnagiuari
1151 657 1213 698 ea
1241 657 1361 714 qua:
1393 657 1501 698 non
1528 641 1793 698 videnlur.
1834 640 1967 697 Nam
1995 641 2082 695 illa
2108 638 2211 695 lide

632 738 869 810 digniora
911 732 1175 791 credenda
1206 742 1351 801 sunt,
1383 749 1542 804 quam
1587 747 1649 790 ea
1692 748 1813 803 qua:
1842 730 2211 801 corporalibus

629 830 797 886 oculis
826 827 1100 883 ridentur.
1130 824 1220 883 Sic
1265 824 1563 896 patriarcha
1590 835 1773 897 gratus
1799 824 1896 879 fuit
1925 823 2055 887 Deo,
2084 820 2207 892 quia

626 918 851 977 credidit
878 918 1215 987 promissioni
1245 920 1383 988 ejus,
1411 926 1466 973 et
1502 917 1747 988 superior
1785 924 1970 971 natura
2017 912 2204 980 lactus,

626 1012 979 1081 humanisque
1020 1009 1343 1075 rationibus;
1386 1008 1507 1064 ideo
1536 1008 1846 1079 Reputatunt
1872 1016 1947 1061 est
1973 1006 2018 1061 ei
2046 1005 2099 1059 in
2111 1005 2207 1076 ju-

621 1103 811 1157 stitiam
841 1101 1015 1173 (Rom.
1040 1102 1094 1157 4.
1122 1100 1201 1171 3).
1222 1099 1534 1166 Considera,
1553 1098 1815 1170 justitiam
1841 1112 1963 1154 esse
1985 1095 2207 1152 credere

626 1195 689 1251 iis
706 1211 827 1266 qua:
852 1210 881 1248 a
913 1193 1026 1249 Deo
1041 1192 1309 1248 dicuntur.
1334 1191 1559 1259 Quando
1582 1192 1725 1247 enim
1746 1191 1836 1248 ille
1860 1188 2062 1263 aliquid
2084 1203 2211 1262 pro-

624 1286 847 1353 miserit,
881 1301 949 1340 ne
974 1284 1102 1340 mihi
1128 1283 1421 1341 secundum
1448 1284 1734 1342 humanam
1764 1283 2202 1356 consequentiam

620 1393 712 1437 res
739 1379 1003 1451 expende,
1036 1378 1131 1435 sed
1161 1378 1406 1450 superior
1430 1377 1733 1449 huiusmodi
1770 1378 2065 1434 rationibus
2104 1376 2200 1441 sis,

618 1484 683 1527 ac
706 1469 915 1526 conllde
944 1470 1197 1540 potentite
1222 1470 1339 1540 ejus
1368 1469 1457 1541 qui
1488 1469 1753 1539 promisit.
1794 1468 1867 1523 lta
1912 1469 2202 1538 unusquis-

618 1580 723 1636 que
746 1564 1012 1633 jnstornm
1045 1564 1300 1634 probatus
1320 1560 1434 1626 fuit,
1462 1562 1531 1615 ita
1553 1569 1606 1615 et
1624 1560 1956 1617 admirabilis
1989 1560 2079 1615 ille
2105 1559 2199 1616 Ιο-

617 1656 772 1726 seplt,
813 1669 934 1711 cum
978 1661 1102 1725 post
1142 1652 1230 1709 illa
1272 1652 1483 1708 somnia
1524 1660 1667 1707 tanta
1698 1639 1975 1723 interjecta
2007 1650 2203 1708 fuerint

567 1803 575 1810 _
620 1745 1019 1816 impedimenta,
1056 1758 1164 1799 non
1195 1743 1438 1799 turbatus
1463 1749 1546 1799 est
1570 1744 1775 1810 animo,
1817 1758 1925 1799 non
1961 1758 2201 1799 commo-

619 1844 701 1890 tus
729 1842 831 1901 est,
854 1833 948 1889 sed
978 1834 1197 1889 robusta
1225 1842 1403 1890 mente
1428 1833 1638 1890 fortiter
1658 1834 1777 1889 tulit
1799 1835 2000 1901 omnia,
2022 1835 2199 1891 sciens

616 1940 722 1980 non
752 1940 870 1981 esse
898 1926 1115 1996 possibil
1137 1950 1147 1961 -
1168 1941 1229 1983 ea
1254 1942 1371 1997 qua.-
1400 1926 1544 1983 Deus
1563 1925 1798 1983 decrevit
1821 1942 1927 1983 non
1954 1929 2195 1985 evenire.

617 2017 737 2072 Ideo
768 2025 889 2087 post
917 2018 1248 2081 servitutem,
1299 2026 1421 2088 post
1449 2032 1742 2084 carcerem,
1774 2026 2080 2089 tantamque
2103 2033 2196 2073 ca-

615 2111 891 2177 lumniam,
935 2110 1288 2181 principatum
1327 2110 1559 2177 suscepit
1588 2112 1748 2166 totius
1786 2110 2025 2183 Egypti.
2072 2112 2197 2168 llaec

615 2206 771 2275 igitur
806 2204 985 2259 omnia
1012 2206 1327 2275 cogitantes,
1361 2204 1570 2259 fortiter
1596 2204 1952 2274 suscipiamus
1978 2219 2039 2259 ea
2068 2220 2189 2276 qua!

614 2296 928 2363 inferuntur,
966 2296 1271 2367 gratiasque
1297 2312 1516 2368 agamus
1543 2311 1640 2367 pro
1665 2298 1919 2353 omnibus
1943 2296 2192 2353 clementi

612 2389 743 2455 lico,
769 2400 823 2443 et
854 2388 970 2459 ejus
988 2398 1369 2459 exspectemus
1412 2389 1857 2461 epitulationem:
1889 2406 2010 2461 qua:
2040 2391 2194 2447 nobis

606 2478 854 2533 omnibus
881 2478 1225 2546 concedatur,
1255 2481 1423 2551 gratia
1451 2488 1507 2536 et
1532 2480 1817 2538 clementia
1850 2481 2059 2538 Domini
2096 2497 2191 2539 no-

604 2569 701 2624 stri
728 2569 855 2625 Jesu
894 2569 1113 2637 Christi,
1155 2571 1240 2627 cui
1269 2586 1391 2627 cum
1420 2571 1577 2628 Patre
1604 2579 1661 2627 et
1686 2581 1874 2629 sancto
1897 2571 2097 2644 Spiritu
2124 2574 2193 2630 sit

601 2658 786 2730 gloria,
834 2659 1138 2731 imperium,
1181 2669 1239 2717 et
1284 2661 1651 2730 houor,vnunc
1690 2672 1746 2719 et
1783 2676 2021 2734 semper,
2048 2663 2189 2720 etin

604 2748 795 2804 secula
816 2749 1155 2806 smenlorum.
1186 2750 1378 2808 Amen.

1148 2881 1425 2939 llOMILlA
1465 2881 1650 2939 LXIV.

602 2988 771 3043 Erit-it
811 2999 979 3044 autem
1016 2988 1208 3063 Joseplt
1248 3007 1282 3045 α
1326 2992 1452 3063 facie
1480 2991 1765 3049 Pharaonis
1780 3037 1796 3063 ,
1826 3006 1875 3051 et
1904 3002 2188 3072 peragravit

668 3095 866 3134 omnem
904 3089 1089 3134 terram
1125 3077 1347 3154 Adggpti
1361 3094 1383 3146 ;
1410 3089 1460 3137 et
1500 3084 1619 3156 fecit
1654 3093 1789 3140 terra
1817 3088 1965 3143 annis
1998 3100 2188 3161 septeni

666 3170 941 3243 fertilitatis
966 3168 1253 3243 manipulos
1275 3184 1297 3239 ;
1316 3180 1368 3225 et
1392 3175 1710 3247 congregavit
1734 3178 2040 3246 frumentum
2059 3181 2189 3236 sicut

666 3279 874 3319 arenam
898 3262 1054 3318 maris
1092 3264 1111 3333 (
1135 3260 1264 3319 Gen.
1292 3264 1384 3321 41.
1405 3263 1572 3322 4649
1588 3266 1628 3335 ).

662 3378 692 3432 1
706 3417 720 3431 .
754 3375 922 3431 Vultis
937 3384 993 3431 ut
1017 3384 1073 3432 et
1090 3374 1251 3433 hodie
1271 3376 1543 3433 historiam
1558 3376 1775 3448 .losephi
1800 3388 2104 3449 tractemus,
2132 3393 2189 3441 et

596 3466 872 3521 videamus
910 3465 1181 3537 quomodo
1226 3466 1306 3521 vir
1332 3466 1423 3522 ille
1450 3507 1466 3532 ,
1492 3478 1741 3538 suscepto
1784 3471 1947 3527 totius
1972 3471 2188 3546 Egypti

592 3557 925 3629 principatu,
977 3572 1076 3629 per
1121 3557 1357 3613 innatam
1400 3556 1501 3613 sibi
1546 3559 1948 3632 intelligentiam
1999 3580 2189 3624 omnes

591 3651 899 3707 consolatus
945 3650 1101 3706 fuerit
1125 3648 1149 3703 ἲ
1176 3649 1267 3705 46.
1300 3649 1473 3706 Exieit
1510 3651 1654 3708 enim
1680 3695 1696 3721 ,
1727 3653 1898 3724 inquit
1920 3698 1935 3722 ,
1977 3672 2009 3710 α
2054 3658 2187 3728 facie

594 3739 880 3798 Pharaonis
903 3783 918 3807 ,
966 3751 1015 3796 et
1039 3742 1267 3798 transidt
1310 3757 1401 3812 per
1439 3757 1636 3799 omnem
1686 3752 1871 3799 terram
1925 3744 2187 3819 4Egypti;

592 3835 679 3889 Π.
712 3844 757 3888 et
785 3834 899 3906 {erit
944 3843 1076 3887 terra
1122 3834 1269 3888 annis
1308 3843 1496 3905 septem
1536 3834 1811 3905 fertilitatis
1856 3838 2187 3908 manipulos;

593 3923 682 3980 ιε).
712 3936 759 3979 et
784 3924 1101 3996 congregavit
1127 3924 1433 3993 frumentum
1455 3924 1583 3979 sicut
1620 3941 1827 3979 arenam
1862 3929 2033 3983 maris.
2059 3926 2189 3985 Sus~

592 4024 743 4084 cepta
772 4016 918 4086 prius
946 4029 976 4069 a
1007 4029 1135 4084 rege
1166 4022 1428 4085 potestate
1467 4017 1613 4071 eunti
1634 4057 1650 4082 ,
1691 4018 1941 4089 collegit,
1971 4021 2141 4091 inquit
2166 4062 2183 4089 ,

589 4106 791 4176 fruges.
816 4113 873 4161 et
899 4105 951 4160 in
978 4105 1279 4161 civitatibus
1300 4106 1557 4175 reposuit,
1581 4108 1869 4177 providens
1884 4108 1994 4180 jam
2020 4112 2189 4168 mnl=o

594 4208 746 4251 antea
772 4236 788 4263 ,
821 4211 940 4266 qum
972 4194 1159 4251 futura:
1197 4196 1433 4266 penuria:
1476 4211 1791 4255 succurrere
1819 4209 2059 4269 possent.
2101 4202 2189 4258 Vi-

594 4289 715 4346 digii
742 4287 928 4359 quales
955 4287 1332 4345 retributiones
1358 4287 1680 4344 fortitudinis
1707 4298 1763 4346 et
1791 4291 2058 4361 patientiae
2085 4337 2100 4359 ,
2132 4303 2188 4350 et

512 4448 519 4455 .
595 4380 822 4435 aliarum
852 4379 1107 4435 virtutum
1134 4380 1293 4435 etiam
1316 4379 1424 4435 'ltic
1464 4382 1730 4451 acceperit
1751 4381 1928 4452 justus
1953 4425 1968 4449 ,
1996 4398 2118 4440 cum
2156 4401 2187 4440 a

596 4471 820 4526 vinculis
839 4470 904 4525 ad
929 4473 1070 4542 regia
1100 4471 1289 4541 palatia
1318 4471 1593 4528 ascendit?
1615 4473 1704 4529 50.
1733 4472 1858 4528 Nati
1877 4483 1995 4529 sunt
2016 4487 2182 4529 autem

591 4565 690 4629 illi,
714 4564 898 4634 inquit,
921 4563 1022 4618 duo
1042 4563 1157 4632 ﬁlii,
1182 4563 1474 4634 priusquam
1494 4564 1782 4619 advenirent
1799 4565 1921 4619 anni
1940 4566 2186 4637 peuuritc:

595 4659 684 4712 bl.
712 4666 757 4709 ct
786 4656 973 4710 rorauit
1000 4672 1179 4710 nomen
1198 4657 1379 4726 prioris
1401 4654 1638 4711 ﬂuitasse
1661 4673 1679 4711 :
1699 4658 1937 4725 quoniam
1963 4660 2185 4714 oblivisci

599 4765 680 4802 me
704 4746 819 4815 [erit
843 4745 982 4800 Deus
1009 4746 1232 4800 omnium
1259 4745 1485 4801 laborum
1517 4764 1759 4814 meorum,
1794 4760 1841 4804 et
1878 4767 2050 4805 eorum
2076 4768 2188 4823 qua:

592 4850 710 4895 sunt
739 4842 896 4911 patris
922 4839 1039 4893 mei.
1071 4837 1298 4894 Attende
1324 4838 1409 4894 hic
1452 4839 1549 4893 viri
1582 4840 1895 4911 religionem
1925 4851 1978 4896 et
2018 4844 2187 4912 pieta-

594 4942 721 4995 tem,
754 4930 1021 5000 quomodo
1053 4945 1148 4999 per
1169 4928 1258 4985 lilii
1285 4930 1698 5002 appellationem
1722 4932 2035 4987 memoriam
2067 4950 2185 4988 ont-

594 5022 737 5075 nium
762 5021 1050 5074 servaverit
1072 5021 1146 5091 (n)
1167 5062 1179 5083 ,
1214 5031 1269 5075 ut
1298 5031 1549 5093 perpetuo
1575 5024 1773 5093 gratias
1794 5033 1992 5093 ageret,
2018 5035 2069 5079 et
2098 5029 2188 5096 qui

452 5112 455 5113 ⁷
490 5120 495 5123 '
596 5127 661 5165 ex
696 5127 757 5166 se
782 5120 932 5166 natus
957 5122 1089 5178 erat,
1122 5127 1213 5181 per
1237 5126 1384 5166 suam
1410 5114 1821 5183 appellationem
1845 5116 1986 5170 scire
2009 5127 2187 5185 posset

591 5204 882 5258 certamina
908 5247 923 5269 ,
954 5212 1009 5259 et
1055 5204 1361 5273 patientiam
1386 5244 1401 5269 ,
1448 5219 1567 5272 qua:
1598 5207 1768 5273 justus
1811 5207 2085 5275 perferens
2135 5212 2185 5265 in

595 5304 795 5349 tantam
847 5295 1180 5363 pervenisset
1223 5294 1467 5363 gloriam.
1518 5294 1650 5364 Quia
1691 5297 1910 5351 oblivisci
1949 5318 2025 5353 me
2074 5301 2187 5365 {erit

598 5386 732 5441 Deus
746 5386 970 5440 omnium
992 5386 1217 5439 laborum
1241 5402 1483 5453 meorum,
1515 5398 1557 5439 et
1580 5390 1796 5441 antnimn
1821 5407 1932 5458 qua:
1960 5403 2074 5445 sunt
2098 5413 2188 5462 pa-

521 5612 530 5620 ,
654 5566 727 5635 (η)
760 5572 858 5613 tmo
873 5565 1166 5635 oblivionem
1192 5563 1404 5635 omnium
1424 5562 2181 5635 induxit,idqucsiguilicabatnr

594 5624 791 5695 neruine
814 5634 1070 5695 manasset
1082 5634 1133 5676 ut
1160 5625 1316 5695 tundo
1336 5624 1735 5695 dixitnscriptnra
1761 5640 1772 5675 :
1802 5624 2013 5695 titubasse
2041 5632 2181 5695 enim

594 5688 828 5738 ttebraice
850 5693 1017 5741 milia
1043 5686 1094 5737 ῆι
1119 5700 1178 5735 ex
1204 5691 1320 5738 ne):
1340 5728 1353 5746 ,
1396 5684 1624 5736 oblivisci.
1641 5694 1815 5736 Verum
1832 5702 1935 5737 mos
1952 5692 2179 5745 obtinuit,

592 5766 644 5807 ut
667 5770 775 5821 cum
798 5758 1149 5821 quismrutnuis
1175 5763 1222 5805 et
1244 5756 1378 5805 malis
1397 5758 1623 5804 oninibus
1647 5767 1846 5819 ereptus
1864 5758 1969 5821 fuit.
1996 5761 2180 5809 dicatur

592 5818 828 5868 malorum
841 5818 1082 5877 oblivisci;
1110 5819 1153 5867 id
1180 5828 1271 5868 est.
1294 5822 1340 5867 in
1385 5829 1552 5867 eorum
1570 5818 1765 5867 sensum
1778 5833 1870 5869 non
1896 5818 2016 5869 ultra
2048 5824 2185 5871 vcsti-

592 5890 668 5940 ηδτ
695 5880 788 5929 etsi
811 5878 997 5928 illorum
1022 5881 1318 5938 t-cv.‘er.,lctttt‘-

1337 438 1393 493 S.
1433 437 1711 495 JOANNIS
1747 435 2220 495 CHRYSOSTOMI
2264 434 2579 493 ARCIIIEP.
2622 434 3159 497 CONSTANTINOP.

3812 445 3909 506 ιιι

2318 549 2410 603 tris
2450 550 2568 605 mei.
2602 550 2738 620 Quid
2780 561 2864 608 est
2888 594 2905 617 ,
2940 553 3180 609 Omnium
3209 554 3438 610 tabanus
3486 559 3754 615 meorum!
3782 560 3909 616 llinc

2313 640 2650 699 subindicare
2690 644 2816 698 mihi
2845 646 3055 701 videtur
3078 647 3303 716 primam
3332 655 3383 703 et
3413 649 3706 705 mundam
3739 650 3907 707 seni-

2312 739 2500 800 tutem,
2527 742 2581 789 et
2608 734 2879 791 miseriam
2911 752 3068 808 quam
3096 737 3152 793 in
3176 752 3393 794 carcere
3422 739 3559 795 tulit.
3591 738 3659 794 Et
3685 742 3909 796 omnium

2314 837 2429 890 αντε
2461 834 2580 880 sunt
2606 826 2766 896 patris
2792 827 2892 882 mei
2911 843 2931 883 :
2956 829 3380 900 segregationem
3408 830 3675 901 significat
3694 872 3710 898 ,
3749 847 3907 904 quam

2309 914 2566 971 sustinuit
2612 924 2866 989 abreptus
2884 918 2954 973 ab
2982 919 3121 975 ulnis
3158 922 3395 990 paternis
3416 961 3433 987 ,
3464 921 3589 993 quia
3626 922 3908 979 immatura

2309 1014 2596 1073 :etate,tam
2615 1007 2904 1064 liberaliter
2915 1010 3189 1074 educatus.
3204 1011 3499 1069 liberta'em
3515 1028 3637 1068 eum
3653 1014 3911 1072 servitute

2308 1112 2339 1154 c
2362 1100 2666 1155 immolavit.
2689 1100 2776 1157 52.
2797 1100 2864 1155 Et
2882 1117 3060 1157 nomen
3078 1103 3285 1159 secundi
3304 1104 3495 1158 vorarit
3510 1103 3910 1177 Ephraim,qsia

2306 1206 2525 1246 crescere
2548 1192 2664 1264 fecit
2691 1209 2769 1248 me
2788 1191 2925 1248 Deus
2962 1194 3014 1248 in
3039 1202 3174 1248 terra
3193 1194 3493 1249 annulitatis
3524 1210 3669 1250 mea.
3702 1195 3836 1254 Vide
3854 1209 3909 1255 et

2308 1280 2468 1352 hujus
2496 1298 2694 1338 nomen
2736 1284 3025 1355 gratiarum
3071 1285 3283 1342 actione
3311 1286 3547 1356 plenum.
3587 1285 3704 1345 Non
3732 1287 3906 1344 solum

2304 1372 2473 1441 enim,
2503 1372 2843 1429 adversitatis
2880 1373 3081 1430 oblitus
3109 1388 3227 1428 sum
3249 1414 3266 1434 .
3291 1374 3387 1431 sed
3407 1386 3462 1432 ct
3489 1384 3679 1432 auctus
3703 1392 3823 1432 sum
3852 1378 3906 1434 in

2306 1470 2448 1518 terra
2469 1503 2485 1529 ,
2518 1463 2569 1518 in
2597 1479 2700 1533 qua
2741 1471 2943 1519 tantam
2971 1463 3198 1520 sustinui
3226 1452 3650 1522 humiliationcm
3672 1508 3691 1536 ,
3720 1478 3907 1535 utpote

2307 1554 2360 1610 in
2402 1555 2662 1611 extremis
2705 1556 2957 1625 periculis
2998 1556 3162 1613 etiam
3206 1554 3275 1613 de
3316 1556 3422 1611 vita
3465 1557 3654 1613 anxius
3706 1557 3902 1615 Verum

2303 1660 2444 1702 nunc
2483 1646 2666 1702 auditu
2714 1647 2873 1717 digna
2916 1656 3041 1702 sunt
3068 1662 3189 1718 qua:
3232 1658 3548 1719 sequuntur.
3589 1647 3723 1703 Nam
3775 1661 3900 1721 post

2301 1737 2623 1795 fertilitatem
2646 1746 2854 1809 scptan
2874 1753 3158 1806 annorum,
3183 1746 3448 1796 venerunt
3463 1748 3519 1796 et
3537 1748 3745 1810 septem
3771 1743 3901 1800 anni

2301 1832 2538 1902 penuriae
2578 1840 2633 1887 et
2669 1830 2841 1897 famis,
2872 1829 3166 1888 secundum
3211 1814 3611 1901 pndictionem
3653 1830 3899 1903 Josep’bi.

2301 1923 2500 1979 lterum
2528 1923 2673 1980 enim
2700 1931 2926 1979 eventus
2948 1936 3264 1979 concessam
3285 1922 3403 1978 viro
3431 1922 3748 1994 sapimttiam
3778 1938 3899 1981 om-

2307 2013 2465 2069 nibus
2490 2011 2816 2084 detegebat,
2859 2011 3018 2085 idque
3056 2011 3323 2069 efﬁciebat
3345 2052 3363 2081 ,
3401 2022 3460 2069 ut
3484 2027 3671 2070 omnes
3697 2015 3747 2071 ei
3777 2030 3901 2072 sese

2297 2105 2687 2163 submitterent.
2734 2105 2948 2161 Etcum
2993 2102 3164 2161 fames
3207 2103 3384 2167 valida
3410 2103 3545 2160 facta
3575 2114 3759 2172 esset,
3791 2108 3900 2177 pri-

2297 2212 2441 2252 mum
2469 2210 2565 2251 eos
2591 2195 2869 2265 penuriam
2894 2195 3095 2251 sentire
3120 2208 3226 2250 non
3259 2195 3521 2266 permisit.
3550 2194 3641 2251 δι.
3670 2194 3737 2251 lu
3758 2198 3901 2253 omni

2294 2287 2437 2345 enim
2469 2296 2603 2342 terra
2621 2283 2989 2357 ‘Egyptiorum
3006 2294 3150 2340 eram
3168 2301 3345 2357 panes.
3370 2284 3480 2342 Sed
3497 2300 3620 2343 cum
3648 2286 3897 2345 molestia

2300 2377 2455 2433 famis
2478 2376 2830 2433 invalescerct
2849 2412 2865 2443 ,
2896 2374 3148 2432 clamavit
3174 2375 3405 2448 pepulus
3440 2375 3509 2431 ad
3536 2376 3896 2444 Pharaonem,

2294 2483 2483 2540 magna
2514 2481 2735 2539 pressus
2768 2465 3057 2539 indigentia
3098 2483 3114 2523 :
3154 2482 3185 2523 a
3223 2464 3366 2523 fame
3404 2467 3547 2522 enim
3580 2468 3755 2524 coacti
3778 2510 3794 2534 ,
3826 2470 3895 2525 ad

2294 2575 2475 2632 regem
2512 2566 2885 2614 cucurrerunt.
2926 2557 3094 2614 Porro
3113 2555 3235 2614 vide
3261 2556 3420 2628 hujus
3442 2557 3893 2615 benevolentiam.

2290 2651 2380 2707 55.
2418 2649 2560 2705 Dixit
2586 2658 2757 2705 autem
2796 2646 3007 2705 Pharao
3048 2646 3354 2721 £9yptiis:
3384 2646 3468 2705 Ite
3498 2648 3569 2702 ad
3590 2647 3823 2718 Ioseph;
3844 2662 3896 2705 et

2290 2741 2539 2814 quidquid
2563 2741 2748 2796 dixerit
2776 2741 2935 2807 nobis,
2962 2740 3116 2813 facite
3136 2757 3157 2796 :
3180 2741 3335 2813 quasi
3364 2740 3567 2797 diceret
3597 2758 3611 2797 :
3638 2740 3776 2809 Quid
3804 2758 3895 2799 me

2287 2832 2602 2905 suspicitist
2628 2832 2744 2889 Non
2787 2831 2983 2889 videtis
3006 2846 3094 2889 me
3137 2832 3285 2904 regis
3327 2831 3565 2887 habitum
3612 2830 3895 2890 dumtaxat

2286 2933 2498 2997 gestare
2519 2962 2538 2991 ,
2567 2922 2825 2994 illumque
2877 2922 3037 2979 nobis
3076 2922 3327 2979 omnibus
3372 2923 3561 2980 salutis
3610 2932 3892 2983 auctorem

2286 3013 2525 3073 factum?
2551 3013 2630 3071 Ne
2649 3012 2809 3085 igitur
2830 3012 2925 3071 illo
2950 3013 3138 3071 relicto
3162 3012 3230 3070 ad
3250 3029 3339 3071 me
3361 3014 3609 3082 curratis,
3629 3013 3728 3071 sed
3748 3015 3893 3073 abite

2286 3108 2353 3165 ad
2381 3108 2555 3175 illum,
2587 3105 2655 3162 Et
2682 3122 3011 3179 quacumque
3028 3105 3215 3163 dixerit
3238 3106 3377 3163 nobis
3394 3146 3413 3174 ,
3437 3110 3608 3180 facite.
3631 3108 3722 3165 56.
3752 3108 3892 3180 Ape-

2286 3201 2388 3256 ruit
2407 3209 2575 3255 autem
2596 3198 2789 3270 Ioseph
2810 3198 3009 3264 horrea,
3037 3207 3086 3254 et
3106 3198 3333 3255 uendidit
3357 3196 3640 3272 £ggptiis.
3665 3199 3736 3256 Et
3757 3214 3892 3272 quo-

2288 3292 2432 3347 niam
2458 3303 2647 3346 omnes
2666 3289 3012 3345 consumebat
3041 3286 3199 3345 famis
3227 3290 3538 3356 necessitas,
3558 3290 3647 3348 57.
3674 3290 3887 3357 Otones,

2290 3381 2499 3453 inquit,
2525 3379 2797 3448 provincia
2832 3379 3095 3435 satiabant
3135 3378 3188 3434 in
3215 3377 3536 3453 Egyptian.
3569 3390 3623 3435 ut
3660 3393 3885 3439 emerent

2289 3471 2596 3543 {ramentum
2614 3488 2636 3525 :
2666 3469 2946 3525 inualuerat
2971 3469 3140 3538 enim,
3168 3470 3369 3541 inquit,
3404 3474 3566 3543 {ames
3592 3488 3746 3542 super
3772 3489 3887 3528 ont-

2287 3578 2403 3617 netn
2427 3572 2631 3618 terram.
2663 3559 2799 3616 Vide
2820 3603 2835 3624 .
2860 3560 3115 3626 obsecro,
3142 3561 3412 3632 quomodo
3443 3562 3693 3632 paulatim
3721 3578 3887 3620 even-

2291 3662 2400 3709 tum
2427 3655 2671 3722 accipere
2700 3650 2954 3723 incipiant
2979 3650 3186 3706 somnia
3207 3650 3427 3721 Joseph.
3450 3651 3583 3707 Nam
3606 3653 3693 3709 ubi
3719 3652 3890 3711 fames

2289 3743 2512 3798 invaluit
2533 3782 2549 3807 ,
2582 3750 2636 3797 et
2665 3738 2947 3810 occupavit
2973 3748 3171 3795 terram
3195 3738 3483 3809 Chanaan,
3517 3741 3570 3796 in
3595 3757 3700 3812 qua
3728 3741 3885 3800 babi-

2290 3836 2434 3893 tabat
2460 3835 2626 3891 Jacnb
2668 3832 2827 3904 hujus
2854 3841 3003 3903 pater
3024 3873 3039 3899 ,
3084 3833 3173 3904 qui
3212 3833 3258 3888 Ι.
3290 3830 3573 3904 Postquam
3618 3834 3800 3889 didicit
3832 3837 3889 3889 its

2288 3926 2521 4000 .Egypto
2544 3926 2849 3997 {mittentem
2869 3924 3182 3990 venumdari,
3202 3923 3355 3993 dixit,
3384 3925 3577 3997 inquit,
3597 3927 3720 3995 [iliis
3740 3928 3848 3982 suis
3867 3941 3890 3985 .'

2291 4020 2463 4088 Quare
2488 4032 2664 4090 segnes
2692 4018 2849 4072 estis?
2870 4016 2925 4071 2.
2957 4016 3090 4072 Ecce
3110 4016 3282 4071 auditu
3305 4016 3445 4088 quod
3471 4020 3785 4088 frumentum
3818 4020 3883 4074 εει

2288 4110 2340 4163 in
2362 4108 2615 4180 ngypto.
2655 4105 2990 4173 Descendite,
3018 4117 3072 4161 ut
3098 4106 3399 4180 comparetis
3437 4105 3581 4163 nobis
3619 4124 3785 4179 pauco
3814 4109 3887 4165 ci-

2290 4202 2453 4268 baria,
2482 4211 2536 4255 ut
2559 4200 2784 4255 vivamus
2803 4240 2820 4262 ,
2846 4208 2894 4252 et
2923 4215 3025 4253 non
3050 4199 3327 4253 moriamur
3358 4196 3522 4271 (Cap.
3552 4198 3624 4255 42
3641 4196 3682 4270 ).
3711 4198 3883 4270 Quid,

2288 4292 2456 4363 inquit
2480 4331 2495 4358 ,
2539 4291 2625 4347 hic
2651 4288 2883 4346 sedetis?
2905 4288 3063 4345 Abite
3098 4289 3150 4345 in
3176 4286 3467 4360 ﬁgyptum
3490 4329 3507 4357 ,
3539 4296 3594 4346 ct
3630 4289 3886 4349 alimenta

2290 4384 2441 4439 nobis
2464 4382 2667 4437 afferte.
2702 4381 2826 4437 llmc
2854 4390 3033 4437 autem
3051 4381 3229 4436 omnia
3260 4378 3396 4435 facta
3425 4389 3571 4449 sunt,
3602 4391 3659 4436 ut
3687 4380 3887 4441 fratrea

2288 4473 2488 4544 leseph
2514 4472 2705 4527 Visitmi
2733 4472 2849 4540 ejus
2878 4472 3056 4526 omnia
3091 4472 3492 4526 ministrarent:
3522 4481 3576 4527 ct
3606 4472 3880 4543 interpre-

2290 4568 2544 4621 tationem
2573 4564 2765 4618 somuii
2797 4579 2952 4633 quam
2979 4563 3078 4633 ipsi
3108 4562 3556 4633 conjectareraut,
3580 4576 3701 4616 cum
3732 4566 3885 4619 audi-

2288 4666 2401 4711 rent
2434 4655 2632 4725 Ioseph
2663 4655 2930 4708 somnium
2972 4662 3313 4719 narrantem,
3342 4653 3645 4723 implerent.
3670 4655 3725 4711 3.
3780 4653 3889 4710 De-

2289 4750 2585 4803 sreculcrnnt
2605 4747 2770 4810 enim,
2801 4744 2991 4815 inquit,
3020 4746 3190 4801 decem
3218 4748 3423 4816 fratres,
3454 4745 3505 4800 ι.
3536 4754 3583 4799 et
3608 4744 3713 4800 Ben
3710 4748 3889 4818 jamin

2290 4854 2389 4892 non
2412 4846 2723 4907 acceperunt,
2747 4837 2834 4907 qui
2858 4845 2975 4892 erat
2998 4833 3160 4891 frater
3177 4832 3373 4905 losepb
3395 4850 3460 4890 ex
3481 4835 3665 4890 eadem
3690 4844 3889 4893 matre.

2290 4929 2496 4983 Dicebat
2525 4930 2656 4983 enim
2683 4939 2825 4997 pater
2854 4927 2999 4997 ejus:
3030 4924 3112 4979 Ne
3145 4928 3276 4999 forte
3312 4925 3509 4979 accidat
3534 4926 3581 4979 ci
3613 4926 3836 4999 languor
3870 4947 3889 4984 ε

2291 5039 2512 5094 parcens
2541 5036 2727 5091 puero,
2761 5036 2824 5075 eo
2848 5020 2987 5089 quod
3014 5027 3175 5075 aetate
3202 5018 3483 5072 immatura
3520 5026 3655 5072 erat.
3690 5018 3743 5072 (i.
3788 5016 3889 5074 μοι

2289 5127 2467 5171 nerunt
2498 5124 2663 5169 autent
2682 5155 2697 5179 ,
2729 5122 2776 5166 et
2804 5111 2998 5181 Joseph
3030 5112 3159 5166 sicut
3186 5108 3468 5180 principem
3502 5107 3724 5181 £ggpti
3750 5110 3886 5163 udo-

2288 5218 2519 5263 ruperunt
2548 5224 2699 5279 super
2719 5205 2900 5277 faciem
2927 5219 3069 5257 suam
3096 5202 3146 5255 in
3180 5210 3333 5255 terra.
3367 5200 3433 5256 Et
3458 5216 3597 5257 nunc
3625 5201 3885 5272 ignoran-

2290 5310 2370 5354 tes
2408 5298 2620 5367 quidem
2669 5297 2784 5350 huic.
2813 5295 2993 5349 omnia
3040 5292 3259 5349 faciunt.
3306 5292 3439 5347 Nam
3487 5292 3609 5360 quia
3656 5293 3889 5350 multum

2292 5390 2542 5457 lt‘mpOl‘ls
2573 5388 2964 5449 intercesserat,
2990 5383 3178 5438 faciem
3201 5382 3381 5438 fratris
3401 5398 3505 5437 non
3528 5396 3883 5453 agnoverunt.

2291 5478 2585 5533 Vi-risimile
2616 5477 2757 5531 enim
2785 5484 2886 5540 est,
2916 5475 3163 5544 juvenem
3194 5473 3345 5539 olim,
3373 5488 3512 5528 nunc
3544 5475 3889 5530 immutatum

2291 5573 2455 5626 forma
2502 5570 2684 5624 fuisse.
2726 5569 2891 5638 quue
2932 5576 3100 5622 totum
3140 5568 3336 5635 opinor
3377 5566 3571 5620 divinae
3600 5565 3888 5635 dispensa-

2292 5665 2450 5720 tionis
2478 5664 2659 5726 fuisse,
2695 5662 2762 5716 ita
2797 5670 2849 5716 ut
2879 5677 2982 5715 non
3015 5659 3283 5730 potuerint
3306 5659 3388 5714 vel
3410 5673 3476 5713 cx
3504 5672 3775 5721 sermone,
3803 5664 3893 5717 vel

2289 5775 2352 5813 es
2382 5768 2598 5827 aspectu
2628 5757 2842 5810 fratrem
2866 5767 3174 5824 agnoscere.
3206 5751 3353 5807 Unde
3381 5752 3521 5807 enim
3552 5766 3806 5821 muquant
3839 5752 3894 5808 fat

2292 5849 2424 5902 hanc
2446 5848 2750 5920 Opinionem
2772 5845 3077 5901 venissent?
3103 5844 3311 5899 Etenim
3338 5845 3586 5915 putabant
3606 5859 3730 5899 eum
3751 5846 3894 5916 apud
