4180 6508
382 557 680 614 lautaelitas
706 557 901 614 factum
931 570 1164 623 servum,
1194 554 1503 627 servineque
1525 556 1667 627 apud
1697 557 1974 625 barbaros,

380 649 524 706 unde
562 650 691 704 nihil
717 650 893 707 simile
921 651 1026 705 illis
1048 649 1131 705 vel
1162 649 1215 704 in
1245 657 1477 704 mentem
1508 650 1691 705 venire
1722 658 1929 720 poterat
1956 666 1972 714 ;

378 749 437 795 et
464 754 570 795 non
593 750 922 810 agnoverunt
939 738 1159 808 Joseph.
1195 738 1313 809 ipse
1338 752 1466 794 vero
1500 739 1679 794 statim
1707 747 1764 794 ut
1794 739 1925 794 vidit
1953 780 1969 807 ,

373 831 709 899 agnoviteos
736 847 751 884 :
779 840 835 887 et
876 840 933 885 ut
981 830 1315 901 ignoraretur
1341 829 1583 895 studuit,
1629 844 1693 885 ac
1736 844 1858 885 cum
1894 832 1973 887 eis

370 922 527 990 quasi
544 934 666 975 cum
716 921 905 976 alienis
950 936 1107 991 agere
1135 920 1322 976 voluit.
1354 921 1405 975 7.
1453 921 1781 977 Abalienabat
1826 922 1968 978 enim

368 1025 427 1064 se
444 1009 508 1064 ab
536 1011 606 1066 eis
623 1051 640 1078 ,
682 1020 729 1065 et
758 1011 993 1081 loquutus
1020 1023 1092 1067 est
1123 1012 1195 1066 eis
1223 1012 1393 1077 dura;
1421 1022 1469 1066 el
1497 1012 1627 1067 dixit
1653 1028 1674 1067 .°
1708 1012 1856 1068 Unde
1883 1029 1971 1068 ce-

372 1100 560 1155 nistis!
598 1100 823 1158 Simulat
853 1102 1215 1158 omnimodam
1261 1102 1650 1172 ignorantiam,
1695 1112 1753 1158 ut
1790 1102 1969 1159 omnia

368 1189 656 1262 diligenter
674 1192 741 1247 ab
761 1194 839 1248 eis
863 1193 1071 1249 discere
1090 1201 1269 1264 queat.
1298 1193 1646 1250 Desiderabat
1665 1194 1809 1250 enim
1829 1195 1969 1253 scire

366 1294 488 1350 qua:
514 1279 581 1335 ad
610 1290 816 1352 patrem
844 1282 991 1337 etad
1017 1280 1233 1337 fratrem
1264 1284 1595 1353 spectabant.

437 1371 493 1425 2.
521 1372 588 1428 Et
612 1375 841 1443 primum
867 1374 1058 1445 qua3rit
1082 1390 1147 1430 ex
1178 1391 1281 1445 qua
1307 1377 1527 1447 regione
1543 1376 1673 1443 sint,
1700 1387 1753 1433 et
1779 1378 1967 1435 dicunt

362 1477 434 1519 ea
455 1463 706 1519 Chanaan
733 1480 793 1521 se
818 1466 1028 1521 venisse
1054 1476 1112 1520 ut
1154 1477 1397 1523 emerent
1425 1468 1707 1523 frumenta.
1741 1468 1918 1524 Famis
1941 1511 1959 1535 ,

361 1553 629 1626 inquiunt,
661 1556 951 1611 necessitas
976 1556 1029 1611 in
1054 1571 1215 1615 causa
1235 1566 1318 1612 est
1341 1573 1510 1628 quare
1529 1558 1579 1612 id
1609 1559 1816 1617 itineris
1834 1576 1969 1616 con.

358 1645 619 1715 fecimus,
652 1656 706 1702 et
734 1658 1019 1718 propterea
1050 1650 1250 1705 relictis
1297 1651 1525 1720 propriis
1554 1651 1658 1706 huc
1692 1654 1956 1710 venimus.

357 1734 415 1791 9.
447 1734 516 1790 Et
540 1737 835 1793 recordatus
863 1748 971 1805 est,
1002 1740 1173 1810 inquit
1202 1781 1219 1807 ,
1261 1738 1454 1811 Ioseph
1499 1744 1808 1799 somniorum
1846 1762 1961 1816 qua:

354 1827 465 1895 ipse
485 1828 696 1883 uiderat.
722 1829 783 1884 ln
803 1840 1037 1886 mentem
1058 1841 1319 1888 venerunt
1339 1833 1387 1887 ei
1416 1835 1643 1902 somnia,
1672 1846 1725 1890 et
1749 1838 1959 1895 videbat

354 1921 573 1976 evenire
596 1936 657 1977 ea
679 1962 695 1987 ,
732 1922 957 1994 ideoque
988 1923 1202 1979 volebat
1222 1925 1503 1996 diligenter
1527 1929 1705 1982 omnia
1727 1930 1956 2001 discere,

352 2017 409 2064 et
438 2026 626 2082 magna
676 2029 797 2068 cum
841 2015 1154 2072 austeritate
1191 2016 1272 2072 eis
1317 2018 1645 2089 respondet,
1671 2035 1737 2076 ac
1780 2022 1951 2080 dicit:

350 2098 715 2172 Exploratores
741 2106 879 2172 estis,
900 2116 946 2160 et
972 2107 1042 2161 ad
1064 2108 1436 2164 consideranda
1458 2111 1665 2181 vestigia
1686 2122 1836 2168 terra
1864 2130 1950 2169 re.

349 2192 515 2248 uictis.
550 2192 666 2249 Non
694 2204 859 2261 recta,
892 2198 1099 2267 inquit,
1132 2208 1313 2254 mente
1336 2199 1645 2256 advenistis.
1689 2202 1950 2260 Videmini

347 2288 463 2337 arte
504 2290 563 2337 et
591 2285 916 2355 malignitate
955 2286 1185 2356 quadam
1228 2288 1333 2344 huc
1373 2290 1612 2359 profecti.
1645 2291 1721 2347 Illi
1769 2303 1949 2350 autem

345 2372 489 2429 anxii
516 2374 764 2431 dixerunt
791 2392 808 2431 :
838 2377 925 2433 10.
955 2377 1078 2432 Non
1099 2420 1113 2443 ,
1147 2380 1370 2435 domine.
1399 2381 1465 2436 Et
1493 2381 1545 2437 id
1579 2385 1720 2454 quod
1743 2385 1952 2443 discere

347 2464 598 2520 studebat
621 2464 841 2536 Joseph,
870 2468 972 2525 hoc
997 2485 1025 2522 a
1048 2472 1351 2541 semetipsis
1371 2472 1605 2541 docent,
1638 2484 1693 2530 et
1719 2476 1901 2532 dicunt
1929 2496 1943 2531 :

345 2549 494 2608 Serui
536 2556 611 2609 tui
647 2558 874 2613 venimus
896 2598 914 2627 ,
959 2569 1013 2613 ut
1059 2577 1285 2616 eruamus
1331 2579 1492 2620 escas.
1512 2564 1598 2619 11.
1634 2564 1828 2621 Omnes.
1848 2568 1945 2637 ﬁlii

342 2657 521 2699 sum
540 2646 689 2700 unius
719 2648 812 2701 viri
837 2689 851 2713 ,
882 2649 1084 2719 paciﬁci
1101 2667 1308 2720 sumus,
1338 2668 1438 2707 non
1458 2664 1575 2708 sunt
1594 2657 1725 2710 servi
1760 2658 1832 2710 tui
1859 2674 1945 2712 ex-

342 2735 650 2806 ploratores.
688 2738 877 2795 Adhuc
904 2740 973 2797 de
997 2742 1189 2813 seipsis
1219 2752 1421 2799 tantum
1462 2746 1722 2801 rationem
1753 2747 1943 2805 redde-

340 2826 504 2891 bant,
530 2840 586 2885 et
616 2845 724 2901 pra:
752 2834 941 2888 timore
971 2835 1181 2889 attoniti
1222 2845 1432 2901 mente,
1470 2838 1704 2894 nondum
1734 2856 1851 2911 qua:
1876 2840 1944 2898 ad

338 2916 538 2990 Ioseph
584 2923 922 2991 pertinebant
947 2966 962 2990 ,
1004 2924 1247 2981 dixerant
1277 2943 1289 2980 :
1320 2926 1441 2983 ideo
1468 2928 1556 2983 ille
1584 2944 1940 2998 perseverans

338 3010 551 3068 dicebat
580 3032 595 3067 :
626 3014 710 3072 12.
736 3014 878 3079 Non,
906 3016 995 3072 sed
1020 3018 1223 3073 venistis
1252 3028 1308 3073 ut
1342 3022 1550 3091 vestigia
1581 3032 1732 3079 terra
1757 3026 1941 3093 explo-

336 3101 478 3157 resis.
523 3103 897 3173 Supervacite,
930 3107 1130 3177 inquit,
1181 3107 1297 3165 base
1326 3110 1456 3165 mihi
1494 3111 1670 3168 dicitis
1699 3133 1713 3169 :
1742 3116 1939 3171 etenim

335 3191 423 3247 vel
446 3192 560 3262 ipsa
585 3194 848 3250 adventus
874 3198 1035 3252 vestri
1061 3199 1199 3254 ratio
1224 3198 1481 3264 declarat,
1516 3217 1610 3257 vos
1639 3206 1781 3258 malo
1806 3219 1941 3275 quo-

336 3279 464 3339 dam
494 3287 769 3357 proposito
799 3296 974 3344 motos
1005 3289 1109 3346 huc
1148 3293 1379 3349 venisse.
1415 3293 1495 3349 illi
1536 3305 1713 3350 autem
1747 3313 1933 3355 neces-

336 3370 496 3429 sitate
520 3377 690 3431 coacti
715 3419 730 3445 ,
761 3388 815 3433 et
846 3379 1092 3437 volentes
1120 3396 1243 3436 eum
1272 3382 1340 3436 ad
1367 3383 1790 3441 misericordiam
1833 3389 1904 3444 tle

336 3473 485 3520 etere
509 3465 697 3522 dicunt
724 3486 737 3521 :
764 3471 849 3525 l3.
882 3469 1158 3526 Duodecim
1196 3489 1376 3527 sumus
1402 3475 1586 3544 fratres
1612 3480 1745 3532 servi
1770 3481 1860 3532 tui.
1892 3480 1936 3536 0

336 3554 621 3611 verborum
652 3556 1021 3629 deceptionem
1045 3561 1059 3615 !
1096 3562 1268 3617 Etiam
1296 3579 1419 3619 eum
1449 3581 1607 3635 quem
1637 3568 1934 3637 negotiato-

335 3642 484 3699 ribus
509 3646 899 3717 vendiderant,
950 3650 1003 3705 in
1053 3667 1278 3709 numero
1321 3668 1421 3709 suo
1462 3666 1788 3712 recensent:
1834 3674 1935 3716 nec

332 3732 565 3793 dicunt:
609 3736 898 3794 Duodecim
951 3741 1151 3798 fuimus
1179 3784 1195 3809 ,
1246 3744 1339 3800 sed
1366 3785 1381 3809 ,
1432 3745 1716 3802 Duodecim
1758 3766 1939 3805 sumus

334 3827 538 3895 fratres,
565 3835 614 3881 et
638 3829 947 3899 eccejunior
970 3847 1084 3885 cum
1108 3842 1252 3903 patre
1289 3844 1482 3890 nostro.
1514 3836 1624 3892 Hoc
1651 3838 1793 3894 enim
1817 3850 1933 3895 erat

331 3914 475 3985 quod
503 3917 641 3974 scire
669 3919 937 3988 cupiebat,
967 3936 1091 3976 num
1116 3932 1169 3979 et
1197 3922 1414 3978 fratrem
1441 3925 1686 3983 similiter
1712 3928 1932 3985 aﬂlixis—

330 4014 473 4062 sent.
502 4005 572 4060 Et
596 4010 706 4061 ecce
721 4010 902 4080 junior
926 4027 1041 4064 cum
1067 4025 1211 4082 patre
1237 4026 1411 4069 nostro
1435 4031 1456 4080 ,'
1482 4017 1615 4070 alius
1640 4028 1805 4073 autem
1828 4036 1930 4075 non

332 4106 580 4167 superest.
611 4097 719 4153 Nec
746 4099 932 4155 dicunt
963 4117 1075 4157 rem
1107 4105 1406 4172 manifeste,
1435 4107 1528 4162 sed
1553 4118 1775 4176 tantum,
1805 4109 1928 4165 Non

328 4197 570 4256 superest.
604 4188 679 4243 Ex
712 4190 811 4245 hoc
837 4206 958 4246 cum
1000 4194 1361 4264 suspicaretur
1383 4239 1398 4264 ,
1428 4213 1495 4254 ne
1525 4197 1661 4255 forte
1700 4211 1753 4255 et
1787 4201 1925 4256 Beu-

324 4275 493 4344 jamin
521 4281 678 4336 simili
710 4284 869 4338 modo
914 4285 1252 4352 aﬂ'eeissent,
1288 4290 1377 4343 M.
1424 4289 1539 4345 Hoc
1571 4302 1644 4345 est
1668 4334 1683 4359 ,
1704 4295 1887 4364 inquit
1911 4336 1926 4358 ,

327 4370 463 4439 quod
484 4371 593 4425 dixi
613 4375 769 4440 vobis,
793 4376 930 4444 quod
948 4378 1292 4449 exploratores
1313 4382 1444 4435 sitis.
1471 4384 1557 4437 15.
1586 4383 1926 4456 Nequaquam

331 4459 448 4516 hinc
476 4465 608 4517 enim
636 4466 857 4527 exibitis.
889 4484 1150 4539 quousque
1175 4474 1335 4541 frater
1363 4482 1519 4527 vester
1539 4474 1723 4544 junior
1743 4477 1928 4529 venerit

328 4550 446 4606 huc.
480 4550 632 4608 Illum
660 4555 843 4612 videre
882 4558 1041 4624 volo;
1068 4561 1225 4630 cupio
1251 4561 1433 4617 videre
1460 4579 1581 4618 eum
1612 4565 1702 4634 qui
1729 4580 1791 4621 ex
1829 4582 1927 4621 eo-

331 4637 455 4695 dem
488 4651 641 4698 utero
670 4654 826 4700 natus
863 4657 983 4702 cst:
1013 4652 1258 4717 suspicor
1286 4652 1430 4707 enim
1470 4670 1535 4707 ex
1574 4653 1655 4709 his
1690 4672 1806 4725 qua:
1835 4673 1864 4711 a
1887 4658 1928 4709 l-

327 4744 522 4787 versus
566 4748 653 4789 me
699 4737 922 4806 egistis,
969 4747 1203 4795 mentem
1250 4750 1481 4797 vestram
1532 4744 1765 4801 fraterno
1804 4748 1927 4802 odio

328 4816 595 4878 laborare.
631 4823 685 4879 Si
714 4824 875 4896 igitur
897 4827 1090 4895 vultis,
1122 4830 1206 4886 16.
1252 4830 1438 4887 Mittite
1470 4851 1628 4888 unum
1659 4852 1721 4890 ea:
1746 4839 1913 4907 vobis,

322 4920 375 4966 et
399 4912 638 4970 adducite
656 4934 770 4971 cum
801 4935 819 4972 :
842 4935 937 4975 vos
962 4933 1141 4977 autem
1171 4934 1380 4981 manete
1407 4927 1457 4981 in
1491 4942 1724 4995 carcere,
1752 4932 1925 4991 donec

326 4999 412 5055 ille
440 5006 667 5060 venerit.
709 5007 800 5063 Ille
843 5011 985 5065 enim
1030 5027 1151 5067 cum
1194 5014 1511 5082 advenerit,
1541 5020 1756 5077 docebit
1796 5040 1922 5078 num

323 5108 446 5149 vera
464 5094 567 5150 sint
585 5098 968 5168 quardicitis,et
984 5104 1228 5160 liberabit
1245 5122 1336 5162 vos
1354 5107 1423 5161 ab
1438 5111 1581 5164 omni
1600 5114 1920 5183 suspicione.

324 5182 455 5239 Nam
480 5185 522 5240 si
553 5184 655 5243 hoc
684 5204 790 5244 non
824 5189 1015 5259 fuerit,
1046 5194 1383 5251 manifestum
1412 5208 1497 5253 est
1536 5216 1632 5254 vos
1662 5204 1912 5271 explora-

324 5281 467 5328 tores
496 5288 633 5337 esse.
660 5286 714 5333 et
742 5289 1022 5351 propterea
1053 5282 1155 5339 huc
1181 5287 1411 5343 venisse.
1446 5288 1512 5343 Et
1544 5290 1644 5345 hoc
1676 5307 1798 5348 cum
1831 5296 1915 5351 di-

322 5363 508 5428 xisset,
524 5366 611 5422 l7.
634 5366 814 5424 Posuit
832 5388 918 5426 eos
941 5374 990 5427 in
1007 5390 1227 5433 carcere.
1248 5377 1379 5432 Vide
1399 5382 1666 5449 quomodo
1683 5384 1919 5454 ipsorum

327 5453 511 5523 probat
538 5457 792 5525 animum,
815 5472 870 5517 et
895 5478 990 5533 per
1017 5480 1076 5519 ea
1099 5481 1217 5536 qua:
1239 5467 1292 5522 in
1322 5469 1443 5524 illos
1470 5473 1593 5542 agit,
1620 5453 1768 5530 suam
1791 5493 1915 5548 erga

322 5540 540 5599 fratrem
568 5547 807 5605 declarat
833 5553 1280 5612 benevolentiam.
1320 5558 1443 5615 Post
1470 5540 1569 5618 tres
1609 5576 1775 5621 autem
1810 5540 1918 5625 dies

321 5637 507 5689 vocatis
545 5638 669 5704 illis,
692 5642 821 5695 dixit
856 5660 876 5699 .°
907 5646 991 5700 18.
1039 5646 1154 5702 Hoc
1183 5652 1367 5720 facile,
1410 5663 1457 5707 et
1498 5656 1668 5709 uinctis
1709 5658 1917 5715 :Deunt

311 5724 449 5778 enim
470 5742 559 5797 ego
584 5730 754 5786 timeo.
786 5734 870 5789 19.
913 5735 973 5792 Si
1000 5740 1204 5807 paciﬁci
1236 5742 1351 5795 estis
1373 5784 1387 5809 ,
1419 5760 1550 5799 unus
1579 5745 1798 5815 fratruo:
1824 5766 1909 5803 rc-

304 5825 537 5870 :trorum
589 5820 871 5879 detineatur
941 5829 1022 5883 hic
1075 5831 1128 5885 in
1175 5849 1415 5903 carcere,
1450 5850 1536 5891 ros
1570 5848 1737 5892 autent
1796 5857 1915 5910 pro-

1427 442 1493 500 IN
1528 443 1681 501 CAP.
1713 443 1872 501 XLII.
1903 443 2151 503 GENES.
2192 447 2420 505 IIOAIIL.
2461 449 2645 508 LXIV.

3581 466 3690 525 350

2090 561 2417 630 ﬁciscimini;
2457 575 2505 621 et
2562 568 2755 624 asehite
2803 570 3109 643 emptionem
3148 572 3556 641 fruntentutiouis
3599 590 3684 629 ve-

2081 661 2218 735 strte,
2246 652 2336 709 20.
2365 664 2411 710 et
2433 658 2641 727 fratrem
2661 671 2882 716 oestrum
2900 664 3166 734 juniorem
3192 666 3360 723 ducite
3395 670 3467 725 ad
3492 688 3572 726 me
3593 708 3610 735 ,
3639 679 3690 725 et

2078 734 2339 817 credibilia
2358 750 2505 794 erunt
2520 741 2666 796 verba
2690 754 2848 799 vestra
2875 762 2894 801 :
2919 748 3056 816 quod
3106 747 3153 801 si
3209 753 3384 809 minus
3407 789 3426 817 ,
3482 734 3687 808 morie-

2083 826 2190 867 ηιυι
2197 826 2214 864 8
2221 848 2239 864 ο

2151 908 2473 969 Conscientia
2512 916 2722 971 damnat
2762 924 3017 976 conscium
3049 924 3255 992 peccati.
3287 953 3358 965 —
3377 923 3679 982 Considera

2079 1004 2460 1073 sagacitatem:
2496 1007 2692 1065 Volens
2728 1024 2877 1066 suam
2926 1026 3051 1085 erga
3086 1014 3207 1069 illos
3245 1016 3677 1073 benevolentiam

2077 1090 2369 1162 declarare,
2414 1107 2467 1153 et
2504 1100 2664 1168 patris
2714 1102 2984 1170 penuriam
3030 1105 3525 1178 consolari,dcque
3572 1109 3676 1161 fra-

2078 1189 2158 1239 tre
2205 1188 2478 1243 veritatem
2542 1190 2793 1258 discere,
2845 1180 2953 1248 uno
3012 1205 3257 1262 retento,
3306 1198 3443 1253 alios
3522 1200 3673 1254 abire

2069 1270 2251 1342 jussit.
2297 1277 2401 1333 Sed
2475 1280 2598 1336 vide
2660 1298 2803 1339 nunc
2852 1285 3122 1355 quomodo
3187 1288 3510 1344 conscientia
3570 1305 3669 1347 eo-

2072 1382 2190 1423 rum
2221 1411 2233 1431 .
2264 1369 2601 1443 incorruptus
2645 1375 2735 1430 ille
2755 1375 2942 1445 iudex,
2972 1377 3225 1433 adversus
3253 1394 3351 1436 eos
3392 1381 3666 1451 insurgat,

2069 1466 2124 1512 et
2155 1459 2298 1513 nullo
2320 1472 2574 1531 argnente
2595 1506 2611 1528 ,
2641 1466 2721 1521 vel
2749 1466 2800 1520 in
2829 1465 3061 1522 medium
3085 1469 3355 1540 quidpiam
3384 1471 3663 1535 afferente.

2069 1547 2170 1619 ipsi
2196 1551 2275 1605 sui
2302 1552 2538 1622 ipsorum
2566 1568 2904 1613 accu-atores
2936 1558 3082 1613 liant.
3114 1559 3254 1615 Dixit
3279 1563 3445 1630 enim,
3469 1563 3659 1633 inquit,

2068 1641 2409 1712 unusquisque
2436 1644 2506 1698 ad
2533 1647 2741 1715 fratrem
2769 1664 2915 1703 suum
2944 1690 2960 1715 ,
2991 1651 3081 1706 21.
3113 1650 3297 1706 Merito
3322 1669 3342 1708 :
3367 1655 3417 1708 in
3443 1658 3663 1726 peccatis

2066 1728 2199 1783 enim
2226 1747 2400 1787 sumus
2429 1746 2635 1805 propter
2659 1742 2869 1809 fratrem
2898 1751 3126 1796 nostrum
3143 1783 3159 1808 ,
3191 1743 3311 1813 quia
3337 1742 3661 1814 despeximus

2062 1821 2378 1892 aﬂlictionem
2418 1829 2603 1883 anima
2628 1831 2767 1897 eius,
2799 1833 3002 1899 quando
3031 1833 3392 1905 deprecabatur
3439 1852 3566 1904 nos,
3612 1847 3662 1892 et

2063 1927 2163 1966 non
2199 1916 2545 1973 exaudiuimus
2580 1936 2732 1988 eum;
2773 1933 2980 1993 propter
3028 1924 3123 1979 ltoc
3174 1927 3308 1980 venit
3356 1944 3511 2000 super
3560 1946 3655 1986 nos

2060 2005 2225 2061 omnis
2274 2008 2477 2078 aﬂ‘lictio
2520 2011 2645 2067 hare.
2704 2014 2775 2069 Ita
2816 2018 2957 2072 enim
3005 2034 3062 2074 se
3119 2019 3279 2075 habet
3330 2032 3651 2093 peccatum;

2059 2094 2270 2163 quando
2308 2111 2735 2157 consummatum
2765 2114 2849 2160 est
2875 2115 2929 2161 et
2956 2121 3121 2177 opere
3162 2109 3495 2179 perfectum,
3530 2122 3655 2169 tunc

2057 2198 2169 2240 sua:
2196 2186 2539 2247 absurditatis
2566 2194 2800 2251 ostendit
2828 2211 3130 2255 excessum.
3175 2200 3239 2258 Et
3282 2201 3421 2257 sicut
3447 2203 3653 2273 ebrius,

2055 2278 2271 2347 quando
2296 2281 2464 2338 multo
2485 2283 2612 2339 vino
2636 2300 2696 2343 se
2724 2287 3032 2359 ingurgitat,
3056 2291 3259 2348 nullum
3286 2294 3449 2349 sentit
3472 2309 3502 2348 a
3526 2295 3655 2352 vino

2054 2365 2307 2425 damnum
2330 2413 2345 2436 ,
2380 2382 2564 2442 postea
2588 2386 2765 2432 autem
2804 2381 2967 2434 sentit
2991 2384 3359 2452 experimento
3388 2396 3648 2456 quantum

2052 2457 2122 2512 sit
2143 2457 2552 2521 detrimentum:
2573 2467 2640 2521 ita
2658 2476 2711 2522 et
2731 2478 3025 2539 peccatum,
3039 2472 3211 2530 donec
3225 2486 3646 2545 consmnmctur,

2051 2552 2365 2610 obtenebrat
2384 2568 2636 2626 mentem,
2655 2570 2706 2615 ct
2733 2562 2883 2631 quasi
2907 2563 3072 2619 densa
3099 2566 3287 2633 nubes,
3317 2567 3386 2623 ita
3413 2580 3645 2625 mentem

2050 2656 2285 2703 excmcat
2308 2665 2322 2701 :
2342 2649 2538 2707 deinde
2563 2655 2889 2711 conscientia
2918 2658 3160 2730 insurgit,
3188 2670 3243 2716 et
3270 2664 3458 2732 quovis
3486 2680 3645 2721 aecu-

2047 2746 2227 2796 satore
2256 2752 2487 2798 mentem
2530 2746 2743 2815 gravius
2771 2749 2971 2804 arrodit
2996 2792 3012 2815 ,
3043 2762 3347 2810 monstrans
3390 2755 3640 2811 absurdi-

2049 2837 2210 2885 tatem
2238 2830 2381 2888 facti.
2412 2834 2698 2891 Enimvero
2729 2837 2848 2893 vide
2875 2855 3015 2896 nunc
3053 2841 3152 2897 hos
3191 2844 3241 2897 in
3288 2848 3486 2914 peccati
3513 2863 3640 2904 sen-

2047 2933 2167 2977 sum
2193 2924 2500 2993 venientes;
2526 2936 2577 2982 et
2612 2942 2733 2983 cum
2759 2928 2825 2985 de
2850 2945 3056 2985 summa
3103 2933 3291 2989 salutis
3342 2937 3639 3005 periculum

2046 3014 2385 3085 immineret,
2419 3028 2542 3075 tunc
2578 3021 2792 3078 tandem
2837 3025 3155 3082 confitentes
3199 3045 3319 3100 qua:
3363 3029 3634 3099 fecerant,

2040 3113 2094 3158 et
2122 3103 2380 3172 dicentes,
2412 3108 2597 3164 Merito
2620 3111 2635 3142 ί
2668 3130 2682 3165 :
2710 3115 2763 3165 in
2803 3118 3021 3183 peccatis
3063 3118 3197 3172 enim
3223 3136 3401 3178 sumus
3428 3134 3633 3194 propter

2040 3195 2250 3264 fratrem
2266 3207 2511 3264 nostrum,
2526 3203 2765 3271 quoniam
2777 3204 3109 3273 despeximus
3124 3208 3439 3278 afﬂictione»!
3454 3216 3639 3269 arduae

2039 3287 2169 3342 eius.
2200 3286 2316 3342 Non
2344 3287 2583 3359 fortuito,
2615 3308 2788 3364 neque
2807 3294 2923 3351 sine
2951 3310 3110 3357 causa
3138 3297 3252 3353 haec
3286 3302 3632 3369 sustinemus,

2036 3377 2131 3433 sed
2154 3378 2296 3447 juste
2323 3382 2543 3439 etvalde
2567 3385 2708 3454 juste
2728 3388 3124 3454 pmnasluimus
3150 3392 3549 3449 inbuinanitatis
3581 3408 3635 3453 et

2037 3472 2364 3529 crudelitatis
2388 3489 2546 3545 quam
2575 3491 2699 3546 erga
2732 3476 2948 3534 fratrem
2980 3492 3220 3537 nostrum
3247 3484 3625 3554 exhibuimus;

2040 3561 2293 3629 Quoniam
2330 3566 2651 3637 despeximus
2694 3570 3010 3639 aﬂlictionem
3040 3578 3223 3630 anima:
3252 3578 3391 3646 ejus,
3422 3580 3627 3647 quando

2036 3658 2397 3727 deprecabatur
2450 3678 2541 3717 nos
2563 3704 2579 3728 ,
2610 3672 2655 3717 et
2682 3680 2779 3718 non
2830 3664 3116 3721 audivimus
3143 3684 3275 3725 eum.
3324 3668 3585 3737 Quoniam
3612 3716 3627 3740 ,

2035 3750 2237 3820 inquit,
2289 3752 2490 3822 absque
2539 3753 3004 3812 commiseratione
3052 3757 3246 3816 luimus
3271 3802 3286 3828 ,
3318 3771 3372 3818 et
3401 3764 3625 3821 multam

2034 3840 2373 3897 exhibuimus
2415 3844 2812 3909 crudelitatem,
2841 3858 3118 3917 propterea
3148 3867 3290 3907 nunc
3317 3869 3415 3910 nos
3438 3856 3625 3913 eadem

2032 3933 2361 4000 experimur,
2396 3943 2451 3988 ct
2472 3932 2808 3991 Pronterhoc
2837 3942 2967 3993 venit
3032 3940 3247 4011 afflictio
3301 3945 3411 4001 [nec
3466 3961 3625 4013 super

2027 4032 2143 4073 ηοεο

2097 4108 2149 4163 3.
2178 4107 2243 4164 Et
2264 4107 2378 4165 lucc
2400 4109 2615 4180 quidem
2644 4110 2718 4165 illi
2746 4112 2885 4167 inter
2904 4127 2961 4167 se
2987 4115 3339 4179 disserebant,
3371 4132 3619 4188 putantes

2026 4200 2158 4254 nihil
2202 4200 2391 4255 horum
2420 4201 2606 4257 audire
2633 4200 2946 4272 Joscphum.
2978 4204 3107 4259 Nam
3140 4209 3288 4275 quasi
3333 4209 3614 4279 ignorans,

2024 4301 2076 4347 et
2104 4293 2350 4347 nesciens
2378 4308 2563 4348 eorum
2612 4294 2841 4364 linguam
2863 4337 2878 4361 ,
2929 4310 3023 4365 per
3059 4297 3398 4368 interpretem
3431 4302 3618 4373 laqueo

2024 4382 2182 4438 batur
2213 4385 2290 4438 eis
2310 4427 2324 4451 ,
2356 4385 2443 4454 qui
2474 4399 2535 4440 ea
2566 4401 2685 4456 quae
2713 4386 2787 4440 illi
2815 4386 3190 4456 laqucbantttr,
3221 4400 3273 4445 et
3295 4406 3356 4445 ea
3383 4408 3503 4463 quze
3530 4395 3617 4450 ille

2022 4475 2129 4539 iis,
2162 4478 2472 4545 explicaret.
2504 4477 2595 4532 22.
2638 4477 2862 4533 Audiens
2901 4490 3068 4533 autem
3102 4483 3208 4535 Itwc
3256 4483 3461 4548 Ruben,
3491 4486 3619 4541 dixit

2021 4569 2092 4621 eis
2116 4585 2135 4621 :
2164 4567 2347 4623 Nonne
2371 4569 2608 4636 loquutus
2640 4587 2751 4623 sum
2780 4570 2918 4624 vobis
2943 4571 3112 4624 dicens
3139 4588 3159 4625 :
3189 4572 3270 4626 Ne
3294 4577 3482 4645 injuria
3506 4580 3616 4649 σω-

2019 4659 2166 4711 ciatis
2205 4676 2435 4729 puerum,
2467 4670 2512 4713 et
2540 4677 2640 4713 non
2664 4661 2941 4715 exaudistis
2973 4662 3096 4716 nte?
3147 4662 3211 4717 Et
3255 4682 3369 4720 cccc
3403 4671 3612 4740 sanguis

2020 4750 2130 4820 ejus
2180 4750 2476 4824 exquiritur.
2527 4750 2715 4806 Nonne
2760 4763 2918 4820 tunc,
2982 4754 3180 4825 inquit,
3235 4761 3609 4827 consaleham,

2021 4856 2199 4895 nonne
2275 4841 2654 4909 obscerabam,
2716 4858 2783 4897 ne
2848 4844 2990 4914 quod
3044 4857 3316 4914 peccatum
3376 4850 3427 4903 in
3493 4867 3612 4907 eum

2019 4931 2419 4987 admitteretis?
2474 4934 2762 5005 PrOptcrea
2806 4953 2945 4992 nunc
2994 4936 3218 5011 Sanguis
3270 4941 3382 5011 ejus
3437 4948 3612 5015 exqui-

2018 5029 2167 5081 ritur.
2220 5027 2352 5083 Nam
2399 5038 2653 5097 quantum
2694 5029 2760 5083 ad
2824 5032 3154 5099 propositum
3199 5043 3473 5103 vestrum,
3524 5056 3614 5095 nc-

2017 5119 2221 5174 cidistis
2268 5136 2283 5172 :
2333 5118 2457 5173 licet
2522 5120 2665 5173 enim
2735 5136 2837 5173 non
2906 5136 3001 5191 per
3067 5122 3309 5193 jugulum
3379 5127 3613 5197 gladium

2020 5209 2421 5265 transmiseritis
2444 5249 2459 5275 ,
2493 5209 2735 5265 barbaris
2762 5220 2938 5266 tamen
2971 5212 3095 5267 viris
3125 5229 3246 5268 eum
3278 5218 3610 5284 vendidistis,

2015 5312 2069 5359 et
2095 5311 2268 5357 morte
2293 5301 2648 5357 difficiliorem
2676 5303 2725 5358 ei
2756 5304 3065 5357 servitutem
3096 5309 3467 5377 excogitastis:
3494 5311 3614 5365 ideo

2016 5408 2159 5448 nunc
2202 5392 2429 5463 Sanguis
2472 5393 2581 5464 ejus
2616 5394 2911 5463 exquiritur.
2963 5392 3146 5464 Cogita
3196 5409 3450 5465 quantum
3486 5402 3549 5454 sit
3581 5419 3611 5457 a

2014 5486 2338 5542 conscientia
2367 5500 2461 5540 sua
2489 5487 2727 5540 accusari
2754 5528 2767 5550 ,
2796 5487 3094 5558 habereque
3126 5499 3388 5559 perpetuo
3413 5509 3610 5563 urgen-

2016 5588 2119 5633 tem
2146 5587 2199 5632 et
2224 5578 2541 5632 clamantem
2570 5588 2931 5632 accusatorem
2951 5619 2965 5642 ,
2995 5589 3049 5633 et
3076 5579 3256 5635 scelus
3278 5596 3581 5640 commento

2014 5680 2238 5725 rantem.
2269 5669 2359 5724 25.
2393 5668 2459 5721 Et
2480 5676 2586 5723 hac
2606 5670 2765 5723 audiit
2800 5669 3002 5739 quidem
3038 5671 3265 5740 Ioseph,
3304 5676 3402 5743 ipsi
3445 5688 3614 5733 autem

2012 5763 2360 5826 nesciverunt,
2411 5777 2468 5814 eo
2514 5761 2650 5829 quod
2698 5763 2973 5831 interprete
3027 5771 3253 5816 uteretur
3296 5783 3316 5818 :
3366 5766 3459 5821 sed
3505 5785 3611 5825 non

2013 5855 2148 5907 ultra
2175 5852 2316 5908 ferre
2344 5852 2544 5921 potuit,
2575 5852 2809 5908 fraterna
2840 5865 3027 5910 natura
3060 5863 3123 5908 et
3145 5855 3612 5914 commiseratione
