4180 6480
557 515 744 590 Ipsum
766 522 1037 585 urguente.
1064 512 1153 569 24.
1185 510 1251 566 Et
1274 526 1496 575 aversus,
1525 509 1725 580 inquit,
1756 508 1817 563 ab
1862 508 1953 573 eis,
1977 507 2144 579 ﬂevit,

562 619 620 665 ut
642 623 759 665 non
783 613 1157 679 agnoscantur
1181 603 1251 659 ab
1279 603 1376 659 eis.
1412 601 1477 656 Et
1504 603 1683 656 iterum
1711 600 1918 656 accessit
1947 599 2014 654 ad
2041 614 2146 664 eos,

560 711 607 756 et
664 702 904 773 loquutus
943 706 1017 753 est
1062 698 1151 752 eis.
1199 694 1295 751 εδ.
1361 693 1437 748 Et
1469 693 1661 765 accepit
1718 693 2055 765 Symeonem,
2102 699 2149 745 et

558 795 718 850 tinxit
745 809 859 847 sum
888 807 1058 847 coram
1087 791 1179 845 eis.
1210 788 1341 843 Vide
1367 788 1633 857 quomodo
1657 786 1834 842 omnia
1860 785 2019 841 faciat
2042 799 2147 855 quo

558 886 782 943 incutiat
807 885 887 942 eis
912 892 1174 940 terrorem
1201 898 1216 948 ;
1240 891 1297 938 ut
1320 881 1563 937 videntes
1589 878 1799 936 vincula
1828 878 2108 952 Symeonis
2128 919 2143 946 ,

560 977 767 1034 indiciis
791 992 851 1033 se
880 976 1188 1047 proderent,
1219 989 1287 1029 an
1313 972 1493 1028 fratris
1521 972 1751 1043 aliquam
1793 971 2145 1029 commisera-

558 1069 760 1126 tionem
789 1068 1065 1125 baberent.
1119 1066 1243 1122 Haec
1264 1056 1408 1129 enim
1436 1065 1610 1119 omnia
1642 1064 1769 1121 facit
1798 1062 2028 1134 probans
2053 1076 2146 1119 eo-

556 1178 684 1218 rum
698 1172 954 1227 mentem,
976 1168 1027 1215 et
1041 1159 1177 1214 scire
1199 1158 1406 1223 volens,
1428 1173 1553 1213 num
1576 1165 1629 1213 et
1654 1164 1840 1213 contra
1862 1154 2143 1227 Benjamin

559 1252 695 1309 tales
717 1252 911 1307 fuerint
933 1266 947 1304 :
968 1259 1245 1321 propterea
1275 1260 1327 1305 et
1347 1248 1667 1320 Symeonem
1695 1262 1876 1303 coram
1905 1247 1985 1303 eis
2014 1247 2143 1302 vin-

551 1345 651 1402 ciri
673 1343 843 1415 jubet,
875 1350 931 1397 ut
957 1340 1238 1410 diligenter
1264 1354 1358 1396 eos
1379 1340 1586 1410 probet,
1610 1346 1664 1394 et
1684 1338 1814 1394 sciat
1835 1350 1959 1391 num
1984 1351 2142 1406 quam

555 1434 896 1491 dilectionem
924 1447 1050 1504 erga
1092 1432 1236 1486 illum
1275 1430 1549 1485 haberent.
1597 1428 1730 1484 Nam
1774 1425 2141 1482 misericordia

557 1530 610 1584 in
654 1527 805 1583 illum
850 1526 1109 1591 faciebat,
1154 1532 1212 1579 ut
1255 1524 1411 1579 citius
1450 1521 1724 1592 Benjamin
1767 1519 2138 1576 adducerent:

552 1622 698 1694 quod
727 1621 838 1677 fieri
870 1619 1079 1676 volebat
1100 1660 1113 1683 ,
1142 1624 1202 1673 ut
1224 1616 1452 1673 adventu
1483 1615 1660 1671 fratris
1699 1628 1919 1672 securus
1943 1613 2139 1672 redde-

555 1725 719 1771 retur.
744 1712 809 1769 Et
833 1710 1108 1774 mandarit,
1142 1710 1329 1781 inquit,
1357 1718 1412 1763 ut
1448 1708 1584 1764 sacci
1608 1723 1783 1762 eorum
1808 1707 2140 1779 implereutur

554 1809 822 1877 frumento,
844 1817 890 1861 et
912 1815 1235 1876 reponeretur
1263 1805 1474 1874 pecunia
1510 1805 1903 1875 uniuscujusque
1932 1803 1989 1858 in
2020 1819 2136 1858 sac-

550 1916 664 1955 cum
682 1915 849 1965 suum,
868 1909 914 1952 et
934 1898 1139 1952 daretur
1158 1896 1228 1953 eis
1255 1896 1489 1951 viaticum
1506 1895 1559 1950 in
1583 1896 1780 1950 itinere.
1807 1894 1899 1951 26.
1938 1893 2139 1949 Etcum

551 1990 903 2062 imposuissent
937 1989 1093 2043 asinis
1126 1988 1251 2057 suis,
1282 1986 1529 2043 abierunt.
1575 1985 1708 2042 Vide
1728 1994 1921 2058 quanta
1943 1984 2137 2041 libera.

552 2079 703 2136 litate
722 2087 920 2146 utatur,
961 2078 1089 2134 dum
1142 2080 1300 2134 etiam
1354 2078 1532 2133 invitis
1575 2077 1654 2133 eis
1696 2076 1977 2145 beuel'acit,
2029 2092 2136 2133 non

549 2171 872 2226 frumentum
921 2170 1093 2226 solum
1141 2170 1295 2236 dans,
1346 2168 1440 2226 sed
1489 2169 1650 2227 etiam
1700 2169 1998 2239 pecuniam,
2042 2169 2134 2224 27.

549 2260 677 2315 Cum
716 2270 889 2315 autem
939 2276 1070 2314 unus
1116 2276 1179 2314 ea:
1226 2260 1298 2315 eis
1337 2260 1613 2329 aperuisset
1641 2275 1864 2325 saccum,
1916 2269 1972 2314 ut
1993 2259 2137 2313 daret

548 2349 791 2423 pabulum
831 2350 1009 2415 asinis,
1046 2350 1139 2406 28.
1167 2350 1291 2404 vidit
1332 2349 1617 2421 pecuniam,
1656 2358 1704 2403 et
1732 2349 1862 2403 didit
1894 2350 2137 2420 fratribus

547 2443 675 2499 suis.
708 2441 929 2514 Propter
954 2442 1050 2496 Itoc
1079 2442 1345 2497 attonitum
1375 2450 1448 2496 est
1489 2458 1577 2495 cor
1620 2456 1813 2506 eorum,
1859 2450 1905 2495 et
1950 2441 2138 2496 turbati

546 2541 867 2589 suntrmutuo
899 2533 1119 2587 dicentes
1139 2548 1159 2587 :
1185 2532 1287 2588 Cur
1309 2532 1402 2587 hoc
1441 2532 1553 2601 fecit
1579 2532 1721 2587 nobis
1742 2531 1918 2587 Deus?
1937 2531 2134 2589 lterum

548 2626 716 2697 magis
742 2625 889 2679 anxii
920 2624 1039 2679 facti
1062 2632 1207 2693 sunt,
1230 2623 1561 2693 suspicantes
1584 2638 1651 2677 ne
1676 2632 1730 2678 et
1757 2624 1857 2678 hoc
1880 2635 2136 2694 augmen-

548 2727 657 2772 tum
685 2717 764 2772 eis
788 2725 930 2771 esset
950 2716 1400 2778 criminationum,
1424 2723 1478 2770 et
1494 2728 1523 2767 a
1541 2714 1862 2769 conscientia
1879 2715 2132 2781 accusati,

546 2807 725 2861 omnia
756 2805 1057 2861 tribuebant
1087 2814 1305 2875 peccato
1330 2806 1468 2875 quod
1488 2805 1539 2860 in
1561 2804 1757 2875 Joseph
1784 2792 2129 2861 admiserant.

546 2897 681 2952 Cum
711 2898 981 2952 venissent
1004 2908 1179 2951 autem
1218 2896 1285 2951 ad
1317 2908 1539 2967 patrem,
1570 2904 1625 2951 ct
1654 2897 1830 2951 omnia
1869 2895 1919 2951 ei
1964 2896 2133 2950 mani-

547 2991 680 3045 feste
719 2988 1103 3057 declarassent,
1155 2997 1503 3044 narraverunt
1532 2987 1951 3060 indignationem
1987 2989 2133 3059 priu-

544 3080 675 3149 cipis
698 3078 915 3152 Egypti
940 3120 954 3145 ,
985 3094 1143 3150 quam
1170 3079 1374 3149 experti
1395 3088 1519 3134 sunt
1550 3098 1561 3133 :
1590 3089 1643 3135 et
1686 3095 1768 3150 qui
1794 3079 1826 3133 d
1870 3080 2133 3149 posuisset

543 3183 635 3225 eos
682 3172 736 3224 in
785 3170 1068 3245 custodia,
1124 3170 1272 3240 quasi
1311 3171 1699 3237 exploratores.
1753 3172 1843 3226 51.
1895 3170 2132 3227 Diximus

542 3273 710 3318 autem
732 3264 797 3331 ei,
830 3263 1092 3333 inquiunt,
1150 3262 1286 3333 quod
1322 3262 1521 3332 paciﬁci
1567 3280 1744 3329 simus,
1778 3265 1869 3321 52.
1907 3274 1953 3319 et
1994 3265 2132 3335 quod

542 3354 803 3409 duodecim
825 3355 981 3420 simus
1007 3355 1213 3427 fratres,
1245 3363 1292 3407 et
1319 3356 1452 3423 quod
1491 3371 1618 3409 unus
1642 3372 1741 3409 non
1776 3357 2009 3427 supersit,
2036 3357 2133 3411 mi-

542 3446 709 3500 nimus
750 3454 918 3499 autem
969 3446 1035 3500 sit
1089 3462 1203 3499 cum
1241 3454 1382 3517 patre
1418 3457 1605 3501 nostra.
1648 3448 1735 3502 53.
1785 3446 1929 3502 Dixit
1961 3457 2129 3503 autent

543 3538 683 3592 nobis
714 3554 733 3593 :
757 3538 825 3592 In
848 3540 945 3591 hoc
967 3536 1287 3591 declarabitis
1316 3538 1449 3608 quod
1474 3539 1675 3609 pacifici
1714 3540 1844 3609 sitis,
1886 3541 1931 3593 si
1970 3544 2129 3614 fratre

542 3646 642 3685 una
664 3630 743 3684 hic
763 3630 957 3697 relicto,
981 3630 1067 3684 54.
1102 3629 1360 3683 adducetis
1380 3633 1588 3700 fratrem
1608 3640 1823 3685 vestrum
1860 3634 2125 3702 minorem,

541 3732 596 3775 ut
620 3722 777 3776 sciam
820 3720 953 3788 quod
979 3737 1079 3774 non
1099 3720 1209 3774 sitis
1234 3720 1591 3791 exploratores.
1626 3721 1751 3777 [late
1789 3723 1980 3779 iterum
2028 3739 2127 3779 ex-

541 3821 919 3883 asperaveruut
937 3812 1063 3882 justi
1087 3812 1410 3867 mcestitiam.
1433 3812 1556 3867 Post
1578 3814 1933 3869 narrationem
1951 3826 2128 3872 autent
2146 3842 2165 3859 ν

541 3905 679 3961 banc
705 3906 929 3967 tristem,
971 3920 1092 3959 cum
1120 3914 1467 3960 evacuassent
1508 3920 1694 3961 omnes
1742 3921 1928 3962 saccos
1965 3922 2124 3974 suos,

542 3998 743 4051 invenit
780 3996 1143 4066 unusquisque
1194 3996 1472 4065 pecuniam
1516 4003 1697 4062 'suam,
1737 4006 1791 4053 et
1836 4001 2129 4056 tlmuerunt

541 4091 642 4159 ipsi
672 4100 725 4143 et
753 4098 899 4159 pater
926 4104 1133 4144 eorum.
1168 4088 1235 4142 Et
1262 4088 1399 4154 vide,
1432 4104 1547 4155 oro,
1590 4090 1780 4145 iterum
1817 4090 1903 4146 hic
1942 4107 2123 4147 senem

542 4182 858 4251 plorantem.
894 4181 960 4234 Et
998 4181 1249 4251 quidnam
1275 4182 1401 4237 dicit
1422 4184 1541 4237 eis?
1589 4184 1676 4240 56.
1733 4184 1818 4240 He
1861 4185 2045 4256 absque
2072 4188 2125 4242 li-

547 4275 676 4329 beris
724 4291 829 4328 esse
865 4274 1053 4344 fecistis
1077 4291 1095 4328 :
1121 4272 1313 4343 Ioseph
1356 4291 1455 4328 non
1488 4284 1580 4340 est,
1613 4276 1835 4345 Symeon
1882 4294 1984 4331 non
2018 4290 2088 4334 est
2108 4324 2123 4347 ,

538 4376 586 4421 et
612 4367 743 4420 hunc
763 4365 1029 4438 Benjamin
1059 4366 1355 4436 accipietis?
1389 4366 1560 4437 Super
1596 4385 1673 4421 me
1712 4372 1847 4439 facta
1882 4379 1995 4423 sunt
2024 4371 2130 4425 haec

543 4459 735 4514 omnia.
756 4457 869 4512 Non
896 4456 1191 4512 sufﬁciebat
1215 4457 1365 4521 mihi,
1386 4459 1574 4528 inquit,
1597 4462 1765 4514 luctus
1787 4459 2005 4530 loseplt,
2031 4461 2127 4516 sed

544 4548 812 4619 adjecistis
850 4547 898 4602 ei
929 4557 983 4603 et
1028 4546 1348 4618 Symeonem
1380 4565 1393 4602 :
1420 4559 1473 4603 et
1526 4564 1698 4619 neque
1753 4550 1837 4605 hic
1881 4550 2124 4606 dolorum

547 4656 784 4695 meorum
817 4640 938 4694 finis
964 4648 1065 4705 est,
1112 4639 1206 4694 sed
1244 4649 1300 4696 et
1336 4640 1607 4710 Benjantin
1655 4642 1898 4711 accipere
1944 4642 2123 4699 vultis.

545 4733 715 4801 Super
738 4746 815 4783 me
842 4732 975 4799 facta
1000 4741 1113 4785 sunt
1137 4730 1244 4785 hate
1274 4731 1462 4783 omnia.
1494 4730 1775 4786 Sufficiunt
1806 4733 1918 4788 haec
1942 4735 2122 4803 verba,

544 4837 599 4880 ut
646 4825 886 4879 videatur
936 4838 1094 4893 quam
1148 4823 1386 4893 disrupta
1436 4823 1631 4877 fuerint
1685 4824 1850 4893 patris
1901 4826 2125 4882 viscera.

544 4917 1001 4988 Quemadmodum
1060 4918 1199 4973 enim
1264 4917 1361 4986 ipsi
1408 4917 1580 4971 omnis
1640 4931 1763 4988 spes
1812 4918 1880 4974 de
1930 4920 2126 4990 Joseph

541 5012 787 5080 adempta
806 5021 919 5065 erat
947 5010 1185 5081 (putabat
1208 5011 1347 5064 enim
1370 5025 1491 5064 eum
1509 5025 1536 5062 a
1556 5010 1739 5066 bestiis
1756 5012 2124 5085 devoratum);

544 5105 609 5159 ita
662 5113 716 5159 et
769 5118 941 5173 neque
992 5103 1059 5157 de
1112 5105 1379 5174 Symeone
1426 5118 1575 5171 spem
1606 5104 1703 5158 sibi
1734 5105 2123 5173 pollicebatur:

542 5211 680 5253 nunc
700 5210 911 5265 quoque
938 5194 1079 5249 idem
1114 5194 1182 5248 de
1226 5193 1501 5263 Benjamin
1532 5194 1796 5250 formidat.
1847 5196 2128 5253 Verumta-

544 5305 662 5345 men
711 5287 1071 5343 reluctabatur
1099 5286 1295 5354 adbuc,
1323 5296 1375 5341 et
1431 5302 1533 5340 non
1562 5286 1721 5341 dabat
1771 5304 2009 5357 puerum.
2038 5291 2125 5345 57.

539 5381 684 5435 Dixit
706 5388 874 5433 autem
924 5381 967 5434 ei
1015 5379 1192 5433 Ruben
1242 5380 1601 5449 primogenitus
1626 5379 1942 5449 ejus:Duos
1994 5382 2128 5450 filios

542 5490 675 5527 meos
700 5473 887 5538 occide,
919 5473 964 5526 si
991 5488 1093 5526 non
1135 5472 1371 5525 reducam
1417 5487 1529 5524 eum
1572 5473 1639 5524 ad
1682 5484 1745 5527 te.
1792 5473 1874 5527 Da
1922 5492 2036 5529 eum
2074 5477 2126 5529 in

540 5580 747 5617 manum
776 5580 959 5629 meam,
992 5573 1039 5617 et
1062 5578 1155 5633 ego
1175 5562 1411 5615 reducam
1436 5579 1547 5616 eum
1575 5564 1642 5616 ad
1669 5576 1732 5617 te.
1761 5565 1907 5629 Mihi,
1937 5567 2124 5638 inquit,

541 5670 663 5709 eum
688 5656 867 5721 crede,
902 5654 1031 5709 mihi
1056 5653 1227 5721 trade,
1256 5664 1308 5709 et
1331 5669 1429 5725 ego
1459 5654 1553 5709 tibi
1594 5670 1713 5710 eum
1745 5658 2016 5714 reducam.

613 5751 666 5804 t.
709 5750 822 5805 lioc
845 5760 1020 5805 autem
1054 5748 1277 5805 faciebat
1322 5747 1532 5814 Ruben,
1582 5750 1821 5820 cogitans
1860 5768 1968 5809 non
2008 5768 2129 5811 esse

546 5841 846 5909 possibile,
892 5844 989 5897 nisi
1038 5858 1167 5913 puer
1216 5842 1371 5900 simul
1417 5841 1804 5912 descenderet,
1856 5845 1997 5917 ipsos
2058 5848 2123 5905 ad

1349 394 1408 453 S.
1448 393 1725 453 JO‘ANNIS
1782 387 2251 451 CHRYSOSTOMI
2290 392 2609 452 ARCBIEP.
2647 395 3188 456 CONSTAN’I‘INOP.

3742 399 3848 462 563

2261 506 2547 580 [gyptum
2591 510 2809 575 redire.
2853 520 2909 569 et
2951 526 3072 584 quas
3098 512 3167 569 ad
3214 511 3466 569 alimenta
3506 510 3844 584 pertinebant

2254 616 2455 659 emere.
2488 602 2606 661 Non
2629 604 2772 661 cedit
2797 613 2974 663 tamen
3001 616 3170 679 pater,
3200 606 3297 664 sed
3318 606 3484 665 dicit:
3514 606 3607 665 38.
3636 606 3846 679 Nequa-

2252 710 2404 763 quam
2444 695 2707 752 descendet
2735 696 2874 767 ﬁlius
2903 714 3043 755 meus
3071 701 3348 755 vobiscum.
3394 699 3596 757 Deinde
3628 710 3685 757 et
3724 715 3846 757 cau-

2252 799 2366 840 sam
2393 785 2543 853 dicit,
2580 789 2731 859 quasi
2770 790 3032 846 rationem
3078 790 3311 847 reddens
3334 790 3495 848 filiis:
3531 791 3664 860 Quia
3689 794 3849 865 frater

2250 877 2360 945 ejus
2390 889 2619 934 mortuus
2641 889 2732 945 est,
2768 889 2813 935 et
2840 881 2949 952 ipse
2968 881 3107 937 solus
3133 891 3205 936 est
3224 883 3450 939 relictus.
3477 881 3549 938 Et
3571 883 3843 955 continget,

2250 984 2363 1022 eum
2386 978 2560 1040 utpote
2593 971 2741 1026 valde
2754 972 2995 1043 juvenem
3022 972 3074 1027 in
3105 974 3285 1029 itinere
3314 973 3575 1047 languere,
3616 984 3663 1029 et
3686 974 3848 1028 dedu-

2250 1064 2369 1118 cetis
2394 1074 2695 1120 senectutem
2718 1081 2880 1120 meam
2901 1082 3016 1121 cum
3042 1067 3250 1122 tristitia
3272 1067 3343 1121 ad
3387 1066 3599 1138 inferos.
3630 1066 3848 1132 Timeo.

2248 1151 2439 1223 inquit,
2472 1154 2613 1210 :rtati
2638 1154 3031 1223 adolescentis,
3074 1167 3130 1212 et
3171 1158 3415 1227 suspicor
3443 1172 3514 1213 ne
3554 1156 3715 1213 etiam
3746 1156 3848 1212 hac

2246 1244 2613 1300 consolatione
2630 1245 2889 1315 privatus,
2907 1260 3027 1303 cum
3045 1246 3230 1302 dolore
3246 1247 3408 1303 vitam
3428 1247 3627 1302 finiam.
3648 1247 3848 1316 Quam-

2248 1335 2338 1391 tliu
2368 1337 2511 1391 enim
2538 1337 2629 1393 ille
2656 1351 2869 1393 mecum
2896 1346 3000 1406 est,
3022 1337 3208 1393 videor
3227 1337 3357 1393 mibi
3388 1338 3588 1395 habere
3610 1338 3845 1408 aliquam

2247 1428 2696 1497 consolationem,
2728 1439 2782 1485 et
2804 1429 2962 1500 hujus
2981 1431 3316 1486 consuetudo
3346 1430 3538 1485 minuit
3581 1430 3712 1485 mibi
3749 1428 3846 1485 do-

2246 1520 2436 1587 lorem,
2466 1536 2624 1592 quem
2654 1534 2723 1576 ex
2753 1520 2918 1577 fratre
2946 1521 3063 1593 ejus
3089 1522 3335 1592 concepi.
3362 1522 3431 1577 Et
3455 1537 3609 1577 amor
3624 1521 3847 1592 quidem

2244 1613 2362 1682 ejus
2380 1626 2504 1683 erga
2526 1611 2897 1682 Benjaminum
2916 1625 3022 1667 non
3048 1611 3378 1667 concedebat
3408 1620 3467 1667 ut
3492 1612 3639 1667 illum
3661 1612 3846 1666 dimit-

2245 1712 2415 1770 teret;
2450 1705 2501 1760 l.
2541 1701 2824 1759 Violentior
2860 1714 3030 1759 autem
3061 1704 3211 1774 fiebat
3244 1704 3435 1775 fames,
3465 1714 3514 1760 et
3543 1704 3846 1774 deﬁciebant

2242 1796 2313 1852 eis
2338 1796 2455 1850 cibi.
2494 1794 2549 1850 2.
2582 1794 2649 1851 Et
2665 1795 2793 1850 dicit
2822 1796 2892 1851 eis
2911 1804 3053 1865 pater
3084 1811 3104 1850 :
3138 1794 3286 1851 Abite
3311 1796 3514 1865 iterum,
3542 1794 3725 1864 afferte
3747 1812 3847 1851 no-

2242 1887 2318 1943 bis
2350 1903 2513 1959 pauca
2543 1887 2735 1942 edulia.
2776 1887 2831 1943 5.
2880 1886 3025 1943 Dixit
3068 1897 3237 1943 autem
3263 1888 3309 1943 ei
3334 1886 3505 1943 ludas
3533 1903 3553 1942 :
3582 1886 3846 1944 Testando

2241 1988 2503 2034 attestatus
2530 1989 2605 2034 est
2624 1978 2767 2034 nobis
2795 1980 2970 2046 homo,
3015 1978 3227 2035 dicens:
3258 1977 3381 2034 Non
3412 1980 3641 2035 videbitis
3662 1981 3847 2053 faciem

2242 2086 2424 2134 meam,
2446 2070 2542 2124 nisi
2564 2070 2726 2140 frater
2742 2080 2901 2125 vester
2911 2071 3093 2141 junior
3104 2070 3361 2125 vobiscum
3383 2072 3562 2143 fuerit.
3579 2072 3635 2127 ι.
3663 2072 3851 2144 Itaque

2240 2162 2285 2216 si
2308 2161 2464 2216 mittis
2502 2161 2765 2216 nobiscum
2814 2162 3028 2230 fratrem
3056 2171 3308 2227 nostrum,
3351 2160 3747 2230 descendemus,
3796 2173 3849 2217 et

2238 2267 2465 2307 sinemus
2486 2253 2576 2306 tibi
2598 2253 2850 2324 frumenta
2869 2267 2889 2307 :
2917 2252 2971 2307 5.
3000 2252 3079 2306 sin
3108 2252 3297 2317 ntinus,
3342 2268 3445 2306 non
3461 2252 3665 2307 ibimus.
3698 2251 3844 2309 Nam

2240 2341 2391 2397 homo
2421 2341 2511 2396 ille
2534 2342 2665 2397 dixit
2687 2342 2831 2397 nobis
2861 2357 2880 2396 :
2910 2340 3032 2397 Non
3060 2342 3289 2421 videbitis
3313 2344 3499 2415 facient
3528 2360 3714 2415 meam,
3742 2346 3847 2400 nisi

2238 2439 2399 2509 frater
2426 2448 2586 2493 vester
2615 2438 2800 2510 junior
2839 2439 2992 2511 fuerit
3022 2439 3279 2494 vobiscum
3338 2438 3544 2512 (Caput
3586 2437 3712 2510 43).
3765 2438 3847 2495 Ne

2239 2539 2413 2599 putes,
2452 2529 2642 2600 inquit,
2672 2530 2789 2585 sine
2822 2529 2985 2585 fratre
3014 2544 3115 2585 nos
3148 2544 3305 2601 posse
3339 2528 3670 2586 descendere
3692 2530 3839 2586 illuc.

2236 2620 2290 2675 Si
2330 2621 2472 2675 enim
2488 2622 2567 2676 vis
2590 2632 2833 2678 nostrum
2866 2621 3183 2678 descensum
3210 2622 3443 2691 irritum,
3462 2631 3517 2678 et
3532 2636 3629 2678 nos
3651 2636 3846 2679 omnes

2239 2712 2489 2781 periculis
2516 2712 2752 2779 involvi,
2790 2714 2929 2767 viam
2961 2724 3199 2769 nostram
3231 2714 3510 2769 abeamus.
3552 2712 3706 2770 Scias
3746 2728 3845 2769 au-

2243 2810 2350 2856 tem
2380 2802 2527 2857 illum
2560 2812 2910 2872 protestatutn
2948 2803 3145 2871 fuisse,
3186 2820 3286 2861 nos
3331 2820 3438 2861 non
3480 2806 3689 2861 visuros
3718 2819 3843 2863 esse

2237 2890 2425 2946 faciem
2470 2892 2622 2963 ejus,
2657 2895 2759 2949 nisi
2799 2895 2962 2949 frater
3001 2895 3182 2964 junior
3222 2897 3498 2951 nobiscum
3541 2896 3835 2952 advenerit.

2236 2984 2509 3054 Angustias
2540 2985 2773 3056 undique
2800 2996 2957 3041 erant
2980 2987 3179 3055 Jacob;
3211 2987 3331 3043 ideo
3363 2988 3579 3057 plorans
3606 2987 3741 3043 dicit
3769 2987 3838 3045 ad

2237 3090 2365 3129 eos:
2396 3076 2448 3131 6.
2479 3076 2650 3143 Quare
2670 3078 2915 3147 amisistis
2943 3095 3023 3133 me
3042 3122 3057 3143 ,
3090 3081 3447 3134 atmuntiantes
3478 3081 3585 3135 viro
3613 3080 3753 3153 quod
3771 3081 3837 3136 sit

2236 3167 2371 3222 vobis
2415 3170 2613 3240 frater?
2657 3168 2760 3224 Cur
2820 3187 2901 3224 me
2936 3172 3223 3242 aﬂiixistis.’
3268 3171 3447 3240 Quare
3483 3171 3612 3228 mibi
3644 3174 3836 3229 horum

2235 3262 2496 3316 malorum
2524 3272 2772 3318 auctores
2796 3262 2914 3317 facti
2943 3264 3114 3320 estis?
3142 3264 3274 3320 Nam
3305 3266 3349 3320 si
3379 3265 3480 3321 hoc
3505 3266 3604 3335 ipsi
3628 3280 3733 3321 non
3765 3266 3835 3322 si-

2233 3355 2589 3424 gnificassetis
2611 3395 2626 3421 ,
2670 3370 3005 3427 nequaquam
3048 3356 3317 3428 Symeone
3351 3359 3587 3428 privatus
3616 3372 3790 3414 essem
3814 3399 3830 3428 ,

2236 3461 2335 3501 nec
2366 3448 2514 3502 illum
2538 3462 2565 3500 a
2597 3448 2749 3503 vobis
2776 3450 3162 3520 requisivisset.
3186 3451 3238 3505 7.
3267 3449 3355 3504 Illi
3374 3461 3543 3505 autem
3562 3452 3833 3506 dixerunt:

2236 3536 2571 3609 Interrogavit
2615 3557 2707 3595 nos
2736 3541 2907 3608 homo,
2939 3558 3059 3596 num
3100 3542 3271 3597 adhuc
3301 3552 3445 3613 pater
3474 3552 3643 3598 noster
3664 3544 3831 3613 vivat,

2234 3638 2280 3682 et
2312 3644 2431 3681 num
2457 3630 2520 3682 sit
2544 3630 2687 3683 nobis
2710 3630 2891 3699 frater,
2925 3640 2971 3685 et
2995 3631 3407 3686 annuntiavimus
3427 3632 3492 3685 ei.
3532 3632 3675 3687 Num
3700 3636 3833 3690 scie-
3912 3670 3913 3673 η

2235 3718 2412 3771 bamus
2458 3719 2594 3788 quod
2634 3721 2861 3775 dicturus
2909 3730 3035 3777 esset
3084 3722 3226 3777 nobis
3248 3764 3262 3789 ,
3310 3722 3562 3777 Adducite
3620 3725 3832 3795 fratrem

2233 3812 2492 3865 vestrum?
2518 3811 2595 3867 Ne
2622 3821 2797 3882 putes,
2831 3814 3018 3884 inquit,
3054 3824 3247 3885 sponte
3271 3830 3369 3871 nos
3404 3816 3681 3873 confessos
3710 3833 3834 3876 esse

2232 3906 2368 3971 viro,
2404 3914 2463 3960 ut
2487 3921 2545 3961 se
2585 3906 2819 3963 habeant
2852 3924 2939 3964 res
2967 3920 3184 3969 nostrai.
3218 3911 3480 3979 Quoniam
3506 3914 3649 3967 enim
3678 3912 3833 3984 quasi

2232 3999 2601 4067 exploratores
2624 4000 2674 4053 in
2700 4001 3057 4071 suspicionem
3084 4018 3206 4057 cum
3234 4006 3589 4072 venissemus,
3621 4020 3719 4060 nos
3738 4004 3834 4063 de-

2234 4091 2412 4157 tinuit,
2438 4093 2782 4163 interrogavit
2808 4105 2983 4151 autem
3012 4096 3297 4166 diligenter
3312 4096 3380 4152 de
3405 4100 3568 4153 rebus
3593 4098 3793 4153 nostris
3814 4115 3828 4151 :

2231 4184 2472 4238 volentes
2514 4199 2636 4239 eum
2685 4202 2809 4241 vere
2860 4189 3037 4242 omnia
3092 4189 3322 4255 docere,
3380 4190 3505 4245 talia
3556 4190 3829 4245 diximus:

2231 4274 2283 4328 8.
2320 4274 2464 4329 Dixit
2494 4287 2660 4330 autem
2687 4294 2863 4331 rursus
2892 4278 3058 4332 ludas
3101 4280 3170 4333 ad
3218 4291 3411 4351 patrem
3456 4298 3604 4335 suum
3635 4296 3654 4334 :
3683 4280 3834 4335 Mitte

2234 4381 2445 4431 puerum
2476 4383 2691 4433 mecum,
2714 4378 2759 4421 et
2776 4379 3037 4440 surgentes
3064 4371 3267 4439 ibimus,
3296 4381 3349 4424 ut
3376 4373 3622 4439 vivamus,
3651 4381 3698 4426 et
3728 4387 3831 4426 non

2233 4454 2529 4509 moriamur.
2575 4456 2725 4522 Meas,
2755 4458 2943 4529 inquit,
2969 4460 3088 4515 fidei
3120 4461 3265 4516 illum
3296 4462 3526 4530 credito,
3559 4470 3619 4517 ut
3644 4463 3831 4517 accin-

2231 4558 2417 4613 gamus
2448 4560 2544 4601 nos
2572 4547 2768 4602 itineri.
2809 4550 3151 4621 Consumptis
3176 4554 3317 4608 enim
3348 4556 3481 4609 cibis
3508 4556 3653 4610 nulla
3677 4554 3835 4612 nobis

2233 4638 2418 4693 salutis
2448 4655 2571 4709 Spes
2600 4641 2722 4709 erit,
2746 4656 2919 4713 neque
2944 4644 3157 4701 aliunde
3188 4646 3394 4702 consuli
3430 4648 3584 4704 nobis
3610 4648 3832 4719 poterit.

2232 4729 2286 4785 9.
2315 4730 2421 4802 Ego
2449 4734 2641 4803 accipio
2668 4750 2780 4788 eum
2801 4746 2941 4799 ate;
2972 4737 3071 4791 nisi
3092 4739 3341 4793 reduxere
3373 4756 3505 4805 eum,
3538 4754 3584 4796 et
3606 4753 3833 4801 statuero

2232 4837 2400 4875 coram
2430 4834 2496 4889 te,
2526 4841 2611 4878 ero
2653 4826 2739 4879 ille
2782 4828 2869 4896 qui
2903 4831 3104 4893 peccavi
3137 4830 3224 4883 tibi
3245 4832 3477 4887 onmibus
3506 4835 3700 4889 diebus.
3742 4835 3832 4893 10.

2237 4911 2353 4966 Nisi
2382 4916 2514 4967 enim
2543 4917 2738 4969 tamdiu
2781 4919 2961 4971 morati
2992 4921 3290 4988 fuissemus,
3326 4924 3442 4991 jam
3483 4928 3706 4981 secundo
3754 4944 3839 4982 rc-

2234 5009 2569 5062 vertissemus.
2612 5008 3022 5067 Commiseratio
3048 5030 3205 5084 quam
3242 5017 3462 5073 exhibes
3493 5034 3662 5087 puero
3687 5061 3701 5085 ,
3752 5021 3839 5075 in-

2235 5098 2364 5166 quit,
2399 5099 2549 5153 ιιοιιίε
2576 5102 2819 5157 omnibus
2851 5104 2954 5157 erit
2978 5118 3136 5159 causa
3162 5106 3427 5163 interitus.
3473 5108 3636 5164 Fame
3684 5112 3834 5167 enim

2236 5192 2526 5261 peribimus
2554 5236 2566 5258 ,
2600 5194 2699 5248 nisi
2740 5211 2859 5249 eum
2908 5197 3185 5253 nobiscum
3213 5200 3340 5255 velit
3364 5202 3655 5257 dimittere.
3696 5204 3837 5261 Vide

2237 5284 2447 5337 tandem
2480 5285 2585 5349 hic,
2618 5286 2832 5350 dilecte,
2861 5290 3131 5358 quomodo
3159 5290 3312 5345 famis
3342 5293 3635 5349 necessitas
3665 5296 3836 5365 patris

2236 5391 2473 5431 amorem
2504 5377 2709 5432 vicerit.
2743 5377 2941 5433 Videns
2959 5382 3103 5434 enim
3136 5397 3238 5435 non
3278 5383 3492 5438 aliunde
3518 5384 3716 5441 famem
3747 5400 3837 5441 se-

2236 5467 2347 5519 dari
2382 5483 2559 5537 ιιυεςρ,
2587 5482 2808 5539 eamque
2837 5470 2887 5523 in
2912 5472 3028 5526 dies
3059 5474 3226 5543 magis
3270 5488 3331 5527 ac
3361 5476 3531 5545 magis
3557 5477 3835 5533 incresce-

2236 5575 2293 5631 re
2329 5578 2341 5614 :
2379 5561 2433 5613 Si
2475 5562 2541 5613 ita
2574 5570 2657 5614 est
2678 5602 2693 5626 ,
2738 5564 2904 5634 inquit
2934 5606 2946 5629 ,
2980 5574 3033 5619 et
3060 5575 3268 5634 Oportet
3300 5566 3399 5621 hoc
3428 5570 3650 5623 omnino
3678 5570 3833 5637 fieri.

2240 5652 2462 5717 potestis
2492 5652 2841 5720 descendere,
2866 5655 2965 5709 nisi
2994 5656 3133 5711 hunc
3154 5658 3494 5727 acceperitis,
3542 5658 3752 5717 debetis
3779 5672 3840 5720 et

2234 5740 2373 5795 dona
2400 5742 2591 5797 afferre
2619 5744 2753 5811 viro,
2772 5756 2825 5801 et
2850 5747 3050 5803 referre
3072 5749 3370 5815 pecuniam,
3404 5765 3561 5819 quam
3581 5754 3637 5806 in
3658 5753 3839 5810 saccis

2238 5831 2431 5888 vestris
2456 5832 2756 5891 invenistis.
2797 5837 3034 5909 Accipite
3062 5848 3237 5894 autem
3271 5849 3323 5894 et
3352 5840 3833 5918 pecuniatnaliaut,
