4134 6478
317 429 428 490 858

316 554 377 602 ιι
400 554 581 601 emere
625 542 843 614 possitis
869 544 1159 597 "amenta.
1208 539 1298 597 15.
1332 536 1399 593 Et
1445 541 1660 608 fratrem
1698 546 1917 592 oestrum

321 637 559 709 accipite.
613 634 822 708 Surgite
860 635 1015 706 igitur
1041 675 1059 702 ,
1110 643 1159 689 et
1201 630 1490 688 descendite
1533 629 1607 684 ad
1633 627 1917 682 hominem.

319 729 405 787 ιι.
440 727 582 784 Deus
608 736 789 781 autem
816 743 957 782 meus
992 726 1076 781 det
1105 724 1241 780 vobis
1266 722 1484 796 gratiam
1510 738 1684 778 coram
1717 722 1922 777 homine

310 820 428 887 illo,
454 828 504 875 et
531 819 701 873 mittat
720 822 930 890 fratrem
959 826 1177 873 oestrum
1200 831 1361 870 unum
1387 824 1434 869 et
1460 813 1756 888 Benjamin.
1804 811 1917 883 Εγο

312 921 488 967 autem
513 911 944 981 quemadmodum
965 907 1134 964 liberis
1162 906 1372 962 orbatus
1399 906 1496 977 fui,
1521 905 1691 961 liberis
1710 904 1918 960 orbatus

307 1018 446 1059 curn.
489 1001 624 1060 Vide
648 1001 919 1074 quomodo
958 1000 1211 1057 eximiam
1252 1014 1405 1055 suam
1436 998 1778 1055 dilectionem
1814 994 1915 1053 de-

308 1094 502 1162 clarat,
529 1109 689 1166 quam
718 1109 845 1167 erga
874 1093 1076 1164 Ioseph
1126 1093 1329 1147 habuit.
1362 1091 1442 1147 Ne
1469 1092 1591 1163 quis
1623 1092 1769 1146 enim
1800 1088 1916 1145 exi-

306 1185 493 1243 stimet
538 1186 607 1243 de
653 1185 922 1258 Symeone
947 1228 961 1251 ,
990 1185 1075 1241 vel
1101 1184 1174 1240 de
1213 1183 1492 1254 Bcnjamin
1541 1180 1644 1237 hoc
1673 1195 1797 1236 esse
1832 1179 1915 1236 di-

306 1286 475 1343 ctum,
506 1275 620 1349 Ego
648 1277 777 1332 sicut
806 1278 930 1346 ﬁliis
968 1277 1178 1331 orbatus
1228 1272 1303 1344 fui
1329 1315 1344 1339 ,
1373 1274 1499 1343 ﬁliis
1525 1274 1735 1328 orbatus
1772 1286 1909 1336 sunt,

306 1366 512 1424 idcirco
540 1367 795 1439 pmmisit
824 1384 837 1422 :
882 1366 1022 1422 Deus
1043 1376 1212 1422 autem
1238 1381 1380 1420 meus
1401 1364 1484 1420 det
1501 1364 1637 1419 vobis
1666 1363 1906 1436 gratiam,

302 1469 352 1515 et
372 1462 539 1516 mittat
558 1461 772 1532 fratrem
790 1470 1011 1515 oestrum
1037 1460 1183 1514 illum
1208 1475 1366 1513 unum
1391 1468 1437 1513 et
1458 1455 1750 1529 Benjamin.
1772 1454 1905 1511 Nam

303 1552 432 1609 licet
474 1552 568 1621 illi,
618 1554 818 1625 inquit,
871 1552 1003 1609 salvi
1046 1551 1261 1619 fuerint,
1285 1550 1381 1608 sed
1415 1548 1529 1622 Ego
1564 1549 1712 1621 quasi
1739 1550 1909 1603 liberis

299 1658 528 1711 caream,
562 1644 717 1700 orbus
743 1660 877 1699 sunt.
906 1644 1093 1716 Cogita
1123 1644 1234 1710 hic,
1264 1632 1540 1714 quomodo
1570 1649 1714 1697 totus
1734 1639 1905 1695 amori

298 1735 501 1809 Ioseph
522 1737 737 1794 deditus
762 1738 852 1793 sit.
886 1737 1088 1794 Videas
1110 1739 1255 1793 enim
1288 1745 1494 1793 tantum
1517 1736 1741 1793 chorum
1773 1735 1907 1791 Iibe-

298 1841 483 1883 rorum
508 1842 571 1884 se.
595 1828 1055 1893 circumstantem,
1074 1826 1278 1899 absque
1303 1826 1431 1882 ﬁliis
1452 1842 1513 1883 se
1538 1842 1658 1882 esse
1677 1827 1902 1897 putavit,

297 1919 422 1989 quia
449 1919 541 1975 illo
574 1919 813 1988 privatus
836 1928 970 1974 erat.
1022 1920 1110 1976 t5.
1144 1920 1459 1989 Acceperunt
1488 1927 1680 1985 autem,
1709 1918 1900 1989 inquit,

296 2011 394 2065 viri
433 2011 591 2077 dona,
624 2020 671 2065 et
698 2012 969 2082 pecuniam
994 2010 1273 2083 duplicem,
1301 2022 1348 2067 et
1377 2009 1651 2082 Benjamin
1670 2050 1687 2077 ,
1734 2020 1782 2065 et
1809 2010 1902 2065 de-

295 2102 597 2158 scenderunt
625 2104 678 2158 in
709 2101 1001 2175 ﬁgyptum
1031 2145 1047 2170 ,
1093 2112 1141 2158 et
1182 2110 1427 2158 steterunt
1470 2118 1644 2157 coram
1681 2101 1900 2171 Ioseph.

297 2193 387 2252 ιϐ.
416 2193 556 2249 Vidit
573 2206 744 2250 autem
766 2212 854 2252 eos
881 2195 1099 2267 Ioseph,
1122 2206 1169 2250 et
1196 2196 1471 2268 Benjantin
1492 2200 1705 2269 fratrem
1726 2212 1897 2251 suum.

293 2284 450 2353 Quod
484 2285 843 2353 desiderabat,
881 2286 1014 2343 vidit
1046 2297 1153 2343 tam
1175 2295 1417 2357 optatum
1445 2287 1568 2342 sibi.
1598 2285 1743 2342 Vidit
1768 2288 1901 2342 satis

293 2390 417 2433 esse
448 2376 642 2434 factum
673 2393 772 2435 suo
799 2378 1089 2436 desiderio.
1122 2378 1187 2433 Et
1235 2380 1362 2433 dixit
1384 2421 1397 2445 ,
1432 2379 1623 2449 inquit,
1658 2381 1899 2450 praefecto

292 2469 471 2525 domui
496 2486 602 2525 sua
645 2487 665 2525 :
702 2470 955 2527 Introduc
998 2472 1225 2527 homines
1254 2471 1307 2525 in
1351 2470 1591 2538 domum,
1637 2479 1684 2524 et
1728 2470 1899 2525 occide

292 2560 522 2629 uictimas
561 2576 580 2615 :
607 2578 801 2616 mecum
842 2562 977 2617 enim
1005 2561 1267 2616 comedent
1307 2561 1422 2615 uiri.
1455 2561 1541 2617 18.
1578 2559 1647 2617 Ut
1666 2561 1897 2615 viderunt

290 2659 461 2706 autem
485 2653 622 2723 quod
650 2652 928 2707 introducti
946 2653 1133 2707 suntin
1151 2653 1359 2706 domum
1374 2649 1593 2723 Ioseph,
1620 2651 1893 2708 dixerunt:

290 2739 516 2813 Propter
546 2743 835 2813 pecuniam,
870 2760 985 2813 qua
1008 2743 1157 2799 rediit
1178 2745 1231 2798 in
1258 2760 1433 2799 saccos
1456 2754 1659 2801 nostros
1676 2744 1730 2800 in
1755 2745 1900 2816 prin-

289 2835 444 2907 cipio,
467 2836 777 2904 inducimur,
807 2846 863 2891 ut
890 2837 1198 2892 calumniam
1224 2835 1367 2892 nobis
1390 2837 1621 2903 intentat,
1652 2847 1701 2893 et
1728 2828 1898 2908 impo-

291 2936 381 2981 nat
410 2930 552 2983 nobis
578 2937 626 2982 et
669 2928 889 2999 accipiat
910 2944 1002 2983 nos
1043 2929 1096 2982 in
1135 2944 1324 2995 servos,
1368 2938 1416 2983 et
1458 2930 1630 2983 asinos
1672 2940 1891 2984 nostros.

286 3015 489 3088 Ioseph
519 3018 735 3090 quidem
780 3033 935 3074 suam
961 3033 1085 3088 erga
1133 3018 1256 3075 illos
1298 3020 1680 3091 benignitatem
1711 3020 1897 3075 decla-

289 3125 448 3178 rans,
495 3112 674 3167 omnia
720 3110 1083 3183 disponebat:
1131 3111 1206 3168 illi
1235 3120 1414 3169 autem
1458 3114 1602 3169 anxii
1646 3114 1892 3182 luerunt,

290 3206 627 3277 suspicantes
654 3221 723 3262 ne
751 3206 1097 3275 pecuniarum
1132 3205 1303 3276 gratia
1342 3208 1723 3277 pmnasluant,
1760 3216 1895 3261 tam-

288 3309 448 3367 quam
476 3296 640 3351 etiam
683 3296 736 3351 in
780 3296 883 3352 hoc
922 3296 1063 3352 male
1106 3296 1378 3352 fecissent.
1433 3297 1724 3367 Propterea
1767 3312 1892 3353 cum

288 3387 682 3455 accessissent,
733 3400 952 3443 causam
1001 3386 1303 3443 formidinis
1329 3387 1609 3458 proferunt
1639 3389 1894 3458 praelecto

287 3475 504 3543 domus,
534 3486 589 3533 et
616 3486 835 3533 narrant
862 3477 1133 3549 quomodo
1164 3478 1444 3548 pecuniam
1472 3478 1526 3534 in
1547 3480 1719 3535 saccis
1744 3479 1894 3536 inve-

289 3566 491 3635 nerint,
512 3576 568 3624 et
586 3568 770 3624 dicunt
799 3586 813 3624 :
857 3568 950 3624 22.
994 3567 1273 3641 Propterea
1314 3570 1570 3641 duplicem
1596 3588 1730 3627 nunc
1760 3582 1895 3628 attu-

290 3658 441 3714 limus
470 3660 734 3729 pecuniam
761 3660 1045 3727 nobiscum,
1075 3668 1131 3715 ut
1158 3670 1204 3717 et
1226 3662 1448 3734 priorem
1474 3663 1821 3733 restituamus,
1848 3672 1894 3719 et

289 3766 423 3804 nunc
450 3750 615 3807 denuo
644 3766 869 3807 emamus
894 3754 1165 3825 frumenta.

360 3843 417 3899 5.
447 3841 584 3900 Vide
613 3844 882 3913 quomodo
907 3845 1242 3903 calamitates
1265 3860 1453 3903 eorum
1479 3849 1716 3904 animum
1747 3848 1893 3906 miti-

284 3943 498 4004 garent,
549 3950 749 4005 eosque
792 3935 1125 3993 reddiderint
1172 3938 1582 3995 mansuetiores.
1612 3939 1705 3996 23.
1746 3940 1893 3997 Dixit

285 4034 455 4079 autem
480 4025 551 4080 eis
578 4043 597 4080 :
629 4024 892 4098 Propitius
911 4029 1048 4083 vobis
1064 4030 1105 4095 ¹,
1134 4030 1289 4084 nolite
1318 4032 1529 4097 timere;
1556 4031 1690 4088 Deus
1710 4044 1890 4102 vester,

286 4127 334 4172 et
358 4115 494 4174 Deus
524 4120 686 4188 patris
716 4121 865 4175 uestri
892 4120 1029 4176 dedit
1070 4120 1208 4176 vobis
1238 4121 1499 4177 thesauros
1542 4123 1595 4178 in
1618 4125 1780 4181 saccis
1806 4142 1891 4181 ve-

286 4210 431 4274 stris;
466 4210 732 4281 pecuniam
779 4220 996 4267 restram
1028 4212 1150 4267 bene
1194 4213 1459 4282 probatam
1503 4213 1682 4270 habeo.
1722 4215 1802 4273 Ne
1825 4216 1890 4271 ti-

290 4300 505 4369 meatis,
534 4301 725 4373 inquit,
753 4316 928 4372 neque
956 4300 1116 4373 hujus
1138 4302 1307 4374 gratia
1333 4302 1477 4359 anxii
1500 4304 1637 4360 sitis.
1676 4303 1891 4361 Nullum

289 4393 442 4450 vobis
470 4392 594 4451 inde
627 4394 832 4451 crimen
872 4393 1211 4466 imponetur;
1242 4396 1521 4467 pecuniam
1549 4396 1706 4469 plene
1734 4414 1891 4456 acce-

292 4489 488 4557 pimus.
532 4488 573 4543 Δ
617 4487 729 4545 Deo
755 4497 937 4559 putate
968 4488 1071 4544 hoc
1115 4492 1236 4547 esse
1281 4490 1501 4559 factum,
1528 4499 1584 4549 et
1612 4491 1893 4550 thesauros

289 4580 444 4636 vobis
489 4580 544 4636 in
594 4582 881 4652 marsupiis
908 4581 1103 4637 vestris
1126 4597 1248 4639 esse
1274 4594 1620 4640 monstratos.
1672 4584 1738 4640 Et
1777 4602 1892 4640 cum

290 4682 397 4727 ture
425 4671 657 4741 dixisset,
686 4673 858 4728 eduxit
890 4673 1218 4745 Symeonem,
1245 4674 1337 4730 2i.
1378 4684 1424 4730 et
1465 4676 1637 4731 attulit
1680 4694 1887 4749 aquam,

289 4777 343 4821 vt
370 4767 660 4822 lavarentur
680 4767 830 4838 pedes
848 4782 1045 4834 eorum,
1068 4778 1115 4823 et
1139 4768 1325 4840 pabula
1350 4767 1489 4824 dedit
1508 4770 1666 4825 asinis
1692 4787 1887 4826 eorum.

296 4857 426 4915 Vide
464 4858 734 4930 quomodo
780 4873 967 4929 preces
1008 4860 1173 4929 patris
1210 4859 1390 4915 omnia
1420 4861 1497 4917 eis
1524 4875 1780 4933 prospera
1811 4862 1893 4917 fa-

288 4960 471 5008 cerent
498 4967 515 5006 :
541 4961 597 5007 et
640 4952 771 5007 sicut
815 4952 905 5009 ille
930 4952 1009 5007 eis
1055 4962 1375 5024 apprecatus
1416 4962 1534 5021 est,
1566 4968 1687 5009 cum
1731 4954 1887 5024 dixit,

292 5040 425 5097 Deus
456 5043 614 5113 patris
636 5042 734 5097 mci
753 5043 971 5113 gratiam
988 5043 1123 5099 vobis
1149 5044 1252 5111 det,
1273 5044 1345 5099 ita
1366 5044 1548 5100 omnia
1566 5043 1704 5102 facta
1727 5055 1884 5102 sunt:

285 5137 343 5184 et
385 5132 669 5204 ιιι-ςυῐοοιυς
727 5133 922 5189 domus
967 5134 1127 5190 etiam
1176 5146 1301 5193 ante
1352 5136 1640 5193 adventum
1684 5138 1887 5211 Ioseph

286 5241 430 5281 (mm
469 5245 500 5281 .l
562 5227 643 5285 eis
686 5227 1068 5299 benignitatem
1113 5228 1375 5285 exhibuit.
1422 5230 1515 5287 25.
1566 5231 1888 5289 Pararerunt

285 5327 453 5373 autem
480 5318 617 5373 dona
643 5316 860 5390 Ioseph.
890 5318 977 5374 26.
1012 5319 1078 5373 Et
1099 5319 1387 5376 obtulerunt
1412 5323 1457 5376 ei
1484 5338 1599 5376 cum
1628 5324 1887 5396 ingressus

283 5419 440 5476 esset,
470 5420 520 5465 et
550 5416 888 5465 adoraverunt
918 5427 1032 5466 eum
1060 5428 1212 5483 super
1236 5421 1441 5467 terram.
1473 5413 1565 5468 27.
1607 5412 1676 5469 Et
1705 5416 1886 5471 iterum

284 5503 610 5575 interrogauit
639 5520 724 5559 eos
768 5519 786 5557 :
819 5502 962 5558 Num
999 5501 1121 5560 bene
1163 5504 1310 5559 habet
1342 5514 1483 5574 pater
1511 5517 1669 5562 vester
1694 5508 1883 5573 senior,

282 5611 428 5663 quem
455 5596 654 5651 dixistis
679 5597 875 5651 trivere?
915 5596 1006 5653 28.
1057 5598 1123 5651 At
1168 5597 1246 5652 illi
1292 5598 1574 5653 dixerunt:
1606 5597 1781 5654 Sanus
1812 5611 1885 5653 est

284 5706 456 5750 tertius
496 5698 616 5744 tuus
663 5699 807 5760 pater
850 5700 1037 5744 noster.
1082 5688 1149 5745 Et
1179 5690 1309 5745 dixit
1334 5708 1365 5746 ε-
1404 5690 1704 5746 Benedictus
1734 5692 1886 5747 homo

282 5782 372 5837 tlte
399 5783 523 5839 Deo.
560 5780 625 5837 Et
654 5793 847 5838 curuati
869 5782 1230 5838 adoraverunt.
1275 5783 1367 5840 29.
1401 5784 1537 5838 Vidit
1579 5794 1749 5839 autem
1772 5788 1881 5855 fra-

307 5937 318 5961 ‘
346 5933 398 5985 ln
418 5935 624 5987 llcbrwo
635 5909 854 5996 ιιωνωδ
870 5910 1040 6002 σὺν,
1058 5948 1155 6000 pax
1183 5932 1325 5997 vobis,
1350 5936 1478 6000 quod
1500 5935 1677 5986 eodem
1693 5934 1881 5986 recidit.

1147 423 1214 481 IN
1253 422 1407 483 CAP.
1449 420 1633 481 XLIII.
1666 422 1758 482 ΕΤ
1795 420 1981 481 ων.
2023 422 2272 484 GENES.
2316 424 2547 485 1101111...
2591 424 2774 489 LXIV.

3537 444 3641 504 55I

2034 546 2161 631 trem
2208 555 2360 596 suum
2389 543 2645 601 uterinum
2668 587 2685 611 ,
2716 558 2764 603 et
2793 549 2926 605 dixit
2952 568 2973 607 :
3005 552 3109 611 llic
3154 568 3230 615 est
3279 560 3450 631 frater
3474 573 3638 620 vester

2019 628 2223 700 iunior,
2269 631 2336 686 de
2373 647 2476 703 quo
2509 634 2754 693 dixeratis
2779 640 2926 709 mihi,
2968 656 3025 699 ut
3051 628 3394 709 duceretisad
3416 658 3539 714 me?
3572 658 3638 718 Et

2025 718 2208 775 dixit:
2435 725 2733 821 misereatur
2761 732 2855 798 tui,
2900 734 3001 803 fili.
3046 737 3338 801 Considera
3377 762 3636 821 quantam

2023 823 2135 906 cun
2162 811 2385 871 tantiam
2414 830 2527 886 pra:
2562 833 2624 875 se
2651 818 2824 889 lerat,
2869 836 2926 881 et
2963 828 3143 887 adhuc
3171 811 3528 906 ignorantiam
3560 848 3635 905 sl-

2024 901 2214 1005 mulet,
2241 912 2301 959 ut
2326 912 2732 1005 per‘sequentia
2754 901 3364 987 experimentuman'imi
3391 901 3632 1005 ipsorum

2022 995 2270 1099 accipere
2299 999 2492 1099 possit,
2523 1007 2795 1073 quomodo
2821 1010 2929 1067 sint
2958 1012 3132 1072 allecti
3168 1034 3295 1092 erga
3326 995 3630 1099 Beniamin.

2024 1082 2092 1189 .Et
2115 1085 2238 1190 quia
2267 1088 2579 1190 vincebatur
2600 1110 2629 1148 a
2655 1104 2843 1154 natura
2872 1116 2989 1171 sua,
3028 1106 3119 1162 50.
3153 1082 3625 1190 Conturbab'anju;

2021 1177 2243 1283 inquitt
2277 1181 2469 1283 viscera
2496 1187 2609 1283 eius
2642 1200 2689 1244 et
2732 1195 2989 1261 quaerebat
3034 1209 3091 1254 ut
3138 1204 3305 1275 fleret.
3359 1177 3632 1283 Ingre‘s'su;

2017 1280 2191 1378 autem
2223 1274 2279 1378 in
2324 1277 2651 1350 cubiculum,
2679 1285 2819 1353 flevit
2859 1287 2988 1344 illic.
3029 1292 3119 1348 3|.
3142 1274 3234 1349 Et
3273 1274 3451 1357 abluti;
3496 1309 3632 1378 facie

2017 1364 2206 1467 quibit;
2232 1376 2288 1467 et
2329 1379 2512 1467 postea
2556 1387 2710 1432 suam
2762 1380 3099 1443 demonstrat
3133 1364 3542 1467 benignitatem,
3573 1413 3630 1459 et

2016 1452 2146 1510 dicit
2174 1472 2189 1509 :
2220 1458 2476 1529 Apponite
2505 1481 2684 1534 panes.
2707 1468 2801 1526 52.
2835 1470 2903 1526 Et
2930 1452 3289 1546 apposueruni
3307 1486 3354 1539 ei
3374 1452 3476 1542 soli
3496 1452 3630 1554 δεῖ

2015 1554 2140 1615 pote
2163 1556 2433 1621 tamquam
2462 1555 2575 1625 regi
2604 1568 2660 1613 et
2682 1562 2909 1634 principi
2942 1568 3106 1624 totius
3135 1570 3390 1645 rEgypti;
3421 1576 3491 1633 Et
3522 1582 3629 1638 illis

2012 1654 2261 1706 seorsum,
2289 1653 2337 1697 et
2367 1645 2637 1719 Egyptiis
2662 1655 2749 1722 qui
2773 1656 2930 1711 simul
2952 1652 3218 1719 caenabant
3241 1682 3358 1722 cum
3383 1687 3443 1726 eo
3478 1690 3625 1730 seor-

2011 1745 2144 1784 sum.
2163 1730 2287 1787 Non
2311 1738 2446 1790 enim
2463 1743 2929 1818 possuntEgyptii
2947 1754 3209 1811 comedere
3226 1773 3343 1813 cum
3358 1759 3621 1822 Hebrais:

2010 1823 2324 1882 abominatio
2346 1830 2483 1907 enim
2509 1843 2583 1888 est
2602 1834 2889 1909 ﬁgyptiis.
2920 1843 3010 1899 55.
3041 1844 3301 1906 Sederunt
3326 1864 3498 1910 autem
3533 1875 3621 1915 co-

2009 1930 2122 2019 ram
2148 1932 2228 1980 eo,
2265 1920 2351 1989 qui
2380 1923 2598 2019 primus,
2626 1932 2907 1987 secundum
2949 1939 3303 2009 antiquitatem
3348 1964 3497 2004 suam
3520 1992 3538 2019 ,
3573 1963 3623 2009 et

1998 2011 2181 2082 junior
2202 2017 2483 2072 secundum
2518 2021 2834 2092 jubentutem
2862 2044 3029 2083 suam.
3074 2031 3187 2089 lloc
3238 2035 3361 2093 illos
3388 2039 3441 2095 in
3496 2011 3619 2098 stu-

2008 2116 2194 2199 porem
2241 2106 2485 2199 adduxit;
2518 2120 2574 2168 et
2621 2115 2777 2171 valde
2821 2117 2987 2175 dubio
3013 2123 3195 2182 animo
3221 2126 3473 2199 luerunt,
3517 2149 3618 2192 un-

2006 2192 2201 2250 denam
2234 2198 2284 2253 ei
2311 2202 2551 2271 cognitio
2594 2204 2824 2265 diversas
2872 2211 3090 2270 illorum
3130 2219 3326 2275 artatis.
3387 2192 3617 2284 Etcum

2005 2284 2160 2387 daret
2200 2292 2454 2351 omnibus
2490 2308 2706 2387 partes,
2755 2301 3074 2375 Benjamino
3116 2312 3475 2387 quintuplices
3502 2318 3614 2375 dat.

2004 2377 2192 2482 deque
2228 2391 2408 2482 tamen
2451 2386 2803 2482 adverterunt
2842 2396 2969 2465 quid
3021 2401 3097 2455 rei
3128 2377 3274 2458 esset
3296 2377 3325 2468 ,’
3369 2406 3466 2463 sed
3511 2424 3617 2482 pu-

2006 2469 2191 2526 tabant
2245 2472 2467 2532 fortuito
2492 2480 2725 2550 quodam
2765 2497 2963 2542 eventu
3011 2490 3080 2545 ab
3109 2506 3177 2547 eo
3219 2492 3360 2561 ﬁeri,
3390 2507 3446 2554 et
3489 2469 3619 2558 huic

2007 2569 2280 2635 tamquam
2304 2567 2506 2638 iuniori
2538 2573 2690 2643 plura
2721 2576 2837 2632 dari
2865 2580 2964 2651 (τι),
2996 2583 3237 2654 Cumque
3285 2587 3494 2647 [Initum
3528 2606 3616 2649 es-

2002 2668 2083 2713 εει
2097 2660 2438 2759 convivium,
2464 2664 2516 2720 l.
2552 2664 2779 2737 Vocaoit,
2808 2670 3011 2743 inquit,
3043 2673 3239 2748 Ioseph
3266 2683 3493 2752 eumqui
3517 2683 3613 2739 do-

2001 2763 2106 2844 mui
2132 2766 2244 2844 suat
2271 2765 2506 2823 proterat,
2537 2768 2585 2812 et
2614 2762 2877 2817 mandarit
2905 2764 2970 2831 ei,
3001 2766 3177 2823 dicens
3207 2768 3273 2824 :1
3279 2774 3415 2844 mple
3440 2792 3614 2835 saccos

2001 2841 2265 2937 hominum
2308 2846 2597 2918 frumentis,
2624 2864 2821 2923 quanta
2870 2856 3004 2926 ferre
3045 2868 3283 2930 poterunt
3306 2841 3398 2930 ,‘et
3451 2884 3612 2937 pecu-

2000 2935 2140 2987 niam
2185 2936 2416 2991 similiter
2457 2941 2511 2995 in
2553 2959 2728 2999 saccos
2776 2948 3118 3020 singulorum.
3165 2953 3221 3007 2.
3268 2966 3315 3010 et
3358 2935 3611 3030 scyphum

1999 3035 2292 3122 ﬂmmeum
2348 3030 2489 3086 mitte
2541 3034 2595 3088 in
2646 3052 2851 3093 saccunt
2915 3042 3140 3111 junioris
3202 3045 3415 3119 (Caput
3462 3052 3534 3107 44
3564 3051 3609 3122 ).

2000 3114 2135 3174 Vide
2164 3118 2359 3177 iterum
2375 3124 2588 3194 qualem
2614 3135 2787 3183 artem
2831 3134 3131 3204 excogitet,
3180 3114 3236 3189 ut
3260 3114 3612 3210 diligentissi-

2000 3227 2088 3268 me
2130 3223 2367 3271 mentem
2422 3216 2646 3275 fratrum
2682 3222 2958 3294 exploret,
3002 3241 3161 3296 quam
3206 3244 3333 3302 erga
3386 3230 3611 3291 fratrem

2000 3317 2157 3359 tuum
2186 3304 2465 3377 Bcnjamin
2512 3309 2765 3367 habeant.
2802 3313 2868 3369 Et
2909 3314 2993 3372 his
3020 3317 3172 3374 lactis
3198 3360 3213 3385 ,
3242 3320 3447 3378 dimisit
3489 3339 3606 3382 eos.

1999 3396 2208 3453 Etcum
2226 3396 2340 3469 jam
2366 3402 2716 3471 arripuissent
2739 3405 2862 3474 iter,
2906 3407 2958 3465 ι.
2983 3407 3130 3464 Dixit
3158 3418 3398 3484 prtrfecto
3427 3417 3609 3474 domus

1997 3503 2108 3543 suat
2136 3505 2156 3543 :
2187 3487 2376 3562 Surge,
2406 3508 2703 3564 perse.,uere
2725 3511 2835 3564 eos,
2860 3508 2906 3551 et
2936 3498 3074 3555 dices
3106 3516 3125 3556 :
3152 3502 3208 3558 5.
3254 3504 3427 3571 Qitare
3454 3510 3605 3562 retrio

1998 3580 2176 3637 lmistis
2225 3586 2363 3638 mala
2390 3601 2485 3656 pro
2531 3585 2723 3642 bonis‘?
2767 3588 2943 3657 Quare
2974 3592 3133 3662 furati
3182 3596 3300 3651 estis
3354 3599 3609 3672 scyphum

1999 3691 2168 3729 meum
2198 3679 2545 3749 argenteum?
2591 3678 2781 3737 Nonne
2825 3684 2909 3738 hic
2945 3694 3018 3741 est
3044 3702 3073 3741 e
3091 3703 3191 3758 quo
3216 3687 3339 3745 bibit
3368 3692 3608 3750 dominus

1998 3770 2175 3826 meus?
2191 3767 2313 3842 Ipse
2328 3781 2497 3828 autem
2513 3783 2801 3845 auguratur
2818 3776 2872 3831 in
2894 3793 2972 3835 eo.
2988 3777 3129 3835 Male
3150 3791 3266 3836 acta
3283 3794 3400 3839 sunt
3416 3801 3476 3840 ea
3494 3802 3609 3857 qua

1998 3862 2208 3933 fecistis.
2232 3861 2522 3935 Postquam
2544 3874 2723 3921 autem
2749 3866 2955 3924 invenit
2978 3885 3094 3939 eos,
3124 3872 3317 3945 inquit,
3341 3875 3472 3933 dicit
3500 3878 3602 3937 eis:

1997 3954 2177 4023 Quare
2202 3956 2528 4013 benefactori
2568 3958 2705 4014 mala
2734 3961 3102 4031 rependistis?
3143 3980 3309 4035 quare
3344 3968 3607 4027 malitiam

1999 4058 2234 4102 vestram
2252 4061 2489 4120 eousque
2512 4050 2853 4120 extendistis,
2874 4062 2929 4109 ut
2945 4053 3012 4109 ad
3029 4070 3154 4110 eum
3169 4071 3382 4129 quoque
3399 4063 3604 4131 pertin-

1996 4147 2153 4209 gerct
2196 4139 2286 4209 qui
2329 4154 2457 4213 erga
2505 4154 2602 4197 vos
2652 4151 2854 4200 tantam
2898 4146 3135 4202 ostendit
3177 4146 3607 4221 benignitatem?

1996 4246 2165 4301 quare
2209 4247 2317 4287 non
2357 4234 2576 4294 reveriti
2621 4235 2752 4293 estis
2781 4237 2879 4293 viri
2907 4252 3032 4310 erga
3074 4254 3169 4295 vos
3195 4244 3608 4313 magnanimita-

1997 4323 2141 4380 tem?
2168 4324 2299 4394 Quae
2324 4325 2443 4382 hate
2472 4334 2619 4383 tanta
2646 4327 2887 4385 malitia?
2911 4345 3030 4401 quze
3048 4329 3257 4387 insania
3272 4349 3377 4404 qua
3403 4333 3607 4392 insani-

1998 4416 2105 4473 tis?
2132 4417 2361 4475 Nescitis
2388 4418 2533 4491 quod
2562 4419 2665 4478 hoc
2693 4422 2764 4477 sit
2793 4437 2907 4488 vas,
2935 4422 2988 4478 in
3031 4438 3141 4495 quo
3169 4424 3420 4482 dominus
3450 4444 3605 4487 meus

1995 4514 2326 4584 anguratur?
2353 4510 2547 4568 Malum
2570 4523 2650 4569 est
2682 4512 2784 4570 hoc
2804 4529 2942 4585 opus
2960 4527 3221 4585 vestrum,
3236 4520 3601 4588 perniciosum

1998 4605 2351 4676 propositum,
2371 4605 2526 4662 venia
2540 4605 2791 4677 indiguus
2806 4618 3051 4673 conatus,
3073 4623 3264 4680 magna
3283 4611 3528 4679 audacia,
3548 4626 3608 4671 et

1995 4712 2210 4753 omnem
2240 4697 2632 4754 transcendens
2658 4697 2996 4754 malitiam.7.
3018 4698 3112 4755 Illi
3130 4711 3297 4757 autem
3318 4702 3555 4759 dixerunt
3584 4721 3603 4761 :

1998 4791 2170 4858 Quare
2199 4790 2421 4863 loquitur
2435 4792 2672 4848 dominus
2677 4792 2833 4863 juxta
2848 4796 2997 4848 verba
3013 4796 3123 4849 hcc
3134 4794 3161 4849 Ρ
3185 4795 3386 4866 Quare,
3407 4797 3602 4869 inquit,

1994 4888 2184 4956 objicis
2208 4887 2364 4943 nobis
2389 4886 2493 4942 hoc
2511 4888 2738 4955 crimen,
2758 4904 2787 4943 a
2819 4904 2926 4960 quo
2950 4890 3171 4944 omnino
3197 4905 3383 4946 sumus
3406 4892 3600 4947 immu-

1995 4997 2091 5038 nes
2117 4983 2141 5037 I
2163 4981 2303 5037 Absit
2343 4990 2399 5035 ut
2425 4982 2555 5036 servi
2587 4984 2661 5037 tui
2693 4986 2974 5037 secundum
3003 4982 3211 5038 verbum
3238 4984 3333 5038 hoc
3359 4985 3594 5053 faciant;

1994 5075 2135 5129 absit
2160 5089 2189 5128 a
2216 5074 2371 5130 nobis
2396 5083 2455 5128 ut
2482 5072 2588 5129 tale
2609 5072 2734 5144 quid
2781 5089 3035 5145 umquam
3086 5083 3437 5131 attentemus.
3464 5075 3599 5131 Nam

1997 5166 2086 5239 qui
2116 5166 2401 5237 pecuniam
2447 5165 2713 5237 duplicem
2737 5166 3035 5233 attulimus,
3067 5181 3175 5236 quo
3211 5176 3367 5237 pacto
3393 5168 3601 5224 iurare-

1994 5275 2113 5314 tnur
2137 5267 2419 5330 argentum
2443 5259 2525 5313 vel
2550 5258 2762 5312 aurum?
2779 5256 2930 5325 Quod
2953 5257 2996 5313 si
3029 5256 3131 5313 hoc
3156 5267 3331 5328 putas,
3356 5256 3410 5313 9.
3444 5259 3601 5331 Apud

1993 5368 2141 5423 quem
2185 5353 2445 5407 inuentum
2490 5350 2643 5423 fuerit
2682 5366 2769 5404 vas
2812 5350 2951 5419 quod
2978 5351 3228 5420 inquiris,
3268 5352 3357 5405 ille
3392 5352 3597 5422 quidem

1993 5446 2244 5498 moriatur
2267 5485 2283 5509 ,
2310 5454 2366 5499 ut
2396 5444 2485 5514 qui
2522 5443 2627 5498 tale
2673 5439 2864 5497 fecerit
2908 5456 3083 5511 opus;
3130 5458 3224 5496 nos
3254 5450 3425 5496 autem
3463 5445 3597 5498 serui

1993 5537 2202 5590 erimus.
2231 5534 2590 5589 Conscientiae
2620 5532 2761 5587 bona
2793 5531 2987 5587 ﬁducia
3014 5546 3110 5588 eos
3137 5532 3203 5587 ad
3228 5542 3335 5587 tam
3368 5532 3598 5590 ﬁdenter

1994 5626 2319 5699 loquendum
2348 5626 2649 5682 inducebat.
2677 5624 2763 5681 10.
2806 5622 2910 5679 Ille
2934 5636 3124 5692 autem,
3188 5624 3382 5696 inquit,
3427 5625 3559 5680 dixit
3583 5640 3603 5680 :

2058 5739 2259 5811 (a)_Hoc
2276 5746 2372 5811 est,
2406 5738 2753 5811 existinmbant
2785 5736 2964 5811 fratres
2994 5737 3517 5811 .tosetwlti,_nesei_entcs
3540 5751 3599 5788 se

1992 5801 2338 5888 etnultosejmo
2362 5814 2494 5861 esse,
2520 5801 2777 5888 ejusjus'su
2803 5804 3076 5873 Belljulllluo
3101 5799 3272 5888 u|tpote
3294 5799 3599 5888 adhulcpu-g-

1993 5862 2210 5976 mra
2229 5860 2331 5914 dari
2350 5901 2362 5925 ,
2395 5860 2875 5928 qutunam'solctuus
2894 5860 3062 5927 pueris
3098 5860 3352 5928 plumth
3385 5860 3496 5915 aliis
3516 5865 3598 5915 ld-

2052 5944 2055 5945 ν
2145 5940 2221 5976 lt'l.
