4180 6474
609 416 717 477 555

615 530 677 585 Et
700 547 851 597 ustus,
873 529 996 584 sicut
1030 524 1248 587 dixistis,
1287 522 1399 577 crit.
1433 519 1584 592 Apud
1614 536 1757 589 quem
1801 518 2048 571 inventum
2070 516 2181 584 fueo

611 622 675 674 rit
704 619 955 691 postulunt,
1014 616 1093 669 ltic
1141 616 1279 669 solus
1310 628 1446 669 meus
1491 627 1662 666 servus
1708 610 1835 675 erit,
1886 624 1972 662 nos
2016 618 2180 659 autem

618 708 951 765 dimittentini.
1019 707 1081 760 Et
1125 715 1244 759 cum
1301 704 1412 757 hinc
1474 702 1773 766 dixissent,
1832 700 2176 768 permiserunt

607 801 741 854 eiut
781 798 1093 853 scrutinium
1139 795 1351 852 faceret.
1401 792 1487 847 12.
1538 791 1604 846 Et
1641 799 1890 846 scrutatus
1935 798 2039 853 est,
2076 787 2180 838 ini-

611 891 682 943 tio
704 906 736 942 a
760 888 955 943 seniore
978 890 1133 958 facto,
1161 884 1319 941 donec
1345 883 1529 937 veniret
1548 880 1617 934 ad
1638 879 1901 950 Benjamin
1920 919 1935 944 ,
1968 886 2013 930 et
2040 876 2178 929 illius

609 990 787 1048 aperto
836 993 1013 1042 sacco,
1049 975 1231 1045 invenit
1268 971 1524 1043 poculum.
1565 971 1675 1025 Hoc
1722 967 1951 1024 tenebris
1990 964 2177 1020 oll‘udit

608 1084 793 1123 eorum
847 1076 1077 1122 mentem
1123 1081 1138 1121 :
1190 1066 1274 1121 15.
1311 1063 1373 1118 Et
1412 1063 1752 1133 disruperunt,
1798 1059 1999 1130 inquit,
2031 1060 2181 1112 resti-

604 1171 773 1215 meuta
795 1176 889 1215 sua
916 1175 935 1213 :
959 1168 1003 1212 et
1031 1160 1375 1227 imposuerunt
1405 1155 1648 1226 jumentis
1676 1158 1855 1207 iterum
1894 1167 2062 1205 saccos
2086 1190 2102 1216 ,
2130 1158 2177 1203 et

607 1250 787 1305 reversi
809 1260 923 1303 sunt
951 1248 1004 1301 in
1042 1248 1305 1301 civitatem.
1349 1246 1436 1302 14.
1485 1242 1549 1297 Et
1586 1244 1838 1313 ingressus
1881 1239 2046 1295 ludas
2070 1280 2085 1305 ,
2132 1248 2179 1291 rt

608 1346 784 1405 fratres
805 1340 880 1392 sui
896 1339 965 1394 ad
977 1336 1192 1408 Ioseph,
1213 1336 1496 1391 ceciderunt
1519 1351 1688 1389 coram
1713 1348 1770 1386 eo
1787 1348 1938 1401 super
1964 1339 2172 1384 terram.

608 1429 739 1485 Vide
769 1430 977 1501 quoties
999 1429 1360 1483 adorationeni
1392 1424 1719 1493 l'a_cinnt.‘15.
1751 1421 1895 1475 Dixit
1920 1430 2085 1473 autem
2104 1420 2176 1473 eis

604 1522 797 1588 Ioseph
819 1536 839 1575 :
868 1520 1038 1588 Quare
1056 1519 1149 1572 Itoc
1178 1517 1361 1584 fecistis
1380 1516 1406 1569 i’
1433 1513 1743 1568 Nesciebatis
1762 1512 1896 1581 quod
1916 1526 2171 1579 auguran-

607 1616 671 1667 do
701 1615 753 1667 in
779 1614 873 1665 hoc
897 1608 1159 1680 auguror?
1190 1608 1273 1662 16.
1305 1606 1445 1660 Dixit
1484 1614 1649 1658 autent
1671 1645 1685 1668 ,
1730 1603 1893 1671 inquit
1918 1644 1932 1665 ,
1962 1599 2129 1654 ludas
2156 1614 2176 1653 :

608 1706 742 1770 Quid
776 1700 1198 1765 contradicemui‘,
1229 1699 1324 1752 uel
1365 1697 1485 1768 quid
1531 1697 1788 1765 loquemur
1827 1694 2031 1747 domino
2054 1733 2068 1755 ,
2100 1691 2176 1745 uel

605 1792 850 1863 quomodo
889 1790 1321 1864 justiﬁcabimur.’
1369 1788 1503 1842 Deus
1531 1798 1698 1840 autem
1742 1786 1927 1864 inuenit
1967 1783 2173 1854 injusti-

603 1884 723 1937 tiam
744 1899 995 1938 servorum
1016 1891 1232 1935 tuorum.
1266 1881 1457 1935 lterum
1487 1886 1734 1933 revocant
1761 1861 1857 1931 sibi
1887 1877 1938 1931 in
1967 1893 2177 1932 memo-

602 1976 736 2030 riam
761 1991 821 2029 ea
848 1990 965 2043 qua:
995 1974 1120 2027 olim
1147 1979 1329 2027 contra
1364 1971 1509 2025 illum
1538 1970 1795 2025 fecerunt.
1843 1968 1975 2024 Ecce
2002 1987 2175 2025 sumus

600 2065 727 2119 servi
753 2064 954 2118 domino
975 2072 1144 2117 nostro
1186 2071 1235 2117 et
1279 2078 1369 2115 nos
1394 2071 1441 2115 et
1466 2062 1549 2115 ille
1573 2061 1710 2132 apud
1736 2077 1878 2130 quem
1914 2060 2172 2114 inventum

601 2165 675 2208 cst
704 2154 957 2223 poculum.
991 2152 1104 2208 Jam
1146 2167 1386 2222 magnam
1417 2151 1689 2205 declarant
1729 2150 2170 2216 benevolentiam,

600 2254 657 2299 et
697 2245 899 2315 seipsos
925 2258 1046 2299 cum
1089 2243 1249 2298 fratre
1291 2244 1340 2297 in
1385 2242 1691 2297 servitutem
1732 2241 2035 2309 subjiciunt.
2082 2240 2167 2294 l7.

608 2335 749 2390 Dixit
799 2346 963 2391 autent
1005 2334 1195 2405 Ioseph
1247 2352 1266 2391 :
1322 2334 1465 2388 Absit
1509 2343 1561 2386 ut
1611 2332 1707 2386 hoc
1743 2333 1947 2404 faciam.
2001 2330 2171 2385 Homo

600 2429 741 2498 apud
773 2445 919 2498 quem
956 2429 1207 2481 inventum
1254 2428 1403 2497 fuerit
1446 2426 1716 2495 poculum,
1768 2424 1853 2478 ille
1898 2426 1990 2477 erit
2032 2439 2171 2477 meus

602 2537 771 2577 smus
794 2563 810 2589 ,
864 2536 950 2575 vos
1001 2531 1166 2574 autem
1210 2518 1463 2574 ascendite
1504 2534 1618 2572 cum
1670 2515 1833 2587 salute
1874 2517 1943 2578 ad
1982 2526 2173 2587 patrem

599 2620 828 2667 rostrum.
1948 2668 1955 2679 ι

670 2702 723 2757 6.
754 2703 884 2757 Vide
924 2700 1190 2773 quomodo
1232 2700 1282 2755 id
1319 2716 1423 2771 quo
1462 2700 1679 2755 timebat
1724 2709 1893 2770 pater,
1940 2698 2042 2755 hoc
2086 2701 2168 2755 eis

600 2796 898 2863 contingit:
931 2803 985 2849 et
1022 2794 1072 2847 in
1109 2802 1214 2846 tam
1251 2807 1492 2863 magnam
1542 2792 1869 2845 devenerunt
1910 2792 2169 2845 turbatio—

603 2899 722 2938 nem
748 2923 761 2949 ,
803 2892 857 2938 ut
891 2882 1014 2954 quid
1045 2883 1277 2937 lacerent
1304 2882 1587 2937 nescirent.
1624 2883 1689 2937 l8
1742 2882 2171 2952 Appropinquavit

599 2983 760 3025 autem
783 2970 948 3026 ludas
966 3013 980 3037 ,
1005 2972 1202 3041 inquit,
1227 2981 1272 3025 ct
1296 2972 1441 3025 dixit.
1463 2970 1595 3039 Quia
1622 2972 1733 3040 ipse
1754 2979 1869 3026 erat
1888 2971 1975 3026 ille
2004 2970 2091 3041 qui
2117 2980 2173 3025 et

600 3080 630 3119 τι
660 3073 806 3134 patre
829 3080 948 3120 eum
978 3073 1273 3133 acceperat,
1301 3073 1355 3118 et
1382 3063 1588 3119 dixerat
1612 3083 1625 3118 :
1659 3062 1774 3117 Nisi
1794 3062 2037 3117 rcduxero
2055 3079 2171 3118 eum

605 3155 671 3208 ad
697 3165 763 3220 te,
787 3171 874 3208 ero
897 3155 983 3207 tibi
1003 3162 1201 3223 peccato
1226 3153 1469 3207 obnoxius
1494 3152 1719 3207 omnibus
1748 3152 1955 3206 diebus:
1977 3152 2172 3207 idcirco

605 3254 656 3300 et
696 3243 909 3313 propior
944 3244 1106 3298 lactus
1151 3243 1432 3314 diligenter
1474 3252 1649 3298 narrat
1688 3243 1736 3299 ei
1778 3244 1953 3298 omnia
1980 3286 1994 3310 ,
2024 3252 2079 3297 ut
2119 3243 2172 3298 in

599 3334 1110 3389 commiserationem
1141 3348 1206 3389 eo
1228 3332 1456 3387 adducto
1478 3374 1493 3401 ,
1527 3332 1822 3389 libertatem
1848 3348 2011 3403 puero
2038 3348 2169 3388 con-

598 3427 822 3481 ciliaret.
856 3427 938 3479 l8.
968 3414 1399 3497 Appropinquaoit
1424 3426 1576 3489 enim,
1610 3424 1796 3495 inquit,
1829 3426 1873 3478 ei
1897 3423 2061 3477 Judas
2081 3465 2095 3490 ,
2124 3434 2170 3479 et

598 3516 724 3571 dixit
746 3532 763 3569 :
791 3516 915 3580 Oro,
947 3516 1165 3581 domine,
1198 3515 1430 3585 loquatur
1448 3531 1615 3569 servus
1640 3526 1772 3568 tuus.
1800 3514 2021 3569 Attende
2042 3530 2171 3585 quo-

605 3607 760 3661 modo
779 3622 874 3676 per
899 3606 1073 3660 omnia
1090 3615 1146 3659 ut
1165 3605 1378 3659 domino
1398 3619 1581 3659 servus
1606 3605 1869 3674 loquitur;
1898 3614 1950 3659 et
1979 3606 2029 3659 in
2056 3621 2170 3660 me—

605 3699 768 3754 moria
797 3698 933 3754 habe
956 3698 1158 3752 somnia
1188 3698 1593 3768 manipulorum,
1628 3708 1841 3769 propter
1866 3714 1983 3768 quze
2006 3698 2173 3768 majo-

605 3804 715 3842 rem
743 3803 865 3856 erga
898 3802 1019 3841 eum
1053 3786 1301 3840 invidiam
1339 3798 1585 3841 acuerant
1606 3829 1619 3851 ,
1652 3799 1702 3842 et
1729 3789 2043 3855 obsmpesce
2079 3803 2170 3841 so-

604 3884 793 3935 lertem
826 3878 913 3931 Dei
946 3878 1257 3947 sapientiam
1282 3920 1295 3942 ,
1326 3879 1587 3946 quomon
1617 3883 1776 3933 tantis
1806 3880 2089 3933 obstaculis
2119 3880 2171 3933 in

606 3968 779 4025 medio
819 3968 1030 4038 positis,
1064 3968 1237 4020 omnia
1280 3982 1439 4038 apere
1470 3957 1588 4022 sntit
1629 3969 1860 4037 impleta.
1890 3968 2170 4037 Loquatur,

602 4060 803 4128 inquit,
835 4075 1003 4113 servus
1032 4068 1144 4112 tuus
1174 4074 1341 4111 coram
1368 4067 1434 4123 te,
1470 4070 1515 4112 et
1542 4076 1603 4112 ne
1625 4060 1859 4113 irascaris
1888 4076 2027 4113 servo
2051 4069 2137 4113 tuo
2156 4099 2171 4124 ,

607 4154 822 4205 domine.
858 4152 942 4205 19.
973 4151 1051 4203 Tu
1081 4152 1397 4221 interrogasti
1424 4168 1586 4205 servos
1608 4162 1735 4215 tuos,
1759 4152 1926 4206 dicens
1951 4168 1969 4206 :
1999 4152 2171 4207 [labe-

609 4245 736 4297 tisne
766 4248 972 4317 fratrem
1001 4244 1073 4296 vel
1111 4244 1345 4311 patrem?
1373 4242 1461 4297 (ΞΟ.
1492 4254 1534 4297 et
1566 4244 1783 4297 diximus
1805 4246 2005 4297 domino
2032 4262 2047 4298 :
2078 4244 2170 4299 Est

608 4334 747 4386 nobis
777 4343 915 4403 pater
934 4349 1106 4399 senest,
1133 4344 1177 4387 et
1199 4334 1359 4401 ﬁlium
1385 4336 1642 4387 senectutis
1664 4340 1895 4402 juvenem
1919 4337 2060 4392 habet
2083 4378 2095 4398 ,
2126 4348 2173 4390 et

608 4429 761 4491 frater
784 4426 891 4494 ejus
911 4435 1132 4477 mortuus
1153 4434 1241 4477 est.
1265 4424 1446 4495 Cogita
1470 4425 1554 4479 hic
1570 4425 1834 4493 quomodo
1855 4442 1912 4481 sc
1935 4426 2174 4482 habuerit

607 4518 796 4585 Jiisepli
832 4517 942 4570 hrc
968 4516 1204 4570 audiens.
1241 4515 1337 4570 Ille
1363 4520 1497 4572 solus
1523 4519 1721 4571 relictus
1748 4529 1819 4571 est
1852 4519 2001 4572 matri
2027 4536 2171 4585 sum;

609 4618 748 4673 pater
774 4618 938 4659 autem
965 4624 1074 4658 cum
1102 4608 1281 4675 diligit.
1314 4609 1482 4673 Quare
1509 4620 1683 4663 autem
1708 4619 1759 4663 et
1789 4609 1871 4662 hic
1902 4610 2168 4677 mentitur,

599 4698 682 4754 sic
710 4696 889 4749 dicens
920 4710 935 4747 ι
971 4694 1149 4747 Frater
1170 4698 1278 4763 ejus
1310 4707 1527 4751 mortuus
1548 4699 1661 4751 est?
1690 4700 1848 4767 Atqui
1871 4715 1989 4754 eum
2014 4716 2173 4769 nego.

604 4784 882 4837 tiatur-ibus
912 4783 1274 4838 vendiderant.
1308 4784 1499 4843 Verum
1527 4788 1644 4854 quia
1676 4788 1753 4841 sic
1791 4789 1922 4858 patri
1955 4805 2171 4857 persua-

606 4882 825 4935 serunt,
861 4875 1006 4942 quasi
1037 4874 1240 4928 occisus
1270 4884 1443 4935 esset,
1478 4885 1529 4928 et
1562 4891 1591 4929 a
1634 4876 1817 4931 bestiis
1844 4878 2125 4934 devoratus
2155 4899 2167 4933 :

608 4964 839 5032 alioquin
869 4965 1023 5016 etiam
1055 4973 1370 5031 putaverunt
1409 4981 1528 5019 eum
1561 4981 1662 5020 non
1697 4968 1953 5022 fetentem
1983 4969 2171 5024 barba-

605 5070 784 5109 rorum
818 5055 1125 5108 servitutem
1145 5096 1158 5118 ,
1188 5053 1296 5122 jam
1323 5070 1439 5108 esse
1466 5067 1750 5123 mortuum,
1783 5068 1835 5113 et
1865 5060 2060 5115 idcirco
2088 5062 2172 5115 di-

600 5147 670 5197 cit
700 5164 712 5197 ι
748 5144 931 5198 Frater
967 5147 1074 5215 ejus
1118 5157 1342 5199 mortuus
1378 5156 1465 5199 est.
1499 5147 1585 5200 ιιι.
1618 5148 1799 5203 Dixisti
1827 5162 1989 5204 autem
2020 5154 2173 5205 servis

597 5239 698 5291 tuis
726 5252 744 5289 :
767 5237 1009 5291 Dcducite
1032 5255 1141 5291 eum
1166 5239 1231 5290 ad
1258 5255 1366 5300 me,
1398 5250 1441 5291 et
1465 5256 1635 5293 curam
1664 5242 1845 5295 habebo
1878 5244 2048 5313 ipsius.
2078 5245 2168 5300 25.

600 5330 663 5384 Et
689 5331 865 5385 dixiin
888 5348 905 5386 :
938 5331 1053 5386 Nisi
1082 5334 1346 5387 descendat
1375 5338 1532 5404 frater
1564 5346 1717 5390 vester
1750 5338 1995 5391 vobiscum
2025 5383 2035 5399 ,
2070 5359 2169 5395 non

597 5425 859 5493 apportatis
882 5434 934 5477 ut
959 5424 1166 5479 videatis
1195 5425 1370 5493 facient
1399 5443 1579 5480 meam.
1608 5427 1697 5482 2’s.
1736 5428 1944 5482 Factum
1978 5442 2047 5483 est
2073 5450 2167 5484 att-

608 5515 909 5580 tcntquando
932 5517 1240 5568 ascendimus
1255 5517 1321 5568 ad
1347 5534 1537 5569 servum
1556 5527 1693 5571 tuum
1722 5529 1906 5589 patrem
1926 5533 2168 5589 nostrum,

590 5605 1007 5659 annuntiarimus
1046 5608 1086 5659 ei
1126 5607 1269 5660 verba
1307 5609 1512 5661 domini.
1542 5609 1627 5663 25.
1667 5610 1802 5664 Dixit
1830 5623 1991 5666 autem
2032 5626 2173 5682 pater

599 5701 770 5745 noster
793 5694 973 5749 nobis:
1003 5694 1082 5749 Ite
1105 5699 1302 5761 iterum,
1330 5700 1473 5752 emite
1501 5701 1639 5752 nobis
1666 5718 1822 5766 pauca
1846 5703 2053 5757 cibaria.
2077 5706 2167 5759 9.6.

603 5783 713 5839 Nos
741 5790 911 5836 autem
932 5786 1147 5840 diximus
1174 5789 1219 5841 ei
1251 5803 1267 5840 .'
1308 5788 1418 5842 Non
1444 5789 1709 5857 poterimus
1734 5791 2049 5859 descendere,
2074 5796 2170 5851 nisi

1348 411 1404 467 S.
1442 407 1718 466 JOANNIS
1742 395 2212 463 ειιιιγδοετοιιι
2248 398 2562 454 Αιιωιιειν.
2604 397 3134 456 COSSTANTINOP.

2287 511 2445 582 frater
2462 522 2630 567 noster
2648 512 2914 568 descendat
2937 514 3213 569 nobiscum.
3233 514 3321 571 27.
3345 515 3486 570 Dixit
3501 525 3665 573 autem
3697 536 3869 577 smus

2287 612 2401 659 tuus
2434 614 2578 675 pater
2604 614 2773 662 noster
2798 619 2819 658 :
2854 602 2956 660 Vos
2982 605 3119 660 scitis
3141 648 3156 672 ,
3186 606 3323 677 quod
3350 606 3478 666 duos
3512 610 3706 679 peperit
3737 610 3862 665 mihi

2286 710 2434 760 uxor,
2455 694 2545 750 28.
2574 705 2621 750 et
2646 710 2871 767 egressus
2897 707 2971 752 est
2996 713 3126 752 unus
3152 714 3185 750 a
3210 716 3288 754 me
3306 741 3320 762 ,
3350 710 3395 754 et
3419 700 3619 755 diristis
3636 742 3653 767 ,
3676 703 3813 771 quod
3833 721 3867 756 a

2286 783 2441 838 bestia
2460 785 2523 839 sit
2543 786 2825 839 devoratus.
2847 783 3135 843 Considera
3162 788 3433 859 quomodo.
3451 804 3545 859 per
3562 792 3868 845 excusatio-

2286 886 2408 929 nem
2436 874 2584 932 Judtc
2607 874 2802 949 Joseph
2828 878 3005 931 omnia
3029 878 3312 948 diligenter
3328 880 3716 953 didiceritqua:
3742 893 3865 953 post.

2284 976 2436 1020 suam
2459 966 2816 1022 venditionem
2844 969 3050 1038 egerint
3081 967 3224 1024 domi
3243 1011 3257 1033 ,
3284 981 3339 1025 et
3363 970 3535 1040 qualia
3560 973 3693 1042 patri
3715 973 3784 1026 de
3802 986 3866 1029 se

2284 1057 2629 1112 narraverint.
2655 1056 2747 1112 29.
2767 1057 2820 1112 Ν
2822 1074 2919 1113 unc
2936 1057 3110 1129 igitur,
3132 1058 3322 1130 inquit,
3344 1062 3390 1116 si
3411 1071 3457 1116 es
3476 1062 3612 1116 hunc
3625 1064 3862 1131 tuleritis,

2282 1156 2332 1200 st
2350 1146 2586 1201 acciderit
2609 1148 2654 1203 ei
2674 1148 2888 1221 languor
2906 1148 2959 1202 in
2979 1150 3079 1215 via,
3104 1149 3359 1206 deducctis
3382 1162 3679 1207 senectutem
3700 1171 3865 1209 meum

2282 1251 2398 1290 cum
2432 1252 2646 1292 maerore
2685 1239 2753 1291 ad
2784 1238 2992 1309 inferos.
3035 1237 3112 1294 ita
3151 1255 3278 1311 ergo
3317 1250 3467 1310 patre
3510 1252 3694 1298 nostro
3735 1260 3863 1315 erga

2282 1344 2509 1399 puerum
2544 1330 2737 1385 aﬂ'ecto
2762 1372 2777 1395 ,
2808 1330 3075 1401 quomodo
3103 1333 3393 1402 poterimus
3423 1332 3612 1390 faciem
3639 1335 3758 1406 ejus
3785 1337 3863 1390 vi.

2280 1420 2427 1484 dere,
2449 1436 2616 1492 puero
2636 1437 2740 1477 non
2760 1423 3050 1479 essistente
3070 1424 3379 1481 nobiscum?
3402 1426 3490 1482 30.
3510 1425 3709 1482 Pendet
3727 1428 3860 1482 enim

2279 1514 2453 1567 anima
2484 1516 2596 1583 ejus
2620 1529 2685 1566 ea:
2711 1512 2863 1584 hujus
2889 1514 3079 1568 anima.
3121 1515 3209 1569 31.
3250 1515 3315 1569 Et
3354 1515 3598 1570 deducent
3631 1519 3763 1571 scrri
3791 1519 3861 1570 tui

2279 1614 2578 1657 senectutem
2607 1603 2765 1674 patris
2793 1605 2948 1658 nostri
2976 1605 3103 1659 servi
3127 1605 3204 1658 tui
3226 1622 3340 1659 cum
3367 1622 3576 1660 mturare
3603 1608 3671 1660 ad
3696 1608 3856 1675 infer-

2280 1710 2419 1747 num.
2450 1692 2635 1749 Servus
2663 1699 2798 1749 enim
2825 1705 2941 1749 tuus
2968 1697 3159 1765 accepit
3188 1712 3397 1765 puerum
3424 1713 3455 1750 a
3486 1708 3629 1766 patre
3654 1715 3749 1753 suo
3774 1698 3855 1751 di-

2278 1802 2395 1841 cens
2425 1802 2445 1840 :
2475 1784 2593 1841 Nisi
2617 1787 2782 1857 ipsum
2804 1787 2873 1847 ad
2898 1798 2945 1841 te
2964 1788 3207 1842 reduxero
3229 1828 3246 1854 ,
3278 1798 3481 1857 peccato
3501 1789 3747 1843 obnoxius
3774 1805 3859 1844 ero

2278 1876 2365 1929 tibi
2396 1876 2626 1930 omnibus
2665 1875 2858 1930 diebus.
2905 1875 3011 1931 llas
3038 1877 3420 1946 promissioncs
3466 1876 3566 1932 ieci
3597 1880 3768 1948 patri,
3804 1889 3861 1936 ut

2278 1982 2501 2036 puerum
2529 1967 2728 2036 possim
2769 1966 3067 2033 adducere,
3098 1974 3151 2023 ct
3177 1984 3237 2022 ea
3269 1968 3493 2036 imltlere
3518 1984 3636 2038 qua:
3663 1977 3717 2023 tu
3744 1970 3859 2039 jus-

2277 2072 2445 2123 seras,
2474 2066 2874 2127 monstrareque
2898 2072 3058 2127 quam
3087 2072 3209 2112 vere
3236 2057 3544 2123 dixerimus,
3571 2068 3627 2114 et
3658 2060 3859 2114 nullum

2279 2148 2681 2203 mendacinm'a
2718 2148 2870 2203 nobis
2904 2162 3025 2213 esse
3063 2148 3346 2218 prolatum.
3387 2150 3477 2203 53.
3517 2148 3672 2203 Nunc
3706 2151 3863 2221 igitur

2276 2238 2483 2293 manebo
2511 2254 2680 2294 servus
2710 2256 2801 2308 pro
2843 2255 3020 2309 puero,
3043 2240 3264 2309 famulus
3282 2240 3475 2294 domini
3500 2258 3519 2307 ;
3546 2258 3670 2311 puer
3692 2250 3861 2293 autem

2274 2328 2510 2382 ascendat
2539 2344 2651 2382 cum
2676 2329 2937 2399 frutribtts.
2964 2328 3054 2384 24.
3081 2328 3345 2394 Quomodo
3375 2330 3506 2384 enim
3533 2330 3863 2384 ascendentus

2274 2424 2341 2476 ad
2369 2432 2581 2490 patrem,
2608 2439 2723 2476 cum
2762 2439 2861 2477 non
2895 2423 2958 2477 sit
2998 2423 3253 2477 uobiscum
3284 2424 3450 2492 puer!
3476 2422 3539 2476 Et
3574 2438 3637 2476 ne
3662 2422 3860 2475 rideam

2275 2513 2445 2579 mala,
2483 2530 2596 2584 qua:
2633 2515 2879 2568 inuenient
2927 2525 3116 2584 patrem
3165 2531 3346 2569 meum.
3395 2514 3520 2569 Harc
3564 2512 3863 2584 Joscplmn

2274 2603 2450 2657 animo
2479 2612 2914 2668 commoverunt,
2949 2612 3001 2659 et
3045 2603 3175 2658 satis
3200 2604 3248 2659 ei
3278 2603 3712 2659 demonstrarunt
3740 2606 3862 2659 illos

2275 2703 2328 2748 et
2369 2706 2568 2762 pazrem
2612 2694 2770 2763 digne
2812 2694 2989 2749 colere
3012 2735 3027 2758 ,
3057 2704 3112 2749 et
3154 2694 3370 2749 fratrem
3403 2697 3623 2749 multum
3654 2712 3860 2749 ειη-ιω.

2276 2786 2327 2840 1.
2364 2786 2426 2849 Et
2465 2803 2564 2839 non
2604 2786 2735 2839 ultra
2766 2787 2923 2851 potuit
2959 2789 3126 2855 ferre,
3164 2802 3322 2855 neque
3355 2786 3567 2839 tolerare
3600 2785 3861 2839 adstantes

2273 2876 2404 2942 sibi,
2438 2877 2527 2930 sed
2563 2877 2775 2945 repulsis
2811 2877 3041 2931 omnibus
3072 2878 3209 2931 solus
3243 2878 3374 2931 inter
3407 2895 3489 2932 eos
3527 2878 3735 2932 relictus
3759 2921 3773 2943 ,
3800 2877 3859 2932 2.

2275 2969 2425 3023 missa
2447 2984 2561 3021 t'oce
2584 2986 2695 3021 cum
2722 2970 2845 3038 ﬂetu
2870 3009 2885 3033 ,
2921 2977 3092 3021 notum
3131 2985 3185 3022 se
3220 2970 3336 3039 fecit
3362 2968 3622 3038 fratribus.
3662 2967 3728 3022 Et
3764 2970 3861 3023 Itoa:

2275 3058 2488 3112 innotuit
2517 3060 2566 3111 in
2594 3068 2695 3111 toto
2732 3076 2915 3126 regno,
2949 3062 2999 3111 in
3034 3059 3183 3112 domo
3218 3059 3523 3113 Pharaoni».
3553 3061 3606 3113 '5.
3641 3060 3706 3113 Et
3732 3060 3861 3115 dicit

2277 3148 2518 3219 fratribus
2558 3148 2659 3201 suis
2691 3163 2709 3201 :
2742 3147 2851 3218 Ego
2885 3164 2995 3200 sum
3029 3146 3240 3217 Joseph.
3280 3146 3476 3203 Vivitne
3512 3150 3679 3204 adhuc
3718 3162 3862 3220 pater

2275 3255 2414 3293 nteus
2448 3239 2615 3309 (βαι).
2658 3240 2725 3294 45
2745 3237 2794 3307 )?
2832 3238 3094 3292 Admirari
3138 3241 3222 3293 hic
3260 3240 3400 3294 subit
3434 3249 3490 3295 et
3529 3240 3669 3296 beati
3705 3241 3862 3311 hujus

2274 3330 2622 3385 constantiam
2644 3337 2840 3383 tantam
2863 3371 2879 3396 ,
2908 3340 2962 3384 et
2987 3329 3127 3401 quod
3156 3331 3426 3399 hucusque
3464 3332 3861 3388 simulationem

2274 3420 2600 3485 sustinuerit,
2624 3428 2675 3475 et
2696 3420 2833 3490 quod
2857 3421 2975 3491 quis
2994 3431 3133 3475 esset
3154 3437 3257 3475 non
3287 3421 3633 3475 dt-claraverit
3658 3440 3671 3475 :
3700 3434 3862 3491 atque

2275 3512 2617 3567 vehementer
2639 3512 2979 3581 obstupeseo,
3001 3514 3268 3581 quomodo
3299 3512 3372 3566 illi
3398 3511 3665 3581 potuerint
3694 3522 3858 3577 stare,

2275 3604 2357 3659 vel
2395 3619 2457 3658 os
2498 3612 2679 3673 postea
2714 3602 2924 3673 aperire
2948 3643 2962 3667 ,
3002 3602 3270 3671 quomodo
3300 3617 3405 3655 non
3435 3601 3658 3655 avolarit
3688 3604 3754 3655 ah
3782 3604 3861 3657 eis

2273 3697 2468 3760 anima,
2501 3694 2767 3765 quomodo
2795 3709 2980 3749 eorum
3018 3709 3168 3747 meus
3210 3703 3314 3747 tota
3356 3709 3459 3745 non
3487 3693 3858 3761 obstupucrit,

2274 3785 2540 3856 quomodo
2569 3800 2673 3838 non
2700 3799 2758 3840 se
2785 3784 3081 3837 abdiderint
3120 3784 3257 3837 intra
3286 3792 3502 3837 terram.
3541 3782 3605 3837 Et
3632 3800 3734 3837 non
3764 3800 3859 3852 po-

2278 3885 2494 3936 tuerunt,
2523 3874 2710 3944 inquit,
2738 3878 2919 3944 fratres
2939 3875 3047 3943 ejus
3072 3874 3374 3941 respondere
3393 3874 3439 3926 ei
3466 3889 3484 3926 :
3514 3874 3701 3926 turbati
3726 3876 3862 3927 enim

2276 3974 2435 4017 erant.
2466 3964 2653 4018 Merito
2681 3982 2693 4017 :
2722 3964 3012 4033 cogitantes
3042 3963 3308 4033 quomodo
3329 3978 3451 4018 eum
3477 3972 3859 4030 tractaverant,

2277 4067 2329 4111 et
2354 4058 2523 4127 qualis
2549 4059 2659 4126 ipse
2689 4072 2811 4128 erga
2835 4057 2950 4110 illos
2985 4055 3158 4111 fuerat
3189 4073 3201 4109 :
3236 4066 3288 4110 et
3314 4057 3607 4126 cogitantes
3635 4057 3860 4126 gloriam

2276 4150 2326 4202 in
2384 4164 2483 4217 qua
2513 4150 2829 4205 constitutus
2868 4157 2982 4203 erat
3004 4190 3017 4211 ,
3051 4150 3116 4201 dc
3149 4161 3241 4201 sua
3271 4147 3441 4201 salute
3472 4148 3861 4216 propemodum

2275 4241 2412 4292 anxii
2442 4249 2611 4307 erant.
2637 4239 2921 4308 Propterea
2942 4238 3124 4293 volzrns
3144 4252 3239 4291 eos
3264 4238 3502 4291 animare
3527 4279 3540 4301 ,
3572 4238 3629 4291 1.
3660 4238 3861 4307 Λρρνοο

2277 4332 2527 4400 pinqttale,
2561 4329 2750 4397 inquit,
2782 4329 2849 4381 ad
2880 4346 2973 4382 me.
3008 4328 3084 4382 Ne
3112 4328 3461 4381 atnoveamini
3491 4343 3584 4380 vos
3617 4350 3631 4379 :
3666 4343 3734 4381 ne
3763 4343 3860 4382 co-

2274 4420 2449 4489 gitetis
2468 4435 2560 4473 vos
2580 4419 2794 4487 proprio
2814 4419 3035 4471 consilio
3063 4417 3177 4470 ba-c
3203 4426 3386 4471 contra
3419 4433 3502 4471 me
3526 4418 3724 4485 egisse.
3758 4418 3863 4474 Ista

2278 4527 2380 4565 non
2407 4519 2511 4564 tam
2546 4520 2732 4564 vestra:
2760 4525 2887 4580 erga
2921 4526 3005 4563 me
3032 4506 3379 4563 adscribenda
3416 4520 3537 4562 sunt
3571 4509 3860 4578 iniquitati,

2276 4618 2429 4671 quam
2461 4600 2651 4655 div-inre
2678 4601 2951 4669 sapientiae
2978 4609 3031 4653 et
3060 4598 3311 4652 inell‘ubili
3341 4598 3725 4653 misericordiae
3760 4616 3771 4649 :
3804 4612 3863 4653 ut

2278 4693 2380 4747 huc
2403 4693 2689 4747 adveniens
2713 4733 2726 4757 ,
2759 4707 2898 4745 nunc
2925 4692 3235 4759 tempestive
3262 4697 3315 4743 et
3340 4690 3492 4743 vobis
3522 4700 3575 4744 et
3606 4691 3702 4744 toti
3738 4689 3864 4744 huic

2277 4784 2474 4852 regioni
2515 4799 2722 4852 possem
2767 4783 3102 4851 suppeditare
3141 4780 3411 4833 alimenta.
3446 4780 3509 4832 Et
3537 4780 3664 4833 dixit
3699 4797 3718 4833 :
3752 4778 3863 4850 Ego

2273 4894 2383 4931 sum
2404 4874 2592 4944 Joseplt
2615 4878 2769 4945 frater
2789 4884 2968 4938 vester,
2993 4890 3133 4942 quem
3154 4874 3443 4925 vettdidtstis
3470 4874 3519 4925 in
3548 4871 3862 4942 (Egyptian.

2275 4969 2325 5023 5.
2362 4966 2514 5020 Nunc
2540 4966 2693 5035 igitur
2718 4982 2778 5017 ne
2802 4965 3027 5017 dolentis.
3053 4963 3128 5018 Ne
3154 4979 3264 5025 vos,
3296 4964 3485 5032 inquit,
3511 4964 3612 5017 hoc
3635 4974 3865 5017 contur-

2275 5059 2393 5123 bet;
2438 5075 2503 5111 ne
2556 5071 2801 5127 asperum
2847 5055 2993 5107 vobis
3043 5056 3279 5107 videatur
3316 5055 3457 5123 quod
3515 5055 3713 5108 factum
3758 5065 3864 5108 est.

2278 5149 2367 5203 Dei
2396 5149 2537 5203 enim
2575 5146 2966 5214 dispensatione
2995 5146 3327 5213 contigerunt
3364 5145 3497 5199 tunc.
3544 5144 3684 5198 Deus
3730 5146 3867 5211 enim

2276 5259 2354 5295 me
2382 5242 2513 5294 misit
2539 5241 2591 5293 in
2612 5241 2761 5292 vitam
2788 5250 2903 5292 ante
2925 5254 3025 5291 vos.
3058 5241 3109 5291 6.
3144 5240 3277 5289 Nunt
3306 5237 3385 5289 hic
3414 5238 3664 5290 secundus
3693 5254 3868 5292 annus

2276 5333 2424 5403 famis
2462 5348 2612 5401 super
2639 5342 2821 5385 terram
2846 5372 2859 5394 ,
2896 5342 2942 5383 et
2971 5331 3137 5383 adhuc
3164 5340 3348 5384 restant
3374 5332 3589 5398 quinque
3616 5332 3742 5383 anni
3768 5372 3781 5395 ,
3810 5331 3868 5385 ira

2274 5430 2451 5498 quibus
2479 5443 2575 5479 non
2604 5426 2691 5479 erit
2721 5426 2881 5477 aratio
2908 5466 2920 5486 ,
2953 5441 3109 5493 neque
3143 5423 3332 5476 massis.
3363 5423 3414 5474 7.
3458 5422 3594 5475 Misit
3622 5424 3757 5476 enim
3788 5440 3870 5478 nte

2280 5519 2413 5572 Deus
2436 5526 2551 5570 ante
2569 5532 2668 5580 ros,
2694 5516 3155 5582 utrelinqucrentm'
3175 5514 3306 5566 vobis
3333 5514 3556 5584 reliquid:
3582 5531 3736 5582 super
3760 5524 3869 5568 ter-

2276 5628 2401 5664 ram.
2430 5613 2481 5663 8.
2519 5607 2671 5661 Nunc
2694 5608 2846 5677 igitur
2866 5622 2964 5659 non
2986 5622 3071 5659 vos
3094 5622 3171 5657 mc
3195 5606 3395 5658 misistis
3418 5605 3515 5657 ltuc
3533 5646 3547 5667 ,
3580 5608 3669 5657 scil
3704 5604 3865 5661 Deus.

2346 5704 2397 5755 7.
2433 5700 2563 5756 Vide
2600 5699 2863 5770 quomodo
2892 5698 3058 5753 semel
3086 5707 3139 5750 et
3173 5697 3361 5750 iterum
3396 5706 3448 5750 et
3480 5697 3639 5751 tertio
3664 5710 3869 5752 consiti-

2281 5792 2558 5848 laturillos
2587 5832 2598 5857 ,
2632 5790 2812 5845 dicens
2841 5805 2899 5843 se
2932 5804 3037 5842 non
3072 5788 3197 5859 ipsis
3223 5786 3763 5844 adscriberecausutn
3786 5791 3874 5844 sui

3806 6348 3963 6377 ctu-ut.
