4180 6490
269 436 383 495 557

273 552 547 621 ingressus
574 545 628 602 iu
658 544 969 618 Egyptum,
992 540 1090 599 sed
1115 539 1281 597 Deum
1310 539 1412 596 hoc
1440 538 1652 608 fecisse,
1673 548 1732 596 ut
1750 539 1867 610 ipse

275 641 330 696 in
356 640 497 694 hanc
511 636 719 694 veniret
737 633 982 706 gloriam.
1008 630 1169 697 Deus,
1190 630 1381 701 inquit,
1404 630 1537 684 misit
1561 646 1659 697 me,
1687 639 1735 683 et
1754 628 1872 701 fecit

275 746 356 784 use
378 728 526 800 quasi
554 737 749 798 patrem
784 723 1074 779 Pharaonis
1097 764 1112 788 ,
1145 730 1193 775 et
1219 720 1482 775 dominum
1511 719 1664 775 totius
1692 719 1873 773 domus

275 821 440 886 illius,
462 829 509 873 et
533 818 810 887 principem
833 816 985 869 totius
1014 812 1249 885 £gypti.
1283 812 1397 876 Illa,
1428 812 1617 882 inquit,
1644 813 1875 866 servitus

278 910 425 965 hunc
464 906 816 978 principatum
856 904 984 959 mihi
1023 901 1365 969 conciliavit,
1410 901 1499 956 illa
1544 901 1781 955 venditio
1820 901 1872 955 in

280 998 423 1053 hanc
449 1010 536 1051 me
558 994 784 1066 gloriam
810 993 989 1049 evexit
1013 1032 1029 1059 ,
1061 992 1149 1047 illa
1178 991 1396 1047 afﬂictio
1429 990 1587 1061 hujus
1612 990 1743 1045 mihi
1773 989 1873 1044 ho-

280 1088 431 1143 noris
467 1086 679 1142 occasio
708 1084 844 1152 fuit,
885 1083 971 1138 illa
1000 1083 1201 1139 invidia
1242 1082 1381 1139 hanc
1417 1082 1547 1138 mihi
1575 1082 1871 1137 claritatem

279 1180 509 1251 peperit.
538 1178 665 1234 Haec
692 1191 791 1231 nos
816 1191 924 1231 non
947 1176 1121 1231 solum
1146 1175 1423 1230 audiamus
1444 1216 1460 1242 ,
1491 1173 1585 1230 sed
1612 1183 1664 1230 et
1695 1173 1874 1228 imite-

281 1288 440 1328 mur:
467 1280 520 1326 et
546 1271 615 1325 ita
641 1268 880 1325 solemur
902 1282 996 1323 eos
1019 1268 1112 1338 qui
1142 1283 1242 1324 nos
1266 1266 1527 1334 afﬂixere,
1558 1281 1665 1321 non
1697 1266 1874 1335 impu-

280 1372 457 1419 tantes
483 1364 562 1418 eis
586 1377 707 1433 qua:
737 1362 789 1417 in
817 1376 917 1417 nos
946 1361 1297 1428 admiserunt,
1330 1370 1385 1416 et
1408 1361 1587 1415 omnia
1612 1375 1734 1415 cum
1764 1373 1877 1413 ma-

279 1469 385 1524 gna
416 1454 647 1509 ferentes
680 1453 1073 1519 benevolentia,
1106 1450 1245 1506 sicut
1274 1452 1365 1507 ille
1397 1453 1477 1506 vir
1505 1449 1873 1506 admirandus.

282 1544 466 1614 Igitur,
498 1543 687 1615 inquit,
716 1559 840 1598 cum
873 1558 1184 1613 persuasum
1209 1543 1360 1598 vobis
1388 1543 1626 1605 fecerim,
1655 1558 1742 1597 me
1770 1557 1874 1597 non

278 1636 433 1691 vobis
460 1635 764 1690 adscribere
783 1650 846 1688 ea
868 1648 986 1703 quae
1007 1642 1190 1688 contra
1215 1648 1301 1689 me
1326 1648 1355 1693 a
1377 1634 1530 1689 vobis
1556 1632 1693 1687 facta
1719 1640 1843 1686 sunt
1859 1672 1874 1699 ,

279 1724 376 1779 sed
407 1725 547 1794 quod
587 1725 808 1778 liberem
838 1739 932 1778 vos
960 1723 1280 1778 criminibus
1313 1741 1326 1778 :
1362 1724 1471 1777 Deo
1497 1735 1675 1778 autem
1707 1731 1875 1776 totum

282 1814 536 1879 tribuam,
560 1814 651 1883 qui
674 1814 762 1867 illa
785 1813 855 1867 ita
878 1812 1207 1882 dispensavit
1227 1823 1283 1867 ut
1310 1822 1624 1883 praesentem
1655 1812 1879 1883 gloriam

280 1904 360 1959 sic
383 1903 751 1973 acquirerem:
776 1902 827 1957 9.
862 1901 988 1956 Ideo
1004 1904 1296 1973 festinantes
1318 1904 1570 1957 ascendite
1594 1903 1662 1956 ad
1684 1913 1877 1971 patrem

279 2009 448 2048 meum
471 2033 487 2059 ,
518 2002 566 2047 et
590 1994 739 2046 dicite
758 1993 802 2046 ei
825 2006 847 2046 :
878 1991 1003 2047 Hart:
1025 1993 1145 2045 dicit
1166 1993 1305 2061 [ilius
1326 2003 1441 2047 tuus
1463 1992 1656 2062 Ioseph
1689 2009 1708 2047 :
1740 1992 1881 2047 Fecit

270 2102 364 2139 nme
380 2084 516 2139 Deus
537 2084 797 2138 dominum
815 2085 1131 2138 totius‘terrae
1145 2082 1221 2137 1E
1224 2085 1385 2155 gypti.
1414 2083 1673 2139 Descende
1693 2082 1757 2137 ad
1779 2100 1877 2151 me,

267 2187 328 2232 .et
352 2194 417 2231 ne
442 2174 651 2244 differas
676 2193 695 2237 :
728 2175 815 2230 10.
845 2185 891 2229 et
930 2175 1178 2229 habitabis
1208 2177 1261 2229 in
1298 2184 1433 2229 terra
1459 2173 1637 2229 Gesem
1662 2216 1675 2237 ,
1710 2186 1755 2229 et
1782 2176 1881 2229 eris

274 2267 525 2338 apudme
550 2275 623 2333 tu,
651 2277 699 2321 et
720 2267 814 2335 filii
846 2267 941 2334 tui,
974 2276 1020 2321 et
1050 2266 1147 2333 ﬁlii
1168 2266 1391 2335 filiorum
1424 2276 1641 2332 tuorum,
1670 2276 1715 2319 et
1745 2281 1879 2332 oues,

281 2368 330 2412 et
361 2357 506 2413 bores
529 2400 545 2421 ,
586 2369 631 2413 et
670 2374 996 2429 quacumque
1035 2358 1187 2413 habes
1212 2400 1227 2425 ,
1265 2360 1351 2413 11.
1382 2368 1428 2412 et
1455 2360 1590 2412 alam
1618 2370 1664 2412 te
1694 2358 1883 2431 (adhuc

283 2450 419 2501 enim
432 2450 652 2518 quinque
670 2449 817 2503 anuis
840 2447 1040 2519 fames),
1062 2460 1115 2503 ut
1138 2466 1237 2503 non
1259 2448 1477 2504 delearis
1502 2459 1577 2517 tu,
1605 2459 1651 2503 et
1669 2450 1764 2519 ﬁlii
1786 2449 1880 2515 tui,

282 2549 332 2593 et
344 2540 506 2593 omnis
518 2540 909 2594 substantiatua.
929 2541 1013 2595 12.
1030 2539 1163 2596 Ecce
1172 2542 1307 2597 oculi
1319 2542 1468 2595 vestri
1482 2543 1668 2608 rident,
1689 2552 1733 2597 et
1751 2543 1885 2597 oculi

284 2628 555 2696 Beniamin
584 2634 756 2701 fratris
786 2633 955 2698 vestri,
972 2632 1115 2705 quod
1140 2649 1226 2687 ore
1251 2649 1361 2688 meo
1388 2633 1523 2688 t'obis
1550 2632 1751 2704 loquor.
1776 2635 1886 2689 An-

287 2724 518 2776 nuntiate
556 2724 691 2793 patri
735 2740 843 2777 meo
882 2741 1078 2779 omnem
1108 2725 1325 2797 gloriam
1363 2744 1525 2782 nteant
1566 2744 1680 2798 quia
1719 2738 1791 2782 est
1830 2728 1884 2783 in

287 2811 521 2886 Egypto
539 2858 552 2881 ,
581 2825 625 2870 et
654 2832 981 2887 quotcumque
1007 2818 1200 2872 vidistis
1217 2860 1232 2884 ,
1261 2828 1310 2873 et
1334 2820 1629 2889 festinantes
1656 2819 1886 2883 deducite

276 2922 423 2961 eum.
456 2906 741 2977 Postquam
772 2908 884 2961 haec
922 2909 1100 2962 omnia
1128 2908 1302 2972 dixit,
1332 2918 1385 2962 ct
1415 2910 1543 2963 satis
1572 2925 1664 2964 eos
1693 2924 1885 2965 conso—

285 2993 425 3049 latus
452 3006 555 3062 est,
589 2996 999 3066 mandatumque
1020 2996 1166 3052 dedit
1188 3006 1246 3052 ut
1262 2997 1330 3053 de
1356 2998 1514 3052 rebus
1534 3008 1588 3053 et
1614 3008 1757 3053 statu
1785 3015 1884 3053 suo

279 3094 492 3155 ,patrem
511 3087 803 3144 certiorem
836 3088 1123 3143 redderent
1153 3130 1167 3152 ,
1198 3089 1483 3158 statimque
1513 3090 1843 3146 adducerent
1865 3132 1879 3156 ,

288 3177 379 3232 14.
404 3176 601 3232 Cecidit
626 3180 678 3232 in
708 3181 895 3233 collum
925 3180 1194 3249 Benjamin
1225 3180 1395 3249 fratris
1425 3182 1534 3245 sui,
1557 3193 1605 3235 et
1630 3183 1765 3251 ﬂevit
1793 3183 1813 3253 (
1839 3184 1884 3237 is

289 3284 519 3339 namque
539 3278 656 3325 erat
676 3270 914 3327 uteriuus
934 3270 1144 3339 frater),
1163 3282 1209 3325 et
1229 3272 1317 3326 ille
1335 3272 1552 3327 vicissim
1576 3273 1712 3341 ﬂevit
1732 3290 1885 3343 super

288 3375 382 3423 eo;
416 3370 463 3413 et
496 3362 751 3415 osculatus
786 3371 856 3415 est
887 3379 1059 3416 omnes
1089 3366 1274 3433 fratres
1314 3377 1431 3415 suos
1452 3404 1465 3426 ,
1489 3372 1537 3416 et
1565 3363 1704 3432 ﬂevit
1731 3379 1885 3433 super

286 3466 394 3505 eos.
424 3451 662 3520 Denique
691 3461 809 3521 post
835 3461 1037 3507 tantum
1068 3453 1393 3523 colloquium
1420 3464 1473 3508 et
1500 3454 1763 3525 lacrymas
1785 3496 1799 3517 ,
1830 3462 1884 3509 et

285 3539 706 3595 consolationem
732 3582 748 3606 ,
777 3550 829 3595 et
859 3542 1139 3596 consilium
1179 3542 1322 3612 quod
1352 3542 1430 3596 eis
1459 3543 1635 3608 dedit,
1666 3544 1751 3597 vix
1782 3557 1882 3612 po-

289 3638 507 3685 tuerunt
533 3644 652 3685 cum
682 3645 746 3686 eo
777 3630 943 3701 loqui.
972 3632 1058 3687 15.
1090 3630 1214 3685 Post
1239 3636 1347 3686 [nec
1377 3633 1539 3697 enim,
1574 3633 1773 3701 inquit,
1803 3633 1883 3687 lo-

279 3720 568 3792 quebantur
591 3721 655 3775 ei.
686 3719 773 3777 16.
808 3719 931 3776 Htec
956 3731 1120 3775 autem
1148 3724 1319 3776 omnia
1344 3722 1605 3792 divulgata
1639 3734 1756 3777 sunt
1788 3766 1800 3786 ,
1839 3731 1883 3778 et

280 3811 536 3867 celebrata
570 3813 623 3866 in
648 3813 798 3867 domo
827 3812 1111 3867 Pharaonis
1130 3855 1145 3879 ,
1178 3823 1224 3868 et
1252 3816 1454 3885 gavisus
1484 3825 1554 3867 est
1585 3855 1599 3877 ,
1638 3825 1685 3869 et
1712 3832 1882 3876 omnes

282 3905 377 3975 qui
412 3906 465 3959 in
505 3906 656 3959 domo
690 3907 820 3974 ejus.
853 3906 1197 3971 Exhilaravit,
1231 3907 1436 3977 inquit,
1466 3921 1654 3961 omnes
1683 3909 1882 3977 agnitio

285 3995 513 4051 fratrum
541 3994 759 4065 losepb.
794 3996 880 4049 l7.
915 3994 981 4049 Et
1007 3995 1157 4062 dixit,
1188 3997 1378 4067 inquit,
1403 4014 1495 4051 rex
1520 3995 1714 4067 Ioseph
1741 4014 1757 4052 :
1784 3996 1883 4051 Dic

285 4086 534 4157 fratribus
558 4086 656 4140 tuis
684 4102 703 4139 :
736 4084 848 4139 Hoc
874 4088 1027 4155 facite
1052 4100 1071 4139 :
1098 4084 1299 4155 implete
1322 4087 1551 4173 vehicula
1580 4098 1743 4141 vestra
1768 4087 1882 4157 fru-

286 4183 479 4242 mento,
512 4183 561 4228 et
593 4173 747 4229 abite.
783 4174 871 4229 18.
902 4172 970 4228 Et
1000 4183 1257 4246 assumpto
1287 4185 1431 4245 patre
1456 4187 1617 4229 vestro
1632 4176 1791 4231 redite
1814 4178 1880 4230 ad

284 4281 401 4331 me,
434 4277 482 4319 et
515 4265 647 4318 dabo
685 4264 820 4320 vobis
858 4266 922 4319 de
960 4266 1192 4319 omnibus
1230 4266 1371 4320 bonis
1404 4264 1627 4338 ἔθειριὶ
1658 4285 1675 4320 :
1709 4266 1792 4321 l9.
1824 4277 1880 4321 tu

283 4366 458 4410 auum
480 4356 696 4423 manda,
727 4366 780 4410 ut
800 4357 1052 4426 accipiant
1077 4358 1305 4427 plaustra
1336 4359 1507 4426 pueris
1538 4368 1585 4412 et
1616 4360 1878 4415 uxoribus.

283 4445 426 4501 Vide
469 4455 524 4502 et
570 4462 749 4516 regem
773 4489 789 4511 ,
818 4446 1089 4517 quomodo
1111 4447 1221 4517 jam
1252 4463 1432 4503 curant
1474 4450 1582 4519 agit
1612 4450 1679 4504 de
1706 4450 1876 4505 reditu

288 4536 451 4594 Iacob
481 4536 576 4607 (a).
601 4534 670 4590 Et
696 4547 976 4605 assumpto,
1009 4537 1203 4607 inquit,
1235 4549 1374 4605 patre
1392 4547 1555 4592 oestro
1579 4540 1761 4606 uenite,
1785 4540 1875 4595 20.

284 4637 334 4681 et
360 4643 423 4681 ne
451 4628 672 4697 parcatis
696 4627 855 4681 oculis
885 4626 949 4681 de
975 4628 1108 4681 vasis
1137 4628 1331 4683 uestris.
1374 4626 1561 4681 Omnia
1591 4631 1722 4683 enim
1749 4632 1877 4684 bona

284 4717 510 4789 Egypti
529 4727 693 4772 vestra
717 4726 882 4772 erant.
899 4718 961 4773 21
978 4760 991 4772 .
1018 4718 1067 4772 1"
1066 4730 1270 4774 ecerunt
1288 4728 1455 4773 autem
1480 4720 1552 4773 sic
1573 4722 1668 4787 ﬁlii
1688 4720 1875 4776 lsrae’l.

284 4808 441 4863 Dedit
468 4818 635 4863 autem
663 4806 860 4877 Ioseph
882 4809 953 4863 eis
978 4824 1179 4875 currus,
1203 4809 1358 4879 juxta
1384 4808 1677 4863 mandatum
1707 4814 1877 4881 regis;

279 4900 373 4954 22.
398 4907 447 4952 et
470 4899 702 4954 omnibus
730 4898 934 4969 quidem
954 4898 1092 4953 dedit
1112 4898 1255 4953 binas
1274 4897 1429 4953 stolas
1449 4938 1464 4963 ,
1493 4896 1761 4969 Benjamin
1786 4917 1877 4953 au-

281 4998 384 5043 tent
408 4989 546 5041 dedit
570 4998 813 5044 trecentos
835 5006 1036 5051 aureos,
1062 4997 1108 5042 et
1132 4989 1349 5058 quinque
1378 4989 1532 5042 stolas
1559 4991 1874 5056 mutatorias,

280 5076 376 5134 23.
400 5086 449 5131 et
471 5079 602 5147 patri
620 5094 711 5131 suo
729 5081 861 5133 misit
882 5080 1111 5133 similiter
1130 5088 1176 5134 et
1196 5080 1366 5133 decem
1391 5081 1560 5135 asinos
1582 5084 1795 5151 ferentes
1817 5083 1879 5136 de

279 5169 429 5223 bouis
445 5166 685 5239 JEgypli,
710 5178 759 5224 et
778 5172 947 5225 decem
967 5171 1130 5225 mulas
1153 5172 1366 5239 ferentes
1385 5188 1538 5240 panes
1560 5174 1691 5241 patri
1713 5190 1805 5227 suo
1826 5174 1877 5227 in

280 5262 439 5316 siam.
465 5260 554 5315 24.
589 5262 783 5328 Quibus
812 5261 1039 5318 omnibus
1069 5263 1202 5317 datis
1220 5303 1237 5331 ,
1271 5263 1405 5318 misit
1438 5265 1624 5333 fratres
1649 5281 1767 5318 suos
1785 5305 1799 5329 ,
1831 5275 1876 5319 et

307 5431 420 5542 agt!)
453 5435 525 5482 Sic
546 5446 719 5483 omnes
731 5446 840 5483 cum
855 5435 993 5494 Editi,
1010 5438 1112 5484 tum
1137 5436 1454 5496 Manuscripti.
1478 5442 1531 5484 At
1548 5448 1777 5497 quorsum
1799 5435 1879 5485 hic

307 5507 309 5516 λ
384 5495 649 5542 'usJaeobi
673 5497 721 5542 in
748 5494 1022 5542 «Emptum.
1060 5498 1141 5542 (mi
1167 5508 1428 5542 numouam
1454 5496 1712 5542 [Emptum
1739 5497 1876 5542 vide-

280 5494 470 5559 reds'tus
484 5496 649 5559 taeobi
673 5497 721 5543 in
748 5494 1022 5559 «Egyptum,
1060 5498 1141 5558 qui
1167 5494 1428 5559 numquam
1454 5494 1712 5559 Egiptum
1739 5497 1876 5543 vide-

281 5553 390 5619 rat?
407 5565 471 5602 Αιι
483 5556 559 5605 hic
578 5571 668 5605 vox
682 5553 857 5615 arieti],
870 5553 1227 5619 ‘tnyesou,'qute.
1239 5553 1415 5616 reditu,
1439 5553 1757 5618 interpretata
1779 5564 1872 5613 est,

283 5615 437 5677 posita
463 5620 607 5680 tuerit
640 5630 745 5680 pro,
769 5629 920 5675 ἀνόδου,
944 5619 1025 5667 vel
1050 5615 1228 5680 potius,
1272 5628 1442 5678 καθόδου,
1471 5615 1582 5680 qusi
1615 5631 1759 5665 voces
1776 5619 1875 5679 jam

281 5676 404 5744 non,
422 5676 653 5737 reditum,
672 5676 779 5744 sed,
809 5676 1110 5744 descensum,
1136 5676 1575 5744 significarent?_ﬁt
1596 5680 1673 5726 hic
1696 5676 1876 5727 sensus

278 5738 559 5804 quadraret,
583 5741 975 5804 quandoquidem
1014 5744 1095 5803 qui
1123 5738 1374 5792 ex‘Judaea
1407 5744 1452 5791 in
1482 5741 1736 5803 Egyptum
1759 5751 1874 5801 [wr-

280 5806 420 5861 guut,
435 5800 740 5851 descendere
766 5800 819 5852 ut
842 5800 1098 5865 plurimum
1115 5804 1359 5853 dicuntur.

1320 426 1387 483 IN
1424 425 1579 484 CAP.
1623 424 1783 484 XLV.
1822 422 2067 482 GENES.
2110 423 2345 481 ιιοιιιι..
2376 424 2539 483 ιιι.

3469 424 3575 485 558

1981 540 2200 610 profecti
2222 548 2342 594 sunt
2364 555 2383 595 :
2405 538 2633 607 dixitque
2660 532 2732 593 eis
2758 553 2778 593 :
2807 536 2890 593 Ne
2915 538 3208 592 irascamini
3231 538 3283 591 in
3311 538 3411 593 sia.
3447 537 3579 594 Vide

1981 639 2222 686 mentem
2262 631 2504 687 moribus
2530 630 2747 702 optimis
2778 630 3075 699 praeditam.
3107 628 3222 683 Non
3252 629 3427 688 saltim
3464 630 3581 703 ipse

1979 720 2184 775 dimisit
2213 721 2346 777 iram
2366 761 2383 787 ,
2412 731 2467 778 et
2492 735 2523 776 a
2549 720 2865 777 criminibus
2905 720 3188 787 liberavit,
3218 718 3316 775 sed
3347 728 3405 776 et
3432 721 3581 790 ipsos

1980 809 2235 867 admonet
2256 852 2271 876 ,
2312 827 2381 867 ne
2411 811 2709 867 irascantur
2735 812 2789 865 in
2816 811 2921 875 via,
2954 826 3130 881 neque
3153 825 3276 866 sese
3301 820 3489 867 mutuo
3511 810 3584 868 de

1983 901 2136 955 factis
2159 909 2429 956 accusent.
2460 900 2595 957 Nam
2623 902 2669 956 si
2701 916 2870 972 nuper
2894 916 3017 956 eum
3046 909 3307 960 steterant
3331 913 3457 958 ante
3481 902 3580 958 Io-

1981 993 2137 1063 seph,
2156 991 2405 1048 dicebant
2421 993 2561 1048 inter
2582 1007 2663 1059 se,
2686 992 2868 1048 Merito
2889 1012 2908 1047 :
2930 994 2982 1047 in
3010 994 3228 1065 peccatis
3248 993 3381 1048 enim
3406 1011 3582 1051 sumus

1983 1094 2188 1153 propter
2211 1088 2424 1154 fratrem
2449 1092 2675 1138 nostrum
2695 1124 2711 1151 ,
2732 1083 2851 1153 quia
2875 1084 3196 1154 despeximus
3221 1085 3331 1155 ejus
3350 1085 3581 1156 afﬂictio-

1983 1189 2095 1228 nent
2126 1174 2288 1245 (Gen.
2314 1176 2401 1230 42.
2429 1175 2522 1230 21.
2546 1174 2645 1249 22)
2671 1193 2687 1243 ;
2709 1186 2765 1233 et
2792 1191 3085 1245 exsurgens
3111 1177 3300 1233 Ruben
3326 1177 3537 1235 dicebat
3567 1196 3580 1234 :

1984 1267 2173 1323 Nonne
2206 1266 2314 1321 disi
2349 1267 2487 1322 nobis
2512 1308 2527 1336 ,
2564 1284 2627 1322 ne
2655 1266 2847 1339 injuria
2865 1267 3093 1338 oﬁ'tciatis
3124 1285 3360 1338 puerum,
3400 1279 3447 1324 et
3480 1286 3584 1325 non

1981 1357 2259 1412 exaudistis
2296 1374 2375 1411 me
2394 1357 2422 1412 .’
2459 1358 2628 1412 multo
2664 1358 2836 1428 magis
2864 1358 3153 1413 verisimile
3181 1368 3318 1423 erat,
3348 1359 3496 1414 illum
3526 1358 3581 1414 in

1982 1450 2065 1503 via
2092 1464 2215 1504 cum
2243 1449 2366 1505 aliis
2392 1450 2689 1505 rixaturum
2716 1464 2855 1505 esse.
2903 1450 3189 1519 Propterea
3219 1452 3581 1521 comprimens

1980 1554 2171 1597 eorum
2197 1542 2333 1597 iram
2361 1550 2416 1596 et
2442 1542 2840 1596 contentionem
2871 1549 3129 1603 mutuam,
3161 1541 3289 1597 dicit
3316 1560 3329 1595 :
3363 1540 3446 1596 Ne
3472 1542 3583 1596 ira-

1983 1634 2196 1688 scamini
2216 1635 2268 1687 in
2296 1634 2407 1700 oio;
2432 1633 2527 1689 sed
2552 1632 2849 1703 cogitantes
2876 1632 3017 1703 quod
3044 1648 3143 1703 ego
3169 1648 3275 1688 nou
3304 1632 3583 1689 habuerim

1986 1740 2084 1795 pro
2108 1724 2333 1780 crimine
2358 1739 2477 1794 qum
2503 1724 2557 1779 in
2585 1738 2673 1778 me
2704 1722 3018 1790 admisistis,
3050 1722 3149 1794 ipsi
3177 1722 3341 1778 etiam
3365 1737 3462 1779 vos
3486 1722 3582 1779 bo-

1985 1818 2286 1874 nevolentia
2317 1816 2552 1871 vicissim
2584 1815 3001 1885 prosequamini.

2058 1904 2275 1961 Muralis
2301 1905 2603 1961 alienatio.
2628 1936 2698 1945 —
2720 1905 2849 1971 Quis
2882 1919 2978 1974 pro
3003 1902 3260 1974 dignitate
3286 1902 3585 1958 admiraro~

1988 2008 2074 2053 tur
2097 1996 2227 2067 justi
2259 1998 2356 2052 viri
2384 1996 2542 2067 hujus
2573 1997 2846 2062 virtutem,
2879 1996 2967 2066 qui
3001 2010 3153 2049 nova:
3185 1995 3318 2065 legis
3344 1994 3585 2064 philoso-

1984 2091 2165 2161 phiam
2213 2105 2402 2162 magna
2443 2088 2756 2159 adimplevit
2794 2087 3099 2157 diligentia;
3145 2095 3302 2157 atque
3348 2085 3400 2140 id
3442 2086 3583 2156 quod

1985 2182 2233 2238 Christus
2257 2182 2510 2237 admonet
2536 2181 2850 2251 discipulos,
2886 2178 3095 2251 Diligite
3113 2178 3345 2231 inimicos
3373 2185 3584 2244 vestros,

1988 2282 2127 2327 orate
2149 2289 2241 2343 pro
2273 2270 2682 2342 persequentibus
2709 2286 2794 2323 uos
2824 2268 3041 2339 (Matth.
3066 2268 3119 2324 5.
3145 2265 3262 2339 44),
3289 2267 3391 2321 hoc
3419 2266 3505 2321 ille
3531 2274 3588 2321 et

1988 2366 2156 2420 multo
2182 2365 2349 2442 magis
2378 2364 2541 2420 fecit?
2582 2361 2769 2433 Neque
2811 2363 2955 2417 enim
2997 2361 3171 2415 solum
3203 2370 3401 2415 tantam
3431 2357 3587 2415 exitio

1991 2460 2104 2520 buit
2134 2460 2413 2515 caritatem
2446 2472 2572 2527 erga
2601 2471 2694 2512 eos
2723 2456 2813 2526 qui
2840 2471 2926 2518 se,
2960 2463 3217 2525 quantum
3247 2452 3299 2508 in
3329 2454 3408 2507 eis
3436 2462 3583 2515 erat,

1988 2551 2327 2615 occiderant;
2358 2550 2452 2606 sed
2479 2550 2657 2605 omnia
2690 2549 2813 2604 facit
2833 2590 2846 2611 ,
2889 2556 2946 2600 ut
2974 2546 3306 2601 demonstret
3333 2544 3465 2598 nihil
3492 2557 3588 2599 eos

1989 2645 2041 2699 in
2070 2658 2130 2698 se
2158 2641 2360 2713 peccati
2390 2640 2690 2696 admisisse.
2723 2638 2767 2695 Ο
2798 2636 3152 2708 phiIOSOphia:
3177 2633 3583 2690 excellentiam!

1988 2749 2022 2789 ο
2047 2735 2318 2804 ingentem
2350 2730 2694 2802 probitatem,
2726 2737 2783 2785 et
2808 2727 3116 2782 dilectionis
3148 2725 3240 2780 Dei
3267 2722 3588 2793 magnitudi-

1991 2824 2289 2880 nemlNon
2323 2839 2446 2890 vos,
2492 2824 2685 2894 inquit,
2733 2820 2852 2876 hcc
2900 2819 3029 2874 mihi
3077 2818 3310 2883 fecistis;
3351 2816 3445 2872 sed
3494 2815 3587 2870 Dei

1988 2932 2113 2987 erga
2149 2931 2236 2971 me
2263 2914 2595 2987 providentia
2652 2913 2765 2967 lucc
2796 2912 2908 2968 fieri
2934 2911 3196 2982 permisit,
3225 2917 3282 2963 ut
3312 2907 3443 2962 mihi
3493 2921 3585 2961 so-

1989 3007 2255 3061 mniorum
2278 3014 2502 3061 eventus
2524 3003 2882 3066 concedatur,
2927 3011 2983 3056 et
3018 3000 3169 3056 vobis
3211 2998 3398 3054 salutis
3424 3012 3585 3053 causa

1988 3111 2109 3152 esse
2138 3097 2360 3167 possim.
2389 3096 2464 3150 Ita
2495 3094 2626 3148 utin
2657 3091 3033 3147 afﬂictiOuibus
3053 3100 3107 3145 et
3131 3090 3183 3144 in
3205 3088 3589 3145 tentationibus

1988 3200 2129 3251 esse,
2162 3186 2205 3239 si
2235 3184 2398 3238 sobrii
2428 3182 2619 3247 simus,
2642 3181 2836 3235 divina:
2864 3180 2934 3235 sit
2958 3195 3083 3250 erga
3116 3193 3215 3233 nos
3240 3177 3589 3248 providentia

1989 3285 2043 3332 et
2062 3274 2452 3331 benevolentiae
2480 3272 2709 3342 signum.
2740 3270 2814 3324 Ne
2840 3270 2999 3341 igitur
3019 3271 3071 3324 in
3094 3268 3344 3324 omnibus
3367 3281 3588 3338 prospe-

1988 3367 2201 3421 ritatem
2224 3375 2277 3420 et
2300 3362 2625 3417 afﬂuentiam
2653 3362 3003 3431 inquiramus,
3034 3360 3129 3415 sed
3155 3368 3210 3414 et
3234 3360 3348 3415 sive
3379 3359 3430 3412 in
3458 3372 3588 3429 pro-

1989 3456 2244 3527 speritate
2271 3455 2460 3511 simus.
2493 3453 2606 3506 sive
2650 3452 2703 3504 in
2733 3450 3080 3516 adversitate,
3112 3448 3361 3505 similiter
3389 3449 3587 3519 gratias

1988 3547 2275 3602 offeramus
2317 3545 2546 3599 Domino
2566 3587 2580 3607 ,
2616 3552 2671 3595 ut
2698 3543 2807 3595 visa
2837 3550 2985 3611 grata
3018 3548 3197 3596 mente
3227 3548 3406 3595 nostra
3434 3581 3449 3607 ,
3483 3541 3589 3593 lar-

1986 3641 2192 3711 giorem
2236 3653 2385 3692 suam
2425 3652 2550 3706 erga
2598 3649 2697 3689 nos
2735 3633 2971 3688 declaret
3008 3632 3392 3702 providentiam
3424 3649 3438 3686 :
3465 3645 3586 3699 qtuc

1988 3733 2144 3789 nobis
2172 3730 2424 3786 omnibus
2450 3727 2774 3783 concedatur
2801 3725 2969 3796 gratia
2997 3732 3052 3781 et
3077 3722 3448 3779 misericordia
3481 3724 3587 3778 Do-

1987 3825 2119 3882 mini
2162 3824 2328 3879 nostri
2376 3821 2501 3877 Jesu
2550 3819 2745 3874 Christi
2773 3859 2787 3878 ,
2844 3818 3059 3888 quicum
3103 3815 3247 3873 Patri
3299 3823 3354 3870 et
3397 3821 3587 3868 sancto

1987 3917 2206 3990 Spiritui
2237 3918 2305 3971 sit
2330 3913 2518 3985 gloria.
2546 3912 2851 3981 imperium,
2880 3911 3073 3978 honor,
3102 3921 3242 3964 nunc
3266 3916 3320 3964 et
3344 3919 3580 3976 semper,

1986 4019 2040 4066 ct
2071 4009 2121 4062 iu
2153 4005 2347 4062 saecula
2372 4002 2714 4059 sceculorunt.
2747 4002 2937 4057 Amen.

2543 4157 2822 4215 IIOMILIA
2860 4156 3021 4212 ωιν.

1987 4296 2054 4351 Et
2092 4295 2456 4360 ascenderunt,
2503 4293 2707 4365 inquit,
2756 4307 2821 4346 ea:
2867 4288 3136 4361 Egypto,
3185 4297 3230 4341 et
3266 4288 3582 4341 veneruntln

2058 4398 2242 4443 terram
2271 4387 2514 4441 Chanaan
2542 4384 2611 4436 ad
2629 4382 2791 4436 Iacob
2818 4389 3010 4451 patrem
3035 4385 3283 4433 suutn:et
3316 4376 3581 4429 nuntiaue-

2057 4488 2175 4533 runt
2206 4477 2252 4530 ei
2278 4476 2495 4529 dicentes
2516 4489 2534 4526 :
2559 4471 2724 4525 Filius
2743 4482 2861 4525 tuus
2884 4468 3074 4538 Ioseph
3103 4468 3241 4533 uiuit,
3274 4476 3317 4520 ct
3343 4464 3585 4519 domina-

2058 4579 2139 4622 tur
2168 4567 2257 4619 toti
2278 4576 2422 4619 terra
2448 4562 2685 4634 zEgypti.
2724 4560 2787 4615 Et
2816 4560 3069 4631 obstupuit
3092 4556 3292 4624 Iacob;
3322 4574 3423 4611 non
3445 4556 3582 4612 enim

2052 4659 2266 4714 credidit
2292 4660 2362 4711 eis
2394 4656 2543 4728 (Gen.
2574 4657 2663 4711 45.
2690 4654 2781 4709 25.
2814 4654 2927 4723 26).

2058 4796 2109 4849 1.
2134 4791 2353 4848 Vidistis
2382 4807 2446 4846 ex
2476 4791 2557 4844 his
2577 4805 2694 4861 quae
2718 4787 2833 4842 heri
2851 4786 2988 4843 dicta
3014 4794 3160 4850 sunt,
3184 4781 3579 4854 philosophiam

1984 4886 2201 4956 Jowphi
2230 4927 2247 4953 ,
2295 4895 2349 4940 et
2399 4881 2809 4939 inenarrabilem
2854 4878 3195 4933 clementiam
3243 4890 3403 4946 quam
3454 4889 3580 4945 erga

1987 4978 2177 5033 fratres
2202 4992 2325 5030 suos
2353 4974 2594 5029 exhibuit
2619 4991 2631 5026 ε
2660 4986 2760 5027 nec
2788 4969 2959 5025 solum
2990 4969 3187 5023 nullam
3218 4966 3344 5023 fecit
3368 4981 3581 5022 memo-

1985 5071 2116 5125 riam
2141 5082 2323 5122 eorum
2351 5081 2469 5135 qua:
2493 5066 2543 5118 in
2568 5079 2625 5118 se
2650 5063 2995 5125 admiserant,
3026 5060 3119 5115 scd
3140 5067 3193 5115 et
3220 5058 3486 5114 redituros
3514 5058 3579 5112 ad

1986 5167 2254 5229 parentem
2285 5155 2578 5215 admonuit,
2603 5152 2836 5223 ipsisque
2863 5152 3143 5207 consilium
3171 5149 3318 5205 dedit
3346 5166 3413 5204 ne
3443 5150 3581 5204 inter

1985 5265 2043 5304 se
2068 5249 2348 5317 jurgentur
2371 5259 2532 5314 super
2556 5242 2641 5297 his
2664 5257 2782 5311 qua:
2811 5243 2862 5295 in
2896 5242 3067 5311 ipsum
3095 5239 3447 5305 admiserant,
3481 5236 3580 5294 sed

1984 5340 2200 5395 dimissa
2227 5336 2372 5392 omni
2403 5336 2478 5389 ira
2502 5374 2518 5399 ,
2551 5331 2773 5402 paciﬁce
2798 5333 3092 5389 ambulent.
3120 5331 3313 5401 Opera:
3347 5332 3578 5402 pretittnt

1982 5433 2059 5485 est
2094 5440 2272 5485 autem
2299 5436 2351 5480 et
2378 5425 2488 5495 jam
2513 5439 2631 5493 qua:
2662 5433 2954 5492 sequuntur
2979 5436 3280 5487 recensere,
3311 5432 3371 5476 ut
3398 5422 3578 5476 viden.

1984 5537 2101 5575 mus
2112 5529 2165 5576 et
2196 5518 2387 5573 horum
2407 5516 2472 5572 ad
2496 5525 2698 5586 patrem
2720 5514 2971 5579 reditum,
2994 5522 3044 5567 et
3067 5513 3390 5567 descensum
3412 5512 3575 5567 Jaeoh

1986 5612 2035 5666 in
2070 5610 2358 5680 Egyptqu
2392 5626 2405 5660 :
2438 5620 2645 5661 necnon
2694 5603 2964 5673 quomodo
3007 5603 3312 5657 reﬂoruerit
3356 5601 3577 5655 audiens

1982 5718 2043 5757 ea
2084 5716 2200 5770 qua:
2241 5698 2438 5768 Ioseph
2486 5694 2825 5763 spectabant,
2858 5704 3050 5765 atque,
3079 5702 3138 5746 ut
3166 5692 3245 5746 sic
3271 5693 3477 5747 dicam.
3511 5691 3577 5744 de

1946 5839 1951 5843 .
1985 5806 2113 5847 sene
2126 5788 2337 5857 juvenis
2356 5786 2592 5841 redditus
2608 5782 2696 5837 sit.
2715 5782 2844 5850 Quis
2862 5783 3006 5838 enim
3023 5793 3273 5836 sermone
3297 5774 3587 5847 complecti
