4180 6474
583 410 698 468 559

597 533 778 596 posset
805 521 1123 590 voluptatem
1157 517 1209 570 in
1249 529 1350 586 qua
1395 523 1521 568 tunc
1559 510 1748 575 fuerit,
1790 523 1909 562 cum
1940 505 2171 561 disceret

601 615 792 686 toseph
821 615 1016 673 vivere,
1041 622 1095 666 et
1122 609 1174 664 in
1207 618 1348 663 tanta
1367 605 1619 676 dignitate
1645 601 1989 658 constitutum
2015 613 2135 656 esse
2153 598 2179 652 ἲ

602 712 955 774 tnexspcctata
986 701 1127 757 enim
1159 701 1292 755 bona
1340 698 1598 768 majorem
1630 696 1956 765 voluptatem
1985 692 2180 748 aﬂ'erre

600 798 793 850 solent.
823 793 992 862 Quem
1024 792 1164 846 enim
1206 791 1425 861 putabat
1470 798 1594 844 ante
1641 795 1719 843 tot
1758 801 1928 841 annos
1957 783 2120 840 fuisse
2147 797 2177 837 a

601 887 784 941 bestiis
803 884 1134 948 devoratum,
1159 894 1215 938 ut
1233 881 1492 938 intellexit
1512 888 1697 936 tenere
1717 877 1994 948 imperium
2020 875 2181 932 t0tlus

551 1035 558 1045 ,
603 978 837 1050 Εεγιιιί,
865 976 1136 1047 quomodo
1162 990 1265 1030 non
1296 989 1403 1044 prce
1428 970 1788 1044 magnitudine
1807 967 1979 1040 gaudii
2002 975 2182 1023 mente

603 1071 862 1129 excessit?
884 1069 1025 1124 Idem
1047 1068 1187 1123 enim
1205 1067 1380 1122 facere
1394 1065 1532 1121 solet
1548 1063 1888 1118 immodicum
1903 1060 2177 1132 gaudium,

600 1161 740 1233 quod
769 1163 954 1232 ingens
981 1159 1211 1214 tristitia.
1243 1158 1308 1212 Et
1335 1155 1514 1211 videre
1537 1155 1659 1210 licet
1681 1153 1876 1208 multos
1905 1149 2181 1208 ell‘undere

596 1259 863 1325 lacrymas
893 1266 1001 1321 pra:
1026 1249 1218 1322 gaudio
1245 1250 1532 1312 immenso,
1567 1246 1701 1303 alios
1724 1245 1880 1302 etiam
1907 1259 2053 1315 sa'pe
2083 1243 2185 1296 ob-

598 1353 938 1413 stupescere,
971 1341 1184 1412 quando
1224 1340 1337 1395 ﬁeri
1373 1339 1555 1395 vident
1597 1353 1660 1393 ea
1701 1353 1819 1408 qua:
1849 1352 1954 1391 non
1995 1350 2186 1405 exspe-

598 1439 994 1486 ctaverantzet
1037 1445 1173 1501 quos
1219 1438 1456 1484 mortuos
1484 1443 1604 1484 esse
1631 1427 1916 1497 putabant,
1963 1434 2184 1494 repente

601 1523 750 1578 vivos
779 1522 1017 1578 vident‘.
1059 1520 1164 1577 Sed
1193 1531 1247 1575 ut
1277 1519 1608 1579 manifestior
1637 1520 1725 1573 llat
1755 1533 1934 1574 sermo
1963 1529 2144 1573 noster
2165 1560 2181 1583 ,

603 1611 884 1667 audiamus
912 1627 1033 1683 qua:
1071 1612 1204 1667 lecta
1233 1621 1374 1666 sunt.
1400 1609 1491 1665 25.
1520 1607 1586 1664 Et
1608 1610 1959 1674 ascenderunt,
1992 1609 2182 1679 inquit,

603 1718 666 1756 ea:
693 1701 947 1775 Σηρία,
979 1712 1024 1755 et
1053 1709 1288 1754 uenerunt
1328 1702 1383 1753 in
1422 1709 1605 1753 terram
1649 1697 1892 1754 Chanaan
1931 1698 1998 1751 ad
2024 1697 2186 1752 Iacob

605 1803 798 1864 patrem
825 1809 990 1855 suum,
1017 1791 1108 1846 26.
1139 1800 1184 1846 et
1208 1791 1630 1846 annuntiauerunt
1649 1792 1715 1856 ei,
1746 1790 1962 1845 dicentes
1981 1806 2000 1844 :
2021 1789 2185 1845 Filius

605 1891 720 1937 tuus
746 1879 941 1952 Ioseph
975 1881 1107 1946 eicit,
1135 1891 1182 1936 et
1209 1881 1315 1952 ipse
1341 1882 1633 1936 dominatur
1655 1883 1746 1934 toti
1773 1890 1920 1935 terra:
1945 1879 2183 1951 Egypti.

607 1969 674 2026 Et
703 1973 908 2028 excessit
937 1983 1098 2027 mente
1124 1972 1282 2026 Iacob
1305 1987 1324 2026 :
1347 1987 1446 2026 non
1471 1973 1602 2027 enim
1630 1972 1842 2028 credidit
1874 1973 1964 2026 eis.
2003 1971 2184 2040 Vides,

608 2063 661 2118 id
687 2063 829 2134 quod
858 2062 1099 2118 dicebam
1120 2105 1134 2128 ,
1168 2063 1477 2119 incredibile
1520 2064 1570 2120 ei
1606 2063 1777 2120 visum
1807 2077 1927 2119 esse
1954 2062 2092 2134 quod
2120 2063 2189 2120 de

609 2154 807 2224 Ioseph
851 2155 1294 2220 annuntiabatur,
1341 2155 1410 2210 ita
1457 2163 1515 2210 ut
1561 2163 1738 2211 mente
1783 2163 2186 2222 concuteretur,

609 2257 660 2298 et
687 2261 806 2314 qua:
831 2259 861 2300 a
889 2244 1138 2299 fratribus
1163 2245 1375 2311 ﬂebant,
1409 2246 1779 2316 deceptionem
1796 2260 1922 2304 esse
1944 2248 2190 2318 putaret?

610 2335 710 2404 Qui
749 2335 891 2390 enim
925 2344 1047 2390 tunc
1080 2337 1368 2392 attulerant
1409 2347 1611 2393 vestem
1644 2339 1902 2410 sanguine
1933 2339 2073 2396 htedi
2104 2341 2189 2395 in-

610 2429 918 2496 quinatum,
958 2437 1009 2484 et
1044 2430 1176 2498 patri
1206 2438 1580 2499 persuaserant
1607 2445 1730 2486 eum
1769 2444 1799 2484 a
1845 2431 2028 2488 bestiis
2071 2447 2192 2488 esse

609 2518 958 2583 devoratum,
1002 2533 1144 2574 nunc
1184 2519 1366 2575 dicunt
1412 2535 1534 2576 eum
1580 2520 1790 2585 vivere,
1833 2529 1889 2576 et
1929 2521 2192 2579 dominari

615 2611 667 2664 in
701 2621 807 2664 tota
835 2609 1087 2683 Egypto.
1122 2611 1186 2667 Et
1217 2613 1424 2667 turbata
1466 2620 1647 2668 mente
1673 2614 1938 2684 cogitabat
1966 2614 2104 2684 apud
2135 2630 2196 2672 se

613 2703 880 2772 quomodo
925 2704 1114 2757 rationi
1161 2713 1304 2758 esset
1351 2704 1452 2759 hoc
1499 2716 1954 2760 consentaneum:
1986 2720 2106 2761 nam
2148 2711 2194 2761 si

615 2808 798 2847 verum
825 2803 906 2848 est
933 2793 1056 2848 illud
1085 2794 1228 2864 prius
1251 2794 1471 2861 dictum,
1498 2795 1765 2865 quomodo
1787 2807 1995 2866 poterat
2018 2797 2198 2852 credi?

617 2885 661 2934 si
693 2891 871 2937 autem
918 2883 1018 2938 hoc
1043 2884 1364 2938 credendum
1393 2894 1442 2939 et
1473 2901 1654 2940 verum
1678 2927 1693 2952 ,
1735 2887 1863 2942 illud
1895 2889 2198 2942 necessario

618 2971 776 3026 fuerit
797 2973 1147 3028 mendacium.
1171 2973 1420 3029 Turbavit
1440 2987 1614 3031 autem
1636 2992 1755 3032 eum
1779 2979 2023 3042 maxime,
2055 2981 2197 3050 quod

618 3062 762 3117 aliud
793 3079 820 3117 a
849 3062 967 3118 [iliis
1002 3075 1154 3120 antea
1193 3066 1466 3132 audierat,
1499 3078 1552 3121 ct
1578 3068 1680 3122 alia
1721 3084 1862 3125 nunc
1901 3071 1970 3124 ab
1995 3071 2197 3126 eisdem

619 3153 868 3209 disceret.
902 3155 1151 3209 Vidcnlcs
1189 3156 1346 3225 igitur
1377 3158 1541 3225 patris
1583 3157 1968 3224 turbationem,
2011 3171 2067 3216 et
2107 3177 2202 3216 vo-

623 3243 792 3297 lentes
817 3247 864 3298 el
897 3243 1134 3313 pluribus
1160 3248 1484 3316 argumentis
1527 3249 1869 3316 persuadere,
1915 3266 1972 3307 se
2016 3267 2199 3308 verum

625 3335 825 3400 dicere,
855 3334 944 3391 27.
977 3335 1196 3406 Loquuti
1231 3347 1346 3392 sunt
1366 3339 1412 3391 ei
1435 3343 1602 3392 omnia
1629 3356 1742 3410 qua
1781 3357 1814 3392 a
1848 3340 2040 3411 Ioseph
2065 3344 2202 3402 dicta

625 3436 789 3494 eram,
813 3437 862 3480 et
890 3443 1212 3498 quacumque
1236 3429 1332 3483 sibi
1359 3431 1706 3485 mandauerat.
1747 3431 1813 3486 Et
1853 3441 2032 3501 postea
2079 3448 2203 3504 pro.

625 3515 858 3570 tulerunt
881 3516 1114 3586 plaustra
1138 3558 1154 3584 ,
1181 3527 1234 3573 et
1255 3517 1392 3574 dona
1418 3534 1536 3589 qua:
1560 3534 1590 3573 a
1618 3519 1814 3589 Joseph
1843 3522 2002 3576 missa
2028 3531 2200 3590 erant,

627 3617 681 3661 ct
708 3607 795 3661 vix
835 3607 1046 3663 tandem
1093 3609 1330 3664 iecerunt
1375 3609 1530 3665 [idem
1563 3611 1732 3680 patri,
1761 3627 1866 3666 non
1897 3628 2016 3668 esse
2054 3628 2207 3670 men-

627 3695 778 3753 dacia
808 3712 925 3768 qua:
949 3712 980 3752 a
1005 3712 1065 3754 se
1102 3698 1428 3755 dicerentur.
1457 3699 1586 3755 Nam
1614 3700 1802 3757 videns
1828 3703 2057 3772 plaustra
2085 3719 2206 3775 qua:

629 3788 790 3842 missa
834 3797 1024 3854 erant,
1068 3798 1126 3844 ut
1161 3790 1513 3846 descenderet
1537 3792 1589 3846 in
1615 3790 1926 3864 Egyptum,
1975 3793 2202 3849 Primum

627 3879 848 3949 vigorem
887 3881 1106 3953 recepit,
1139 3882 1328 3951 inquit.
1386 3882 1562 3938 Senex
1585 3925 1600 3948 ,
1642 3883 1944 3953 decrepitus
1968 3927 1981 3948 ,
2008 3895 2206 3942 terram

628 3978 900 4039 spectans,
951 3971 1224 4026 alacritate
1268 3971 1432 4026 animi
1477 3969 1758 4050 confestim
1808 3974 2205 4044 juvenescebztt.

626 4061 763 4133 Quid
793 4070 894 4128 est,
929 4061 1160 4116 Primum
1198 4064 1416 4132 vigorem
1445 4065 1628 4134 recepit
1647 4065 1674 4118 .’
1703 4064 1849 4121 Sicut
1878 4067 2012 4137 ignis
2049 4069 2100 4122 in
2129 4069 2210 4124 lu-

629 4168 813 4221 cerna,
839 4153 1051 4224 quando
1077 4153 1257 4210 delicit
1281 4155 1385 4210 olei
1412 4156 1682 4222 alimonia,
1713 4165 1766 4212 et
1789 4157 1898 4227 jnm
1921 4160 2208 4231 exstingui-

631 4253 737 4310 tur,
765 4245 808 4298 si
837 4259 1024 4315 parum
1050 4246 1168 4316 quis
1197 4245 1298 4301 olei
1340 4246 1606 4313 infuderit,
1641 4261 1859 4319 repente
1885 4252 1970 4322 qui
2002 4255 2206 4309 exstin-

631 4337 720 4407 gui
752 4335 1068 4406 putabatur,
1105 4337 1384 4394 clariorem
1411 4339 1605 4394 emittit
1629 4340 1798 4396 lucem
1826 4359 1840 4396 :
1865 4344 1934 4398 ita
1965 4356 2018 4399 et
2045 4361 2210 4403 senex

631 4428 720 4482 ine
766 4441 876 4496 pro:
923 4427 1133 4482 tristitia
1192 4427 1301 4497 jam
1364 4429 1625 4499 exstingui
1671 4431 1965 4488 ridebatur.
2031 4433 2213 4491 Noluit

626 4519 794 4589 enim,
825 4517 1013 4592 inquit,
1054 4522 1444 4578 consolationem
1471 4523 1697 4596 accipere
1714 4568 1730 4592 ,
1759 4523 1926 4582 dicens
1947 4541 1968 4582 :
1993 4525 2211 4583 Descen-

631 4611 748 4664 dam
801 4611 974 4682 lugens
1027 4612 1079 4667 in
1122 4615 1373 4685 infernum
1415 4613 1566 4682 (Gen.
1615 4617 1702 4671 37.
1745 4616 1856 4686 55).
1883 4616 1982 4673 Ubi
2035 4627 2210 4674 autem

628 4703 882 4770 cognovit
910 4703 1094 4759 vivere
1121 4705 1282 4759 lilium
1305 4747 1320 4769 ,
1353 4715 1408 4761 et
1433 4706 1696 4760 dominari
1721 4709 1771 4760 in
1805 4716 1912 4762 tota
1939 4707 2170 4779 Λεωτριο
2194 4749 2208 4774 ,

631 4801 687 4848 ct
711 4793 842 4848 vidit
875 4793 1102 4863 plaustra
1129 4837 1144 4860 ,
1189 4795 1420 4848 Primum
1449 4798 1662 4866 uigorem
1691 4800 1895 4865 recepit,
1925 4810 1972 4851 et
1999 4800 2213 4866 juvenis

628 4899 699 4939 ex
727 4900 856 4939 sene
895 4885 1063 4939 factus
1093 4895 1194 4940 est.
1240 4886 1492 4955 Deposuit
1531 4887 1778 4941 maeroris
1807 4887 2072 4953 nebulam,
2104 4889 2211 4943 dis-

632 4976 763 5044 pulit
808 4977 1182 5045 cogitationum
1222 4987 1628 5048 tempestatem,
1678 4977 1994 5046 tranquillus
2034 4988 2212 5047 postea

627 5069 728 5122 fuit
759 5087 770 5120 :
802 5069 912 5123 inec
939 5070 1114 5124 omnia
1142 5071 1482 5140 dispensante
1507 5070 1633 5136 Deo,
1668 5080 1724 5124 ut
1752 5070 1919 5140 justus
1948 5081 2051 5126 tam
2079 5074 2213 5127 mul-

633 5170 807 5216 torum
837 5163 1075 5216 laborum
1104 5163 1521 5218 consolazionem
1552 5163 1833 5231 inveniret,
1866 5174 1920 5220 et
1952 5166 2212 5236 particeps

633 5251 785 5308 ﬂeret
812 5254 1073 5309 felicitatis
1105 5255 1194 5309 lilii
1217 5270 1230 5308 :
1251 5263 1303 5308 et
1322 5263 1579 5324 praetcrea
1604 5257 1940 5310 utsomuium
1969 5255 2214 5325 implere-

635 5353 721 5397 tur
747 5344 797 5396 id
823 5344 962 5414 quod
994 5346 1104 5414 ipse
1135 5345 1512 5413 interpretatus
1536 5354 1680 5408 erat,
1711 5345 1927 5400 dicens:
1951 5345 2214 5414 Numquid

633 5435 880 5490 ueniamus
922 5452 1010 5504 ego
1041 5445 1086 5488 et
1118 5445 1273 5490 mater
1299 5445 1386 5488 tua
1406 5475 1420 5498 ,
1453 5443 1496 5486 et
1527 5439 1710 5505 fratres
1735 5439 1829 5501 tui,
1857 5446 1909 5489 ut
1946 5438 2214 5491 adoremus

630 5536 684 5580 te
723 5526 871 5598 (Cen.
904 5529 989 5582 '57.
1031 5527 1157 5599 10)?
1199 5528 1266 5582 Et
1309 5526 1534 5582 credidit
1579 5527 1732 5583 dictis
1761 5539 1918 5598 atque
1944 5528 2094 5592 visis,
2119 5529 2210 5584 28.

631 5614 704 5671 Et
720 5619 866 5683 dixit,
887 5617 1059 5689 inquit
1081 5639 1091 5673 :
1111 5619 1304 5692 Magna
1322 5619 1443 5671 nti/ti
1463 5627 1599 5684 sunt,
1621 5619 1664 5672 si
1680 5619 1844 5672 adhuc
1861 5620 1972 5673 vivit
1987 5619 2176 5691 Ioseph
2195 5636 2214 5674 :

637 5751 715 5862 ml
750 5758 956 5808 Quatuor
981 5759 1106 5810 ωδε..
1127 5755 1320 5815 repente
1341 5748 1499 5801 uident
1523 5749 1573 5800 in
1593 5763 1762 5815 magno
1784 5749 2038 5815 splendore
2061 5751 2216 5804 viven-

1263 402 1304 455 S
1361 397 1638 456 IOANNIS
1673 391 2146 454 CIIRYSOS'TOMI
2187 388 2503 446 ARCIlIEP.
2545 385 3078 444 CONSTANTIXOP.

3768 392 3873 450 530

2283 499 2363 555 ibo
2383 499 2552 571 igitur,
2581 508 2628 554 et
2655 500 2826 554 uidebo
2847 516 2960 554 eum
2984 501 3277 572 priusquam
3299 503 3506 555 moriar.
3539 503 3734 576 Magna
3766 517 3876 560 sunt

2283 592 2441 660 mihi,
2490 591 2688 659 inquit,
2721 600 2776 647 et
2804 591 3068 647 excedunt
3107 608 3318 647 omnem
3360 595 3777 664 cogitationem,
3823 608 3876 652 et

2283 683 2572 739 obscurant
2600 698 2812 739 omnem
2836 682 3121 739 humanam
3150 686 3406 749 la'titiam,
3445 686 3505 742 Si
3532 687 3701 740 adhuc
3740 689 3878 755 ﬁlias

2284 790 2422 828 meus
2446 774 2640 844 Ioseph
2661 774 2776 828 uiuit
2797 789 2817 829 :
2834 775 2915 828 ibo
2935 774 3089 846 igitur
3111 785 3157 829 et
3188 777 3361 831 videbo
3383 794 3514 830 eum.
3540 776 3882 833 Festincmus

2287 868 2478 939 igitur,
2515 878 2571 922 ut
2600 868 2715 938 ejus
2745 867 3013 938 co|10quio
3044 868 3251 938 potiar,
3305 871 3610 939 priusquam
3660 869 3881 924 moriar.

2284 957 2437 1014 Nunc
2457 1001 2470 1022 ,
2502 958 2698 1028 inquit,
2730 959 2945 1013 nuntius
2986 959 3074 1014 ille
3114 963 3294 1014 erexit
3336 961 3570 1015 animum
3599 975 3798 1026 meum,
3830 971 3886 1016 et

2287 1049 2482 1120 fugavit
2511 1051 2803 1105 senectutis
2831 1049 3214 1114 inlirmitatem,
3247 1061 3300 1104 et
3329 1051 3598 1106 roboravit
3619 1062 3879 1107 mentem.

2284 1140 2435 1209 Quod
2463 1141 2507 1195 si
2535 1150 2588 1195 et
2611 1155 2733 1195 cum
2757 1156 2822 1195 eo
2842 1141 3071 1210 colloqui
3102 1143 3395 1212 contingat,
3422 1142 3712 1212 perfectam
3745 1143 3882 1198 initi-

2288 1230 2416 1283 tiam
2464 1239 2786 1298 assequutus
2833 1231 3052 1284 moriar.
3103 1230 3173 1284 Et
3225 1231 3357 1285 nihil
3412 1239 3653 1286 moratus
3702 1231 3883 1300 justus

2288 1320 2462 1374 itineri
2493 1333 2553 1374 se
2582 1320 2884 1387 commisit,
2931 1322 3190 1375 festinans
3231 1332 3284 1376 et
3328 1335 3522 1392 urgens
3570 1331 3624 1376 ut
3673 1323 3883 1377 viderit

2288 1418 2393 1464 tam
2421 1409 2781 1466 desideratum
2827 1411 2995 1465 tilium
3017 1452 3030 1474 ,
3076 1421 3237 1481 utque
3278 1422 3400 1468 ante
3431 1422 3509 1466 tot
3536 1427 3705 1466 annos
3733 1427 3882 1468 mor-

2289 1509 2459 1568 tuum,
2481 1509 2554 1566 et,
2577 1511 2632 1555 ut
2657 1501 2896 1572 putabat,
2922 1501 3119 1557 factum
3141 1502 3317 1557 cibum
3340 1503 3651 1566 bestiarum,
3677 1503 3886 1560 rideret

2290 1606 2432 1646 nunc
2469 1606 2649 1662 regem
2691 1592 2928 1663 Aﬂgypti.
2975 1595 3025 1646 l.
3070 1592 3136 1646 Et
3180 1610 3296 1646 cum
3325 1595 3537 1648 venisset
3575 1595 3644 1648 ad
3677 1607 3884 1666 putet-ns

2289 1681 2579 1746 iuramenti,
2603 1697 2810 1752 preces,
2839 1683 3032 1753 quibus
3061 1685 3260 1754 gratias
3288 1686 3507 1753 agebat,
3549 1687 3742 1742 obtulit
3773 1687 3882 1741 Do-

2288 1771 2469 1836 mino,
2508 1781 2556 1824 et
2601 1771 2898 1841 sacriﬁcavit
2937 1773 3245 1842 sacriﬁcium
3291 1773 3402 1828 Deo
3445 1775 3580 1842 patri
3621 1777 3704 1831 sui
3727 1774 3884 1831 Isaac

2290 1861 2477 1934 (Caput
2497 1863 2608 1932 ιδ).

2359 1953 2416 2009 2.
2460 1955 2584 2011 llaec
2627 1954 2936 2024 audientes,
2977 1957 3250 2015 discamus
3275 1960 3488 2030 quando
3516 1961 3640 2032 quid
3670 1960 3883 2028 facturi,

2291 2048 2378 2103 vel
2419 2049 2688 2119 negotium
2726 2051 2940 2122 aliquod
2981 2053 3240 2122 coepturi,
3275 2055 3360 2109 vel
3403 2055 3885 2125 peregrinationem

2293 2141 2592 2211 suscepturi
2628 2157 2844 2209 sumus,
2875 2151 2932 2196 ut
2957 2144 3201 2213 precibus
3230 2144 3517 2199 oll'eramus
3546 2145 3772 2202 Domino
3796 2162 3886 2201 sa-

2293 2230 2588 2298 critlcium,
2634 2241 2685 2288 et
2727 2232 2844 2302 ejus
2883 2232 3206 2302 adjutorium
3243 2235 3586 2301 invocemus,
3615 2245 3671 2290 et
3699 2236 3777 2291 sic
3803 2236 3884 2290 iu-

2294 2323 2535 2378 stitutum
2561 2313 2952 2395 aggrediamur,
2981 2324 3249 2381 imitantes
3273 2326 3480 2380 illorum
3499 2325 3762 2395 justorum
3781 2328 3886 2397 pie-

2298 2422 2483 2470 tatem.
2516 2414 2844 2485 Sacri/icaoit
2865 2417 3173 2487 sacriﬁcium
3202 2417 3308 2472 Deo
3335 2419 3591 2487 patrissui
3618 2418 3809 2475 Isaac:
3834 2431 3891 2476 ut

2295 2505 2472 2563 discas
2513 2523 2632 2562 eum
2664 2508 2877 2580 vestigia
2907 2509 3070 2578 patris
3098 2510 3179 2564 sui
3206 2519 3489 2581 sequutum
3515 2525 3668 2577 esse,
3704 2520 3761 2568 et
3790 2511 3890 2567 hoc

2299 2599 2351 2654 in
2388 2599 2531 2656 cultu
2570 2599 2752 2654 divino
2792 2599 3128 2664 declarasse,
3160 2601 3300 2655 sicut
3325 2601 3490 2656 Isaae.
3524 2601 3590 2656 Et
3615 2603 3740 2671 quia
3766 2617 3891 2672 gra-

2300 2696 2411 2743 tum
2460 2703 2616 2746 suum
2662 2687 2906 2744 allectum
2952 2691 3099 2760 prius
3145 2705 3241 2759 per
3287 2689 3574 2761 gratiarum
3625 2691 3891 2747 actionem

2301 2782 2554 2850 ostendit,
2578 2783 2754 2838 statim
2778 2783 3099 2852 subsequuta
3124 2792 3246 2838 sunt
3266 2784 3428 2839 etiam
3455 2801 3515 2838 ea
3537 2801 3655 2855 qua-
3675 2788 3895 2856 superni

2300 2876 2480 2930 auxilli
2553 2874 2784 2930 fuerunt.
2831 2874 2962 2930 Nam
3006 2877 3127 2946 quia
3177 2875 3388 2932 videbat
3434 2887 3636 2932 tantum
3691 2879 3899 2936 itineris

2289 2965 2555 3033 spatium,
2583 2973 2636 3018 et
2659 2963 2927 3035 cogitabat
2954 2981 3102 3019 suam
3127 2964 3453 3036 decrepitam
3484 2976 3726 3033 aetatem,
3756 2968 3898 3024 scri-

2305 3063 2389 3109 tus
2429 3069 2496 3109 ne
2539 3065 2713 3110 morte
2756 3065 3182 3125 praeoccupatus,
3228 3073 3256 3108 a
3299 3057 3567 3128 colloquio
3596 3067 3646 3113 et
3679 3067 3901 3128 aspectu

2305 3143 2400 3199 lilii
2446 3145 2780 3214 privaretur,
2828 3157 3074 3216 precatur
3120 3146 3439 3213 Dominum,
3481 3159 3539 3202 ut
3567 3157 3768 3203 tantum
3797 3151 3900 3204 sibi

2308 3235 2430 3291 vitae
2459 3250 2761 3291 mensuram
2790 3238 3083 3303 concedat,
3109 3247 3168 3292 ut
3188 3237 3419 3308 perfecta
3450 3240 3722 3309 voluptate
3749 3240 3903 3298 frna-

2309 3334 2412 3382 tur.
2459 3326 2563 3382 Sed
2611 3328 2730 3381 vide
2759 3329 3028 3398 quomodo
3058 3330 3227 3384 bonus
3257 3331 3510 3386 Dominus
3534 3333 3716 3388 multis
3740 3349 3906 3404 argu-

2307 3418 2504 3474 mentis
2538 3417 2743 3488 justum
2788 3434 3036 3475 securum
3077 3421 3281 3477 reddat.
3324 3419 3381 3476 2.
3421 3420 3566 3476 Dixit
3594 3425 3738 3478 ettim
3769 3423 3909 3479 Deus

2307 3509 2479 3566 Israel
2519 3512 2571 3566 in
2613 3513 2800 3566 visione
2841 3514 3001 3567 noctis
3051 3528 3068 3568 :
3116 3511 3310 3580 Iacob,
3357 3512 3558 3581 Iacob;
3590 3516 3643 3570 3.
3673 3531 3768 3586 ego
3794 3533 3909 3571 sum

2307 3599 2448 3658 Deus
2495 3612 2695 3673 patrum
2727 3613 2970 3668 tuorum;
3008 3621 3070 3658 ne
3111 3606 3288 3659 timeas
3323 3606 3622 3660 descendere
3663 3606 3717 3660 in
3739 3606 3912 3678 Αἰξίν-

2311 3702 2472 3762 ptum.
2509 3692 2576 3746 In
2614 3711 2849 3766 magnam
2884 3696 3015 3749 enim
3042 3705 3235 3767 gentem
3263 3697 3447 3767 facium
3475 3707 3525 3751 te
3546 3698 3673 3752 illic.
3704 3699 3760 3754 ι.
3797 3698 3910 3770 Ego

2311 3785 2609 3838 descendam
2653 3794 2846 3851 tecum,
2891 3796 2940 3839 et
2979 3786 3219 3840 reducam
3255 3797 3304 3842 te
3339 3788 3390 3842 in
3427 3788 3615 3857 ﬁnem,
3646 3798 3693 3842 ct
3714 3787 3912 3859 Ioseph

2309 3874 2535 3944 imponet
2575 3891 2755 3930 manus
2799 3893 2954 3946 super
2995 3878 3168 3932 oculos
3213 3888 3343 3932 tuos.
3375 3877 3508 3934 Vide
3546 3880 3820 3949 quomodo
3846 3896 3912 3937 ea

2315 3981 2435 4036 quae
2469 3965 2647 4034 justus
2671 3967 2760 4022 ille
2789 3967 3122 4023 desiderabat
3144 4009 3161 4034 ,
3188 3983 3250 4023 ea
3276 3970 3349 4025 illi
3384 3969 3522 4025 Deus
3549 3971 3864 4040 polliceatur
3897 3991 3912 4029 :

2313 4055 2423 4114 imo
2444 4069 2498 4113 et
2516 4059 2681 4114 multo
2711 4059 2932 4128 majora.
2962 4058 3296 4115 Liberalitate
3317 4060 3457 4140 enim
3479 4076 3572 4117 sua
3597 4070 3914 4134 nostraspe-

2317 4153 2531 4207 titiones
2561 4151 2908 4217 transcendit,
2941 4166 3162 4207 servans
3185 4153 3396 4207 solitam
3417 4166 3566 4207 suam
3592 4155 3907 4209 misericor-

2314 4242 2477 4297 diam.
2530 4240 2615 4296 Ne
2657 4243 2855 4310 timeas,
2904 4243 3104 4313 inquit,
3161 4242 3464 4299 descendere
3504 4244 3555 4297 in
3597 4242 3916 4315 1Egypntat.

2317 4335 2578 4404 Quoniam
2621 4337 2814 4391 anxius
2858 4344 2972 4391 erat
3011 4337 3080 4391 ob
3108 4338 3205 4392 vite
3235 4337 3618 4410 longitudinem
3645 4381 3659 4402 ,
3686 4340 3809 4395 ideo
3835 4341 3921 4395 di-

2316 4429 2389 4482 cit
2421 4445 2434 4479 :
2464 4427 2541 4482 Ne
2569 4427 2822 4498 respicias
2848 4426 2912 4480 ad
2953 4427 3310 4483 inﬁrmitatem
3343 4430 3656 4484 senectutis.
3697 4429 3762 4483 lu
3788 4448 3917 4502 gen-

2319 4529 2418 4572 tem
2457 4517 2591 4571 enim
2621 4534 2854 4589 magnam
2885 4517 3076 4587 faciam
3106 4529 3152 4572 te
3170 4519 3276 4572 illic
3305 4535 3324 4573 :
3348 4529 3394 4574 et
3423 4521 3725 4575 descendam
3757 4533 3920 4577 tecum

2315 4611 2368 4663 in
2410 4607 2718 4679 Egyptum.
2766 4609 2878 4679 ligo
2922 4618 2973 4665 te
3012 4610 3341 4677 comitabor,
3381 4622 3431 4667 et
3459 4611 3634 4668 omnia
3669 4623 3754 4667 tua
3787 4629 3920 4683 pro-

2317 4715 2472 4770 spera
2503 4699 2743 4754 reddam.
2775 4701 3006 4755 Advorte
3028 4701 3296 4771 quomodo
3326 4704 3485 4759 verba
3513 4704 3795 4759 humilitati
3823 4721 3922 4758 no-

2317 4805 2441 4849 stra:
2471 4803 2788 4862 attempcret
2822 4813 2835 4847 :
2867 4793 3180 4848 Desccndam
3201 4837 3216 4858 ,
3245 4796 3439 4867 inquit,
3470 4808 3628 4853 tecum
3667 4799 3720 4852 in
3742 4798 3920 4870 ὦσε.

2320 4899 2478 4954 ptum.
2533 4885 2667 4950 Quid
2718 4886 2816 4937 hoc
2857 4884 3064 4939 beatius
3107 4884 3296 4950 fuerit,
3341 4902 3498 4955 quam
3549 4889 3710 4943 Deum
3741 4891 3923 4959 ipsum

2324 4977 2519 5030 habere
2546 4976 2793 5030 comitem
2829 4976 3074 5031 itineris?
3100 4974 3351 5046 Sequitur
3377 4988 3556 5047 postea
3588 4981 3920 5048 consolatio,

2319 5085 2421 5140 qua
2453 5070 2734 5140 plurimum
2760 5069 3027 5140 indigebat
3054 5086 3214 5124 senex
3235 5088 3248 5124 :
3273 5069 3335 5124 Et
3355 5066 3570 5140 Ioseph,
3602 5073 3790 5142 inquit,
3816 5074 3920 5126 im-

2321 5171 2468 5233 ροηδε
2513 5178 2692 5215 atauus
2731 5178 2887 5228 super
2917 5161 3090 5215 oculos
3119 5171 3248 5216 tuos.
3282 5161 3374 5216 ille
3399 5163 3621 5218 dilectus
3655 5173 3776 5218 tuus
3805 5167 3923 5234 ipse

2323 5264 2374 5309 te
2399 5254 2590 5308 fovebit
2615 5296 2628 5316 ,
2656 5264 2709 5309 et
2738 5269 2925 5307 manus
2957 5254 3194 5322 imponet
3219 5270 3378 5325 super
3402 5256 3586 5311 oculos
3611 5265 3748 5308 tuos.
3778 5254 3921 5311 Gau~

2319 5347 2450 5402 deus
2481 5346 2696 5416 itaque,
2727 5354 2780 5400 et
2809 5353 2951 5399 totus
2985 5359 3205 5399 securus
3229 5347 3328 5401 iter
3348 5348 3547 5414 arripe.
3593 5345 3771 5418 COgita
3804 5346 3892 5400 hic
3913 5407 3930 5431 ν

2321 5441 2544 5496 obsecro
2564 5479 2579 5504 ,
2611 5433 2769 5508 quam
2798 5435 3088 5506 jucundum
3123 5435 3312 5493 fecerit
3332 5438 3434 5492 iter
3455 5437 3662 5507 justus,
3687 5439 3926 5508 acceptis

2323 5539 2429 5584 tam
2455 5530 2618 5583 certis
2659 5528 2748 5582 Dei
2784 5527 3248 5596 promissionibus.
3277 5527 3331 5583 5.
3362 5527 3598 5580 Surrexit
3629 5527 3762 5581 enim
3789 5567 3806 5592 ,
3834 5529 3924 5583 iu-

2321 5623 2470 5690 quit,
2501 5619 2664 5673 Iacob
2683 5661 2698 5682 ,
2731 5630 2775 5673 et
2803 5620 2896 5688 ﬁlii
2921 5621 3032 5690 ejus
3057 5634 3073 5672 :
3101 5619 3152 5673 6.
3184 5630 3230 5671 et
3251 5630 3546 5688 acceperunt
3573 5636 3772 5674 onmem
3803 5637 3930 5688 pos-

2321 5717 2590 5770 sessionem
2632 5729 2777 5768 suam
2797 5755 2811 5777 ,
2841 5721 2885 5766 et
2915 5721 3150 5767 uenerunt
3181 5713 3231 5764 in
3263 5711 3570 5785 zEgyptum.
3600 5715 3654 5766 7.
3686 5711 3748 5767 In
3777 5731 3936 5770 sm-

2327 5807 2465 5877 ginta
2491 5821 2581 5860 sea:
2603 5803 2866 5858 animabus
2902 5803 3154 5858 descendit
3179 5800 3341 5857 Iacob
3383 5805 3434 5859 in
3467 5801 3755 5874 .Eggptum
3786 5819 3805 5858 :
3830 5803 3928 5861 27.
