4180 6474
297 429 392 487 ΜΗ

293 555 340 598 rt
377 544 569 614 Ioseph
610 561 725 600 cum
766 547 887 617 [iliis
907 549 1045 616 suis,
1095 549 1186 622 qui
1216 553 1323 606 nati
1345 563 1463 608 sunt
1484 554 1530 608 ei
1552 554 1604 609 in
1625 554 1892 627 .Egypto,

296 647 470 688 norem
497 646 642 690 erant
663 678 679 702 ,
711 647 759 694 et
789 640 860 692 ita
883 655 999 693 cum
1025 639 1219 712 Ioseph
1244 652 1386 697 erant
1413 661 1583 699 omnes
1612 647 1894 701 unione-se-

292 726 561 796 ptuaginta
596 729 835 799 quinque.
883 731 1061 797 Quare
1105 733 1377 803 Scriptura
1421 749 1701 792 numerum
1746 748 1889 793 tanta

291 812 558 885 diligentia
588 819 913 874 annotavit-1
943 822 1011 879 Ut
1042 824 1182 878 scire
1212 827 1476 893 possimus
1504 839 1661 896 quom
1700 829 1769 882 do
1799 831 1890 886 Dei

295 908 572 975 pra‘dictio
603 909 817 980 impleta
844 913 946 976 sit.
980 913 1165 971 dicens
1191 933 1206 970 :
1237 915 1304 971 In
1332 927 1527 989 gentem
1555 936 1788 991 magnam
1811 927 1892 993 fa-

288 997 418 1049 ciam
463 1010 509 1053 te
551 999 656 1055 illic
696 1002 888 1072 (Exod.
936 1005 1023 1060 12.
1062 1008 1174 1077 '57).
1204 1006 1334 1062 Nam
1363 1024 1428 1064 ex
1461 1011 1522 1064 iis
1553 1015 1885 1084 septuaginta

287 1091 524 1159 quinque
552 1095 827 1150 animabus
851 1097 901 1150 in
926 1110 1174 1153 sescenta
1205 1101 1367 1155 millia
1393 1115 1562 1173 genus
1585 1104 1741 1161 Israel
1767 1122 1888 1176 pro-

290 1191 537 1258 pagatum
559 1193 671 1237 est.
709 1184 892 1240 Vidisti
913 1189 1184 1257 quomodo
1215 1207 1318 1245 non
1346 1192 1576 1262 frustra,
1607 1209 1780 1266 neque
1797 1207 1886 1252 te-

285 1250 432 1322 mere
461 1285 739 1328 numerum
763 1285 946 1332 eorum
977 1281 1063 1347 qui
1091 1280 1142 1334 iu
1164 1279 1453 1353 Egypltun
1473 1284 1882 1356 descenderunt,

287 1373 384 1411 nos
410 1362 590 1417 docuit
625 1381 637 1416 :
670 1367 764 1420 sed
797 1376 853 1420 ut
875 1368 1012 1422 seire
1043 1372 1305 1439 possimus
1327 1389 1485 1443 quam
1517 1379 1664 1431 inulti
1687 1393 1752 1433 ex
1777 1388 1882 1434 tam

285 1454 469 1521 paucis
501 1454 622 1510 l‘aeti
664 1458 802 1522 sint,
840 1470 890 1515 et
924 1460 1115 1517 divinis
1143 1465 1580 1533 promissionihus
1612 1485 1678 1524 ne
1702 1472 1884 1527 nimus

283 1543 586 1598 credamus.
643 1547 771 1602 Nam
814 1552 1025 1619 quando
1073 1556 1426 1625 cogitaveris,
1480 1569 1600 1627 post
1653 1573 1878 1616 mortem

282 1632 448 1689 Iacob
475 1647 528 1690 et
550 1636 748 1708 Just-ph
770 1684 785 1704 ,
812 1650 954 1696 tanta
979 1645 1368 1704 machinatione
1389 1664 1542 1705 usum
1563 1665 1684 1708 esse
1705 1652 1878 1724 Egy-

284 1725 514 1792 ptiurom
563 1743 783 1799 regem,
825 1741 887 1785 ut
937 1750 1214 1790 numerum
1254 1753 1440 1793 eorum
1487 1741 1781 1808 minueret,
1825 1753 1880 1800 et

284 1825 504 1880 parvum
549 1820 777 1885 faceret,
813 1837 878 1875 ne
907 1822 958 1875 iu
999 1834 1195 1879 lautam
1229 1834 1878 1899 prepagaretur'multitu-

279 1904 488 1970 dinem,
539 1917 591 1961 ct
637 1909 764 1963 nihil
810 1913 1084 1981 potuisse,
1133 1916 1229 1971 sed
1272 1921 1440 1988 magis
1482 1930 1535 1975 ct
1565 1924 1731 1992 magis
1757 1940 1879 1980 cre-

279 1995 418 2051 visse
465 1999 717 2068 populum
765 2019 779 2056 :
823 2003 1088 2061 admirare
1125 2017 1180 2062 ct
1215 2017 1459 2079 stupesce
1488 2015 1873 2081 providentiam

284 2085 376 2140 hei
403 2127 416 2152 ,
461 2098 514 2142 et
556 2093 826 2160 quomodo
868 2110 972 2150 non
1021 2099 1090 2151 sit
1136 2102 1388 2168 possibile
1433 2105 1577 2158 irrita
1606 2123 1725 2162 esse
1755 2125 1872 2178 qua:

279 2175 392 2244 ipse
437 2178 772 2248 decreverit,
831 2188 1043 2242 etiamsi
1093 2190 1294 2245 inﬁnita
1342 2195 1715 2253 maehineutur
1758 2198 1868 2255 alii.

275 2268 540 2324 (Σειιιριίιιιι
582 2273 862 2332 videamus
903 2289 1213 2336 contextum
1262 2294 1462 2348 totum,
1511 2301 1568 2342 ut
1602 2290 1870 2348 discamus

273 2363 543 2428 quomodo
583 2364 894 2424 Jacoh‘cum
931 2372 1040 2426 lilio
1065 2374 1133 2426 sit
1159 2390 1495 2444 congressus.
1527 2381 1614 2438 ‘28.
1649 2383 1868 2450 Quando

270 2461 436 2506 autem
461 2459 886 2528 appropinquavit
911 2463 960 2515 in
988 2475 1172 2518 terram
1199 2465 1272 2520 1E
1275 2470 1416 2538 qypti
1438 2513 1450 2531 .
1493 2472 1628 2526 misit
1667 2473 1862 2529 Iudam

270 2552 390 2596 ante
423 2560 474 2597 se
503 2548 571 2598 ad
595 2547 788 2620 Ioseph
812 2594 826 2616 ,
852 2563 908 2606 ut
937 2556 1248 2626 signiﬁcaret
1276 2561 1349 2614 illi
1377 2564 1537 2631 patris
1566 2567 1860 2624 adventum.

268 2630 363 2687 29.
397 2633 562 2705 Igitur
580 2637 774 2710 Ioseph
803 2654 855 2695 ut
885 2645 1091 2712 didicit,
1112 2650 1288 2719 junin
1315 2630 1493 2708 currus
1513 2697 1526 2720 ,
1560 2666 1605 2709 et
1635 2660 1866 2714 ascendit

267 2722 322 2775 in
352 2740 613 2780 occursum
640 2733 794 2800 patri.
830 2733 892 2786 Et
921 2752 1039 2790 mox
1067 2748 1117 2789 ut
1148 2740 1269 2792 vidit
1295 2759 1409 2796 eum
1427 2786 1441 2805 ,
1469 2747 1654 2800 {ccidit
1681 2749 1732 2802 in
1759 2751 1865 2804 col-

266 2813 376 2868 lum
398 2820 544 2887 ejus,
588 2831 634 2874 et
656 2825 800 2892 ﬂevit
823 2827 944 2895 ﬂetu
977 2833 1153 2884 multo.
1185 2832 1296 2889 li'oe
1325 2845 1439 2890 erat
1464 2838 1514 2891 id
1542 2841 1682 2909 quod
1714 2843 1862 2898 initio

262 2908 539 2979 dicebam,
583 2915 847 2986 ingentem
887 2937 1029 2991 saspe
1049 2924 1376 2992 voluptatem
1413 2930 1672 3003 lacrytnas
1701 2942 1860 2995 excu-

263 3007 399 3055 tere.
427 3001 652 3067 Cecidit,
686 3007 871 3078 inquit,
904 3011 955 3064 in
985 3015 1170 3068 collum
1199 3017 1329 3087 qius,
1358 3029 1404 3071 et
1428 3001 1565 3088 fierit
1595 3039 1614 3075 :
1642 3039 1745 3078 non
1769 3024 1858 3079 dii-

263 3089 341 3143 xit
388 3091 488 3147 hoc
527 3094 870 3166 simpliciter,
917 3103 1040 3169 sed,
1086 3105 1235 3160 Ιτίιιιιι
1265 3126 1465 3180 magno.
1497 3111 1687 3168 Statim
1714 3117 1856 3171 enim

261 3181 318 3234 in
351 3194 581 3238 mentem
625 3187 720 3257 ipsi
746 3204 1004 3248 venerunt
1049 3210 1166 3265 qua:
1209 3200 1317 3266 ip~e
1348 3215 1534 3269 pa-.sus
1562 3216 1675 3259 erat
1696 3249 1708 3268 ,
1738 3223 1857 3277 qme

260 3273 399 3341 patri
443 3288 662 3346 propter
694 3294 760 3351 se
801 3283 1134 3354 acciderant,
1177 3301 1231 3344 et
1270 3293 1512 3359 'Cogitaus
1559 3307 1661 3350 tam
1695 3299 1856 3367 proli-

258 3381 386 3420 Xum
417 3368 779 3428 intercessisse
801 3383 1033 3446 tempus,
1064 3391 1115 3433 et
1143 3384 1411 3451 qumnudu
1431 3398 1852 3456 praetereuntem

256 3463 712 3529 exspectationi-tn
753 3479 809 3526 et
850 3469 960 3537 ipse
995 3482 1194 3539 patrem
1217 3517 1231 3537 .
1260 3486 1310 3530 et
1342 3489 1488 3546 pater
1517 3481 1679 3536 lilium
1707 3484 1855 3540 vide-

255 3560 373 3617 ret,
401 3553 572 3610 l’oittes
601 3559 776 3613 emisit
806 3561 1158 3634 laerymarum
1181 3608 1196 3632 ,
1229 3570 1381 3624 simul
1413 3587 1463 3625 et
1487 3589 1730 3643 magnam
1757 3577 1850 3633 de-

253 3645 468 3699 clarans
506 3648 771 3715 lanitium,
813 3664 865 3708 et
893 3657 1091 3724 gratias
1124 3660 1348 3716 Domi-uo
1375 3680 1535 3735 agam
1568 3687 1660 3738 pro
1685 3673 1847 3728 rebus

248 3737 437 3802 gestis.
470 3736 556 3794 30.
586 3738 650 3794 Et
675 3742 802 3796 dixit
822 3786 834 3807 ,
860 3745 1059 3817 inquit,
1092 3750 1252 3806 Iacob
1282 3755 1350 3806 (td
1382 3736 1578 3827 Iosephi
1606 3777 1623 3813 :
1654 3762 1848 3817 Moriar

246 3828 464 3892 exinde,
511 3833 628 3900 quia
673 3837 776 3888 vidi
837 3840 1013 3909 facient
1053 3853 1204 3897 tuam.
1243 3848 1422 3901 Adhuc
1461 3854 1591 3903 enim
1620 3865 1670 3906 tu
1704 3857 1842 3911 viris.

249 3917 546 3984 Votorum,
597 3925 804 3994 inquit,
854 3945 1073 4000 compos
1115 3936 1282 3992 {actus
1325 3953 1481 4005 sum;
1527 3958 1843 4012 assequutus

244 4024 366 4065 sum
394 4014 534 4082 quod
566 4031 851 4089 numquam
881 4029 1182 4094 exspectavi
1211 4049 1225 4093 ;
1250 4045 1539 4089 evenerunt
1567 4038 1692 4092 mihi
1721 4056 1840 4109 qum

243 4117 535 4175 numquam
577 4122 912 4178 speraveram
958 4132 970 4168 :
1013 4116 1264 4188 deinceps
1283 4134 1566 4180 contentus
1590 4143 1705 4182 sum
1734 4132 1836 4185 vita

240 4207 404 4260 quam
431 4198 684 4268 transegi.
710 4199 826 4255 Vidi
851 4205 989 4259 enim
1021 4223 1178 4277 quem
1208 4210 1532 4281 desideravi,
1559 4227 1613 4272 et
1638 4221 1833 4276 sumrit

239 4282 374 4337 m’hi
421 4286 487 4338 ad
536 4287 768 4344 lanitium
815 4308 1060 4362 omnem,
1090 4300 1286 4357 vidisse
1327 4313 1379 4359 te
1409 4306 1583 4362 adhuc
1612 4310 1830 4378 vivere,

236 4371 330 4437 qui
360 4374 564 4441 pridem
593 4390 833 4457 mortuus
861 4395 916 4441 et
939 4403 965 4440 a
995 4389 1180 4446 bestiis
1206 4391 1489 4452 devoratus
1516 4415 1573 4453 es
1596 4399 1829 4457 habitus.

235 4460 468 4518 Paterna
499 4482 597 4522 vox
625 4453 859 4542 etulrlena
891 4478 1206 4547 dilectione,
1238 4487 1470 4556 satisque
1495 4489 1828 4549 affectionem

233 4555 432 4609 anima:
462 4558 576 4628 ejus
603 4561 900 4622 tlet‘laraus.
929 4571 1018 4626 5|.
1063 4572 1204 4627 Dixit
1229 4587 1394 4630 autem
1431 4577 1624 4652 Ioseph
1651 4585 1825 4653 fratri-

230 4643 325 4700 bus
360 4647 468 4700 suis
505 4664 526 4703 :
565 4650 876 4710 Descendunt
900 4698 916 4725 ,
960 4669 1008 4713 et
1045 4667 1350 4720 anmmtiabo
1394 4667 1656 4726 Pharaoni
1693 4677 1829 4746 quod

228 4737 419 4804 fratres
459 4743 555 4794 mei
595 4748 849 4812 verterint,
900 4762 945 4805 et
985 4756 1084 4806 sint
1127 4767 1371 4824 pastores.
1401 4760 1487 4815 52.
1527 4763 1631 4817 Viri
1659 4779 1823 4821 autent

225 4839 348 4882 sunt
381 4837 699 4902 armentarii,
744 4848 789 4890 et
829 4857 998 4894 secum
1025 4845 1345 4902 adduxerunt
1371 4867 1552 4919 pecora
1580 4866 1625 4907 et
1653 4856 1818 4911 bores.

223 4917 316 4976 53.
347 4920 411 4973 Si
425 4923 579 4993 igitur
602 4931 843 4982 vocaverit
869 4948 954 4986 eos
985 4933 1188 4992 Pharao
1212 4978 1226 5006 ,
1251 4952 1297 4994 et
1324 4917 1504 4998 dixerit
1529 4963 1547 5000 :
1573 4947 1723 5016 Quod
1748 4962 1820 5005 est

221 5025 356 5078 Opus
391 5023 602 5067 vestrum
626 5017 652 5070 .9
689 5018 838 5075 dicite
883 5038 902 5076 :
946 5025 1034 5080 El.
1077 5026 1321 5085 Pacorum
1360 5047 1585 5102 pastores
1621 5058 1814 5097 sumus.

219 5102 547 5158 Abominatio
585 5110 716 5162 enim
748 5111 1112 5185 Aa'gyptiorum
1143 5132 1214 5174 est
1239 5127 1400 5179 omnis
1431 5139 1601 5198 pastor
1624 5134 1810 5188 ovium.

289 5194 351 5249 5.
399 5194 526 5252 Vide
558 5201 927 5269 prudentiam,
975 5222 1027 5263 et.
1058 5214 1210 5278 quale
1238 5218 1516 5273 consilium
1567 5223 1646 5278 eis
1691 5225 1806 5289 det,

217 5298 326 5339 non
361 5284 675 5358 simpliciter
716 5311 889 5366 neque
938 5298 1156 5356 fortuito
1200 5304 1316 5361 lucc
1363 5313 1681 5380 consulens,
1714 5319 1807 5373 sed

215 5377 408 5432 volens
433 5393 526 5434 cus
553 5382 708 5438 simul
752 5387 802 5440 in
852 5391 1040 5457 majori
1071 5399 1357 5456 securitate
1387 5418 1581 5472 agere,
1632 5423 1806 5480 neque

215 5473 601 5528 romutercium
648 5474 846 5534 habere
872 5497 994 5538 cum
1036 5485 1324 5559 Αέᾳγιιιιίς.
1379 5494 1511 5550 Nam
1559 5499 1680 5568 quia
1729 5503 1802 5557 illi

215 5558 661 5619 abominabzmtur
685 5577 737 5622 ct
763 5558 1178 5632 routeumeluutt
1215 5596 1309 5636 eos
1341 5584 1432 5653 qui
1469 5558 1802 5656 pztsioritiatn

215 5661 434 5714 agerent
484 5658 683 5721 vitam,
736 5671 920 5732 utpote
963 5667 1060 5737 ipsi
1088 5671 1383 5742 disciplinis
1425 5679 1799 5751 Egyptiorum

212 5752 240 5792 τ
280 5754 495 5809 rantes,
550 5759 827 5818 propterea
874 5756 1130 5816 admonet
1167 5766 1402 5823 studium
1451 5785 1607 5828 suum
1657 5792 1797 5845 pra:-

219 5841 396 5892 trxcre
417 5877 432 5896 .
465 5840 619 5896 utsic
649 5845 944 5904 rationabili
973 5861 1026 5906 et
1050 5854 1273 5911 honesta
1294 5861 1570 5920 occasione
1593 5871 1793 5937 optima

1179 434 1250 490 1N
1277 435 1430 494 CAP.
1466 437 1626 495 XLVI
1680 439 1768 500 ΕΤ
1789 440 1971 500 XLV"
2009 441 2258 501 GENES.
2297 443 2528 502 1103111..
2571 446 2734 504 LXV.

2003 567 2161 614 terra:
2189 561 2364 631 portio
2388 562 2467 617 eis
2490 573 2823 633 segregatum
2848 581 2954 636 quo
2985 567 3036 625 in
3080 584 3287 626 summa
3333 579 3595 646 tranquil-

2001 648 2148 705 litate
2191 649 2371 706 vivere
2411 654 2636 722 possint.
2669 655 2724 708 Ω.
2757 655 2826 709 Et
2848 661 3067 732 acceptis
3093 662 3312 730 quinque
3348 668 3594 737 fratribus

1998 739 2102 792 suis
2126 781 2140 800 .
2168 742 2451 796 introduxit
2495 760 2580 798 eos
2617 745 2684 798 ad
2727 745 3073 804 Pharaonem.
3102 751 3157 808 3.
3193 753 3258 808 Et
3288 755 3590 829 inttcrroga-

1995 834 2168 886 t‘iteos
2192 848 2212 886 .°
2239 834 2388 901 Quod
2415 846 2490 891 cst
2509 853 2632 906 opus
2661 842 2917 895 vestram?
2948 841 3012 896 Et
3051 844 3288 899 dixerunt
3318 863 3338 901 :
3367 848 3584 904 Arinen-

1996 925 2112 977 tarii
2139 941 2331 980 sumus.
2365 927 2418 982 4.
2448 928 2500 982 Ν
2504 946 2602 983 ιιιιι·
2631 930 2786 1002 ἱῃὶήιν
2806 932 3141 990 habita‘binnts
3158 936 3212 990 in
3229 948 3365 993 terra
3388 939 3590 999 Gemit.

1993 1012 2046 1069 5.
2079 1011 2224 1070 Dixit
2244 1029 2411 1072 autem
2439 1017 2646 1074 Pharao
2671 1038 2689 1075 :
2718 1023 2770 1078 ϐ.
2806 1023 3066 1080 Habitent.
3096 1028 3160 1084 Si
3179 1043 3349 1085 autent
3369 1032 3468 1086 scis
3492 1035 3587 1090 alia

1992 1122 2118 1174 quos
2163 1124 2226 1162 ex
2245 1108 2345 1175 eis,
2373 1111 2459 1181 qui
2477 1111 2576 1165 sint
2596 1113 2695 1165 riri
2714 1113 2960 1169 industrii
2978 1158 2994 1182 ,
3035 1121 3282 1174 constitue
3309 1139 3394 1177 eos
3419 1127 3588 1197 magi-

1991 1208 2122 1252 stros
2152 1216 2374 1252 mearum
2405 1217 2640 1272 pecmam
2676 1204 2862 1277 (Caput
2900 1209 3015 1280 47).
3044 1210 3194 1267 Sicut
3241 1217 3585 1274 consuluero!

1990 1286 2229 1358 Ioseph,
2265 1290 2331 1344 ita
2366 1307 2684 1362 responsum
2730 1297 2994 1354 dederunt
3027 1302 3230 1360 fratres
3270 1307 3583 1367 Pharaoni:

1988 1393 2038 1436 et
2065 1397 2377 1438 concessum
2406 1388 2591 1443 est'cis
2623 1389 2862 1446 habitare
2906 1392 2958 1449 in
2990 1404 3127 1450 terra
3157 1398 3372 1456 Gesem.
3405 1400 3584 1460 Carte-

1988 1486 2106 1528 mm
2135 1475 2338 1530 Pharao
2368 1477 2647 1535 declarans
2686 1497 2836 1537 suam
2875 1499 2998 1556 erga
3028 1487 3225 1558 Ioseph
3253 1491 3584 1549 benevolens

1989 1566 2113 1620 tiam
2134 1609 2148 1632 ,
2181 1566 2346 1622 dixit:
2377 1570 2431 1625 Si
2461 1574 2598 1628 nosti
2629 1575 2679 1628 in
2709 1577 2787 1630 eis
2817 1578 3026 1648 aliquos
3072 1583 3384 1653 industrios,
3415 1587 3576 1642 etiam

1987 1670 2225 1712 meorum
2268 1675 2519 1729 pecorum
2553 1665 2836 1736 magistros
2864 1673 3150 1726 constitue.
3185 1674 3236 1728 7.
3286 1673 3580 1733 Introduxit

1983 1759 2152 1802 autem
2181 1761 2228 1803 et
2256 1763 2450 1821 patrem
2474 1755 2543 1807 ad
2569 1754 2918 1816 Pharaonem.
2947 1761 3002 1817 8.
3035 1761 3245 1819 Etdia‘it
3267 1765 3480 1824 Pharao
3511 1772 3578 1824 ad

1981 1840 2144 1895 Iacob
2170 1859 2188 1897 :
2218 1842 2354 1910 Quot
2378 1857 2494 1900 sunt
2519 1849 2642 1901 an‘ni
2674 1851 2870 1906 dierum
2900 1855 3015 1908 vita!
3039 1857 3177 1936 tuas?
3199 1859 3464 1925 Quoniam
3494 1863 3575 1918 vi-

1981 1933 2059 1988 dit
2088 1951 2270 1990 seu-em
2299 1949 2554 1994 extremm.
2581 1947 2871 1999 senectutis
2896 1988 2911 2008 ,
2943 1933 3142 2018 qtu'rit
3161 1967 3422 2008 annorum
3466 1970 3571 2009 mt-

1981 2040 2208 2080 merum.
2241 2027 2293 2082 9.
2329 2027 2396 2081 Et
2424 2031 2554 2084 dixit
2596 2032 2757 2086 Iacob
2785 2051 2802 2088 :
2844 2035 2967 2092 Dies
2993 2056 3244 2095 annorum
3268 2046 3386 2098 vita:
3415 2061 3570 2111 mea,

1976 2118 2154 2188 quibus
2185 2121 2480 2190 peregrinus
2510 2139 2640 2177 sum.
2678 2124 2812 2182 Vide
2838 2131 3105 2196 qumnodo
3133 2147 3323 2189 omnes
3357 2136 3486 2204 justi
3519 2138 3571 2191 in

1978 2209 2078 2265 hac
2099 2210 2204 2263 vita
2238 2210 2376 2266 haud
2404 2227 2562 2270 secus
2586 2226 2748 2286 atque
2776 2219 2818 2272 si
2853 2222 2902 2273 in
2934 2224 3359 2293 peregrinatitme
3389 2241 3571 2283 Versa-

1975 2309 2196 2365 reutur,
2234 2304 2303 2356 ita
2331 2303 2507 2360 πίτυοιί
2550 2317 2695 2361 sunt.
2745 2309 2944 2366 Audies
2988 2313 3132 2368 enim
3160 2324 3212 2370 et
3258 2316 3420 2373 David
3447 2319 3576 2388 post

1975 2390 2089 2447 hinc
2131 2393 2397 2451 dicentem
2427 2413 2441 2450 :
2475 2398 2607 2465 Quia
2634 2403 2931 2474 peregrinus
2957 2423 3048 2477 ego
3093 2425 3205 2462 sum
3230 2410 3280 2464 in
3309 2420 3442 2465 terra
3467 2453 3480 2473 .
3523 2425 3570 2466 et

1971 2484 2166 2538 advena
2200 2484 2368 2556 (Psal.
2403 2489 2491 2544 58.
2527 2492 2614 2558 15)
2647 2510 2659 2545 :
2690 2495 2826 2548 sicut
2856 2506 2909 2550 et
2939 2498 3024 2551 hic
3054 2499 3211 2564 dicit,
3241 2499 3362 2556 Dies
3402 2518 3566 2557 anno-

1971 2593 2084 2630 rum
2113 2578 2226 2632 vita:
2250 2593 2410 2648 mete,
2459 2582 2640 2652 quibus
2681 2590 2974 2657 peregrinus
3021 2607 3153 2645 mm.
3185 2593 3469 2664 Propterea
3514 2600 3567 2653 el

1974 2667 2168 2724 Paulus
2193 2669 2404 2725 dicebat
2434 2673 2500 2728 de
2523 2674 2684 2743 justis
2732 2678 2837 2733 illis
2861 2679 3048 2751 (iit'br.
3096 2684 3181 2738 ll.
3215 2685 3325 2754 5i).
3353 2688 3566 2742 ennius-

1968 2776 2058 2816 sos
2101 2762 2220 2816 illos
2247 2778 2303 2818 se
2334 2767 2481 2835 quasi
2522 2772 2842 2840 peregrinos
2882 2782 2937 2828 et
2973 2774 3208 2831 advenas
3251 2793 3371 2834 esse
3400 2787 3564 2850 super

1962 2862 2186 2909 terram.
2219 2855 2362 2925 Dies,
2391 2860 2560 2931 inquit
2579 2906 2591 2924 .
2616 2878 2864 2918 annorum
2885 2869 3007 2922 vita:
3033 2884 3176 2935 mem.
3207 2875 3383 2941 quibus
3417 2893 3554 2940 pcre-

1965 2953 2141 3021 grinus
2195 2971 2304 3008 sum
2325 2995 2342 3020 ,
2367 2967 2566 3012 centum
2611 2962 2817 3030 triginta
2859 2965 2982 3017 anui
2999 3007 3012 3027 ,
3049 2968 3199 3034 pauci
3226 2978 3272 3021 ct
3303 2971 3425 3024 mali
3446 2975 3560 3040 fue-

1959 3052 2105 3109 runt,
2133 3054 2178 3096 et
2198 3061 2298 3098 non
2327 3060 2655 3114 perrcuerunt
2680 3052 2750 3104 ad
2784 3053 2891 3107 dies
2924 3072 3175 3110 annorum
3203 3060 3315 3113 rita:
3351 3072 3554 3130 patrum

1963 3150 2209 3190 meorum.
2244 3137 2398 3202 Dies,
2440 3141 2605 3208 inquit
2630 3183 2644 3207 ,
2677 3145 2871 3214 quibus
2902 3150 3215 3218 peregrinus
3259 3150 3331 3205 fui
3354 3192 3367 3215 ,
3400 3156 3554 3222 pauci

1963 3231 2018 3277 et
2046 3225 2170 3278 mali
2198 3225 2431 3281 fuerunt.
2457 3229 2732 3299 SigttiiiCaL
2757 3233 2846 3288 hic
2873 3250 3045 3290 annos
3071 3239 3368 3308 servitutis,
3393 3257 3552 3314 quam

1960 3317 2208 3370 sustinuit
2238 3319 2376 3388 apud
2405 3319 2585 3376 Labau
2616 3333 2736 3393 post
2761 3324 2937 3396 fugam
2957 3371 2971 3394 ,
3003 3343 3163 3399 quam
3196 3345 3416 3404 propter
3449 3336 3554 3390 {rat

1961 3411 2094 3459 trem
2126 3407 2248 3461 fecit
2275 3427 2286 3461 :
2317 3409 2510 3466 deinde
2537 3423 2662 3482 post
2702 3415 2928 3472 reditum
2960 3421 3027 3474 ab
3048 3436 3113 3476 eo
3160 3422 3280 3478 loco
3301 3466 3316 3489 ,
3346 3423 3552 3482 luctum

1957 3509 2116 3564 quem
2144 3507 2290 3551 tanto
2318 3511 2555 3572 tempore
2589 3504 2768 3559 habuit
2801 3521 3020 3577 propter
3050 3523 3279 3569 mortem
3310 3515 3508 3587 Joseph
3529 3554 3544 3583 δ

1957 3593 2008 3638 et
2039 3595 2257 3657 propter
2301 3589 2434 3644 alias
2462 3591 2766 3663 interjectas
2792 3597 3054 3654 miserias.
3086 3602 3358 3670 Quantum
3402 3610 3544 3664 enim

1951 3676 2198 3731 timorem
2231 3696 2353 3735 eum
2386 3682 2634 3739 habuisse
2667 3695 2816 3755 putas
2841 3729 2855 3750 ,
2892 3691 3108 3760 quau-do
3150 3706 3367 3766 propter
3389 3715 3546 3752 sorm

1952 3783 2065 3823 rem
2099 3771 2330 3842 Symeon
2354 3783 2404 3827 et
2436 3775 2558 3829 Levi
2587 3791 2775 3834 omues
2801 3781 3034 3838 civitatis
3065 3785 3205 3840 viros
3231 3790 3544 3847 occiderunt

1950 3870 1999 3912 ct
2029 3875 2218 3916 omnes
2264 3866 2355 3934 qui
2401 3865 2453 3920 in
2499 3867 2724 3924 Secituis
2762 3883 2919 3927 erant
2954 3877 3193 3946 captivos
3234 3880 3543 3940 duxerunt?

1950 3950 2164 4006 Dicebat
2209 3957 2349 4010 «nim
2381 3970 2504 4013 tunc
2553 3961 2796 4017 indicans
2849 3967 3012 4022 animi
3050 3983 3301 4041 augerem
3347 3975 3398 4029 iu
3434 3992 3542 4045 quo

1940 4052 2060 4095 crat
2094 4061 2106 4096 :
2146 4043 2462 4101 Inoidiosum
2487 4068 2564 4103 me
2592 4053 2812 4121 fecistis,
2845 4055 2917 4110 ita
2937 4068 2996 4112 ut
3023 4061 3185 4115 maius
3202 4063 3388 4118 habear
3409 4043 3540 4121 inter

1945 4133 2224 4189 habitantes
2269 4149 2477 4194 (errant.
2519 4141 2631 4214 Ego
2669 4158 2838 4199 autem
2884 4149 2936 4201 in
2965 4165 3120 4220 pareo
3162 4168 3370 4208 numero
3400 4175 3537 4214 sum.

1943 4223 2010 4278 Et
2034 4232 2322 4299 congrcgati
2347 4248 2499 4301 super
2517 4252 2623 4298 me,
2653 4239 2918 4294 concident
2939 4258 3017 4295 me
3038 4259 3057 4297 :
3082 4253 3127 4297 et
3153 4245 3354 4300 delebor
3373 4259 3420 4302 et
3447 4265 3540 4322 ego

1939 4318 2183 4373 ctdomus
2207 4338 2315 4374 mea
2356 4323 2512 4392 (Gen.
2546 4327 2635 4380 54.
2667 4329 2782 4396 30).
2817 4330 3106 4402 Propterea
3148 4336 3275 4390 diri!
3310 4357 3324 4394 :
3373 4318 3536 4396 Pauci

1939 4417 1986 4460 et
2016 4409 2137 4462 ntali
2165 4411 2272 4465 dies
2293 4430 2543 4468 annorum
2567 4418 2680 4471 riter:
2703 4436 2843 4474 metr.
2877 4424 2959 4476 ll.
2992 4423 3055 4477 Et
3084 4424 3274 4497 Ioseph
3300 4429 3534 4488 habitare

1937 4498 2055 4566 fecit
2082 4512 2276 4570 patrem
2311 4522 2460 4558 suum
2491 4517 2536 4560 e.’
2580 4510 2762 4578 fratres
2786 4528 2906 4566 suos
2925 4554 2938 4575 ,
2971 4522 3016 4567 et
3046 4517 3181 4569 dedit
3209 4520 3280 4571 eis
3325 4538 3526 4589 possesa-

1934 4592 2123 4646 sionem
2173 4595 2226 4649 in
2279 4607 2414 4651 terra
2460 4599 2712 4672 ﬂgypti,
2767 4605 2818 4658 in
2849 4608 3040 4674 optima
3095 4621 3264 4672 terra.
3293 4615 3344 4667 in
3391 4625 3526 4672 terra

1934 4681 2203 4748 Rttiitesse,
2233 4688 2360 4740 sicut
2399 4703 2706 4758 piwceperat
2739 4693 2946 4750 Pharao
2973 4711 2993 4752 :
3029 4700 3108 4753 1-1.
3140 4713 3186 4754 et
3215 4705 3522 4775 frumentum

1932 4777 2225 4832 metiebatur
2271 4779 2462 4849 Ioseph
2512 4785 2648 4853 patri
2694 4797 2741 4840 rt
2793 4790 3036 4860 fratribus
3083 4796 3224 4859 suis,
3278 4807 3325 4850 et
3383 4802 3520 4854 omni

1929 4869 2101 4922 domui
2139 4873 2297 4940 patris
2334 4880 2448 4936 sui,
2488 4879 2799 4944 frumentum
2845 4886 3117 4938 sectandum
3158 4904 3362 4956 corpus.
3410 4891 3522 4947 Iloc

1927 4971 2038 5014 erat
2063 4964 2202 5032 qttod
2232 4965 2443 5020 dicebat
2483 4969 2772 5028 fratribus:
2808 4973 2947 5028 Μίεῑι
2975 4993 3052 5031 me
3095 4978 3229 5034 Deus
3254 4994 3370 5036 ante
3399 4999 3517 5050 ros,

1925 5065 1980 5104 ut
2020 5057 2383 5127 relinqueretur
2412 5060 2548 5114 vobis
2570 5064 2736 5130 portio
2761 5082 2912 5132 super
2935 5077 3155 5133 terram;
3177 5081 3248 5131 et.
3277 5072 3338 5130 In
3363 5077 3516 5133 vitam

1922 5143 2056 5196 misit
2088 5162 2165 5197 me
2190 5145 2326 5202 Deus
2355 5159 2470 5203 ante
2492 5167 2578 5206 res
2606 5151 2765 5220 (Gen.
2791 5156 2882 5210 45.
2911 5157 2962 5211 7.
2989 5156 3068 5226 5).
3097 5159 3142 5213 F
3144 5175 3376 5220 ramenta
3404 5184 3513 5222 meo

1921 5234 2152 5300 ttebatur,
2200 5238 2368 5308 inquit
2389 5282 2403 5303 ,
2435 5243 2506 5296 eis
2534 5246 2806 5298 secundum
2833 5263 3041 5317 corpus.

1990 5328 2173 5381 Anima
2197 5332 2274 5384 rel
2309 5349 2491 5400 corpus
2532 5345 2663 5389 totus
2686 5337 2858 5393 homo.
2913 5337 3182 5404 Quomodo
3210 5361 3265 5398 se
3309 5349 3516 5415 gesserit

1913 5416 2168 5487 Iosephus
2189 5439 2307 5492 erga
2332 5422 2610 5494 Afyyptios
2629 5466 2644 5492 ,
2675 5431 2908 5485 stt-ciente
2935 5436 3088 5502 furate.
3118 5465 3191 5476 —-
3231 5436 3368 5505 Quid
3397 5450 3510 5506 est,

1916 5511 2208 5566 Secundum
2255 5518 2483 5589 corpus?
2530 5519 2800 5587 Quantum
2848 5523 3150 5580 sufficiebat
3199 5529 3507 5599 unicuique.

1913 5603 2025 5659 Mos
2067 5607 2208 5660 enim
2240 5617 2322 5661 est
2353 5609 2646 5679 Scriptura:
2674 5613 2964 5683 aliquando
3012 5619 3080 5670 ah
3109 5621 3282 5675 anima
3337 5633 3507 5680 totum

1911 5693 2181 5751 hominem
2236 5703 2516 5771 nominare
2540 5745 2555 5768 ,
2585 5703 2876 5775 aliquando
2914 5721 2943 5761 a
2973 5723 3218 5780 corpore.
3255 5713 3319 5770 Et
3367 5728 3504 5773 sicut

1907 5789 2153 5855 superius
2174 5789 2402 5855 dicebat,
2431 5792 2494 5845 In
2521 5797 2843 5866 septuaginta
2863 5798 3083 5868 quinque
3115 5805 3378 5855 aninmlms
3419 5809 3506 5861 deo

1912 5877 2105 5931 scendit
2129 5879 2293 5934 Iacob
2328 5881 2379 5934 in
2423 5881 2710 5954 Ᾰίῃνριιιιιι
2746 5884 2898 5958 (Gen.
2926 5888 3015 5944 ισ.
3062 5889 3183 5961 2ης
3217 5902 3272 5946 ιιι
3297 5895 3511 5954 diceret
