  <div class='ocr_page' id='page_1' title='image "/cluster/home/n/w/nwhite01/storage/ocr_20150623/54/uva.x004108763/193.png"; bbox 0 0 4134 6468; ppageno 0'>
   <div class='ocr_carea' id='block_1_1' title="bbox 638 428 743 484">
    <p class='ocr_par' dir='ltr' id='par_1_1' title="bbox 638 428 743 484">
     <span class='ocr_line' id='line_1_1' title="bbox 638 428 743 484; baseline -0.01 -2"><span class='ocrx_word' id='word_1_1' title='bbox 638 428 743 484; x_wconf 74' lang='lat'><strong>563</strong></span> 
     </span>
    </p>
   </div>
   <div class='ocr_carea' id='block_1_2' title="bbox 632 512 2208 612">
    <p class='ocr_par' dir='ltr' id='par_1_2' title="bbox 632 512 2208 612">
     <span class='ocr_line' id='line_1_2' title="bbox 632 512 2208 612; baseline -0.022 -13"><span class='ocrx_word' id='word_1_2' title='bbox 632 539 960 612; x_wconf 78' lang='lat' dir='ltr'><strong>septuaginta</strong></span> <span class='ocrx_word' id='word_1_3' title='bbox 989 534 1221 604; x_wconf 87' lang='lat' dir='ltr'><strong>quinque</strong></span> <span class='ocrx_word' id='word_1_4' title='bbox 1253 531 1396 582; x_wconf 87' lang='lat' dir='ltr'><strong>viros</strong></span> <span class='ocrx_word' id='word_1_5' title='bbox 1435 535 1490 580; x_wconf 87' lang='lat' dir='ltr'><strong>et</strong></span> <span class='ocrx_word' id='word_1_6' title='bbox 1533 522 1784 577; x_wconf 79' lang='lat' dir='ltr'><strong>mulieres</strong></span> <span class='ocrx_word' id='word_1_7' title='bbox 1813 535 1828 573; x_wconf 87' lang='lat'>:</span> <span class='ocrx_word' id='word_1_8' title='bbox 1861 517 1942 571; x_wconf 86' lang='lat' dir='ltr'><strong>sic</strong></span> <span class='ocrx_word' id='word_1_9' title='bbox 1985 525 2040 570; x_wconf 87' lang='lat' dir='ltr'><strong>et</strong></span> <span class='ocrx_word' id='word_1_10' title='bbox 2089 512 2208 575; x_wconf 88' lang='lat' dir='ltr'><strong>hic,</strong></span> 
     </span>
    </p>
   </div>
   <div class='ocr_carea' id='block_1_3' title="bbox 635 603 2215 691">
    <p class='ocr_par' dir='ltr' id='par_1_3' title="bbox 635 603 2215 691">
     <span class='ocr_line' id='line_1_3' title="bbox 635 603 2215 691; baseline -0.02 -4"><span class='ocrx_word' id='word_1_11' title='bbox 635 603 929 686; x_wconf 74' lang='lat' dir='ltr'><strong>secundum</strong></span> <span class='ocrx_word' id='word_1_12' title='bbox 957 603 1139 691; x_wconf 87' lang='lat' dir='ltr'><strong>corpus</strong></span> <span class='ocrx_word' id='word_1_13' title='bbox 1159 661 1174 683; x_wconf 88' lang='lat'><strong>,</strong></span> <span class='ocrx_word' id='word_1_14' title='bbox 1198 619 1250 672; x_wconf 97' lang='lat' dir='ltr'><strong>id</strong></span> <span class='ocrx_word' id='word_1_15' title='bbox 1279 625 1362 671; x_wconf 88' lang='lat' dir='ltr'><strong>est</strong></span> <span class='ocrx_word' id='word_1_16' title='bbox 1406 629 1503 683; x_wconf 91' lang='lat' dir='ltr'><strong>pro</strong></span> <span class='ocrx_word' id='word_1_17' title='bbox 1528 611 1753 679; x_wconf 78' lang='lat' dir='ltr'><strong>singulis</strong></span> <span class='ocrx_word' id='word_1_18' title='bbox 1793 606 2117 661; x_wconf 84' lang='lat' dir='ltr'><strong>hominibus.</strong></span> <span class='ocrx_word' id='word_1_19' title='bbox 2143 603 2215 656; x_wconf 77' lang='grc' dir='ltr'><strong>-Ει</strong></span> 
     </span>
    </p>
   </div>
   <div class='ocr_carea' id='block_1_4' title="bbox 637 693 2214 788">
    <p class='ocr_par' dir='ltr' id='par_1_4' title="bbox 637 693 2214 788">
     <span class='ocr_line' id='line_1_4' title="bbox 637 693 2214 788; baseline -0.018 -12"><span class='ocrx_word' id='word_1_20' title='bbox 637 731 744 776; x_wconf 86' lang='lat' dir='ltr'><strong>tota</strong></span> <span class='ocrx_word' id='word_1_21' title='bbox 788 718 999 788; x_wconf 79' lang='lat' dir='ltr'><strong>quidem</strong></span> <span class='ocrx_word' id='word_1_22' title='bbox 1050 711 1310 782; x_wconf 57' lang='lat' dir='ltr'><strong>Egytllns</strong></span> <span class='ocrx_word' id='word_1_23' title='bbox 1357 717 1412 761; x_wconf 87' lang='lat' dir='ltr'><strong>et</strong></span> <span class='ocrx_word' id='word_1_24' title='bbox 1439 706 1860 760; x_wconf 74' lang='lat' dir='ltr'><strong>Cltatianzeorum</strong></span> <span class='ocrx_word' id='word_1_25' title='bbox 1907 697 2054 767; x_wconf 77' lang='lat' dir='ltr'><strong>regio</strong></span> <span class='ocrx_word' id='word_1_26' title='bbox 2077 693 2214 748; x_wconf 67' lang='lat' dir='ltr'><strong>laute</strong></span> 
     </span>
    </p>
   </div>
   <div class='ocr_carea' id='block_1_5' title="bbox 639 788 2214 874">
    <p class='ocr_par' dir='ltr' id='par_1_5' title="bbox 639 788 2214 874">
     <span class='ocr_line' id='line_1_5' title="bbox 639 788 2214 874; baseline -0.017 -9"><span class='ocrx_word' id='word_1_27' title='bbox 639 810 983 874; x_wconf 82' lang='lat' dir='ltr'><strong>laborabant,</strong></span> <span class='ocrx_word' id='word_1_28' title='bbox 1017 806 1115 874; x_wconf 84' lang='lat' dir='ltr'><strong>ipsi</strong></span> <span class='ocrx_word' id='word_1_29' title='bbox 1155 813 1330 856; x_wconf 88' lang='lat' dir='ltr'><strong>autem</strong></span> <span class='ocrx_word' id='word_1_30' title='bbox 1375 811 1627 866; x_wconf 77' lang='lat' dir='ltr'><strong>prospere</strong></span> <span class='ocrx_word' id='word_1_31' title='bbox 1669 793 1926 862; x_wconf 79' lang='lat' dir='ltr'><strong>agebant,</strong></span> <span class='ocrx_word' id='word_1_32' title='bbox 1958 788 2214 842; x_wconf 84' lang='lat' dir='ltr'><strong>habentes</strong></span> 
     </span>
    </p>
   </div>
   <div class='ocr_carea' id='block_1_6' title="bbox 640 877 2216 971">
    <p class='ocr_par' dir='ltr' id='par_1_6' title="bbox 640 877 2216 971">
     <span class='ocr_line' id='line_1_6' title="bbox 640 877 2216 971; baseline -0.018 -15"><span class='ocrx_word' id='word_1_33' title='bbox 640 901 790 971; x_wconf 76' lang='lat' dir='ltr'><strong>quasi</strong></span> <span class='ocrx_word' id='word_1_34' title='bbox 812 916 883 954; x_wconf 77' lang='lat' dir='ltr'><strong>ev</strong></span> <span class='ocrx_word' id='word_1_35' title='bbox 909 897 1140 951; x_wconf 78' lang='lat' dir='ltr'><strong>fontibus</strong></span> <span class='ocrx_word' id='word_1_36' title='bbox 1169 890 1481 962; x_wconf 79' lang='lat' dir='ltr'><strong>proﬂuentia</strong></span> <span class='ocrx_word' id='word_1_37' title='bbox 1514 886 1796 941; x_wconf 82' lang='lat' dir='ltr'><strong>lrmnenta.</strong></span> <span class='ocrx_word' id='word_1_38' title='bbox 1827 882 1912 934; x_wconf 81' lang='grc'><strong>15.</strong></span> <span class='ocrx_word' id='word_1_39' title='bbox 1963 877 2216 931; x_wconf 80' lang='lat' dir='ltr'><strong>Frumen-</strong></span> 
     </span>
    </p>
   </div>
   <div class='ocr_carea' id='block_1_7' title="bbox 645 967 2219 1056">
    <p class='ocr_par' dir='ltr' id='par_1_7' title="bbox 645 967 2219 1056">
     <span class='ocr_line' id='line_1_7' title="bbox 645 967 2219 1056; baseline -0.017 -12"><span class='ocrx_word' id='word_1_40' title='bbox 645 992 942 1056; x_wconf 83' lang='lat' dir='ltr'><strong>tumcnim,</strong></span> <span class='ocrx_word' id='word_1_41' title='bbox 966 987 1151 1056; x_wconf 90' lang='lat' dir='ltr'><strong>inquit,</strong></span> <span class='ocrx_word' id='word_1_42' title='bbox 1187 1001 1286 1037; x_wconf 85' lang='lat' dir='ltr'><strong>non</strong></span> <span class='ocrx_word' id='word_1_43' title='bbox 1313 992 1417 1036; x_wconf 87' lang='lat' dir='ltr'><strong>erat</strong></span> <span class='ocrx_word' id='word_1_44' title='bbox 1446 977 1647 1032; x_wconf 90' lang='lat' dir='ltr'><strong>inomni</strong></span> <span class='ocrx_word' id='word_1_45' title='bbox 1674 986 1825 1028; x_wconf 88' lang='lat' dir='ltr'><strong>terra.</strong></span> <span class='ocrx_word' id='word_1_46' title='bbox 1847 969 2068 1024; x_wconf 75' lang='lat' dir='ltr'><strong>Incaluit</strong></span> <span class='ocrx_word' id='word_1_47' title='bbox 2090 967 2219 1020; x_wconf 86' lang='lat' dir='ltr'><strong>enim</strong></span> 
     </span>
    </p>
   </div>
   <div class='ocr_carea' id='block_1_8' title="bbox 648 1061 2222 1154">
    <p class='ocr_par' dir='ltr' id='par_1_8' title="bbox 648 1061 2222 1154">
     <span class='ocr_line' id='line_1_8' title="bbox 648 1061 2222 1154; baseline -0.016 -17"><span class='ocrx_word' id='word_1_48' title='bbox 648 1093 808 1154; x_wconf 71' lang='lat' dir='ltr'><strong>[unm</strong></span> <span class='ocrx_word' id='word_1_49' title='bbox 854 1097 1008 1153; x_wconf 88' lang='lat' dir='ltr'><strong>supra</strong></span> <span class='ocrx_word' id='word_1_50' title='bbox 1042 1078 1264 1131; x_wconf 89' lang='lat' dir='ltr'><strong>modum.</strong></span> <span class='ocrx_word' id='word_1_51' title='bbox 1318 1073 1506 1134; x_wconf 73' lang='lat' dir='ltr'><strong>Defeci!</strong></span> <span class='ocrx_word' id='word_1_52' title='bbox 1545 1079 1708 1121; x_wconf 77' lang='lat' dir='ltr'><strong>autem</strong></span> <span class='ocrx_word' id='word_1_53' title='bbox 1747 1077 1880 1120; x_wconf 86' lang='lat' dir='ltr'><strong>terra</strong></span> <span class='ocrx_word' id='word_1_54' title='bbox 1921 1061 2222 1133; x_wconf 59' lang='lat' dir='ltr'><strong>Egypti.“</strong></span> 
     </span>
    </p>
   </div>
   <div class='ocr_carea' id='block_1_9' title="bbox 645 1171 1357 1240">
    <p class='ocr_par' dir='ltr' id='par_1_9' title="bbox 645 1171 1357 1240">
     <span class='ocr_line' id='line_1_9' title="bbox 645 1171 1357 1240; baseline -0.018 -8"><span class='ocrx_word' id='word_1_55' title='bbox 645 1193 778 1231; x_wconf 82' lang='lat' dir='ltr'><strong>terra</strong></span> <span class='ocrx_word' id='word_1_56' title='bbox 803 1176 1044 1230; x_wconf 80' lang='lat' dir='ltr'><strong>Chanaan</strong></span> <span class='ocrx_word' id='word_1_57' title='bbox 1075 1187 1179 1240; x_wconf 79' lang='lat' dir='ltr'><strong>pra:</strong></span> <span class='ocrx_word' id='word_1_58' title='bbox 1205 1171 1357 1239; x_wconf 78' lang='lat' dir='ltr'><strong>fante.</strong></span> 
     </span>
    </p>
   </div>
   <div class='ocr_carea' id='block_1_10' title="bbox 719 1241 2225 1321">
    <p class='ocr_par' dir='ltr' id='par_1_10' title="bbox 719 1241 2225 1321">
     <span class='ocr_line' id='line_1_10' title="bbox 719 1241 2225 1321; baseline -0.018 0"><span class='ocrx_word' id='word_1_59' title='bbox 719 1271 773 1321; x_wconf 72' lang='grc'><strong>4.</strong></span> <span class='ocrx_word' id='word_1_60' title='bbox 809 1265 936 1318; x_wconf 82' lang='lat' dir='ltr'><strong>Vide</strong></span> <span class='ocrx_word' id='word_1_61' title='bbox 963 1259 1283 1316; x_wconf 73' lang='lat' dir='ltr'><strong>ineffabilem</strong></span> <span class='ocrx_word' id='word_1_62' title='bbox 1316 1255 1405 1310; x_wconf 85' lang='lat' dir='ltr'><strong>Dei</strong></span> <span class='ocrx_word' id='word_1_63' title='bbox 1432 1250 1842 1308; x_wconf 86' lang='lat' dir='ltr'><strong>sollicitudinem</strong></span> <span class='ocrx_word' id='word_1_64' title='bbox 1870 1255 1924 1302; x_wconf 89' lang='lat' dir='ltr'><strong>et</strong></span> <span class='ocrx_word' id='word_1_65' title='bbox 1943 1241 2225 1313; x_wconf 85' lang='lat' dir='ltr'><strong>prmidcn-</strong></span> 
     </span>
    </p>
   </div>
   <div class='ocr_carea' id='block_1_11' title="bbox 648 1334 2222 1425">
    <p class='ocr_par' dir='ltr' id='par_1_11' title="bbox 648 1334 2222 1425">
     <span class='ocr_line' id='line_1_11' title="bbox 648 1334 2222 1425; baseline -0.017 -14"><span class='ocrx_word' id='word_1_66' title='bbox 648 1361 771 1411; x_wconf 81' lang='lat' dir='ltr'><strong>tiam</strong></span> <span class='ocrx_word' id='word_1_67' title='bbox 800 1375 812 1410; x_wconf 87' lang='lat'><strong>:</strong></span> <span class='ocrx_word' id='word_1_68' title='bbox 843 1353 1109 1425; x_wconf 79' lang='lat' dir='ltr'><strong>quomodo</strong></span> <span class='ocrx_word' id='word_1_69' title='bbox 1138 1361 1420 1417; x_wconf 82' lang='lat' dir='ltr'><strong>antequam</strong></span> <span class='ocrx_word' id='word_1_70' title='bbox 1449 1344 1797 1398; x_wconf 77' lang='lat' dir='ltr'><strong>invalesccret</strong></span> <span class='ocrx_word' id='word_1_71' title='bbox 1829 1334 2222 1402; x_wconf 56' lang='lat' dir='ltr'><strong>l&#39;amesjostmn</strong></span> 
     </span>
    </p>
   </div>
   <div class='ocr_carea' id='block_1_12' title="bbox 654 1425 2226 1520">
    <p class='ocr_par' dir='ltr' id='par_1_12' title="bbox 654 1425 2226 1520">
     <span class='ocr_line' id='line_1_12' title="bbox 654 1425 2226 1520; baseline -0.017 -16"><span class='ocrx_word' id='word_1_72' title='bbox 654 1455 702 1504; x_wconf 88' lang='lat' dir='ltr'><strong>in</strong></span> <span class='ocrx_word' id='word_1_73' title='bbox 729 1449 1014 1520; x_wconf 63' lang='lat' dir='ltr'><strong>Egyptian</strong></span> <span class='ocrx_word' id='word_1_74' title='bbox 1057 1442 1336 1500; x_wconf 76' lang='lat' dir='ltr'><strong>deduxerit</strong></span> <span class='ocrx_word' id='word_1_75' title='bbox 1361 1481 1372 1501; x_wconf 88' lang='lat'><strong>,</strong></span> <span class='ocrx_word' id='word_1_76' title='bbox 1405 1455 1472 1493; x_wconf 79' lang='lat' dir='ltr'><strong>ne</strong></span> <span class='ocrx_word' id='word_1_77' title='bbox 1515 1437 1654 1490; x_wconf 89' lang='lat' dir='ltr'><strong>illam</strong></span> <span class='ocrx_word' id='word_1_78' title='bbox 1683 1434 1902 1487; x_wconf 87' lang='lat' dir='ltr'><strong>sentiret</strong></span> <span class='ocrx_word' id='word_1_79' title='bbox 1931 1425 2226 1495; x_wconf 74' lang='lat' dir='ltr'><strong>angustiam</strong></span> 
     </span>
    </p>
   </div>
   <div class='ocr_carea' id='block_1_13' title="bbox 651 1517 2228 1609">
    <p class='ocr_par' dir='ltr' id='par_1_13' title="bbox 651 1517 2228 1609">
     <span class='ocr_line' id='line_1_13' title="bbox 651 1517 2228 1609; baseline -0.015 -16"><span class='ocrx_word' id='word_1_80' title='bbox 651 1558 769 1609; x_wconf 75' lang='lat' dir='ltr'><strong>qua:</strong></span> <span class='ocrx_word' id='word_1_81' title='bbox 800 1517 1018 1593; x_wconf 78' lang='lat' dir='ltr'><strong>ventura</strong></span> <span class='ocrx_word' id='word_1_82' title='bbox 1051 1544 1165 1589; x_wconf 79' lang='lat' dir='ltr'><strong>erat</strong></span> <span class='ocrx_word' id='word_1_83' title='bbox 1204 1533 1253 1586; x_wconf 88' lang='lat' dir='ltr'><strong>itt</strong></span> <span class='ocrx_word' id='word_1_84' title='bbox 1285 1531 1556 1585; x_wconf 81' lang='lat' dir='ltr'><strong>Chanaan.</strong></span> <span class='ocrx_word' id='word_1_85' title='bbox 1601 1527 1663 1579; x_wconf 73' lang='lat' dir='ltr'><strong>Et</strong></span> <span class='ocrx_word' id='word_1_86' title='bbox 1693 1523 1938 1578; x_wconf 87' lang='lat' dir='ltr'><strong>omnibus</strong></span> <span class='ocrx_word' id='word_1_87' title='bbox 1969 1520 2095 1574; x_wconf 88' lang='lat' dir='ltr'><strong>illuc</strong></span> <span class='ocrx_word' id='word_1_88' title='bbox 2134 1517 2228 1570; x_wconf 80' lang='lat' dir='ltr'><strong>dc-</strong></span> 
     </span>
    </p>
   </div>
   <div class='ocr_carea' id='block_1_14' title="bbox 655 1611 2227 1694">
    <p class='ocr_par' dir='ltr' id='par_1_14' title="bbox 655 1611 2227 1694">
     <span class='ocr_line' id='line_1_14' title="bbox 655 1611 2227 1694; baseline -0.017 -10"><span class='ocrx_word' id='word_1_89' title='bbox 655 1632 1018 1690; x_wconf 69' lang='lat' dir='ltr'><strong>t&#39;tlt‘l‘ClIllittlS,</strong></span> <span class='ocrx_word' id='word_1_90' title='bbox 1057 1629 1138 1681; x_wconf 70' lang='grc'><strong>14.</strong></span> <span class='ocrx_word' id='word_1_91' title='bbox 1171 1621 1530 1694; x_wconf 78' lang='lat' dir='ltr'><strong>Cougregarit,</strong></span> <span class='ocrx_word' id='word_1_92' title='bbox 1569 1616 1770 1686; x_wconf 84' lang='lat' dir='ltr'><strong>inquit,</strong></span> <span class='ocrx_word' id='word_1_93' title='bbox 1816 1611 2006 1680; x_wconf 85' lang='lat' dir='ltr'><strong>Joseph</strong></span> <span class='ocrx_word' id='word_1_94' title='bbox 2033 1621 2227 1662; x_wconf 85' lang='lat' dir='ltr'><strong>onmem</strong></span> 
     </span>
    </p>
   </div>
   <div class='ocr_carea' id='block_1_15' title="bbox 661 1705 2228 1792">
    <p class='ocr_par' dir='ltr' id='par_1_15' title="bbox 661 1705 2228 1792">
     <span class='ocr_line' id='line_1_15' title="bbox 661 1705 2228 1792; baseline -0.017 -15"><span class='ocrx_word' id='word_1_95' title='bbox 661 1726 948 1792; x_wconf 76' lang='lat' dir='ltr'><strong>pecuniam,</strong></span> <span class='ocrx_word' id='word_1_96' title='bbox 999 1732 1097 1772; x_wconf 90' lang='lat' dir='ltr'><strong>tam</strong></span> <span class='ocrx_word' id='word_1_97' title='bbox 1135 1734 1306 1770; x_wconf 85' lang='lat' dir='ltr'><strong>eorum</strong></span> <span class='ocrx_word' id='word_1_98' title='bbox 1334 1715 1418 1783; x_wconf 82' lang='lat' dir='ltr'><strong>qui</strong></span> <span class='ocrx_word' id='word_1_99' title='bbox 1473 1721 1614 1765; x_wconf 85' lang='lat' dir='ltr'><strong>erant</strong></span> <span class='ocrx_word' id='word_1_100' title='bbox 1679 1710 1728 1762; x_wconf 87' lang='lat' dir='ltr'><strong>in</strong></span> <span class='ocrx_word' id='word_1_101' title='bbox 1763 1705 2024 1776; x_wconf 57' lang='lat' dir='ltr'><strong>Egypto,</strong></span> <span class='ocrx_word' id='word_1_102' title='bbox 2077 1715 2228 1770; x_wconf 83' lang='lat' dir='ltr'><strong>quam</strong></span> 
     </span>
    </p>
   </div>
   <div class='ocr_carea' id='block_1_16' title="bbox 657 1792 2228 1883">
    <p class='ocr_par' dir='ltr' id='par_1_16' title="bbox 657 1792 2228 1883">
     <span class='ocr_line' id='line_1_16' title="bbox 657 1792 2228 1883; baseline -0.018 -13"><span class='ocrx_word' id='word_1_103' title='bbox 657 1833 825 1870; x_wconf 82' lang='lat' dir='ltr'><strong>eorum</strong></span> <span class='ocrx_word' id='word_1_104' title='bbox 850 1815 1092 1883; x_wconf 81' lang='lat' dir='ltr'><strong>quierant</strong></span> <span class='ocrx_word' id='word_1_105' title='bbox 1137 1815 1187 1861; x_wconf 88' lang='lat' dir='ltr'><strong>in</strong></span> <span class='ocrx_word' id='word_1_106' title='bbox 1227 1807 1502 1866; x_wconf 86' lang='lat' dir='ltr'><strong>Chanaan,</strong></span> <span class='ocrx_word' id='word_1_107' title='bbox 1541 1812 1585 1855; x_wconf 84' lang='lat' dir='ltr'><strong>et</strong></span> <span class='ocrx_word' id='word_1_108' title='bbox 1615 1802 1686 1854; x_wconf 82' lang='lat' dir='ltr'><strong>sic</strong></span> <span class='ocrx_word' id='word_1_109' title='bbox 1732 1803 1982 1868; x_wconf 71' lang='lat' dir='ltr'><strong>frumenta</strong></span> <span class='ocrx_word' id='word_1_110' title='bbox 2011 1795 2080 1846; x_wconf 87' lang='lat' dir='ltr'><strong>eis</strong></span> <span class='ocrx_word' id='word_1_111' title='bbox 2122 1792 2228 1843; x_wconf 87' lang='lat' dir='ltr'><strong>dis-</strong></span> 
     </span>
    </p>
   </div>
   <div class='ocr_carea' id='block_1_17' title="bbox 661 1882 2230 1977">
    <p class='ocr_par' dir='ltr' id='par_1_17' title="bbox 661 1882 2230 1977">
     <span class='ocr_line' id='line_1_17' title="bbox 661 1882 2230 1977; baseline -0.017 -16"><span class='ocrx_word' id='word_1_112' title='bbox 661 1882 901 1977; x_wconf 74' lang='lat' dir='ltr'><strong>pensavit.</strong></span> <span class='ocrx_word' id='word_1_113' title='bbox 953 1905 1038 1958; x_wconf 82' lang='grc'><strong>15.</strong></span> <span class='ocrx_word' id='word_1_114' title='bbox 1095 1900 1158 1955; x_wconf 83' lang='lat' dir='ltr'><strong>Et</strong></span> <span class='ocrx_word' id='word_1_115' title='bbox 1209 1898 1386 1969; x_wconf 79' lang='lat' dir='ltr'><strong>defecit</strong></span> <span class='ocrx_word' id='word_1_116' title='bbox 1435 1903 1602 1964; x_wconf 87' lang='lat' dir='ltr'><strong>postea</strong></span> <span class='ocrx_word' id='word_1_117' title='bbox 1656 1890 1882 1959; x_wconf 81' lang='lat' dir='ltr'><strong>pecunia.</strong></span> <span class='ocrx_word' id='word_1_118' title='bbox 1934 1882 2230 1954; x_wconf 76' lang='lat' dir='ltr'><strong>lmportavit</strong></span> 
     </span>
    </p>
   </div>
   <div class='ocr_carea' id='block_1_18' title="bbox 660 1981 2232 2051">
    <p class='ocr_par' dir='ltr' id='par_1_18' title="bbox 660 1981 2232 2051">
     <span class='ocr_line' id='line_1_18' title="bbox 660 1981 2232 2051; baseline -0.017 1"><span class='ocrx_word' id='word_1_119' title='bbox 660 2001 791 2051; x_wconf 62' lang='lat' dir='ltr'><strong>enim</strong></span> <span class='ocrx_word' id='word_1_120' title='bbox 845 2013 1039 2049; x_wconf 87' lang='lat' dir='ltr'><strong>ontncm</strong></span> <span class='ocrx_word' id='word_1_121' title='bbox 1077 1995 1128 2047; x_wconf 89' lang='lat' dir='ltr'><strong>in</strong></span> <span class='ocrx_word' id='word_1_122' title='bbox 1174 1993 1378 2045; x_wconf 83' lang='lat' dir='ltr'><strong>domum</strong></span> <span class='ocrx_word' id='word_1_123' title='bbox 1425 1985 1726 2040; x_wconf 73' lang='lat' dir='ltr'><strong>Pharaonis.</strong></span> <span class='ocrx_word' id='word_1_124' title='bbox 1771 1981 2018 2035; x_wconf 79' lang='lat' dir='ltr'><strong>Venerunt</strong></span> <span class='ocrx_word' id='word_1_125' title='bbox 2067 1985 2232 2028; x_wconf 83' lang='lat' dir='ltr'><strong>autem</strong></span> 
     </span>
    </p>
   </div>
   <div class='ocr_carea' id='block_1_19' title="bbox 667 2073 2236 2158">
    <p class='ocr_par' dir='ltr' id='par_1_19' title="bbox 667 2073 2236 2158">
     <span class='ocr_line' id='line_1_19' title="bbox 667 2073 2236 2158; baseline -0.017 -14"><span class='ocrx_word' id='word_1_126' title='bbox 667 2090 896 2158; x_wconf 54' lang='lat' dir='ltr'><strong>Afra/pta</strong></span> <span class='ocrx_word' id='word_1_127' title='bbox 922 2102 1088 2138; x_wconf 83' lang='lat' dir='ltr'><strong>omnes</strong></span> <span class='ocrx_word' id='word_1_128' title='bbox 1113 2125 1124 2144; x_wconf 89' lang='lat'><strong>,</strong></span> <span class='ocrx_word' id='word_1_129' title='bbox 1166 2094 1212 2135; x_wconf 89' lang='lat' dir='ltr'><strong>et</strong></span> <span class='ocrx_word' id='word_1_130' title='bbox 1242 2081 1468 2133; x_wconf 76' lang='lat' dir='ltr'><strong>dicebant</strong></span> <span class='ocrx_word' id='word_1_131' title='bbox 1494 2093 1510 2130; x_wconf 90' lang='lat'><strong><em>:</em></strong></span> <span class='ocrx_word' id='word_1_132' title='bbox 1542 2076 1619 2130; x_wconf 86' lang='lat' dir='ltr'><strong>Da</strong></span> <span class='ocrx_word' id='word_1_133' title='bbox 1663 2073 1802 2126; x_wconf 84' lang='lat' dir='ltr'><strong>nobis</strong></span> <span class='ocrx_word' id='word_1_134' title='bbox 1829 2085 2016 2140; x_wconf 74' lang='lat' dir='ltr'><strong>panes:</strong></span> <span class='ocrx_word' id='word_1_135' title='bbox 2065 2077 2106 2120; x_wconf 84' lang='lat' dir='ltr'><strong>et</strong></span> <span class='ocrx_word' id='word_1_136' title='bbox 2147 2083 2236 2118; x_wconf 89' lang='lat' dir='ltr'><strong>cur</strong></span> 
     </span>
    </p>
   </div>
   <div class='ocr_carea' id='block_1_20' title="bbox 664 2161 2236 2239">
    <p class='ocr_par' dir='ltr' id='par_1_20' title="bbox 664 2161 2236 2239">
     <span class='ocr_line' id='line_1_20' title="bbox 664 2161 2236 2239; baseline -0.015 -8"><span class='ocrx_word' id='word_1_137' title='bbox 664 2181 906 2232; x_wconf 79' lang='lat' dir='ltr'><strong>morimur</strong></span> <span class='ocrx_word' id='word_1_138' title='bbox 938 2187 1051 2227; x_wconf 85' lang='lat' dir='ltr'><strong>ante</strong></span> <span class='ocrx_word' id='word_1_139' title='bbox 1073 2173 1157 2225; x_wconf 84' lang='lat' dir='ltr'><strong>te?</strong></span> <span class='ocrx_word' id='word_1_140' title='bbox 1188 2170 1380 2239; x_wconf 74' lang='lat' dir='ltr'><strong>Defecit</strong></span> <span class='ocrx_word' id='word_1_141' title='bbox 1429 2168 1557 2221; x_wconf 89' lang='lat' dir='ltr'><strong>enim</strong></span> <span class='ocrx_word' id='word_1_142' title='bbox 1581 2165 1809 2235; x_wconf 75' lang='lat' dir='ltr'><strong>pecunia.</strong></span> <span class='ocrx_word' id='word_1_143' title='bbox 1843 2161 1953 2214; x_wconf 76' lang='lat' dir='ltr'><strong>Non</strong></span> <span class='ocrx_word' id='word_1_144' title='bbox 1994 2169 2110 2211; x_wconf 75' lang='lat' dir='ltr'><strong>sunt</strong></span> <span class='ocrx_word' id='word_1_145' title='bbox 2142 2172 2236 2210; x_wconf 84' lang='lat' dir='ltr'><strong>no-</strong></span> 
     </span>
    </p>
   </div>
   <div class='ocr_carea' id='block_1_21' title="bbox 665 2247 2236 2336">
    <p class='ocr_par' dir='ltr' id='par_1_21' title="bbox 665 2247 2236 2336">
     <span class='ocr_line' id='line_1_21' title="bbox 665 2247 2236 2336; baseline -0.015 -15"><span class='ocrx_word' id='word_1_146' title='bbox 665 2271 773 2331; x_wconf 79' lang='lat' dir='ltr'><strong>bis,</strong></span> <span class='ocrx_word' id='word_1_147' title='bbox 804 2267 1083 2336; x_wconf 90' lang='lat' dir='ltr'><strong>inquiunt,</strong></span> <span class='ocrx_word' id='word_1_148' title='bbox 1119 2263 1296 2331; x_wconf 84' lang='lat' dir='ltr'><strong>plures</strong></span> <span class='ocrx_word' id='word_1_149' title='bbox 1342 2258 1578 2329; x_wconf 78' lang='lat' dir='ltr'><strong>pecuni;c</strong></span> <span class='ocrx_word' id='word_1_150' title='bbox 1600 2283 1622 2315; x_wconf 92' lang='lat'><strong>,-</strong></span> <span class='ocrx_word' id='word_1_151' title='bbox 1646 2265 1701 2307; x_wconf 84' lang='lat' dir='ltr'><strong>tu</strong></span> <span class='ocrx_word' id='word_1_152' title='bbox 1725 2265 1995 2312; x_wconf 84' lang='lat' dir='ltr'><strong>emamus,</strong></span> <span class='ocrx_word' id='word_1_153' title='bbox 2040 2259 2092 2303; x_wconf 91' lang='lat' dir='ltr'><strong>ct</strong></span> <span class='ocrx_word' id='word_1_154' title='bbox 2119 2247 2236 2300; x_wconf 86' lang='lat' dir='ltr'><strong>ideo</strong></span> 
     </span>
    </p>
   </div>
   <div class='ocr_carea' id='block_1_22' title="bbox 667 2342 2237 2425">
    <p class='ocr_par' dir='ltr' id='par_1_22' title="bbox 667 2342 2237 2425">
     <span class='ocr_line' id='line_1_22' title="bbox 667 2342 2237 2425; baseline -0.014 -13"><span class='ocrx_word' id='word_1_155' title='bbox 667 2359 806 2412; x_wconf 72' lang='lat' dir='ltr'><strong>laute</strong></span> <span class='ocrx_word' id='word_1_156' title='bbox 831 2358 1080 2425; x_wconf 75' lang='lat' dir='ltr'><strong>perimus.</strong></span> <span class='ocrx_word' id='word_1_157' title='bbox 1133 2353 1206 2406; x_wconf 73' lang='lat' dir='ltr'><strong>Ne</strong></span> <span class='ocrx_word' id='word_1_158' title='bbox 1240 2352 1397 2421; x_wconf 82' lang='lat' dir='ltr'><strong>igitur</strong></span> <span class='ocrx_word' id='word_1_159' title='bbox 1425 2348 1686 2415; x_wconf 80' lang='lat' dir='ltr'><strong>despicias</strong></span> <span class='ocrx_word' id='word_1_160' title='bbox 1734 2358 1831 2398; x_wconf 91' lang='lat' dir='ltr'><strong>nos</strong></span> <span class='ocrx_word' id='word_1_161' title='bbox 1853 2384 1866 2404; x_wconf 89' lang='lat'><strong>,</strong></span> <span class='ocrx_word' id='word_1_162' title='bbox 1897 2342 1984 2410; x_wconf 87' lang='lat' dir='ltr'><strong>qui</strong></span> <span class='ocrx_word' id='word_1_163' title='bbox 2013 2356 2039 2392; x_wconf 87' lang='lat' dir='ltr'><strong>a</strong></span> <span class='ocrx_word' id='word_1_164' title='bbox 2070 2347 2237 2391; x_wconf 87' lang='lat' dir='ltr'><strong>morte</strong></span> 
     </span>
    </p>
   </div>
   <div class='ocr_carea' id='block_1_23' title="bbox 668 2432 2238 2509">
    <p class='ocr_par' dir='ltr' id='par_1_23' title="bbox 668 2432 2238 2509">
     <span class='ocr_line' id='line_1_23' title="bbox 668 2432 2238 2509; baseline -0.013 -9"><span class='ocrx_word' id='word_1_165' title='bbox 668 2451 738 2502; x_wconf 89' lang='lat' dir='ltr'><strong>ita</strong></span> <span class='ocrx_word' id='word_1_166' title='bbox 758 2446 1095 2508; x_wconf 82' lang='lat' dir='ltr'><strong>obsidemur,</strong></span> <span class='ocrx_word' id='word_1_167' title='bbox 1125 2442 1218 2497; x_wconf 86' lang='lat' dir='ltr'><strong>sed</strong></span> <span class='ocrx_word' id='word_1_168' title='bbox 1248 2439 1424 2509; x_wconf 75' lang='lat' dir='ltr'><strong>przebc</strong></span> <span class='ocrx_word' id='word_1_169' title='bbox 1455 2437 1603 2492; x_wconf 78' lang='lat' dir='ltr'><strong>nobis</strong></span> <span class='ocrx_word' id='word_1_170' title='bbox 1638 2450 1796 2503; x_wconf 78' lang='lat' dir='ltr'><strong>panes</strong></span> <span class='ocrx_word' id='word_1_171' title='bbox 1819 2441 1874 2486; x_wconf 92' lang='lat' dir='ltr'><strong>ut</strong></span> <span class='ocrx_word' id='word_1_172' title='bbox 1897 2432 2130 2483; x_wconf 80' lang='lat' dir='ltr'><strong>vivamus</strong></span> <span class='ocrx_word' id='word_1_173' title='bbox 2153 2468 2166 2486; x_wconf 89' lang='lat'><strong>.</strong></span> <span class='ocrx_word' id='word_1_174' title='bbox 2187 2436 2238 2480; x_wconf 84' lang='lat' dir='ltr'><strong>et</strong></span> 
     </span>
    </p>
   </div>
   <div class='ocr_carea' id='block_1_24' title="bbox 669 2522 2238 2596">
    <p class='ocr_par' dir='ltr' id='par_1_24' title="bbox 669 2522 2238 2596">
     <span class='ocr_line' id='line_1_24' title="bbox 669 2522 2238 2596; baseline -0.016 0"><span class='ocrx_word' id='word_1_175' title='bbox 669 2559 733 2596; x_wconf 84' lang='lat' dir='ltr'><strong>ne</strong></span> <span class='ocrx_word' id='word_1_176' title='bbox 760 2542 1066 2596; x_wconf 82' lang='lat' dir='ltr'><strong>moriamur.</strong></span> <span class='ocrx_word' id='word_1_177' title='bbox 1105 2538 1186 2591; x_wconf 79' lang='lat' dir='ltr'><strong>lti.</strong></span> <span class='ocrx_word' id='word_1_178' title='bbox 1220 2535 1358 2589; x_wconf 72' lang='lat' dir='ltr'><strong>Dixit</strong></span> <span class='ocrx_word' id='word_1_179' title='bbox 1387 2543 1547 2585; x_wconf 88' lang='lat' dir='ltr'><strong>autem</strong></span> <span class='ocrx_word' id='word_1_180' title='bbox 1574 2531 1641 2583; x_wconf 87' lang='lat' dir='ltr'><strong>eis</strong></span> <span class='ocrx_word' id='word_1_181' title='bbox 1681 2526 1870 2596; x_wconf 84' lang='lat' dir='ltr'><strong>Joseph</strong></span> <span class='ocrx_word' id='word_1_182' title='bbox 1897 2541 1913 2578; x_wconf 90' lang='lat'><strong><em>:</em></strong></span> <span class='ocrx_word' id='word_1_183' title='bbox 1936 2522 2124 2589; x_wconf 71' lang='lat' dir='ltr'><strong>Aﬂerte</strong></span> <span class='ocrx_word' id='word_1_184' title='bbox 2151 2536 2238 2588; x_wconf 83' lang='lat' dir='ltr'><strong>pc-</strong></span> 
     </span>
    </p>
   </div>
   <div class='ocr_carea' id='block_1_25' title="bbox 673 2611 2243 2692">
    <p class='ocr_par' dir='ltr' id='par_1_25' title="bbox 673 2611 2243 2692">
     <span class='ocr_line' id='line_1_25' title="bbox 673 2611 2243 2692; baseline -0.015 -6"><span class='ocrx_word' id='word_1_185' title='bbox 673 2650 789 2686; x_wconf 84' lang='lat' dir='ltr'><strong>cora</strong></span> <span class='ocrx_word' id='word_1_186' title='bbox 816 2642 975 2685; x_wconf 73' lang='lat' dir='ltr'><strong>vestra</strong></span> <span class='ocrx_word' id='word_1_187' title='bbox 1003 2673 1014 2692; x_wconf 86' lang='lat'><strong>,</strong></span> <span class='ocrx_word' id='word_1_188' title='bbox 1043 2641 1085 2682; x_wconf 89' lang='lat' dir='ltr'><strong>ct</strong></span> <span class='ocrx_word' id='word_1_189' title='bbox 1114 2627 1242 2679; x_wconf 92' lang='lat' dir='ltr'><strong>dabo</strong></span> <span class='ocrx_word' id='word_1_190' title='bbox 1267 2626 1399 2679; x_wconf 87' lang='lat' dir='ltr'><strong>robis</strong></span> <span class='ocrx_word' id='word_1_191' title='bbox 1423 2639 1594 2691; x_wconf 87' lang='lat' dir='ltr'><strong>panes.</strong></span> <span class='ocrx_word' id='word_1_192' title='bbox 1626 2621 1681 2674; x_wconf 88' lang='lat' dir='ltr'><strong>Si</strong></span> <span class='ocrx_word' id='word_1_193' title='bbox 1713 2619 1851 2672; x_wconf 87' lang='lat' dir='ltr'><strong>enim</strong></span> <span class='ocrx_word' id='word_1_194' title='bbox 1884 2631 1987 2668; x_wconf 77' lang='lat' dir='ltr'><strong>non</strong></span> <span class='ocrx_word' id='word_1_195' title='bbox 2013 2611 2243 2681; x_wconf 78' lang='lat' dir='ltr'><strong>Suppetit</strong></span> 
     </span>
    </p>
   </div>
   <div class='ocr_carea' id='block_1_26' title="bbox 673 2700 2242 2790">
    <p class='ocr_par' dir='ltr' id='par_1_26' title="bbox 673 2700 2242 2790">
     <span class='ocr_line' id='line_1_26' title="bbox 673 2700 2242 2790; baseline -0.017 -13"><span class='ocrx_word' id='word_1_196' title='bbox 673 2725 821 2777; x_wconf 80' lang='lat' dir='ltr'><strong>vobis</strong></span> <span class='ocrx_word' id='word_1_197' title='bbox 850 2722 1068 2790; x_wconf 74' lang='lat' dir='ltr'><strong>pecuina</strong></span> <span class='ocrx_word' id='word_1_198' title='bbox 1091 2762 1105 2781; x_wconf 88' lang='lat'><strong>,</strong></span> <span class='ocrx_word' id='word_1_199' title='bbox 1159 2717 1366 2786; x_wconf 79' lang='lat' dir='ltr'><strong>inquit,</strong></span> <span class='ocrx_word' id='word_1_200' title='bbox 1414 2713 1612 2778; x_wconf 84' lang='lat' dir='ltr'><strong>accipio</strong></span> <span class='ocrx_word' id='word_1_201' title='bbox 1641 2721 1690 2764; x_wconf 87' lang='lat' dir='ltr'><strong>et</strong></span> <span class='ocrx_word' id='word_1_202' title='bbox 1720 2720 1925 2776; x_wconf 76' lang='lat' dir='ltr'><strong>peoora.</strong></span> <span class='ocrx_word' id='word_1_203' title='bbox 1962 2704 2020 2757; x_wconf 89' lang='lat' dir='ltr'><strong>Si</strong></span> <span class='ocrx_word' id='word_1_204' title='bbox 2067 2700 2242 2768; x_wconf 70' lang='lat' dir='ltr'><strong>defecit</strong></span> 
     </span>
    </p>
   </div>
   <div class='ocr_carea' id='block_1_27' title="bbox 675 2794 2240 2882">
    <p class='ocr_par' dir='ltr' id='par_1_27' title="bbox 675 2794 2240 2882">
     <span class='ocr_line' id='line_1_27' title="bbox 675 2794 2240 2882; baseline -0.019 -13"><span class='ocrx_word' id='word_1_205' title='bbox 675 2815 913 2882; x_wconf 87' lang='lat' dir='ltr'><strong>pecunia,</strong></span> <span class='ocrx_word' id='word_1_206' title='bbox 948 2811 1192 2864; x_wconf 79' lang='lat' dir='ltr'><strong>adducite</strong></span> <span class='ocrx_word' id='word_1_207' title='bbox 1221 2820 1408 2876; x_wconf 80' lang='lat' dir='ltr'><strong>pecora</strong></span> <span class='ocrx_word' id='word_1_208' title='bbox 1451 2812 1626 2856; x_wconf 83' lang='lat' dir='ltr'><strong>vestra</strong></span> <span class='ocrx_word' id='word_1_209' title='bbox 1652 2842 1660 2859; x_wconf 88' lang='lat'><strong>.</strong></span> <span class='ocrx_word' id='word_1_210' title='bbox 1687 2807 1740 2852; x_wconf 92' lang='lat' dir='ltr'><strong>et</strong></span> <span class='ocrx_word' id='word_1_211' title='bbox 1761 2794 2028 2862; x_wconf 73' lang='lat' dir='ltr'><strong>accipietis</strong></span> <span class='ocrx_word' id='word_1_212' title='bbox 2059 2805 2240 2861; x_wconf 70' lang='lat' dir='ltr'><strong>partes.</strong></span> 
     </span>
    </p>
   </div>
   <div class='ocr_carea' id='block_1_28' title="bbox 676 2883 2242 2962">
    <p class='ocr_par' dir='ltr' id='par_1_28' title="bbox 676 2883 2242 2962">
     <span class='ocr_line' id='line_1_28' title="bbox 676 2883 2242 2962; baseline -0.014 -5"><span class='ocrx_word' id='word_1_213' title='bbox 676 2907 762 2957; x_wconf 85' lang='grc'><strong>17.</strong></span> <span class='ocrx_word' id='word_1_214' title='bbox 795 2904 1124 2957; x_wconf 71' lang='lat' dir='ltr'><strong>Adduxerunt</strong></span> <span class='ocrx_word' id='word_1_215' title='bbox 1150 2910 1315 2952; x_wconf 79' lang='lat' dir='ltr'><strong>autem</strong></span> <span class='ocrx_word' id='word_1_216' title='bbox 1358 2910 1554 2962; x_wconf 85' lang='lat' dir='ltr'><strong>pecora,</strong></span> <span class='ocrx_word' id='word_1_217' title='bbox 1584 2902 1626 2944; x_wconf 85' lang='lat' dir='ltr'><strong>ct</strong></span> <span class='ocrx_word' id='word_1_218' title='bbox 1650 2890 1782 2942; x_wconf 87' lang='lat' dir='ltr'><strong>dedit</strong></span> <span class='ocrx_word' id='word_1_219' title='bbox 1810 2889 1878 2942; x_wconf 86' lang='lat' dir='ltr'><strong>eis</strong></span> <span class='ocrx_word' id='word_1_220' title='bbox 1909 2901 2001 2955; x_wconf 82' lang='lat' dir='ltr'><strong>pro</strong></span> <span class='ocrx_word' id='word_1_221' title='bbox 2021 2886 2164 2952; x_wconf 76' lang='lat' dir='ltr'><strong>equis</strong></span> <span class='ocrx_word' id='word_1_222' title='bbox 2191 2883 2207 2913; x_wconf 84' lang='grc'><strong><em>⁸</em></strong></span> <span class='ocrx_word' id='word_1_223' title='bbox 2227 2924 2242 2946; x_wconf 84' lang='grc'><em>,</em></span> 
     </span>
    </p>
   </div>
   <div class='ocr_carea' id='block_1_29' title="bbox 675 2974 2247 3057">
    <p class='ocr_par' dir='ltr' id='par_1_29' title="bbox 675 2974 2247 3057">
     <span class='ocr_line' id='line_1_29' title="bbox 675 2974 2247 3057; baseline -0.014 -10"><span class='ocrx_word' id='word_1_224' title='bbox 675 2995 940 3057; x_wconf 76' lang='lat' dir='ltr'><strong>et-ovibus,</strong></span> <span class='ocrx_word' id='word_1_225' title='bbox 965 3002 1009 3044; x_wconf 89' lang='lat' dir='ltr'><strong>et</strong></span> <span class='ocrx_word' id='word_1_226' title='bbox 1040 2989 1215 3053; x_wconf 91' lang='lat' dir='ltr'><strong>bobus,</strong></span> <span class='ocrx_word' id='word_1_227' title='bbox 1239 2998 1282 3041; x_wconf 89' lang='lat' dir='ltr'><strong>ct</strong></span> <span class='ocrx_word' id='word_1_228' title='bbox 1313 2986 1486 3047; x_wconf 78' lang='lat' dir='ltr'><strong>asinis,</strong></span> <span class='ocrx_word' id='word_1_229' title='bbox 1517 2995 1560 3036; x_wconf 86' lang='lat' dir='ltr'><strong>et</strong></span> <span class='ocrx_word' id='word_1_230' title='bbox 1597 2982 1723 3034; x_wconf 84' lang='lat' dir='ltr'><strong>aluit</strong></span> <span class='ocrx_word' id='word_1_231' title='bbox 1759 2995 1841 3031; x_wconf 90' lang='lat' dir='ltr'><strong>cos</strong></span> <span class='ocrx_word' id='word_1_232' title='bbox 1874 2993 1964 3046; x_wconf 91' lang='lat' dir='ltr'><strong>pro</strong></span> <span class='ocrx_word' id='word_1_233' title='bbox 1988 2974 2247 3044; x_wconf 74' lang='lat' dir='ltr'><strong>pecoribus</strong></span> 
     </span>
    </p>
   </div>
   <div class='ocr_carea' id='block_1_30' title="bbox 662 3068 2249 3138">
    <p class='ocr_par' dir='ltr' id='par_1_30' title="bbox 662 3068 2249 3138">
     <span class='ocr_line' id='line_1_30' title="bbox 662 3068 2249 3138; baseline -0.012 -1"><span class='ocrx_word' id='word_1_234' title='bbox 662 3089 800 3137; x_wconf 66' lang='lat' dir='ltr'><strong>suis.</strong></span> <span class='ocrx_word' id='word_1_235' title='bbox 830 3085 914 3138; x_wconf 88' lang='grc'><strong>18.</strong></span> <span class='ocrx_word' id='word_1_236' title='bbox 955 3083 1202 3136; x_wconf 83' lang='lat' dir='ltr'><strong>Venerunt</strong></span> <span class='ocrx_word' id='word_1_237' title='bbox 1245 3089 1411 3131; x_wconf 85' lang='lat' dir='ltr'><strong>autem</strong></span> <span class='ocrx_word' id='word_1_238' title='bbox 1441 3078 1506 3129; x_wconf 80' lang='lat' dir='ltr'><strong>ad</strong></span> <span class='ocrx_word' id='word_1_239' title='bbox 1537 3091 1646 3128; x_wconf 84' lang='lat' dir='ltr'><strong>eum</strong></span> <span class='ocrx_word' id='word_1_240' title='bbox 1672 3083 1715 3125; x_wconf 81' lang='lat' dir='ltr'><strong>et</strong></span> <span class='ocrx_word' id='word_1_241' title='bbox 1743 3087 1874 3124; x_wconf 87' lang='lat' dir='ltr'><strong>anno</strong></span> <span class='ocrx_word' id='word_1_242' title='bbox 1901 3068 2123 3138; x_wconf 63' lang='grc' dir='ltr'><strong>κίβιωηὶ</strong></span> <span class='ocrx_word' id='word_1_243' title='bbox 2147 3107 2162 3132; x_wconf 94' lang='lat'><strong>,</strong></span> <span class='ocrx_word' id='word_1_244' title='bbox 2203 3076 2249 3119; x_wconf 87' lang='lat' dir='ltr'><strong>et</strong></span> 
     </span>
    </p>
   </div>
   <div class='ocr_carea' id='block_1_31' title="bbox 661 3156 2250 3240">
    <p class='ocr_par' dir='ltr' id='par_1_31' title="bbox 661 3156 2250 3240">
     <span class='ocr_line' id='line_1_31' title="bbox 661 3156 2250 3240; baseline -0.011 -12"><span class='ocrx_word' id='word_1_245' title='bbox 661 3176 908 3227; x_wconf 16' lang='lat' dir='ltr'><strong>edixerunt</strong></span> <span class='ocrx_word' id='word_1_246' title='bbox 943 3174 986 3226; x_wconf 88' lang='lat' dir='ltr'><strong>ei</strong></span> <span class='ocrx_word' id='word_1_247' title='bbox 1013 3188 1031 3224; x_wconf 90' lang='lat'><strong><em>:</em></strong></span> <span class='ocrx_word' id='word_1_248' title='bbox 1066 3172 1144 3223; x_wconf 78' lang='lat' dir='ltr'><strong>Ne</strong></span> <span class='ocrx_word' id='word_1_249' title='bbox 1172 3174 1301 3240; x_wconf 76' lang='lat' dir='ltr'><strong>forte</strong></span> <span class='ocrx_word' id='word_1_250' title='bbox 1341 3180 1627 3235; x_wconf 76' lang='lat' dir='ltr'><strong>pereamus,</strong></span> <span class='ocrx_word' id='word_1_251' title='bbox 1663 3177 1818 3230; x_wconf 76' lang='lat' dir='ltr'><strong>neque</strong></span> <span class='ocrx_word' id='word_1_252' title='bbox 1854 3159 2062 3228; x_wconf 75' lang='lat' dir='ltr'><strong>pecunia</strong></span> <span class='ocrx_word' id='word_1_253' title='bbox 2113 3156 2250 3210; x_wconf 91' lang='lat' dir='ltr'><strong>nobis</strong></span> 
     </span>
    </p>
   </div>
   <div class='ocr_carea' id='block_1_32' title="bbox 675 3251 2252 3335">
    <p class='ocr_par' dir='ltr' id='par_1_32' title="bbox 675 3251 2252 3335">
     <span class='ocr_line' id='line_1_32' title="bbox 675 3251 2252 3335; baseline -0.012 -17"><span class='ocrx_word' id='word_1_254' title='bbox 675 3268 929 3335; x_wconf 82' lang='lat' dir='ltr'><strong>suppetit,</strong></span> <span class='ocrx_word' id='word_1_255' title='bbox 963 3277 1323 3332; x_wconf 80' lang='lat' dir='ltr'><strong>nequepecora</strong></span> <span class='ocrx_word' id='word_1_256' title='bbox 1346 3276 1364 3313; x_wconf 91' lang='lat'><strong><em>:</em></strong></span> <span class='ocrx_word' id='word_1_257' title='bbox 1390 3258 1558 3312; x_wconf 87' lang='lat' dir='ltr'><strong>omnia</strong></span> <span class='ocrx_word' id='word_1_258' title='bbox 1585 3257 1714 3309; x_wconf 88' lang='lat' dir='ltr'><strong>enim</strong></span> <span class='ocrx_word' id='word_1_259' title='bbox 1749 3253 1886 3321; x_wconf 75' lang='lat' dir='ltr'><strong>apud</strong></span> <span class='ocrx_word' id='word_1_260' title='bbox 1907 3261 1959 3305; x_wconf 77' lang='lat' dir='ltr'><strong>te</strong></span> <span class='ocrx_word' id='word_1_261' title='bbox 1992 3251 2252 3304; x_wconf 79' lang='lat' dir='ltr'><strong>dominum</strong></span> 
     </span>
    </p>
   </div>
   <div class='ocr_carea' id='block_1_33' title="bbox 683 3345 2255 3409">
    <p class='ocr_par' dir='ltr' id='par_1_33' title="bbox 683 3345 2255 3409">
     <span class='ocr_line' id='line_1_33' title="bbox 683 3345 2255 3409; baseline -0.01 -1"><span class='ocrx_word' id='word_1_262' title='bbox 683 3367 906 3409; x_wconf 79' lang='lat' dir='ltr'><strong>nostrum</strong></span> <span class='ocrx_word' id='word_1_263' title='bbox 927 3363 1064 3408; x_wconf 86' lang='lat' dir='ltr'><strong>sunt.</strong></span> <span class='ocrx_word' id='word_1_264' title='bbox 1091 3351 1236 3404; x_wconf 84' lang='lat' dir='ltr'><strong>Nihil</strong></span> <span class='ocrx_word' id='word_1_265' title='bbox 1262 3350 1392 3405; x_wconf 82' lang='lat' dir='ltr'><strong>enim</strong></span> <span class='ocrx_word' id='word_1_266' title='bbox 1421 3347 1559 3401; x_wconf 88' lang='lat' dir='ltr'><strong>nobis</strong></span> <span class='ocrx_word' id='word_1_267' title='bbox 1576 3346 1716 3398; x_wconf 79' lang='lat' dir='ltr'><strong>aliud</strong></span> <span class='ocrx_word' id='word_1_268' title='bbox 1745 3345 1968 3397; x_wconf 84' lang='lat' dir='ltr'><strong>relictum</strong></span> <span class='ocrx_word' id='word_1_269' title='bbox 1998 3351 2088 3404; x_wconf 89' lang='lat' dir='ltr'><strong>est,</strong></span> <span class='ocrx_word' id='word_1_270' title='bbox 2103 3354 2255 3407; x_wconf 72' lang='lat' dir='ltr'><strong>quitus</strong></span> 
     </span>
    </p>
   </div>
   <div class='ocr_carea' id='block_1_34' title="bbox 672 3432 2254 3518">
    <p class='ocr_par' dir='ltr' id='par_1_34' title="bbox 672 3432 2254 3518">
     <span class='ocr_line' id='line_1_34' title="bbox 672 3432 2254 3518; baseline -0.011 -20"><span class='ocrx_word' id='word_1_271' title='bbox 672 3449 938 3518; x_wconf 73' lang='lat' dir='ltr'><strong>proprium</strong></span> <span class='ocrx_word' id='word_1_272' title='bbox 977 3460 1160 3514; x_wconf 89' lang='lat' dir='ltr'><strong>corpus</strong></span> <span class='ocrx_word' id='word_1_273' title='bbox 1207 3453 1253 3496; x_wconf 88' lang='lat' dir='ltr'><strong>et</strong></span> <span class='ocrx_word' id='word_1_274' title='bbox 1303 3452 1435 3495; x_wconf 81' lang='lat' dir='ltr'><strong>terra</strong></span> <span class='ocrx_word' id='word_1_275' title='bbox 1483 3448 1674 3493; x_wconf 81' lang='lat' dir='ltr'><strong>nostra.</strong></span> <span class='ocrx_word' id='word_1_276' title='bbox 1721 3435 1803 3490; x_wconf 79' lang='grc'><strong>19.</strong></span> <span class='ocrx_word' id='word_1_277' title='bbox 1851 3432 1917 3487; x_wconf 90' lang='lat' dir='ltr'><strong>Ut</strong></span> <span class='ocrx_word' id='word_1_278' title='bbox 1955 3433 2106 3502; x_wconf 81' lang='lat' dir='ltr'><strong>igitur</strong></span> <span class='ocrx_word' id='word_1_279' title='bbox 2155 3447 2254 3482; x_wconf 87' lang='lat' dir='ltr'><strong>non</strong></span> 
     </span>
    </p>
   </div>
   <div class='ocr_carea' id='block_1_35' title="bbox 672 3523 2250 3611">
    <p class='ocr_par' dir='ltr' id='par_1_35' title="bbox 672 3523 2250 3611">
     <span class='ocr_line' id='line_1_35' title="bbox 672 3523 2250 3611; baseline -0.012 -17"><span class='ocrx_word' id='word_1_280' title='bbox 672 3557 942 3611; x_wconf 63' lang='lat' dir='ltr'><strong>pereamus</strong></span> <span class='ocrx_word' id='word_1_281' title='bbox 964 3581 975 3597; x_wconf 90' lang='lat'><strong>.</strong></span> <span class='ocrx_word' id='word_1_282' title='bbox 1007 3537 1202 3606; x_wconf 86' lang='lat' dir='ltr'><strong>posside</strong></span> <span class='ocrx_word' id='word_1_283' title='bbox 1234 3551 1322 3588; x_wconf 87' lang='lat' dir='ltr'><strong>nos</strong></span> <span class='ocrx_word' id='word_1_284' title='bbox 1350 3545 1392 3586; x_wconf 87' lang='lat' dir='ltr'><strong>et</strong></span> <span class='ocrx_word' id='word_1_285' title='bbox 1422 3542 1605 3585; x_wconf 84' lang='lat' dir='ltr'><strong>terram</strong></span> <span class='ocrx_word' id='word_1_286' title='bbox 1623 3542 1843 3582; x_wconf 88' lang='lat' dir='ltr'><strong>nostram</strong></span> <span class='ocrx_word' id='word_1_287' title='bbox 1885 3542 1976 3594; x_wconf 90' lang='lat' dir='ltr'><strong>pro</strong></span> <span class='ocrx_word' id='word_1_288' title='bbox 2005 3523 2216 3592; x_wconf 86' lang='lat' dir='ltr'><strong>panibus</strong></span> <span class='ocrx_word' id='word_1_289' title='bbox 2237 3563 2250 3585; x_wconf 90' lang='lat'><strong>,</strong></span> 
     </span>
    </p>
   </div>
   <div class='ocr_carea' id='block_1_36' title="bbox 685 3613 2256 3682">
    <p class='ocr_par' dir='ltr' id='par_1_36' title="bbox 685 3613 2256 3682">
     <span class='ocr_line' id='line_1_36' title="bbox 685 3613 2256 3682; baseline -0.012 1"><span class='ocrx_word' id='word_1_290' title='bbox 685 3642 728 3682; x_wconf 63' lang='grc' dir='ltr'><strong><em>Α</em></strong></span> <span class='ocrx_word' id='word_1_291' title='bbox 758 3632 942 3682; x_wconf 65' lang='grc' dir='ltr'><strong>θάνωσι</strong></span> <span class='ocrx_word' id='word_1_292' title='bbox 959 3627 1110 3681; x_wconf 63' lang='lat' dir='ltr'><strong>etiarn</strong></span> <span class='ocrx_word' id='word_1_293' title='bbox 1133 3643 1221 3679; x_wconf 91' lang='lat' dir='ltr'><strong>nos</strong></span> <span class='ocrx_word' id='word_1_294' title='bbox 1249 3636 1294 3677; x_wconf 85' lang='lat' dir='ltr'><strong>et</strong></span> <span class='ocrx_word' id='word_1_295' title='bbox 1321 3635 1453 3676; x_wconf 83' lang='lat' dir='ltr'><strong>terra</strong></span> <span class='ocrx_word' id='word_1_296' title='bbox 1475 3630 1644 3676; x_wconf 85' lang='lat' dir='ltr'><strong>nostra</strong></span> <span class='ocrx_word' id='word_1_297' title='bbox 1669 3620 1796 3672; x_wconf 80' lang='lat' dir='ltr'><strong>servi</strong></span> <span class='ocrx_word' id='word_1_298' title='bbox 1831 3616 2138 3671; x_wconf 80' lang='lat' dir='ltr'><strong>Pharaonis.</strong></span> <span class='ocrx_word' id='word_1_299' title='bbox 2178 3613 2256 3666; x_wconf 84' lang='lat' dir='ltr'><strong>Da</strong></span> 
     </span>
    </p>
   </div>
   <div class='ocr_carea' id='block_1_37' title="bbox 684 3709 2258 3785">
    <p class='ocr_par' dir='ltr' id='par_1_37' title="bbox 684 3709 2258 3785">
     <span class='ocr_line' id='line_1_37' title="bbox 684 3709 2258 3785; baseline -0.011 -9"><span class='ocrx_word' id='word_1_300' title='bbox 684 3739 847 3776; x_wconf 80' lang='lat' dir='ltr'><strong>semen</strong></span> <span class='ocrx_word' id='word_1_301' title='bbox 868 3763 883 3785; x_wconf 93' lang='lat'><strong>,</strong></span> <span class='ocrx_word' id='word_1_302' title='bbox 909 3732 960 3773; x_wconf 82' lang='lat' dir='ltr'><strong>at</strong></span> <span class='ocrx_word' id='word_1_303' title='bbox 989 3721 1289 3772; x_wconf 78' lang='lat' dir='ltr'><strong>scminemus</strong></span> <span class='ocrx_word' id='word_1_304' title='bbox 1306 3727 1348 3768; x_wconf 84' lang='lat' dir='ltr'><strong>et</strong></span> <span class='ocrx_word' id='word_1_305' title='bbox 1370 3717 1592 3768; x_wconf 81' lang='lat' dir='ltr'><strong>vivamus</strong></span> <span class='ocrx_word' id='word_1_306' title='bbox 1611 3755 1623 3774; x_wconf 90' lang='lat'><strong>,</strong></span> <span class='ocrx_word' id='word_1_307' title='bbox 1646 3724 1689 3765; x_wconf 87' lang='lat' dir='ltr'><strong>et</strong></span> <span class='ocrx_word' id='word_1_308' title='bbox 1722 3722 1853 3764; x_wconf 83' lang='lat' dir='ltr'><strong>terra</strong></span> <span class='ocrx_word' id='word_1_309' title='bbox 1881 3727 1980 3762; x_wconf 82' lang='lat' dir='ltr'><strong>non</strong></span> <span class='ocrx_word' id='word_1_310' title='bbox 2005 3709 2258 3777; x_wconf 72' lang='lat' dir='ltr'><strong>redigetur</strong></span> 
     </span>
    </p>
   </div>
   <div class='ocr_carea' id='block_1_38' title="bbox 685 3803 2260 3877">
    <p class='ocr_par' dir='ltr' id='par_1_38' title="bbox 685 3803 2260 3877">
     <span class='ocr_line' id='line_1_38' title="bbox 685 3803 2260 3877; baseline -0.01 -12"><span class='ocrx_word' id='word_1_311' title='bbox 685 3815 737 3865; x_wconf 89' lang='lat' dir='ltr'><strong>in</strong></span> <span class='ocrx_word' id='word_1_312' title='bbox 767 3812 1106 3866; x_wconf 79' lang='lat' dir='ltr'><strong>solitudinem.</strong></span> <span class='ocrx_word' id='word_1_313' title='bbox 1139 3809 1356 3877; x_wconf 82' lang='lat' dir='ltr'><strong>Scips.:s</strong></span> <span class='ocrx_word' id='word_1_314' title='bbox 1383 3808 1433 3862; x_wconf 89' lang='lat' dir='ltr'><strong>in</strong></span> <span class='ocrx_word' id='word_1_315' title='bbox 1464 3807 1777 3860; x_wconf 82' lang='lat' dir='ltr'><strong>servitutem</strong></span> <span class='ocrx_word' id='word_1_316' title='bbox 1812 3803 2180 3869; x_wconf 69' lang='lat' dir='ltr'><strong>subiecerunt,</strong></span> <span class='ocrx_word' id='word_1_317' title='bbox 2207 3808 2260 3850; x_wconf 81' lang='lat' dir='ltr'><strong>ct</strong></span> 
     </span>
    </p>
   </div>
   <div class='ocr_carea' id='block_1_39' title="bbox 689 3892 2258 3966">
    <p class='ocr_par' dir='ltr' id='par_1_39' title="bbox 689 3892 2258 3966">
     <span class='ocr_line' id='line_1_39' title="bbox 689 3892 2258 3966; baseline -0.01 -8"><span class='ocrx_word' id='word_1_318' title='bbox 689 3918 884 3959; x_wconf 80' lang='lat' dir='ltr'><strong>terram</strong></span> <span class='ocrx_word' id='word_1_319' title='bbox 923 3901 1306 3966; x_wconf 87' lang='lat' dir='ltr'><strong>vendiderunt,</strong></span> <span class='ocrx_word' id='word_1_320' title='bbox 1338 3901 1406 3955; x_wconf 89' lang='lat' dir='ltr'><strong>ita</strong></span> <span class='ocrx_word' id='word_1_321' title='bbox 1437 3908 1492 3952; x_wconf 94' lang='lat' dir='ltr'><strong>ut</strong></span> <span class='ocrx_word' id='word_1_322' title='bbox 1526 3897 1594 3951; x_wconf 90' lang='lat' dir='ltr'><strong>ali</strong></span> <span class='ocrx_word' id='word_1_323' title='bbox 1626 3903 1840 3966; x_wconf 83' lang='lat' dir='ltr'><strong>possent</strong></span> <span class='ocrx_word' id='word_1_324' title='bbox 1871 3912 1883 3947; x_wconf 87' lang='lat'><strong>:</strong></span> <span class='ocrx_word' id='word_1_325' title='bbox 1920 3901 2059 3947; x_wconf 90' lang='lat' dir='ltr'><strong>tanta</strong></span> <span class='ocrx_word' id='word_1_326' title='bbox 2109 3892 2258 3943; x_wconf 79' lang='lat' dir='ltr'><strong>tantis</strong></span> 
     </span>
    </p>
   </div>
   <div class='ocr_carea' id='block_1_40' title="bbox 689 3982 2261 4060">
    <p class='ocr_par' dir='ltr' id='par_1_40' title="bbox 689 3982 2261 4060">
     <span class='ocr_line' id='line_1_40' title="bbox 689 3982 2261 4060; baseline -0.011 -10"><span class='ocrx_word' id='word_1_327' title='bbox 689 4000 978 4051; x_wconf 80' lang='lat' dir='ltr'><strong>necessitas</strong></span> <span class='ocrx_word' id='word_1_328' title='bbox 1032 3995 1145 4049; x_wconf 80' lang='lat' dir='ltr'><strong>fuit.</strong></span> <span class='ocrx_word' id='word_1_329' title='bbox 1170 3995 1258 4049; x_wconf 66' lang='lat'><strong>20.</strong></span> <span class='ocrx_word' id='word_1_330' title='bbox 1285 3993 1349 4047; x_wconf 78' lang='lat' dir='ltr'><strong>Et</strong></span> <span class='ocrx_word' id='word_1_331' title='bbox 1369 3987 1840 4060; x_wconf 66' lang='lat' dir='ltr'><strong>acquisivirloscph</strong></span> <span class='ocrx_word' id='word_1_332' title='bbox 1869 3996 2050 4038; x_wconf 85' lang='lat' dir='ltr'><strong>terram</strong></span> <span class='ocrx_word' id='word_1_333' title='bbox 2096 3982 2261 4052; x_wconf 54' lang='lat' dir='ltr'><strong>(Egy—</strong></span> 
     </span>
    </p>
   </div>
   <div class='ocr_carea' id='block_1_41' title="bbox 692 4077 2257 4157">
    <p class='ocr_par' dir='ltr' id='par_1_41' title="bbox 692 4077 2257 4157">
     <span class='ocr_line' id='line_1_41' title="bbox 692 4077 2257 4157; baseline -0.01 -13"><span class='ocrx_word' id='word_1_334' title='bbox 692 4092 906 4157; x_wconf 73' lang='lat' dir='ltr'><strong>ptiorum</strong></span> <span class='ocrx_word' id='word_1_335' title='bbox 944 4088 1218 4142; x_wconf 80' lang='lat' dir='ltr'><strong>Pharaoni.</strong></span> <span class='ocrx_word' id='word_1_336' title='bbox 1259 4085 1600 4140; x_wconf 79' lang='lat' dir='ltr'><strong>Vendideram</strong></span> <span class='ocrx_word' id='word_1_337' title='bbox 1639 4082 1769 4136; x_wconf 89' lang='lat' dir='ltr'><strong>enim</strong></span> <span class='ocrx_word' id='word_1_338' title='bbox 1797 4097 1904 4132; x_wconf 86' lang='lat' dir='ltr'><strong>eam</strong></span> <span class='ocrx_word' id='word_1_339' title='bbox 1926 4083 2060 4149; x_wconf 76' lang='lat' dir='ltr'><strong>[ante</strong></span> <span class='ocrx_word' id='word_1_340' title='bbox 2080 4077 2257 4130; x_wconf 82' lang='lat' dir='ltr'><strong>coacti.</strong></span> 
     </span>
    </p>
   </div>
   <div class='ocr_carea' id='block_1_42' title="bbox 695 4168 2261 4252">
    <p class='ocr_par' dir='ltr' id='par_1_42' title="bbox 695 4168 2261 4252">
     <span class='ocr_line' id='line_1_42' title="bbox 695 4168 2261 4252; baseline -0.01 -17"><span class='ocrx_word' id='word_1_341' title='bbox 695 4182 759 4235; x_wconf 71' lang='lat' dir='ltr'><strong>Et</strong></span> <span class='ocrx_word' id='word_1_342' title='bbox 784 4185 917 4252; x_wconf 77' lang='lat' dir='ltr'><strong>facta</strong></span> <span class='ocrx_word' id='word_1_343' title='bbox 958 4191 1027 4234; x_wconf 88' lang='lat' dir='ltr'><strong>est</strong></span> <span class='ocrx_word' id='word_1_344' title='bbox 1059 4190 1190 4234; x_wconf 87' lang='lat' dir='ltr'><strong>terra</strong></span> <span class='ocrx_word' id='word_1_345' title='bbox 1235 4177 1539 4231; x_wconf 78' lang='lat' dir='ltr'><strong>Pharaonis.</strong></span> <span class='ocrx_word' id='word_1_346' title='bbox 1579 4173 1668 4229; x_wconf 65' lang='grc' dir='ltr'><strong>Ἡ.</strong></span> <span class='ocrx_word' id='word_1_347' title='bbox 1710 4172 1774 4226; x_wconf 86' lang='lat' dir='ltr'><strong>Et</strong></span> <span class='ocrx_word' id='word_1_348' title='bbox 1805 4171 2046 4240; x_wconf 88' lang='lat' dir='ltr'><strong>populum</strong></span> <span class='ocrx_word' id='word_1_349' title='bbox 2073 4169 2166 4222; x_wconf 85' lang='lat' dir='ltr'><strong>sibi</strong></span> <span class='ocrx_word' id='word_1_350' title='bbox 2209 4168 2261 4221; x_wconf 89' lang='lat' dir='ltr'><strong>in</strong></span> 
     </span>
    </p>
   </div>
   <div class='ocr_carea' id='block_1_43' title="bbox 689 4259 2264 4340">
    <p class='ocr_par' dir='ltr' id='par_1_43' title="bbox 689 4259 2264 4340">
     <span class='ocr_line' id='line_1_43' title="bbox 689 4259 2264 4340; baseline -0.008 -17"><span class='ocrx_word' id='word_1_351' title='bbox 689 4289 858 4324; x_wconf 69' lang='lat' dir='ltr'><strong>servos</strong></span> <span class='ocrx_word' id='word_1_352' title='bbox 889 4270 1096 4340; x_wconf 82' lang='lat' dir='ltr'><strong>subjecit</strong></span> <span class='ocrx_word' id='word_1_353' title='bbox 1124 4268 1185 4321; x_wconf 88' lang='lat' dir='ltr'><strong>ab</strong></span> <span class='ocrx_word' id='word_1_354' title='bbox 1208 4268 1437 4320; x_wconf 76' lang='lat' dir='ltr'><strong>extremis</strong></span> <span class='ocrx_word' id='word_1_355' title='bbox 1469 4266 1651 4333; x_wconf 78' lang='lat' dir='ltr'><strong>ﬁnibus</strong></span> <span class='ocrx_word' id='word_1_356' title='bbox 1675 4262 1890 4333; x_wconf 68' lang='lat' dir='ltr'><strong>eEgypti</strong></span> <span class='ocrx_word' id='word_1_357' title='bbox 1913 4276 2062 4329; x_wconf 84' lang='lat' dir='ltr'><strong>usque</strong></span> <span class='ocrx_word' id='word_1_358' title='bbox 2082 4259 2148 4311; x_wconf 88' lang='lat' dir='ltr'><strong>ad</strong></span> <span class='ocrx_word' id='word_1_359' title='bbox 2175 4276 2264 4311; x_wconf 51' lang='lat' dir='ltr'><strong>eai-</strong></span> 
     </span>
    </p>
   </div>
   <div class='ocr_carea' id='block_1_44' title="bbox 695 4349 2262 4426">
    <p class='ocr_par' dir='ltr' id='par_1_44' title="bbox 695 4349 2262 4426">
     <span class='ocr_line' id='line_1_44' title="bbox 695 4349 2262 4426; baseline -0.008 -15"><span class='ocrx_word' id='word_1_360' title='bbox 695 4372 875 4413; x_wconf 84' lang='lat' dir='ltr'><strong>tremos</strong></span> <span class='ocrx_word' id='word_1_361' title='bbox 911 4374 926 4411; x_wconf 90' lang='lat'><em>:</em></span> <span class='ocrx_word' id='word_1_362' title='bbox 953 4359 1040 4412; x_wconf 63' lang='lat'><strong>9:3.</strong></span> <span class='ocrx_word' id='word_1_363' title='bbox 1065 4367 1269 4426; x_wconf 71' lang='lat' dir='ltr'><strong>excepta</strong></span> <span class='ocrx_word' id='word_1_364' title='bbox 1291 4368 1421 4410; x_wconf 85' lang='lat' dir='ltr'><strong>terra</strong></span> <span class='ocrx_word' id='word_1_365' title='bbox 1447 4354 1783 4408; x_wconf 79' lang='lat' dir='ltr'><strong>sacerdotum.</strong></span> <span class='ocrx_word' id='word_1_366' title='bbox 1814 4349 1928 4404; x_wconf 85' lang='lat' dir='ltr'><strong>Illis</strong></span> <span class='ocrx_word' id='word_1_367' title='bbox 1966 4350 2095 4403; x_wconf 89' lang='lat' dir='ltr'><strong>enim</strong></span> <span class='ocrx_word' id='word_1_368' title='bbox 2127 4349 2262 4402; x_wconf 78' lang='lat' dir='ltr'><strong>dedit</strong></span> 
     </span>
    </p>
   </div>
   <div class='ocr_carea' id='block_1_45' title="bbox 696 4441 2261 4514">
    <p class='ocr_par' dir='ltr' id='par_1_45' title="bbox 696 4441 2261 4514">
     <span class='ocr_line' id='line_1_45' title="bbox 696 4441 2261 4514; baseline -0.009 -9"><span class='ocrx_word' id='word_1_369' title='bbox 696 4453 902 4505; x_wconf 71' lang='lat' dir='ltr'><strong>&#39;F’harao</strong></span> <span class='ocrx_word' id='word_1_370' title='bbox 927 4454 1059 4506; x_wconf 76' lang='lat' dir='ltr'><strong>cibos</strong></span> <span class='ocrx_word' id='word_1_371' title='bbox 1095 4460 1140 4505; x_wconf 90' lang='lat' dir='ltr'><strong>et</strong></span> <span class='ocrx_word' id='word_1_372' title='bbox 1191 4450 1543 4512; x_wconf 82' lang='lat' dir='ltr'><strong>comederunt;</strong></span> <span class='ocrx_word' id='word_1_373' title='bbox 1574 4455 1619 4500; x_wconf 87' lang='lat' dir='ltr'><strong>et</strong></span> <span class='ocrx_word' id='word_1_374' title='bbox 1658 4452 1918 4514; x_wconf 83' lang='lat' dir='ltr'><strong>prapterea</strong></span> <span class='ocrx_word' id='word_1_375' title='bbox 1952 4459 2049 4495; x_wconf 85' lang='lat' dir='ltr'><strong>non</strong></span> <span class='ocrx_word' id='word_1_376' title='bbox 2089 4441 2261 4494; x_wconf 75' lang='lat' dir='ltr'><strong>cendi-</strong></span> 
     </span>
    </p>
   </div>
   <div class='ocr_carea' id='block_1_46' title="bbox 694 4532 2264 4604">
    <p class='ocr_par' dir='ltr' id='par_1_46' title="bbox 694 4532 2264 4604">
     <span class='ocr_line' id='line_1_46' title="bbox 694 4532 2264 4604; baseline -0.007 -10"><span class='ocrx_word' id='word_1_377' title='bbox 694 4545 878 4597; x_wconf 84' lang='lat' dir='ltr'><strong>derunt</strong></span> <span class='ocrx_word' id='word_1_378' title='bbox 928 4552 1109 4596; x_wconf 87' lang='lat' dir='ltr'><strong>terram</strong></span> <span class='ocrx_word' id='word_1_379' title='bbox 1159 4558 1322 4595; x_wconf 87' lang='lat' dir='ltr'><strong>suam.</strong></span> <span class='ocrx_word' id='word_1_380' title='bbox 1378 4539 1506 4592; x_wconf 78' lang='lat' dir='ltr'><strong>Vide</strong></span> <span class='ocrx_word' id='word_1_381' title='bbox 1557 4544 1785 4604; x_wconf 87' lang='lat' dir='ltr'><strong>quantus</strong></span> <span class='ocrx_word' id='word_1_382' title='bbox 1817 4532 2150 4594; x_wconf 76' lang='lat' dir='ltr'><strong>intellectus,</strong></span> <span class='ocrx_word' id='word_1_383' title='bbox 2210 4540 2264 4584; x_wconf 85' lang='lat' dir='ltr'><strong>ct</strong></span> 
     </span>
    </p>
   </div>
   <div class='ocr_carea' id='block_1_47' title="bbox 678 4624 2265 4702">
    <p class='ocr_par' dir='ltr' id='par_1_47' title="bbox 678 4624 2265 4702">
     <span class='ocr_line' id='line_1_47' title="bbox 678 4624 2265 4702; baseline -0.007 -15"><span class='ocrx_word' id='word_1_384' title='bbox 678 4645 886 4702; x_wconf 62' lang='lat' dir='ltr'><strong>quanta</strong></span> <span class='ocrx_word' id='word_1_385' title='bbox 928 4634 1187 4702; x_wconf 87' lang='lat' dir='ltr'><strong>sapientia</strong></span> <span class='ocrx_word' id='word_1_386' title='bbox 1232 4630 1428 4700; x_wconf 81' lang='lat' dir='ltr'><strong>Joseph</strong></span> <span class='ocrx_word' id='word_1_387' title='bbox 1462 4629 1638 4683; x_wconf 85' lang='lat' dir='ltr'><strong>luerit.</strong></span> <span class='ocrx_word' id='word_1_388' title='bbox 1688 4627 1808 4680; x_wconf 88' lang='lat' dir='ltr'><strong>Illos</strong></span> <span class='ocrx_word' id='word_1_389' title='bbox 1847 4640 2017 4694; x_wconf 81' lang='lat' dir='ltr'><strong>neque</strong></span> <span class='ocrx_word' id='word_1_390' title='bbox 2073 4624 2265 4677; x_wconf 80' lang='lat' dir='ltr'><strong>famem</strong></span> 
     </span>
    </p>
   </div>
   <div class='ocr_carea' id='block_1_48' title="bbox 695 4715 2264 4794">
    <p class='ocr_par' dir='ltr' id='par_1_48' title="bbox 695 4715 2264 4794">
     <span class='ocr_line' id='line_1_48' title="bbox 695 4715 2264 4794; baseline -0.009 -17"><span class='ocrx_word' id='word_1_391' title='bbox 695 4725 924 4794; x_wconf 76' lang='lat' dir='ltr'><strong>experiri</strong></span> <span class='ocrx_word' id='word_1_392' title='bbox 954 4725 1228 4794; x_wconf 70' lang='lat' dir='ltr'><strong>permisit,</strong></span> <span class='ocrx_word' id='word_1_393' title='bbox 1276 4732 1328 4776; x_wconf 85' lang='lat' dir='ltr'><strong>ct</strong></span> <span class='ocrx_word' id='word_1_394' title='bbox 1357 4735 1567 4774; x_wconf 87' lang='lat' dir='ltr'><strong>omnem</strong></span> <span class='ocrx_word' id='word_1_395' title='bbox 1597 4729 1795 4773; x_wconf 88' lang='lat' dir='ltr'><strong>terram</strong></span> <span class='ocrx_word' id='word_1_396' title='bbox 1823 4717 2097 4785; x_wconf 79' lang='lat' dir='ltr'><strong>acquisivit</strong></span> <span class='ocrx_word' id='word_1_397' title='bbox 2127 4715 2264 4768; x_wconf 79' lang='lat' dir='ltr'><strong>Plia-</strong></span> 
     </span>
    </p>
   </div>
   <div class='ocr_carea' id='block_1_49' title="bbox 698 4806 2267 4881">
    <p class='ocr_par' dir='ltr' id='par_1_49' title="bbox 698 4806 2267 4881">
     <span class='ocr_line' id='line_1_49' title="bbox 698 4806 2267 4881; baseline -0.009 -12"><span class='ocrx_word' id='word_1_398' title='bbox 698 4816 877 4877; x_wconf 73' lang='lat' dir='ltr'><strong>raoni,</strong></span> <span class='ocrx_word' id='word_1_399' title='bbox 932 4815 1193 4881; x_wconf 84' lang='lat' dir='ltr'><strong>simulque</strong></span> <span class='ocrx_word' id='word_1_400' title='bbox 1235 4813 1444 4866; x_wconf 76' lang='lat' dir='ltr'><strong>luerunt</strong></span> <span class='ocrx_word' id='word_1_401' title='bbox 1490 4809 1717 4880; x_wconf 58' lang='lat' dir='ltr'><strong>.tEgyptii</strong></span> <span class='ocrx_word' id='word_1_402' title='bbox 1747 4822 1932 4862; x_wconf 90' lang='lat' dir='ltr'><strong>omnes</strong></span> <span class='ocrx_word' id='word_1_403' title='bbox 1963 4806 2012 4860; x_wconf 93' lang='lat' dir='ltr'><strong>in</strong></span> <span class='ocrx_word' id='word_1_404' title='bbox 2044 4806 2267 4860; x_wconf 83' lang='lat' dir='ltr'><strong>servitu-</strong></span> 
     </span>
    </p>
   </div>
   <div class='ocr_carea' id='block_1_50' title="bbox 699 4897 2270 4966">
    <p class='ocr_par' dir='ltr' id='par_1_50' title="bbox 699 4897 2270 4966">
     <span class='ocr_line' id='line_1_50' title="bbox 699 4897 2270 4966; baseline -0.006 -10"><span class='ocrx_word' id='word_1_405' title='bbox 699 4917 800 4959; x_wconf 75' lang='lat' dir='ltr'><strong>tem</strong></span> <span class='ocrx_word' id='word_1_406' title='bbox 833 4905 1051 4960; x_wconf 79' lang='lat' dir='ltr'><strong>redacti.</strong></span> <span class='ocrx_word' id='word_1_407' title='bbox 1081 4903 1218 4958; x_wconf 69' lang='lat' dir='ltr'><strong>Vide</strong></span> <span class='ocrx_word' id='word_1_408' title='bbox 1240 4946 1252 4963; x_wconf 85' lang='lat'><strong>.</strong></span> <span class='ocrx_word' id='word_1_409' title='bbox 1281 4905 1505 4958; x_wconf 83' lang='lat' dir='ltr'><strong>obsecro</strong></span> <span class='ocrx_word' id='word_1_410' title='bbox 1527 4945 1540 4966; x_wconf 92' lang='lat'><strong>,</strong></span> <span class='ocrx_word' id='word_1_411' title='bbox 1573 4901 1656 4955; x_wconf 77' lang='lat' dir='ltr'><strong>liic</strong></span> <span class='ocrx_word' id='word_1_412' title='bbox 1683 4900 1872 4954; x_wconf 89' lang='lat' dir='ltr'><strong>iterum</strong></span> <span class='ocrx_word' id='word_1_413' title='bbox 1903 4897 2148 4951; x_wconf 77' lang='lat' dir='ltr'><strong>eximiam</strong></span> <span class='ocrx_word' id='word_1_414' title='bbox 2191 4897 2270 4947; x_wconf 85' lang='lat' dir='ltr'><strong>tli-</strong></span> 
     </span>
    </p>
   </div>
   <div class='ocr_carea' id='block_1_51' title="bbox 681 4986 2266 5064">
    <p class='ocr_par' dir='ltr' id='par_1_51' title="bbox 681 4986 2266 5064">
     <span class='ocr_line' id='line_1_51' title="bbox 681 4986 2266 5064; baseline -0.007 -16"><span class='ocrx_word' id='word_1_415' title='bbox 681 4998 964 5062; x_wconf 63' lang='lat' dir='ltr'><strong>‘ligemiam</strong></span> <span class='ocrx_word' id='word_1_416' title='bbox 984 5037 998 5057; x_wconf 92' lang='lat'><strong>,</strong></span> <span class='ocrx_word' id='word_1_417' title='bbox 1045 5005 1095 5048; x_wconf 86' lang='lat' dir='ltr'><strong>et</strong></span> <span class='ocrx_word' id='word_1_418' title='bbox 1117 4994 1504 5064; x_wconf 73' lang='lat' dir='ltr'><strong>providentiam</strong></span> <span class='ocrx_word' id='word_1_419' title='bbox 1531 5033 1544 5052; x_wconf 90' lang='lat'><strong>,</strong></span> <span class='ocrx_word' id='word_1_420' title='bbox 1574 5006 1729 5061; x_wconf 87' lang='lat' dir='ltr'><strong>quam</strong></span> <span class='ocrx_word' id='word_1_421' title='bbox 1772 5004 1893 5056; x_wconf 76' lang='lat' dir='ltr'><strong>erga</strong></span> <span class='ocrx_word' id='word_1_422' title='bbox 1928 4989 2046 5041; x_wconf 82' lang='lat' dir='ltr'><strong>illos</strong></span> <span class='ocrx_word' id='word_1_423' title='bbox 2088 4986 2266 5039; x_wconf 85' lang='lat' dir='ltr'><strong>habet.</strong></span> 
     </span>
    </p>
   </div>
   <div class='ocr_carea' id='block_1_52' title="bbox 699 5081 2270 5153">
    <p class='ocr_par' dir='ltr' id='par_1_52' title="bbox 699 5081 2270 5153">
     <span class='ocr_line' id='line_1_52' title="bbox 699 5081 2270 5153; baseline -0.006 -16"><span class='ocrx_word' id='word_1_424' title='bbox 699 5087 783 5137; x_wconf 62' lang='grc' dir='ltr'><strong>εὖ.</strong></span> <span class='ocrx_word' id='word_1_425' title='bbox 824 5085 960 5138; x_wconf 73' lang='lat' dir='ltr'><strong>Dixit</strong></span> <span class='ocrx_word' id='word_1_426' title='bbox 985 5086 1125 5138; x_wconf 68' lang='lat' dir='ltr'><strong>etaim</strong></span> <span class='ocrx_word' id='word_1_427' title='bbox 1156 5083 1416 5153; x_wconf 72' lang='lat' dir='ltr'><strong>LEyyptiis</strong></span> <span class='ocrx_word' id='word_1_428' title='bbox 1435 5125 1446 5146; x_wconf 92' lang='lat'><strong>,</strong></span> <span class='ocrx_word' id='word_1_429' title='bbox 1477 5082 1604 5135; x_wconf 76' lang='lat' dir='ltr'><strong>Ecce</strong></span> <span class='ocrx_word' id='word_1_430' title='bbox 1631 5081 1870 5151; x_wconf 79' lang='lat' dir='ltr'><strong>acquisiui</strong></span> <span class='ocrx_word' id='word_1_431' title='bbox 1899 5096 1984 5132; x_wconf 77' lang='lat' dir='ltr'><strong>vos</strong></span> <span class='ocrx_word' id='word_1_432' title='bbox 2011 5089 2056 5131; x_wconf 87' lang='lat' dir='ltr'><strong>et</strong></span> <span class='ocrx_word' id='word_1_433' title='bbox 2086 5087 2270 5130; x_wconf 87' lang='lat' dir='ltr'><strong>terram</strong></span> 
     </span>
    </p>
   </div>
   <div class='ocr_carea' id='block_1_53' title="bbox 699 5170 2272 5241">
    <p class='ocr_par' dir='ltr' id='par_1_53' title="bbox 699 5170 2272 5241">
     <span class='ocr_line' id='line_1_53' title="bbox 699 5170 2272 5241; baseline -0.004 -16"><span class='ocrx_word' id='word_1_434' title='bbox 699 5188 913 5228; x_wconf 80' lang='lat' dir='ltr'><strong>restrain</strong></span> <span class='ocrx_word' id='word_1_435' title='bbox 933 5175 1080 5227; x_wconf 83' lang='lat' dir='ltr'><strong>hodie</strong></span> <span class='ocrx_word' id='word_1_436' title='bbox 1108 5172 1390 5227; x_wconf 84' lang='lat' dir='ltr'><strong>Pharaoni.</strong></span> <span class='ocrx_word' id='word_1_437' title='bbox 1423 5172 1642 5240; x_wconf 73' lang='lat' dir='ltr'><strong>Accipite</strong></span> <span class='ocrx_word' id='word_1_438' title='bbox 1664 5171 1815 5241; x_wconf 85' lang='lat' dir='ltr'><strong>igitur</strong></span> <span class='ocrx_word' id='word_1_439' title='bbox 1836 5170 1969 5222; x_wconf 76' lang='lat' dir='ltr'><strong>vobis</strong></span> <span class='ocrx_word' id='word_1_440' title='bbox 1997 5170 2206 5230; x_wconf 85' lang='lat' dir='ltr'><strong>semina,</strong></span> <span class='ocrx_word' id='word_1_441' title='bbox 2226 5177 2272 5221; x_wconf 87' lang='lat' dir='ltr'><strong>et</strong></span> 
     </span>
    </p>
   </div>
   <div class='ocr_carea' id='block_1_54' title="bbox 696 5259 2272 5332">
    <p class='ocr_par' dir='ltr' id='par_1_54' title="bbox 696 5259 2272 5332">
     <span class='ocr_line' id='line_1_54' title="bbox 696 5259 2272 5332; baseline -0.005 -15"><span class='ocrx_word' id='word_1_442' title='bbox 696 5266 938 5318; x_wconf 76' lang='lat' dir='ltr'><strong>seminata</strong></span> <span class='ocrx_word' id='word_1_443' title='bbox 976 5276 1162 5318; x_wconf 86' lang='lat' dir='ltr'><strong>terram</strong></span> <span class='ocrx_word' id='word_1_444' title='bbox 1193 5280 1209 5318; x_wconf 90' lang='lat'><strong><em>:</em></strong></span> <span class='ocrx_word' id='word_1_445' title='bbox 1235 5274 1280 5318; x_wconf 80' lang='lat' dir='ltr'><strong>et</strong></span> <span class='ocrx_word' id='word_1_446' title='bbox 1325 5264 1367 5316; x_wconf 88' lang='lat' dir='ltr'><strong>si</strong></span> <span class='ocrx_word' id='word_1_447' title='bbox 1389 5263 1573 5332; x_wconf 80' lang='lat' dir='ltr'><strong>fuerint</strong></span> <span class='ocrx_word' id='word_1_448' title='bbox 1623 5273 1884 5330; x_wconf 64' lang='lat' dir='ltr'><strong>proventus</strong></span> <span class='ocrx_word' id='word_1_449' title='bbox 1908 5303 1922 5326; x_wconf 89' lang='lat'><strong>,</strong></span> <span class='ocrx_word' id='word_1_450' title='bbox 1951 5261 2040 5314; x_wconf 64' lang='lat'><strong>9.1.</strong></span> <span class='ocrx_word' id='word_1_451' title='bbox 2086 5259 2272 5312; x_wconf 77' lang='lat' dir='ltr'><strong>dabitis</strong></span> 
     </span>
    </p>
   </div>
   <div class='ocr_carea' id='block_1_55' title="bbox 701 5353 2272 5422">
    <p class='ocr_par' dir='ltr' id='par_1_55' title="bbox 701 5353 2272 5422">
     <span class='ocr_line' id='line_1_55' title="bbox 701 5353 2272 5422; baseline -0.004 -14"><span class='ocrx_word' id='word_1_452' title='bbox 701 5358 928 5422; x_wconf 73' lang='lat' dir='ltr'><strong>cptiutam</strong></span> <span class='ocrx_word' id='word_1_453' title='bbox 985 5365 1176 5419; x_wconf 79' lang='lat' dir='ltr'><strong>partem</strong></span> <span class='ocrx_word' id='word_1_454' title='bbox 1249 5353 1509 5407; x_wconf 80' lang='lat' dir='ltr'><strong>Pharaoni</strong></span> <span class='ocrx_word' id='word_1_455' title='bbox 1554 5368 1572 5405; x_wconf 92' lang='lat'><em>:</em></span> <span class='ocrx_word' id='word_1_456' title='bbox 1626 5364 1839 5419; x_wconf 75' lang='lat' dir='ltr'><strong>quatuor</strong></span> <span class='ocrx_word' id='word_1_457' title='bbox 1884 5363 2050 5404; x_wconf 71' lang='lat' dir='ltr'><strong>autem</strong></span> <span class='ocrx_word' id='word_1_458' title='bbox 2108 5361 2272 5419; x_wconf 84' lang='lat' dir='ltr'><strong>partes</strong></span> 
     </span>
    </p>
   </div>
   <div class='ocr_carea' id='block_1_56' title="bbox 702 5441 2273 5506">
    <p class='ocr_par' dir='ltr' id='par_1_56' title="bbox 702 5441 2273 5506">
     <span class='ocr_line' id='line_1_56' title="bbox 702 5441 2273 5506; baseline -0.004 -9"><span class='ocrx_word' id='word_1_459' title='bbox 702 5457 847 5497; x_wconf 81' lang='lat' dir='ltr'><strong>erant</strong></span> <span class='ocrx_word' id='word_1_460' title='bbox 875 5458 1046 5498; x_wconf 68' lang='grc' dir='ltr'><strong>νειμ-(ι’</strong></span> <span class='ocrx_word' id='word_1_461' title='bbox 1080 5447 1126 5496; x_wconf 87' lang='lat' dir='ltr'><strong>in</strong></span> <span class='ocrx_word' id='word_1_462' title='bbox 1156 5462 1322 5498; x_wconf 77' lang='lat' dir='ltr'><strong>sciueu</strong></span> <span class='ocrx_word' id='word_1_463' title='bbox 1343 5456 1486 5497; x_wconf 81' lang='lat' dir='ltr'><strong>terra:</strong></span> <span class='ocrx_word' id='word_1_464' title='bbox 1504 5483 1518 5506; x_wconf 93' lang='lat'><strong>,</strong></span> <span class='ocrx_word' id='word_1_465' title='bbox 1553 5453 1598 5495; x_wconf 87' lang='lat' dir='ltr'><strong>et</strong></span> <span class='ocrx_word' id='word_1_466' title='bbox 1635 5444 1688 5495; x_wconf 83' lang='lat' dir='ltr'><strong>in</strong></span> <span class='ocrx_word' id='word_1_467' title='bbox 1725 5443 1887 5494; x_wconf 88' lang='lat' dir='ltr'><strong>cibum</strong></span> <span class='ocrx_word' id='word_1_468' title='bbox 1917 5442 2050 5494; x_wconf 83' lang='lat' dir='ltr'><strong>vobis</strong></span> <span class='ocrx_word' id='word_1_469' title='bbox 2070 5483 2083 5504; x_wconf 92' lang='lat'><strong>,</strong></span> <span class='ocrx_word' id='word_1_470' title='bbox 2112 5451 2158 5493; x_wconf 84' lang='lat' dir='ltr'><strong>et</strong></span> <span class='ocrx_word' id='word_1_471' title='bbox 2185 5441 2273 5491; x_wconf 87' lang='lat' dir='ltr'><strong>toti</strong></span> 
     </span>
    </p>
   </div>
   <div class='ocr_carea' id='block_1_57' title="bbox 702 5531 2270 5603">
    <p class='ocr_par' dir='ltr' id='par_1_57' title="bbox 702 5531 2270 5603">
     <span class='ocr_line' id='line_1_57' title="bbox 702 5531 2270 5603; baseline -0.003 -16"><span class='ocrx_word' id='word_1_472' title='bbox 702 5537 874 5587; x_wconf 71' lang='lat' dir='ltr'><strong>domui</strong></span> <span class='ocrx_word' id='word_1_473' title='bbox 903 5546 1092 5589; x_wconf 63' lang='grc' dir='ltr'><strong>κτείνω.</strong></span> <span class='ocrx_word' id='word_1_474' title='bbox 1129 5535 1307 5603; x_wconf 68' lang='grc' dir='ltr'><strong>Μιιεηει</strong></span> <span class='ocrx_word' id='word_1_475' title='bbox 1341 5533 1659 5596; x_wconf 82' lang='lat' dir='ltr'><strong>liberalitas,</strong></span> <span class='ocrx_word' id='word_1_476' title='bbox 1693 5532 1874 5600; x_wconf 61' lang='lat' dir='ltr'><strong>ingens</strong></span> <span class='ocrx_word' id='word_1_477' title='bbox 1907 5531 2233 5600; x_wconf 59' lang='lat' dir='ltr'><strong>providentia</strong></span> <span class='ocrx_word' id='word_1_478' title='bbox 2256 5571 2270 5592; x_wconf 95' lang='lat'><strong>,</strong></span> 
     </span>
    </p>
   </div>
   <div class='ocr_carea' id='block_1_58' title="bbox 704 5621 2272 5692">
    <p class='ocr_par' dir='ltr' id='par_1_58' title="bbox 704 5621 2272 5692">
     <span class='ocr_line' id='line_1_58' title="bbox 704 5621 2272 5692; baseline -0.004 -12"><span class='ocrx_word' id='word_1_479' title='bbox 704 5627 985 5680; x_wconf 79' lang='lat' dir='ltr'><strong>inell&#39;abilis</strong></span> <span class='ocrx_word' id='word_1_480' title='bbox 1021 5626 1339 5680; x_wconf 86' lang='lat' dir='ltr'><strong>sollicitudo.</strong></span> <span class='ocrx_word' id='word_1_481' title='bbox 1380 5624 1500 5679; x_wconf 82' lang='lat' dir='ltr'><strong>Ideo</strong></span> <span class='ocrx_word' id='word_1_482' title='bbox 1529 5633 1584 5680; x_wconf 85' lang='lat' dir='ltr'><strong>et</strong></span> <span class='ocrx_word' id='word_1_483' title='bbox 1630 5623 1701 5676; x_wconf 80' lang='lat' dir='ltr'><strong>illi</strong></span> <span class='ocrx_word' id='word_1_484' title='bbox 1733 5633 2080 5692; x_wconf 42' lang='lat' dir='ltr'><strong>agnoscentes</strong></span> <span class='ocrx_word' id='word_1_485' title='bbox 2110 5621 2272 5675; x_wconf 86' lang='lat' dir='ltr'><strong>bene-</strong></span> 
     </span>
    </p>
   </div>
   <div class='ocr_carea' id='block_1_59' title="bbox 706 5755 2274 5883">
    <p class='ocr_par' dir='ltr' id='par_1_59' title="bbox 706 5755 2274 5883">
     <span class='ocr_line' id='line_1_59' title="bbox 706 5755 2274 5883; baseline -0.001 -79"><span class='ocrx_word' id='word_1_486' title='bbox 706 5833 740 5883; x_wconf 54' lang='grc' dir='ltr'><strong><em>ν</em></strong></span> <span class='ocrx_word' id='word_1_487' title='bbox 758 5761 795 5868; x_wconf 42' lang='grc' dir='ltr'>ὦ</span> <span class='ocrx_word' id='word_1_488' title='bbox 827 5765 872 5879; x_wconf 61' lang='grc'><strong>12</strong></span> <span class='ocrx_word' id='word_1_489' title='bbox 891 5759 1193 5869; x_wconf 50' lang='grc' dir='ltr'><strong>ξριλιιὲμίῖιιτι</strong></span> <span class='ocrx_word' id='word_1_490' title='bbox 1219 5756 1567 5818; x_wconf 84' lang='lat' dir='ltr'><strong>tuterpretibus</strong></span> <span class='ocrx_word' id='word_1_491' title='bbox 1591 5755 1786 5817; x_wconf 76' lang='lat' dir='ltr'><strong>legitur,</strong></span> <span class='ocrx_word' id='word_1_492' title='bbox 1819 5763 1862 5806; x_wconf 82' lang='lat' dir='ltr'><strong>et</strong></span> <span class='ocrx_word' id='word_1_493' title='bbox 1889 5755 2020 5804; x_wconf 88' lang='lat' dir='ltr'><strong>dedit</strong></span> <span class='ocrx_word' id='word_1_494' title='bbox 2043 5755 2110 5804; x_wconf 72' lang='lat' dir='ltr'><strong>eis</strong></span> <span class='ocrx_word' id='word_1_495' title='bbox 2131 5766 2274 5815; x_wconf 76' lang='lat' dir='ltr'><strong>panes</strong></span> 
     </span>
     <span class='ocr_line' id='line_1_60' title="bbox 744 5836 1076 5872; baseline 0.009 -8"><span class='ocrx_word' id='word_1_496' title='bbox 744 5853 751 5864; x_wconf 75' lang='lat'><strong>.</strong></span> <span class='ocrx_word' id='word_1_497' title='bbox 815 5849 828 5869; x_wconf 67' lang='grc' dir='ltr'>ι</span> <span class='ocrx_word' id='word_1_498' title='bbox 875 5836 898 5866; x_wconf 82' lang='lat' dir='ltr'><strong>lt</strong></span> <span class='ocrx_word' id='word_1_499' title='bbox 924 5837 962 5872; x_wconf 67' lang='grc' dir='ltr'><strong>κ,</strong></span> <span class='ocrx_word' id='word_1_500' title='bbox 987 5838 1012 5867; x_wconf 84' lang='lat' dir='ltr'><strong>t‘</strong></span> <span class='ocrx_word' id='word_1_501' title='bbox 1051 5837 1076 5866; x_wconf 81' lang='lat'><strong>&#39;.</strong></span> 
     </span>
    </p>
   </div>
   <div class='ocr_carea' id='block_1_60' title="bbox 744 5836 1076 5872">
    <p class='ocr_par' dir='ltr' id='par_1_60' title="bbox 744 5836 1076 5872">
     <span class='ocr_line' id='line_1_61' title="bbox 744 5836 1076 5872; baseline -0.006 -4"><span class='ocrx_word' id='word_1_502' title='bbox 744 5836 795 5868; x_wconf 79' lang='grc' dir='ltr'><strong>σ”υ</strong></span> <span class='ocrx_word' id='word_1_503' title='bbox 815 5849 828 5869; x_wconf 75' lang='lat' dir='ltr'><strong>t</strong></span> <span class='ocrx_word' id='word_1_504' title='bbox 842 5836 962 5872; x_wconf 67' lang='lat' dir='ltr'><strong>quis.</strong></span> <span class='ocrx_word' id='word_1_505' title='bbox 987 5836 1076 5868; x_wconf 75' lang='lat' dir='ltr'><strong>t‘LC.</strong></span> 
     </span>
    </p>
   </div>
   <div class='ocr_carea' id='block_1_61' title="bbox 1376 376 3178 484">
    <p class='ocr_par' dir='ltr' id='par_1_61' title="bbox 1376 376 3178 484">
     <span class='ocr_line' id='line_1_62' title="bbox 1376 376 3178 484; baseline -0.022 -15"><span class='ocrx_word' id='word_1_506' title='bbox 1376 414 1430 470; x_wconf 86' lang='lat' dir='ltr'><strong>S.</strong></span> <span class='ocrx_word' id='word_1_507' title='bbox 1472 406 1746 467; x_wconf 69' lang='lat' dir='ltr'><strong>JO;\&#39;.\&#39;.\‘1S</strong></span> <span class='ocrx_word' id='word_1_508' title='bbox 1783 397 2264 484; x_wconf 65' lang='grc' dir='ltr'><strong>οιιιιγευετωη</strong></span> <span class='ocrx_word' id='word_1_509' title='bbox 2288 387 2606 448; x_wconf 78' lang='lat' dir='ltr'><strong>ARCIIIEP.</strong></span> <span class='ocrx_word' id='word_1_510' title='bbox 2645 376 3178 441; x_wconf 66' lang='lat' dir='ltr'><strong>CONSTANTINUP.</strong></span> 
     </span>
    </p>
   </div>
   <div class='ocr_carea' id='block_1_62' title="bbox 3801 365 3901 418">
    <p class='ocr_par' dir='ltr' id='par_1_62' title="bbox 3801 365 3901 418">
     <span class='ocr_line' id='line_1_63' title="bbox 3801 365 3901 418; baseline -0.01 0"><span class='ocrx_word' id='word_1_511' title='bbox 3801 365 3901 418; x_wconf 67' lang='grc'><strong>561</strong></span> 
     </span>
    </p>
   </div>
   <div class='ocr_carea' id='block_1_63' title="bbox 2326 483 3907 564">
    <p class='ocr_par' dir='ltr' id='par_1_63' title="bbox 2326 483 3907 564">
     <span class='ocr_line' id='line_1_64' title="bbox 2326 483 3907 564; baseline -0.02 -3"><span class='ocrx_word' id='word_1_512' title='bbox 2326 506 2441 560; x_wconf 81' lang='lat' dir='ltr'><strong>licia</strong></span> <span class='ocrx_word' id='word_1_513' title='bbox 2470 546 2483 564; x_wconf 91' lang='lat'><strong>.</strong></span> <span class='ocrx_word' id='word_1_514' title='bbox 2511 502 2694 556; x_wconf 89' lang='lat' dir='ltr'><strong>dicunt</strong></span> <span class='ocrx_word' id='word_1_515' title='bbox 2721 515 2734 552; x_wconf 90' lang='lat'><strong>:</strong></span> <span class='ocrx_word' id='word_1_516' title='bbox 2763 496 2853 551; x_wconf 70' lang='lat'><strong>25.</strong></span> <span class='ocrx_word' id='word_1_517' title='bbox 2893 491 3120 549; x_wconf 72' lang='lat' dir='ltr'><strong>Salsasti</strong></span> <span class='ocrx_word' id='word_1_518' title='bbox 3149 503 3239 542; x_wconf 87' lang='lat' dir='ltr'><strong>nos</strong></span> <span class='ocrx_word' id='word_1_519' title='bbox 3258 528 3272 550; x_wconf 94' lang='lat'><strong>,</strong></span> <span class='ocrx_word' id='word_1_520' title='bbox 3321 485 3600 538; x_wconf 61' lang='lat' dir='ltr'><strong>invasimus</strong></span> <span class='ocrx_word' id='word_1_521' title='bbox 3629 483 3762 535; x_wconf 76' lang='lat' dir='ltr'><strong>enim</strong></span> <span class='ocrx_word' id='word_1_522' title='bbox 3791 495 3907 549; x_wconf 75' lang='lat' dir='ltr'><strong>gn-</strong></span> 
     </span>
    </p>
   </div>
   <div class='ocr_carea' id='block_1_64' title="bbox 2322 573 3911 651">
    <p class='ocr_par' dir='ltr' id='par_1_64' title="bbox 2322 573 3911 651">
     <span class='ocr_line' id='line_1_65' title="bbox 2322 573 3911 651; baseline -0.016 -1"><span class='ocrx_word' id='word_1_523' title='bbox 2322 599 2444 651; x_wconf 84' lang='lat' dir='ltr'><strong>timu</strong></span> <span class='ocrx_word' id='word_1_524' title='bbox 2473 609 2641 648; x_wconf 81' lang='lat' dir='ltr'><strong>coram</strong></span> <span class='ocrx_word' id='word_1_525' title='bbox 2672 589 2879 644; x_wconf 81' lang='lat' dir='ltr'><strong>domino</strong></span> <span class='ocrx_word' id='word_1_526' title='bbox 2907 595 3115 648; x_wconf 78' lang='lat' dir='ltr'><strong>nostra;</strong></span> <span class='ocrx_word' id='word_1_527' title='bbox 3152 592 3199 636; x_wconf 87' lang='lat' dir='ltr'><strong>et</strong></span> <span class='ocrx_word' id='word_1_528' title='bbox 3227 581 3414 634; x_wconf 79' lang='lat' dir='ltr'><strong>erimus</strong></span> <span class='ocrx_word' id='word_1_529' title='bbox 3439 577 3568 630; x_wconf 69' lang='lat' dir='ltr'><strong>servi</strong></span> <span class='ocrx_word' id='word_1_530' title='bbox 3595 573 3911 627; x_wconf 69' lang='lat' dir='ltr'><strong>Pharaonis.</strong></span> 
     </span>
    </p>
   </div>
   <div class='ocr_carea' id='block_1_65' title="bbox 2331 667 3914 744">
    <p class='ocr_par' dir='ltr' id='par_1_65' title="bbox 2331 667 3914 744">
     <span class='ocr_line' id='line_1_66' title="bbox 2331 667 3914 744; baseline -0.017 -2"><span class='ocrx_word' id='word_1_531' title='bbox 2331 688 2520 744; x_wconf 79' lang='lat' dir='ltr'><strong>Vidisti</strong></span> <span class='ocrx_word' id='word_1_532' title='bbox 2553 678 2968 740; x_wconf 69' lang='lat' dir='ltr'><strong>liberalium?</strong></span> <span class='ocrx_word' id='word_1_533' title='bbox 2999 676 3133 731; x_wconf 77' lang='lat' dir='ltr'><strong>Nam</strong></span> <span class='ocrx_word' id='word_1_534' title='bbox 3174 674 3296 744; x_wconf 86' lang='lat' dir='ltr'><strong>quia</strong></span> <span class='ocrx_word' id='word_1_535' title='bbox 3323 670 3454 725; x_wconf 87' lang='lat' dir='ltr'><strong>vidit</strong></span> <span class='ocrx_word' id='word_1_536' title='bbox 3476 683 3576 724; x_wconf 76' lang='lat' dir='ltr'><strong>eos</strong></span> <span class='ocrx_word' id='word_1_537' title='bbox 3603 667 3767 720; x_wconf 89' lang='lat' dir='ltr'><strong>nimia</strong></span> <span class='ocrx_word' id='word_1_538' title='bbox 3819 679 3914 732; x_wconf 62' lang='lat' dir='ltr'><strong>ps-</strong></span> 
     </span>
    </p>
   </div>
   <div class='ocr_carea' id='block_1_66' title="bbox 2325 760 3913 839">
    <p class='ocr_par' dir='ltr' id='par_1_66' title="bbox 2325 760 3913 839">
     <span class='ocr_line' id='line_1_67' title="bbox 2325 760 3913 839; baseline -0.019 -3"><span class='ocrx_word' id='word_1_539' title='bbox 2325 781 2474 836; x_wconf 84' lang='lat' dir='ltr'><strong>nuria</strong></span> <span class='ocrx_word' id='word_1_540' title='bbox 2497 775 2802 837; x_wconf 80' lang='lat' dir='ltr'><strong>confertos,</strong></span> <span class='ocrx_word' id='word_1_541' title='bbox 2833 770 3072 839; x_wconf 69' lang='lat' dir='ltr'><strong>cogitans</strong></span> <span class='ocrx_word' id='word_1_542' title='bbox 3091 773 3350 835; x_wconf 89' lang='lat' dir='ltr'><strong>quantum</strong></span> <span class='ocrx_word' id='word_1_543' title='bbox 3395 760 3632 816; x_wconf 81' lang='lat' dir='ltr'><strong>laborem</strong></span> <span class='ocrx_word' id='word_1_544' title='bbox 3680 767 3738 811; x_wconf 79' lang='lat' dir='ltr'><strong>et</strong></span> <span class='ocrx_word' id='word_1_545' title='bbox 3777 770 3913 808; x_wconf 62' lang='lat' dir='ltr'><strong>rru-</strong></span> 
     </span>
    </p>
   </div>
   <div class='ocr_carea' id='block_1_67' title="bbox 2325 844 3913 930">
    <p class='ocr_par' dir='ltr' id='par_1_67' title="bbox 2325 844 3913 930">
     <span class='ocr_line' id='line_1_68' title="bbox 2325 844 3913 930; baseline -0.018 -4"><span class='ocrx_word' id='word_1_546' title='bbox 2325 885 2504 927; x_wconf 87' lang='lat' dir='ltr'><strong>mnam</strong></span> <span class='ocrx_word' id='word_1_547' title='bbox 2526 866 2792 922; x_wconf 85' lang='lat' dir='ltr'><strong>sustinere</strong></span> <span class='ocrx_word' id='word_1_548' title='bbox 2819 870 3077 930; x_wconf 67' lang='lat' dir='ltr'><strong>cogantur</strong></span> <span class='ocrx_word' id='word_1_549' title='bbox 3095 853 3320 911; x_wconf 90' lang='lat' dir='ltr'><strong>colendo</strong></span> <span class='ocrx_word' id='word_1_550' title='bbox 3347 863 3574 915; x_wconf 82' lang='lat' dir='ltr'><strong>terram,</strong></span> <span class='ocrx_word' id='word_1_551' title='bbox 3607 847 3741 904; x_wconf 80' lang='lat' dir='ltr'><strong>dicit</strong></span> <span class='ocrx_word' id='word_1_552' title='bbox 3765 863 3780 900; x_wconf 89' lang='lat'><strong>:</strong></span> <span class='ocrx_word' id='word_1_553' title='bbox 3811 844 3913 900; x_wconf 84' lang='lat' dir='ltr'><strong>Se-</strong></span> 
     </span>
    </p>
   </div>
   <div class='ocr_carea' id='block_1_68' title="bbox 2327 937 3918 1023">
    <p class='ocr_par' dir='ltr' id='par_1_68' title="bbox 2327 937 3918 1023">
     <span class='ocr_line' id='line_1_69' title="bbox 2327 937 3918 1023; baseline -0.017 -8"><span class='ocrx_word' id='word_1_554' title='bbox 2327 974 2450 1015; x_wconf 89' lang='lat' dir='ltr'><strong>men</strong></span> <span class='ocrx_word' id='word_1_555' title='bbox 2482 957 2632 1012; x_wconf 89' lang='lat' dir='ltr'><strong>vobis</strong></span> <span class='ocrx_word' id='word_1_556' title='bbox 2662 968 2763 1023; x_wconf 71' lang='lat' dir='ltr'><strong>ego</strong></span> <span class='ocrx_word' id='word_1_557' title='bbox 2779 949 3130 1018; x_wconf 81' lang='lat' dir='ltr'><strong>suppeditabo</strong></span> <span class='ocrx_word' id='word_1_558' title='bbox 3149 986 3164 1009; x_wconf 89' lang='lat'><strong>,</strong></span> <span class='ocrx_word' id='word_1_559' title='bbox 3196 958 3292 998; x_wconf 85' lang='lat' dir='ltr'><strong>vos</strong></span> <span class='ocrx_word' id='word_1_560' title='bbox 3319 952 3497 996; x_wconf 85' lang='lat' dir='ltr'><strong>autem</strong></span> <span class='ocrx_word' id='word_1_561' title='bbox 3517 953 3734 995; x_wconf 80' lang='lat' dir='ltr'><strong>omnem</strong></span> <span class='ocrx_word' id='word_1_562' title='bbox 3756 937 3918 991; x_wconf 71' lang='lat' dir='ltr'><strong>aliam</strong></span> 
     </span>
    </p>
   </div>
   <div class='ocr_carea' id='block_1_69' title="bbox 2328 1028 3920 1105">
    <p class='ocr_par' dir='ltr' id='par_1_69' title="bbox 2328 1028 3920 1105">
     <span class='ocr_line' id='line_1_70' title="bbox 2328 1028 3920 1105; baseline -0.018 0"><span class='ocrx_word' id='word_1_563' title='bbox 2328 1066 2508 1105; x_wconf 86' lang='lat' dir='ltr'><strong>curam</strong></span> <span class='ocrx_word' id='word_1_564' title='bbox 2539 1046 2806 1102; x_wconf 76' lang='lat' dir='ltr'><strong>exhibete.</strong></span> <span class='ocrx_word' id='word_1_565' title='bbox 2856 1042 2923 1095; x_wconf 81' lang='lat' dir='ltr'><strong>Et</strong></span> <span class='ocrx_word' id='word_1_566' title='bbox 2961 1039 3007 1094; x_wconf 91' lang='lat' dir='ltr'><strong>si</strong></span> <span class='ocrx_word' id='word_1_567' title='bbox 3039 1037 3236 1093; x_wconf 78' lang='lat' dir='ltr'><strong>fuerint</strong></span> <span class='ocrx_word' id='word_1_568' title='bbox 3266 1034 3417 1088; x_wconf 83' lang='lat' dir='ltr'><strong>vobis</strong></span> <span class='ocrx_word' id='word_1_569' title='bbox 3458 1042 3785 1103; x_wconf 75' lang='lat' dir='ltr'><strong>proventus,</strong></span> <span class='ocrx_word' id='word_1_570' title='bbox 3828 1028 3920 1079; x_wconf 73' lang='lat' dir='ltr'><strong>da-</strong></span> 
     </span>
    </p>
   </div>
   <div class='ocr_carea' id='block_1_70' title="bbox 2330 1126 3923 1207">
    <p class='ocr_par' dir='ltr' id='par_1_70' title="bbox 2330 1126 3923 1207">
     <span class='ocr_line' id='line_1_71' title="bbox 2330 1126 3923 1207; baseline -0.015 -13"><span class='ocrx_word' id='word_1_571' title='bbox 2330 1141 2455 1195; x_wconf 85' lang='lat' dir='ltr'><strong>bitis</strong></span> <span class='ocrx_word' id='word_1_572' title='bbox 2497 1145 2699 1207; x_wconf 86' lang='lat' dir='ltr'><strong>partem</strong></span> <span class='ocrx_word' id='word_1_573' title='bbox 2727 1147 2920 1195; x_wconf 77' lang='lat' dir='ltr'><strong>unum,</strong></span> <span class='ocrx_word' id='word_1_574' title='bbox 2950 1138 3178 1198; x_wconf 88' lang='lat' dir='ltr'><strong>quatuor</strong></span> <span class='ocrx_word' id='word_1_575' title='bbox 3205 1133 3383 1178; x_wconf 78' lang='lat' dir='ltr'><strong>autent</strong></span> <span class='ocrx_word' id='word_1_576' title='bbox 3425 1129 3620 1175; x_wconf 67' lang='lat' dir='ltr'><strong>vestra:</strong></span> <span class='ocrx_word' id='word_1_577' title='bbox 3647 1128 3838 1180; x_wconf 82' lang='lat' dir='ltr'><strong>erunt,</strong></span> <span class='ocrx_word' id='word_1_578' title='bbox 3870 1126 3923 1170; x_wconf 86' lang='lat' dir='ltr'><strong>et</strong></span> 
     </span>
    </p>
   </div>
   <div class='ocr_carea' id='block_1_71' title="bbox 2333 1208 3922 1285">
    <p class='ocr_par' dir='ltr' id='par_1_71' title="bbox 2333 1208 3922 1285">
     <span class='ocr_line' id='line_1_72' title="bbox 2333 1208 3922 1285; baseline -0.016 0"><span class='ocrx_word' id='word_1_579' title='bbox 2333 1242 2538 1285; x_wconf 82' lang='lat' dir='ltr'><strong>merces</strong></span> <span class='ocrx_word' id='word_1_580' title='bbox 2571 1227 2844 1284; x_wconf 83' lang='lat' dir='ltr'><strong>laborum,</strong></span> <span class='ocrx_word' id='word_1_581' title='bbox 2878 1230 2931 1274; x_wconf 91' lang='lat' dir='ltr'><strong>et</strong></span> <span class='ocrx_word' id='word_1_582' title='bbox 2957 1217 3222 1272; x_wconf 71' lang='lat' dir='ltr'><strong>alimonia:</strong></span> <span class='ocrx_word' id='word_1_583' title='bbox 3261 1210 3638 1282; x_wconf 74' lang='lat' dir='ltr'><strong>sumptas.26.</strong></span> <span class='ocrx_word' id='word_1_584' title='bbox 3674 1208 3790 1263; x_wconf 81' lang='lat' dir='ltr'><strong>Hoc</strong></span> <span class='ocrx_word' id='word_1_585' title='bbox 3823 1225 3922 1261; x_wconf 75' lang='lat' dir='ltr'><strong>au-</strong></span> 
     </span>
    </p>
   </div>
   <div class='ocr_carea' id='block_1_72' title="bbox 2333 1303 3924 1383">
    <p class='ocr_par' dir='ltr' id='par_1_72' title="bbox 2333 1303 3924 1383">
     <span class='ocr_line' id='line_1_73' title="bbox 2333 1303 3924 1383; baseline -0.015 -11"><span class='ocrx_word' id='word_1_586' title='bbox 2333 1331 2428 1372; x_wconf 83' lang='lat' dir='ltr'><strong>tent</strong></span> <span class='ocrx_word' id='word_1_587' title='bbox 2455 1317 2747 1371; x_wconf 85' lang='lat' dir='ltr'><strong>mandatum</strong></span> <span class='ocrx_word' id='word_1_588' title='bbox 2789 1311 2955 1383; x_wconf 74' lang='lat' dir='ltr'><strong>posuit</strong></span> <span class='ocrx_word' id='word_1_589' title='bbox 3003 1311 3078 1362; x_wconf 85' lang='lat' dir='ltr'><strong>eis</strong></span> <span class='ocrx_word' id='word_1_590' title='bbox 3117 1305 3344 1376; x_wconf 74' lang='lat' dir='ltr'><strong>Ioseph,</strong></span> <span class='ocrx_word' id='word_1_591' title='bbox 3377 1316 3428 1356; x_wconf 74' lang='lat' dir='ltr'><strong>ut</strong></span> <span class='ocrx_word' id='word_1_592' title='bbox 3459 1303 3683 1372; x_wconf 84' lang='lat' dir='ltr'><strong>quintam</strong></span> <span class='ocrx_word' id='word_1_593' title='bbox 3729 1308 3924 1367; x_wconf 72' lang='lat' dir='ltr'><strong>partem</strong></span> 
     </span>
    </p>
   </div>
   <div class='ocr_carea' id='block_1_73' title="bbox 2333 1399 3737 1472">
    <p class='ocr_par' dir='ltr' id='par_1_73' title="bbox 2333 1399 3737 1472">
     <span class='ocr_line' id='line_1_74' title="bbox 2333 1399 3737 1472; baseline -0.013 -9"><span class='ocrx_word' id='word_1_594' title='bbox 2333 1416 2514 1464; x_wconf 86' lang='lat' dir='ltr'><strong>durent</strong></span> <span class='ocrx_word' id='word_1_595' title='bbox 2541 1408 2806 1462; x_wconf 80' lang='lat' dir='ltr'><strong>Pharaoni</strong></span> <span class='ocrx_word' id='word_1_596' title='bbox 2825 1446 2839 1464; x_wconf 86' lang='lat'><strong>.</strong></span> <span class='ocrx_word' id='word_1_597' title='bbox 2870 1411 3078 1472; x_wconf 70' lang='lat' dir='ltr'><strong>excepta</strong></span> <span class='ocrx_word' id='word_1_598' title='bbox 3100 1401 3211 1454; x_wconf 84' lang='lat' dir='ltr'><strong>sola</strong></span> <span class='ocrx_word' id='word_1_599' title='bbox 3239 1399 3556 1452; x_wconf 76' lang='lat' dir='ltr'><strong>sacerdotum</strong></span> <span class='ocrx_word' id='word_1_600' title='bbox 3584 1406 3737 1448; x_wconf 79' lang='lat' dir='ltr'><strong>terra.</strong></span> 
     </span>
    </p>
   </div>
   <div class='ocr_carea' id='block_1_74' title="bbox 2406 1487 3922 1557">
    <p class='ocr_par' dir='ltr' id='par_1_74' title="bbox 2406 1487 3922 1557">
     <span class='ocr_line' id='line_1_75' title="bbox 2406 1487 3922 1557; baseline -0.013 -3"><span class='ocrx_word' id='word_1_601' title='bbox 2406 1500 2704 1554; x_wconf 80' lang='lat' dir='ltr'><strong>Sacerdotes</strong></span> <span class='ocrx_word' id='word_1_602' title='bbox 2742 1494 2960 1549; x_wconf 77' lang='lat' dir='ltr'><strong>colendi.</strong></span> <span class='ocrx_word' id='word_1_603' title='bbox 3007 1522 3078 1534; x_wconf 92' lang='lat'><strong>—</strong></span> <span class='ocrx_word' id='word_1_604' title='bbox 3115 1491 3349 1545; x_wconf 82' lang='lat' dir='ltr'><strong>Audiam</strong></span> <span class='ocrx_word' id='word_1_605' title='bbox 3389 1491 3480 1557; x_wconf 86' lang='lat' dir='ltr'><strong>qui</strong></span> <span class='ocrx_word' id='word_1_606' title='bbox 3528 1501 3667 1542; x_wconf 83' lang='lat' dir='ltr'><strong>nunc</strong></span> <span class='ocrx_word' id='word_1_607' title='bbox 3700 1487 3922 1543; x_wconf 84' lang='lat' dir='ltr'><strong>vivunt,</strong></span> 
     </span>
    </p>
   </div>
   <div class='ocr_carea' id='block_1_75' title="bbox 2334 1576 3924 1659">
    <p class='ocr_par' dir='ltr' id='par_1_75' title="bbox 2334 1576 3924 1659">
     <span class='ocr_line' id='line_1_76' title="bbox 2334 1576 3924 1659; baseline -0.009 -15"><span class='ocrx_word' id='word_1_608' title='bbox 2334 1602 2584 1659; x_wconf 84' lang='lat' dir='ltr'><strong>quamam</strong></span> <span class='ocrx_word' id='word_1_609' title='bbox 2628 1589 2756 1642; x_wconf 90' lang='lat' dir='ltr'><strong>olim</strong></span> <span class='ocrx_word' id='word_1_610' title='bbox 2801 1583 3134 1640; x_wconf 84' lang='lat' dir='ltr'><strong>sacerdomm</strong></span> <span class='ocrx_word' id='word_1_611' title='bbox 3191 1581 3451 1635; x_wconf 88' lang='lat' dir='ltr'><strong>idolorum</strong></span> <span class='ocrx_word' id='word_1_612' title='bbox 3500 1593 3682 1633; x_wconf 77' lang='lat' dir='ltr'><strong>atram</strong></span> <span class='ocrx_word' id='word_1_613' title='bbox 3722 1576 3924 1630; x_wconf 65' lang='lat' dir='ltr'><strong>turbineo</strong></span> 
     </span>
    </p>
   </div>
   <div class='ocr_carea' id='block_1_76' title="bbox 2337 1673 3926 1748">
    <p class='ocr_par' dir='ltr' id='par_1_76' title="bbox 2337 1673 3926 1748">
     <span class='ocr_line' id='line_1_77' title="bbox 2337 1673 3926 1748; baseline -0.011 -9"><span class='ocrx_word' id='word_1_614' title='bbox 2337 1687 2474 1748; x_wconf 88' lang='lat' dir='ltr'><strong>rint;</strong></span> <span class='ocrx_word' id='word_1_615' title='bbox 2501 1693 2552 1738; x_wconf 87' lang='lat' dir='ltr'><strong>et</strong></span> <span class='ocrx_word' id='word_1_616' title='bbox 2575 1681 2781 1735; x_wconf 86' lang='lat' dir='ltr'><strong>discant</strong></span> <span class='ocrx_word' id='word_1_617' title='bbox 2807 1688 2865 1733; x_wconf 91' lang='lat' dir='ltr'><strong>ut</strong></span> <span class='ocrx_word' id='word_1_618' title='bbox 2884 1678 2968 1732; x_wconf 85' lang='lat' dir='ltr'><strong>vel</strong></span> <span class='ocrx_word' id='word_1_619' title='bbox 2995 1676 3182 1731; x_wconf 85' lang='lat' dir='ltr'><strong>saltem</strong></span> <span class='ocrx_word' id='word_1_620' title='bbox 3206 1689 3384 1744; x_wconf 83' lang='lat' dir='ltr'><strong>parem</strong></span> <span class='ocrx_word' id='word_1_621' title='bbox 3409 1673 3640 1727; x_wconf 79' lang='lat' dir='ltr'><strong>habeant</strong></span> <span class='ocrx_word' id='word_1_622' title='bbox 3667 1673 3926 1724; x_wconf 82' lang='lat' dir='ltr'><strong>honorem</strong></span> 
     </span>
    </p>
   </div>
   <div class='ocr_carea' id='block_1_77' title="bbox 2338 1760 3927 1844">
    <p class='ocr_par' dir='ltr' id='par_1_77' title="bbox 2338 1760 3927 1844">
     <span class='ocr_line' id='line_1_78' title="bbox 2338 1760 3927 1844; baseline -0.011 -15"><span class='ocrx_word' id='word_1_623' title='bbox 2338 1776 2400 1830; x_wconf 88' lang='lat' dir='ltr'><strong>iis</strong></span> <span class='ocrx_word' id='word_1_624' title='bbox 2425 1774 2614 1844; x_wconf 90' lang='lat' dir='ltr'><strong>quibus</strong></span> <span class='ocrx_word' id='word_1_625' title='bbox 2642 1771 2877 1824; x_wconf 87' lang='lat' dir='ltr'><strong>ontnium</strong></span> <span class='ocrx_word' id='word_1_626' title='bbox 2909 1769 2999 1823; x_wconf 86' lang='lat' dir='ltr'><strong>Dei</strong></span> <span class='ocrx_word' id='word_1_627' title='bbox 3035 1766 3386 1821; x_wconf 78' lang='lat' dir='ltr'><strong>ministerium</strong></span> <span class='ocrx_word' id='word_1_628' title='bbox 3417 1762 3676 1818; x_wconf 84' lang='lat' dir='ltr'><strong>creditum</strong></span> <span class='ocrx_word' id='word_1_629' title='bbox 3699 1801 3715 1825; x_wconf 91' lang='lat'><strong>,</strong></span> <span class='ocrx_word' id='word_1_630' title='bbox 3758 1771 3814 1814; x_wconf 89' lang='lat' dir='ltr'><strong>et</strong></span> <span class='ocrx_word' id='word_1_631' title='bbox 3841 1760 3927 1828; x_wconf 81' lang='lat' dir='ltr'><strong>qui</strong></span> 
     </span>
    </p>
   </div>
   <div class='ocr_carea' id='block_1_78' title="bbox 2337 1854 3930 1931">
    <p class='ocr_par' dir='ltr' id='par_1_78' title="bbox 2337 1854 3930 1931">
     <span class='ocr_line' id='line_1_79' title="bbox 2337 1854 3930 1931; baseline -0.01 -11"><span class='ocrx_word' id='word_1_632' title='bbox 2337 1864 2636 1920; x_wconf 84' lang='lat' dir='ltr'><strong>sacerdotio</strong></span> <span class='ocrx_word' id='word_1_633' title='bbox 2660 1860 2893 1931; x_wconf 78' lang='lat' dir='ltr'><strong>lnsigniti</strong></span> <span class='ocrx_word' id='word_1_634' title='bbox 2916 1869 3056 1913; x_wconf 86' lang='lat' dir='ltr'><strong>sunt.</strong></span> <span class='ocrx_word' id='word_1_635' title='bbox 3087 1857 3142 1912; x_wconf 89' lang='lat' dir='ltr'><strong>Si</strong></span> <span class='ocrx_word' id='word_1_636' title='bbox 3174 1858 3316 1910; x_wconf 89' lang='lat' dir='ltr'><strong>enim</strong></span> <span class='ocrx_word' id='word_1_637' title='bbox 3346 1865 3586 1909; x_wconf 85' lang='lat' dir='ltr'><strong>errantes</strong></span> <span class='ocrx_word' id='word_1_638' title='bbox 3613 1854 3708 1916; x_wconf 77' lang='lat' dir='ltr'><strong>illi,</strong></span> <span class='ocrx_word' id='word_1_639' title='bbox 3728 1862 3784 1907; x_wconf 85' lang='lat' dir='ltr'><strong>et</strong></span> <span class='ocrx_word' id='word_1_640' title='bbox 3813 1863 3930 1905; x_wconf 84' lang='lat' dir='ltr'><strong>tan-</strong></span> 
     </span>
    </p>
   </div>
   <div class='ocr_carea' id='block_1_79' title="bbox 2339 1945 3933 2015">
    <p class='ocr_par' dir='ltr' id='par_1_79' title="bbox 2339 1945 3933 2015">
     <span class='ocr_line' id='line_1_80' title="bbox 2339 1945 3933 2015; baseline -0.01 -3"><span class='ocrx_word' id='word_1_641' title='bbox 2339 1968 2445 2013; x_wconf 87' lang='lat' dir='ltr'><strong>tam</strong></span> <span class='ocrx_word' id='word_1_642' title='bbox 2473 1955 2733 2008; x_wconf 81' lang='lat' dir='ltr'><strong>idolorum</strong></span> <span class='ocrx_word' id='word_1_643' title='bbox 2763 1966 2943 2005; x_wconf 81' lang='lat' dir='ltr'><strong>curam</strong></span> <span class='ocrx_word' id='word_1_644' title='bbox 2971 1949 3260 2008; x_wconf 82' lang='lat' dir='ltr'><strong>habentes,</strong></span> <span class='ocrx_word' id='word_1_645' title='bbox 3292 1945 3412 2015; x_wconf 88' lang='lat' dir='ltr'><strong>quia</strong></span> <span class='ocrx_word' id='word_1_646' title='bbox 3445 1962 3510 1998; x_wconf 80' lang='lat' dir='ltr'><strong>ex</strong></span> <span class='ocrx_word' id='word_1_647' title='bbox 3549 1945 3648 1998; x_wconf 90' lang='lat' dir='ltr'><strong>boc</strong></span> <span class='ocrx_word' id='word_1_648' title='bbox 3677 1945 3933 2012; x_wconf 72' lang='lat' dir='ltr'><strong>putalumt</strong></span> 
     </span>
    </p>
   </div>
   <div class='ocr_carea' id='block_1_80' title="bbox 2343 2035 3906 2112">
    <p class='ocr_par' dir='ltr' id='par_1_80' title="bbox 2343 2035 3906 2112">
     <span class='ocr_line' id='line_1_81' title="bbox 2343 2035 3906 2112; baseline -0.01 -13"><span class='ocrx_word' id='word_1_649' title='bbox 2343 2049 2479 2099; x_wconf 89' lang='lat' dir='ltr'><strong>idola</strong></span> <span class='ocrx_word' id='word_1_650' title='bbox 2506 2044 2671 2112; x_wconf 79' lang='lat' dir='ltr'><strong>magis</strong></span> <span class='ocrx_word' id='word_1_651' title='bbox 2696 2044 2817 2106; x_wconf 88' lang='lat' dir='ltr'><strong>coli,</strong></span> <span class='ocrx_word' id='word_1_652' title='bbox 2847 2043 2912 2094; x_wconf 87' lang='lat' dir='ltr'><strong>ita</strong></span> <span class='ocrx_word' id='word_1_653' title='bbox 2944 2056 3128 2095; x_wconf 87' lang='lat' dir='ltr'><strong>eorum</strong></span> <span class='ocrx_word' id='word_1_654' title='bbox 3152 2039 3421 2092; x_wconf 88' lang='lat' dir='ltr'><strong>ministros</strong></span> <span class='ocrx_word' id='word_1_655' title='bbox 3441 2035 3692 2090; x_wconf 80' lang='lat' dir='ltr'><strong>colebant</strong></span> <span class='ocrx_word' id='word_1_656' title='bbox 3723 2052 3736 2086; x_wconf 91' lang='lat'>:</span> <span class='ocrx_word' id='word_1_657' title='bbox 3766 2051 3906 2101; x_wconf 81' lang='lat' dir='ltr'><strong>quan</strong></span> 
     </span>
    </p>
   </div>
   <div class='ocr_carea' id='block_1_81' title="bbox 2345 2125 3934 2197">
    <p class='ocr_par' dir='ltr' id='par_1_81' title="bbox 2345 2125 3934 2197">
     <span class='ocr_line' id='line_1_82' title="bbox 2345 2125 3934 2197; baseline -0.01 -6"><span class='ocrx_word' id='word_1_658' title='bbox 2345 2152 2392 2192; x_wconf 85' lang='lat' dir='ltr'><strong>ta</strong></span> <span class='ocrx_word' id='word_1_659' title='bbox 2442 2153 2544 2190; x_wconf 89' lang='lat' dir='ltr'><strong>non</strong></span> <span class='ocrx_word' id='word_1_660' title='bbox 2594 2132 3035 2187; x_wconf 84' lang='lat' dir='ltr'><strong>condemnatione</strong></span> <span class='ocrx_word' id='word_1_661' title='bbox 3085 2130 3226 2197; x_wconf 74' lang='lat' dir='ltr'><strong>digni</strong></span> <span class='ocrx_word' id='word_1_662' title='bbox 3257 2169 3274 2192; x_wconf 89' lang='lat'><strong>,</strong></span> <span class='ocrx_word' id='word_1_663' title='bbox 3305 2127 3394 2194; x_wconf 89' lang='lat' dir='ltr'><strong>qui</strong></span> <span class='ocrx_word' id='word_1_664' title='bbox 3442 2139 3581 2178; x_wconf 89' lang='lat' dir='ltr'><strong>nunc</strong></span> <span class='ocrx_word' id='word_1_665' title='bbox 3613 2125 3934 2176; x_wconf 82' lang='lat' dir='ltr'><strong>intminnunt</strong></span> 
     </span>
    </p>
   </div>
   <div class='ocr_carea' id='block_1_82' title="bbox 2342 2215 3930 2299">
    <p class='ocr_par' dir='ltr' id='par_1_82' title="bbox 2342 2215 3930 2299">
     <span class='ocr_line' id='line_1_83' title="bbox 2342 2215 3930 2299; baseline -0.014 -18"><span class='ocrx_word' id='word_1_666' title='bbox 2342 2229 2481 2299; x_wconf 88' lang='lat' dir='ltr'><strong>quod</strong></span> <span class='ocrx_word' id='word_1_667' title='bbox 2507 2227 2570 2278; x_wconf 90' lang='lat' dir='ltr'><strong>ad</strong></span> <span class='ocrx_word' id='word_1_668' title='bbox 2606 2226 2809 2277; x_wconf 86' lang='lat' dir='ltr'><strong>illorum</strong></span> <span class='ocrx_word' id='word_1_669' title='bbox 2853 2230 3056 2292; x_wconf 86' lang='lat' dir='ltr'><strong>spectat</strong></span> <span class='ocrx_word' id='word_1_670' title='bbox 3092 2221 3290 2274; x_wconf 88' lang='lat' dir='ltr'><strong>cultum</strong></span> <span class='ocrx_word' id='word_1_671' title='bbox 3319 2217 3341 2269; x_wconf 84' lang='lat'><strong>?</strong></span> <span class='ocrx_word' id='word_1_672' title='bbox 3370 2221 3447 2269; x_wconf 67' lang='lat' dir='ltr'><strong>An</strong></span> <span class='ocrx_word' id='word_1_673' title='bbox 3499 2215 3714 2268; x_wconf 78' lang='lat' dir='ltr'><strong>nescitis</strong></span> <span class='ocrx_word' id='word_1_674' title='bbox 3763 2216 3930 2266; x_wconf 72' lang='lat' dir='ltr'><strong>litum.</strong></span> 
     </span>
    </p>
   </div>
   <div class='ocr_carea' id='block_1_83' title="bbox 2345 2304 3934 2382">
    <p class='ocr_par' dir='ltr' id='par_1_83' title="bbox 2345 2304 3934 2382">
     <span class='ocr_line' id='line_1_84' title="bbox 2345 2304 3934 2382; baseline -0.013 -10"><span class='ocrx_word' id='word_1_675' title='bbox 2345 2335 2454 2373; x_wconf 87' lang='lat' dir='ltr'><strong>rem</strong></span> <span class='ocrx_word' id='word_1_676' title='bbox 2476 2318 2539 2370; x_wconf 89' lang='lat' dir='ltr'><strong>ad</strong></span> <span class='ocrx_word' id='word_1_677' title='bbox 2567 2318 2728 2370; x_wconf 81' lang='lat' dir='ltr'><strong>Deum</strong></span> <span class='ocrx_word' id='word_1_678' title='bbox 2761 2315 2929 2382; x_wconf 82' lang='lat' dir='ltr'><strong>ipsum</strong></span> <span class='ocrx_word' id='word_1_679' title='bbox 2953 2311 3222 2365; x_wconf 73' lang='lat' dir='ltr'><strong>transire?</strong></span> <span class='ocrx_word' id='word_1_680' title='bbox 3251 2307 3326 2361; x_wconf 84' lang='lat' dir='ltr'><strong>Ne</strong></span> <span class='ocrx_word' id='word_1_681' title='bbox 3353 2307 3510 2375; x_wconf 78' lang='lat' dir='ltr'><strong>igitur</strong></span> <span class='ocrx_word' id='word_1_682' title='bbox 3542 2304 3795 2370; x_wconf 61' lang='lat' dir='ltr'><strong>resipicias</strong></span> <span class='ocrx_word' id='word_1_683' title='bbox 3815 2321 3934 2355; x_wconf 84' lang='lat' dir='ltr'><strong>cntn</strong></span> 
     </span>
    </p>
   </div>
   <div class='ocr_carea' id='block_1_84' title="bbox 2346 2395 3936 2467">
    <p class='ocr_par' dir='ltr' id='par_1_84' title="bbox 2346 2395 3936 2467">
     <span class='ocr_line' id='line_1_85' title="bbox 2346 2395 3936 2467; baseline -0.013 -3"><span class='ocrx_word' id='word_1_684' title='bbox 2346 2412 2429 2464; x_wconf 72' lang='lat' dir='ltr'><strong>cui</strong></span> <span class='ocrx_word' id='word_1_685' title='bbox 2475 2411 2642 2462; x_wconf 85' lang='lat' dir='ltr'><strong>bonos</strong></span> <span class='ocrx_word' id='word_1_686' title='bbox 2684 2407 2976 2462; x_wconf 81' lang='lat' dir='ltr'><strong>confertur.</strong></span> <span class='ocrx_word' id='word_1_687' title='bbox 3007 2402 3122 2457; x_wconf 79' lang='lat' dir='ltr'><strong>Non</strong></span> <span class='ocrx_word' id='word_1_688' title='bbox 3153 2401 3294 2455; x_wconf 87' lang='lat' dir='ltr'><strong>enim</strong></span> <span class='ocrx_word' id='word_1_689' title='bbox 3329 2407 3545 2467; x_wconf 81' lang='lat' dir='ltr'><strong>propter</strong></span> <span class='ocrx_word' id='word_1_690' title='bbox 3586 2398 3734 2449; x_wconf 85' lang='lat' dir='ltr'><strong>illum</strong></span> <span class='ocrx_word' id='word_1_691' title='bbox 3774 2395 3936 2448; x_wconf 62' lang='lat' dir='ltr'><strong>delc:</strong></span> 
     </span>
    </p>
   </div>
   <div class='ocr_carea' id='block_1_85' title="bbox 2347 2486 3936 2574">
    <p class='ocr_par' dir='ltr' id='par_1_85' title="bbox 2347 2486 3936 2574">
     <span class='ocr_line' id='line_1_86' title="bbox 2347 2486 3936 2574; baseline -0.014 -17"><span class='ocrx_word' id='word_1_692' title='bbox 2347 2504 2484 2574; x_wconf 86' lang='lat' dir='ltr'><strong>quod</strong></span> <span class='ocrx_word' id='word_1_693' title='bbox 2527 2514 2670 2554; x_wconf 89' lang='lat' dir='ltr'><strong>tuum</strong></span> <span class='ocrx_word' id='word_1_694' title='bbox 2699 2510 2780 2552; x_wconf 76' lang='lat' dir='ltr'><strong>est</strong></span> <span class='ocrx_word' id='word_1_695' title='bbox 2811 2498 3024 2560; x_wconf 75' lang='lat' dir='ltr'><strong>facere;</strong></span> <span class='ocrx_word' id='word_1_696' title='bbox 3065 2495 3158 2549; x_wconf 79' lang='lat' dir='ltr'><strong>sed</strong></span> <span class='ocrx_word' id='word_1_697' title='bbox 3190 2499 3406 2561; x_wconf 66' lang='lat' dir='ltr'><strong>promer</strong></span> <span class='ocrx_word' id='word_1_698' title='bbox 3441 2489 3586 2543; x_wconf 82' lang='lat' dir='ltr'><strong>illuni</strong></span> <span class='ocrx_word' id='word_1_699' title='bbox 3613 2533 3623 2547; x_wconf 85' lang='grc'><em>,</em></span> <span class='ocrx_word' id='word_1_700' title='bbox 3649 2486 3808 2554; x_wconf 71' lang='lat' dir='ltr'><strong>cujus</strong></span> <span class='ocrx_word' id='word_1_701' title='bbox 3850 2502 3936 2536; x_wconf 74' lang='lat' dir='ltr'><strong>sa-</strong></span> 
     </span>
    </p>
   </div>
   <div class='ocr_carea' id='block_1_86' title="bbox 2348 2576 3934 2653">
    <p class='ocr_par' dir='ltr' id='par_1_86' title="bbox 2348 2576 3934 2653">
     <span class='ocr_line' id='line_1_87' title="bbox 2348 2576 3934 2653; baseline -0.016 -3"><span class='ocrx_word' id='word_1_702' title='bbox 2348 2593 2538 2650; x_wconf 85' lang='lat' dir='ltr'><strong>cerdos</strong></span> <span class='ocrx_word' id='word_1_703' title='bbox 2563 2602 2663 2653; x_wconf 87' lang='lat' dir='ltr'><strong>est,</strong></span> <span class='ocrx_word' id='word_1_704' title='bbox 2697 2600 2756 2644; x_wconf 91' lang='lat' dir='ltr'><strong>ut</strong></span> <span class='ocrx_word' id='word_1_705' title='bbox 2798 2599 2852 2642; x_wconf 89' lang='lat' dir='ltr'><strong>et</strong></span> <span class='ocrx_word' id='word_1_706' title='bbox 2892 2587 2959 2640; x_wconf 89' lang='lat' dir='ltr'><strong>ab</strong></span> <span class='ocrx_word' id='word_1_707' title='bbox 2999 2586 3088 2639; x_wconf 89' lang='lat' dir='ltr'><strong>illo</strong></span> <span class='ocrx_word' id='word_1_708' title='bbox 3129 2581 3500 2637; x_wconf 79' lang='lat' dir='ltr'><strong>retributiones</strong></span> <span class='ocrx_word' id='word_1_709' title='bbox 3526 2577 3758 2632; x_wconf 83' lang='lat' dir='ltr'><strong>ubertim</strong></span> <span class='ocrx_word' id='word_1_710' title='bbox 3797 2576 3934 2628; x_wconf 83' lang='lat' dir='ltr'><strong>acci-</strong></span> 
     </span>
    </p>
   </div>
   <div class='ocr_carea' id='block_1_87' title="bbox 2353 2668 3936 2756">
    <p class='ocr_par' dir='ltr' id='par_1_87' title="bbox 2353 2668 3936 2756">
     <span class='ocr_line' id='line_1_88' title="bbox 2353 2668 3936 2756; baseline -0.013 -19"><span class='ocrx_word' id='word_1_711' title='bbox 2353 2690 2483 2756; x_wconf 86' lang='lat' dir='ltr'><strong>pias.</strong></span> <span class='ocrx_word' id='word_1_712' title='bbox 2516 2686 2736 2752; x_wconf 80' lang='lat' dir='ltr'><strong>Propter</strong></span> <span class='ocrx_word' id='word_1_713' title='bbox 2763 2680 2902 2750; x_wconf 87' lang='lat' dir='ltr'><strong>quod</strong></span> <span class='ocrx_word' id='word_1_714' title='bbox 2934 2690 2986 2734; x_wconf 90' lang='lat' dir='ltr'><strong>et</strong></span> <span class='ocrx_word' id='word_1_715' title='bbox 3015 2677 3258 2731; x_wconf 85' lang='lat' dir='ltr'><strong>dicebat:</strong></span> <span class='ocrx_word' id='word_1_716' title='bbox 3287 2673 3386 2739; x_wconf 87' lang='lat' dir='ltr'><strong>Qui</strong></span> <span class='ocrx_word' id='word_1_717' title='bbox 3414 2671 3586 2744; x_wconf 78' lang='lat' dir='ltr'><strong>fecerit</strong></span> <span class='ocrx_word' id='word_1_718' title='bbox 3617 2670 3707 2721; x_wconf 74' lang='lat' dir='ltr'><strong>uisi</strong></span> <span class='ocrx_word' id='word_1_719' title='bbox 3737 2668 3936 2729; x_wconf 69' lang='lat' dir='ltr'><strong>hornus,</strong></span> 
     </span>
    </p>
   </div>
   <div class='ocr_carea' id='block_1_88' title="bbox 2355 2760 3935 2844">
    <p class='ocr_par' dir='ltr' id='par_1_88' title="bbox 2355 2760 3935 2844">
     <span class='ocr_line' id='line_1_89' title="bbox 2355 2760 3935 2844; baseline -0.014 -14"><span class='ocrx_word' id='word_1_720' title='bbox 2355 2779 2475 2831; x_wconf 88' lang='lat' dir='ltr'><strong>mihi</strong></span> <span class='ocrx_word' id='word_1_721' title='bbox 2502 2775 2711 2844; x_wconf 55' lang='lat' dir='ltr'><strong>fecerit;</strong></span> <span class='ocrx_word' id='word_1_722' title='bbox 2737 2783 2810 2836; x_wconf 85' lang='lat' dir='ltr'><strong>et,</strong></span> <span class='ocrx_word' id='word_1_723' title='bbox 2846 2770 2944 2836; x_wconf 83' lang='lat' dir='ltr'><strong>Qui</strong></span> <span class='ocrx_word' id='word_1_724' title='bbox 2973 2767 3157 2835; x_wconf 82' lang='lat' dir='ltr'><strong>accipit</strong></span> <span class='ocrx_word' id='word_1_725' title='bbox 3184 2765 3479 2834; x_wconf 84' lang='lat' dir='ltr'><strong>praphetam</strong></span> <span class='ocrx_word' id='word_1_726' title='bbox 3517 2763 3568 2813; x_wconf 82' lang='lat' dir='ltr'><strong>in</strong></span> <span class='ocrx_word' id='word_1_727' title='bbox 3596 2760 3798 2812; x_wconf 65' lang='lat' dir='ltr'><strong>nomine</strong></span> <span class='ocrx_word' id='word_1_728' title='bbox 3825 2774 3935 2824; x_wconf 81' lang='lat' dir='ltr'><strong>pro-</strong></span> 
     </span>
    </p>
   </div>
   <div class='ocr_carea' id='block_1_89' title="bbox 2353 2849 3935 2941">
    <p class='ocr_par' dir='ltr' id='par_1_89' title="bbox 2353 2849 3935 2941">
     <span class='ocr_line' id='line_1_90' title="bbox 2353 2849 3935 2941; baseline -0.014 -18"><span class='ocrx_word' id='word_1_729' title='bbox 2353 2872 2533 2941; x_wconf 71' lang='grc' dir='ltr'><strong>ρΙιειω,</strong></span> <span class='ocrx_word' id='word_1_730' title='bbox 2560 2867 2833 2920; x_wconf 79' lang='lat' dir='ltr'><strong>mercedem</strong></span> <span class='ocrx_word' id='word_1_731' title='bbox 2863 2863 3122 2932; x_wconf 68' lang='lat' dir='ltr'><strong>prophetat</strong></span> <span class='ocrx_word' id='word_1_732' title='bbox 3149 2857 3359 2926; x_wconf 83' lang='lat' dir='ltr'><strong>accipiet</strong></span> <span class='ocrx_word' id='word_1_733' title='bbox 3383 2853 3593 2924; x_wconf 72' lang='lat' dir='ltr'><strong>(Matth.</strong></span> <span class='ocrx_word' id='word_1_734' title='bbox 3615 2850 3708 2904; x_wconf 66' lang='lat'><strong>25.</strong></span> <span class='ocrx_word' id='word_1_735' title='bbox 3741 2849 3830 2904; x_wconf 64' lang='lat'><strong>40.</strong></span> <span class='ocrx_word' id='word_1_736' title='bbox 3853 2849 3935 2902; x_wconf 84' lang='grc' dir='ltr'><strong>1ο.</strong></span> 
     </span>
    </p>
   </div>
   <div class='ocr_carea' id='block_1_90' title="bbox 2353 2941 3937 3029">
    <p class='ocr_par' dir='ltr' id='par_1_90' title="bbox 2353 2941 3937 3029">
     <span class='ocr_line' id='line_1_91' title="bbox 2353 2941 3937 3029; baseline -0.015 -14"><span class='ocrx_word' id='word_1_737' title='bbox 2353 2963 2464 3029; x_wconf 74' lang='lat'><strong>4|).</strong></span> <span class='ocrx_word' id='word_1_738' title='bbox 2492 2959 2622 3013; x_wconf 77' lang='lat' dir='ltr'><strong>Num</strong></span> <span class='ocrx_word' id='word_1_739' title='bbox 2654 2957 2793 3011; x_wconf 87' lang='lat' dir='ltr'><strong>enim</strong></span> <span class='ocrx_word' id='word_1_740' title='bbox 2835 2969 2862 3007; x_wconf 88' lang='lat' dir='ltr'><strong>a</strong></span> <span class='ocrx_word' id='word_1_741' title='bbox 2891 2951 3150 3021; x_wconf 73' lang='lat' dir='ltr'><strong>dignitate</strong></span> <span class='ocrx_word' id='word_1_742' title='bbox 3199 2946 3278 3001; x_wconf 87' lang='lat' dir='ltr'><strong>vel</strong></span> <span class='ocrx_word' id='word_1_743' title='bbox 3327 2947 3525 2998; x_wconf 85' lang='lat' dir='ltr'><strong>vilitate</strong></span> <span class='ocrx_word' id='word_1_744' title='bbox 3571 2941 3937 2995; x_wconf 68' lang='lat' dir='ltr'><strong>ministrorum</strong></span> 
     </span>
    </p>
   </div>
   <div class='ocr_carea' id='block_1_91' title="bbox 2356 3034 3937 3109">
    <p class='ocr_par' dir='ltr' id='par_1_91' title="bbox 2356 3034 3937 3109">
     <span class='ocr_line' id='line_1_92' title="bbox 2356 3034 3937 3109; baseline -0.016 0"><span class='ocrx_word' id='word_1_745' title='bbox 2356 3057 2446 3109; x_wconf 86' lang='lat' dir='ltr'><strong>tibi</strong></span> <span class='ocrx_word' id='word_1_746' title='bbox 2480 3053 2734 3108; x_wconf 68' lang='lat' dir='ltr'><strong>retribuet</strong></span> <span class='ocrx_word' id='word_1_747' title='bbox 2769 3045 3058 3102; x_wconf 82' lang='lat' dir='ltr'><strong>Dominus?</strong></span> <span class='ocrx_word' id='word_1_748' title='bbox 3087 3043 3165 3097; x_wconf 85' lang='lat' dir='ltr'><strong>0b</strong></span> <span class='ocrx_word' id='word_1_749' title='bbox 3205 3039 3529 3094; x_wconf 87' lang='lat' dir='ltr'><strong>alacritatem</strong></span> <span class='ocrx_word' id='word_1_750' title='bbox 3556 3047 3695 3088; x_wconf 88' lang='lat' dir='ltr'><strong>tuam</strong></span> <span class='ocrx_word' id='word_1_751' title='bbox 3731 3034 3814 3087; x_wconf 83' lang='lat' dir='ltr'><strong>vel</strong></span> <span class='ocrx_word' id='word_1_752' title='bbox 3846 3049 3937 3085; x_wconf 83' lang='lat' dir='ltr'><strong>co-</strong></span> 
     </span>
    </p>
   </div>
   <div class='ocr_carea' id='block_1_92' title="bbox 2357 3126 3938 3211">
    <p class='ocr_par' dir='ltr' id='par_1_92' title="bbox 2357 3126 3938 3211">
     <span class='ocr_line' id='line_1_93' title="bbox 2357 3126 3938 3211; baseline -0.016 -10"><span class='ocrx_word' id='word_1_753' title='bbox 2357 3156 2507 3202; x_wconf 87' lang='lat' dir='ltr'><strong>ronat</strong></span> <span class='ocrx_word' id='word_1_754' title='bbox 2533 3186 2548 3211; x_wconf 95' lang='lat'><strong>,</strong></span> <span class='ocrx_word' id='word_1_755' title='bbox 2582 3144 2662 3196; x_wconf 85' lang='lat' dir='ltr'><strong>vel</strong></span> <span class='ocrx_word' id='word_1_756' title='bbox 2695 3139 3032 3196; x_wconf 85' lang='lat' dir='ltr'><strong>condemnat.</strong></span> <span class='ocrx_word' id='word_1_757' title='bbox 3066 3135 3133 3189; x_wconf 85' lang='lat' dir='ltr'><strong>Et</strong></span> <span class='ocrx_word' id='word_1_758' title='bbox 3179 3134 3315 3186; x_wconf 83' lang='lat' dir='ltr'><strong>sicut</strong></span> <span class='ocrx_word' id='word_1_759' title='bbox 3359 3131 3558 3193; x_wconf 87' lang='lat' dir='ltr'><strong>bonor,</strong></span> <span class='ocrx_word' id='word_1_760' title='bbox 3594 3126 3682 3198; x_wconf 88' lang='lat' dir='ltr'><strong>qui</strong></span> <span class='ocrx_word' id='word_1_761' title='bbox 3728 3134 3938 3196; x_wconf 80' lang='lat' dir='ltr'><strong>propter</strong></span> 
     </span>
    </p>
   </div>
   <div class='ocr_carea' id='block_1_93' title="bbox 2359 3216 3938 3307">
    <p class='ocr_par' dir='ltr' id='par_1_93' title="bbox 2359 3216 3938 3307">
     <span class='ocr_line' id='line_1_94' title="bbox 2359 3216 3938 3307; baseline -0.014 -14"><span class='ocrx_word' id='word_1_762' title='bbox 2359 3240 2530 3307; x_wconf 91' lang='lat' dir='ltr'><strong>ipsum</strong></span> <span class='ocrx_word' id='word_1_763' title='bbox 2585 3232 2945 3304; x_wconf 86' lang='lat' dir='ltr'><strong>impenditur,</strong></span> <span class='ocrx_word' id='word_1_764' title='bbox 2992 3227 3215 3283; x_wconf 90' lang='lat' dir='ltr'><strong>multum</strong></span> <span class='ocrx_word' id='word_1_765' title='bbox 3257 3224 3392 3294; x_wconf 88' lang='lat' dir='ltr'><strong>parit</strong></span> <span class='ocrx_word' id='word_1_766' title='bbox 3438 3221 3645 3276; x_wconf 76' lang='lat' dir='ltr'><strong>ﬁducia:</strong></span> <span class='ocrx_word' id='word_1_767' title='bbox 3687 3216 3938 3289; x_wconf 83' lang='lat' dir='ltr'><strong>(propria</strong></span> 
     </span>
    </p>
   </div>
   <div class='ocr_carea' id='block_1_94' title="bbox 2359 3309 3937 3388">
    <p class='ocr_par' dir='ltr' id='par_1_94' title="bbox 2359 3309 3937 3388">
     <span class='ocr_line' id='line_1_95' title="bbox 2359 3309 3937 3388; baseline -0.015 -6"><span class='ocrx_word' id='word_1_768' title='bbox 2359 3329 2499 3384; x_wconf 72' lang='lat' dir='ltr'><strong>etaim</strong></span> <span class='ocrx_word' id='word_1_769' title='bbox 2527 3325 2627 3380; x_wconf 90' lang='lat' dir='ltr'><strong>sibi</strong></span> <span class='ocrx_word' id='word_1_770' title='bbox 2659 3325 2780 3376; x_wconf 79' lang='lat' dir='ltr'><strong>facit</strong></span> <span class='ocrx_word' id='word_1_771' title='bbox 2809 3323 2945 3376; x_wconf 84' lang='lat' dir='ltr'><strong>Deus</strong></span> <span class='ocrx_word' id='word_1_772' title='bbox 2973 3334 3088 3388; x_wconf 77' lang='lat' dir='ltr'><strong>qua:</strong></span> <span class='ocrx_word' id='word_1_773' title='bbox 3120 3319 3170 3370; x_wconf 89' lang='lat' dir='ltr'><strong>in</strong></span> <span class='ocrx_word' id='word_1_774' title='bbox 3199 3328 3386 3369; x_wconf 85' lang='lat' dir='ltr'><strong>servos</strong></span> <span class='ocrx_word' id='word_1_775' title='bbox 3413 3329 3540 3367; x_wconf 83' lang='lat' dir='ltr'><strong>suos</strong></span> <span class='ocrx_word' id='word_1_776' title='bbox 3569 3309 3937 3376; x_wconf 74' lang='lat' dir='ltr'><strong>collocantur),</strong></span> 
     </span>
    </p>
   </div>
   <div class='ocr_carea' id='block_1_95' title="bbox 2362 3408 3938 3480">
    <p class='ocr_par' dir='ltr' id='par_1_95' title="bbox 2362 3408 3938 3480">
     <span class='ocr_line' id='line_1_96' title="bbox 2362 3408 3938 3480; baseline -0.015 -6"><span class='ocrx_word' id='word_1_777' title='bbox 2362 3423 2428 3474; x_wconf 85' lang='lat' dir='ltr'><strong>ita</strong></span> <span class='ocrx_word' id='word_1_778' title='bbox 2469 3431 2521 3472; x_wconf 88' lang='lat' dir='ltr'><strong>et</strong></span> <span class='ocrx_word' id='word_1_779' title='bbox 2561 3418 2766 3470; x_wconf 85' lang='lat' dir='ltr'><strong>illorum</strong></span> <span class='ocrx_word' id='word_1_780' title='bbox 2804 3421 3143 3480; x_wconf 76' lang='lat' dir='ltr'><strong>Contemptus</strong></span> <span class='ocrx_word' id='word_1_781' title='bbox 3166 3408 3384 3461; x_wconf 80' lang='lat' dir='ltr'><strong>mul&#39;am</strong></span> <span class='ocrx_word' id='word_1_782' title='bbox 3415 3421 3444 3459; x_wconf 91' lang='lat' dir='ltr'><strong>e</strong></span> <span class='ocrx_word' id='word_1_783' title='bbox 3468 3417 3704 3472; x_wconf 87' lang='lat' dir='ltr'><strong>superno</strong></span> <span class='ocrx_word' id='word_1_784' title='bbox 3732 3417 3938 3470; x_wconf 68' lang='lat' dir='ltr'><strong>p-‘l&#39;llalll</strong></span> 
     </span>
    </p>
   </div>
   <div class='ocr_carea' id='block_1_96' title="bbox 2362 3494 3940 3564">
    <p class='ocr_par' dir='ltr' id='par_1_96' title="bbox 2362 3494 3940 3564">
     <span class='ocr_line' id='line_1_97' title="bbox 2362 3494 3940 3564; baseline -0.012 0"><span class='ocrx_word' id='word_1_785' title='bbox 2362 3511 2513 3564; x_wconf 90' lang='lat' dir='ltr'><strong>nobis</strong></span> <span class='ocrx_word' id='word_1_786' title='bbox 2538 3509 2756 3562; x_wconf 76' lang='lat' dir='ltr'><strong>deferet.</strong></span> <span class='ocrx_word' id='word_1_787' title='bbox 2788 3504 2932 3559; x_wconf 86' lang='lat' dir='ltr'><strong>Sicut</strong></span> <span class='ocrx_word' id='word_1_788' title='bbox 2963 3504 3102 3554; x_wconf 72' lang='lat' dir='ltr'><strong>enim</strong></span> <span class='ocrx_word' id='word_1_789' title='bbox 3132 3514 3284 3552; x_wconf 80' lang='lat' dir='ltr'><strong>suout</strong></span> <span class='ocrx_word' id='word_1_790' title='bbox 3324 3513 3442 3550; x_wconf 78' lang='lat' dir='ltr'><strong>esse</strong></span> <span class='ocrx_word' id='word_1_791' title='bbox 3471 3496 3748 3556; x_wconf 83' lang='lat' dir='ltr'><strong>honorem,</strong></span> <span class='ocrx_word' id='word_1_792' title='bbox 3780 3494 3849 3547; x_wconf 83' lang='lat' dir='ltr'><strong>ita</strong></span> <span class='ocrx_word' id='word_1_793' title='bbox 3891 3502 3940 3545; x_wconf 79' lang='lat' dir='ltr'><strong>et</strong></span> 
     </span>
    </p>
   </div>
   <div class='ocr_carea' id='block_1_97' title="bbox 2360 3590 3938 3668">
    <p class='ocr_par' dir='ltr' id='par_1_97' title="bbox 2360 3590 3938 3668">
     <span class='ocr_line' id='line_1_98' title="bbox 2360 3590 3938 3668; baseline -0.011 -15"><span class='ocrx_word' id='word_1_794' title='bbox 2360 3611 2720 3668; x_wconf 73' lang='lat' dir='ltr'><strong>contemptum</strong></span> <span class='ocrx_word' id='word_1_795' title='bbox 2750 3596 2895 3649; x_wconf 86' lang='lat' dir='ltr'><strong>ducit</strong></span> <span class='ocrx_word' id='word_1_796' title='bbox 2930 3613 2942 3648; x_wconf 91' lang='lat'><strong>:</strong></span> <span class='ocrx_word' id='word_1_797' title='bbox 2977 3594 3024 3646; x_wconf 85' lang='lat' dir='ltr'><strong>id</strong></span> <span class='ocrx_word' id='word_1_798' title='bbox 3070 3592 3209 3661; x_wconf 85' lang='lat' dir='ltr'><strong>quod</strong></span> <span class='ocrx_word' id='word_1_799' title='bbox 3255 3590 3504 3652; x_wconf 82' lang='lat' dir='ltr'><strong>scientes,</strong></span> <span class='ocrx_word' id='word_1_800' title='bbox 3534 3601 3820 3654; x_wconf 73' lang='lat' dir='ltr'><strong>numquam</strong></span> <span class='ocrx_word' id='word_1_801' title='bbox 3849 3601 3938 3637; x_wconf 79' lang='lat' dir='ltr'><strong>ue-</strong></span> 
     </span>
    </p>
   </div>
   <div class='ocr_carea' id='block_1_98' title="bbox 2364 3678 3940 3762">
    <p class='ocr_par' dir='ltr' id='par_1_98' title="bbox 2364 3678 3940 3762">
     <span class='ocr_line' id='line_1_99' title="bbox 2364 3678 3940 3762; baseline -0.01 -18"><span class='ocrx_word' id='word_1_802' title='bbox 2364 3695 2618 3762; x_wconf 75' lang='lat' dir='ltr'><strong>gliganins</strong></span> <span class='ocrx_word' id='word_1_803' title='bbox 2664 3689 2863 3740; x_wconf 87' lang='lat' dir='ltr'><strong>cultum</strong></span> <span class='ocrx_word' id='word_1_804' title='bbox 2911 3687 2999 3756; x_wconf 91' lang='lat' dir='ltr'><strong>qui</strong></span> <span class='ocrx_word' id='word_1_805' title='bbox 3043 3680 3412 3740; x_wconf 77' lang='lat' dir='ltr'><strong>sacerdotibus</strong></span> <span class='ocrx_word' id='word_1_806' title='bbox 3460 3679 3549 3733; x_wconf 86' lang='lat' dir='ltr'><strong>Dei</strong></span> <span class='ocrx_word' id='word_1_807' title='bbox 3586 3678 3830 3733; x_wconf 81' lang='lat' dir='ltr'><strong>debetur.</strong></span> <span class='ocrx_word' id='word_1_808' title='bbox 3882 3678 3940 3730; x_wconf 78' lang='lat' dir='ltr'><strong>l&#39;t</strong></span> 
     </span>
    </p>
   </div>
   <div class='ocr_carea' id='block_1_99' title="bbox 2368 3771 3938 3844">
    <p class='ocr_par' dir='ltr' id='par_1_99' title="bbox 2368 3771 3938 3844">
     <span class='ocr_line' id='line_1_100' title="bbox 2368 3771 3938 3844; baseline -0.009 -8"><span class='ocrx_word' id='word_1_809' title='bbox 2368 3787 2477 3837; x_wconf 75' lang='lat' dir='ltr'><strong>lure</strong></span> <span class='ocrx_word' id='word_1_810' title='bbox 2503 3785 2639 3844; x_wconf 82' lang='lat' dir='ltr'><strong>dico,</strong></span> <span class='ocrx_word' id='word_1_811' title='bbox 2661 3798 2763 3834; x_wconf 91' lang='lat' dir='ltr'><strong>non</strong></span> <span class='ocrx_word' id='word_1_812' title='bbox 2794 3789 2990 3832; x_wconf 84' lang='lat' dir='ltr'><strong>tantam</strong></span> <span class='ocrx_word' id='word_1_813' title='bbox 3019 3777 3226 3830; x_wconf 88' lang='lat' dir='ltr'><strong>illorum</strong></span> <span class='ocrx_word' id='word_1_814' title='bbox 3250 3775 3506 3828; x_wconf 85' lang='lat' dir='ltr'><strong>rationem</strong></span> <span class='ocrx_word' id='word_1_815' title='bbox 3532 3771 3754 3833; x_wconf 71' lang='lat' dir='ltr'><strong>habens,</strong></span> <span class='ocrx_word' id='word_1_816' title='bbox 3781 3785 3938 3839; x_wconf 82' lang='lat' dir='ltr'><strong>quan-</strong></span> 
     </span>
    </p>
   </div>
   <div class='ocr_carea' id='block_1_100' title="bbox 2367 3862 3938 3939">
    <p class='ocr_par' dir='ltr' id='par_1_100' title="bbox 2367 3862 3938 3939">
     <span class='ocr_line' id='line_1_101' title="bbox 2367 3862 3938 3939; baseline -0.01 -11"><span class='ocrx_word' id='word_1_817' title='bbox 2367 3886 2470 3928; x_wconf 85' lang='lat' dir='ltr'><strong>tam</strong></span> <span class='ocrx_word' id='word_1_818' title='bbox 2503 3885 2690 3928; x_wconf 69' lang='lat' dir='ltr'><strong>vestrm</strong></span> <span class='ocrx_word' id='word_1_819' title='bbox 2717 3871 2970 3935; x_wconf 70' lang='lat' dir='ltr'><strong>raritatis,</strong></span> <span class='ocrx_word' id='word_1_820' title='bbox 3003 3868 3221 3939; x_wconf 71' lang='lat' dir='ltr'><strong>cupiens</strong></span> <span class='ocrx_word' id='word_1_821' title='bbox 3255 3881 3344 3918; x_wconf 81' lang='lat' dir='ltr'><strong>vos</strong></span> <span class='ocrx_word' id='word_1_822' title='bbox 3377 3867 3426 3919; x_wconf 91' lang='lat' dir='ltr'><strong>in</strong></span> <span class='ocrx_word' id='word_1_823' title='bbox 3454 3864 3702 3917; x_wconf 86' lang='lat' dir='ltr'><strong>omnibus</strong></span> <span class='ocrx_word' id='word_1_824' title='bbox 3733 3862 3938 3916; x_wconf 74' lang='lat' dir='ltr'><strong>lucrifa-</strong></span> 
     </span>
    </p>
   </div>
   <div class='ocr_carea' id='block_1_101' title="bbox 2365 3955 3936 4033">
    <p class='ocr_par' dir='ltr' id='par_1_101' title="bbox 2365 3955 3936 4033">
     <span class='ocr_line' id='line_1_102' title="bbox 2365 3955 3936 4033; baseline -0.008 -11"><span class='ocrx_word' id='word_1_825' title='bbox 2365 3983 2505 4023; x_wconf 86' lang='lat' dir='ltr'><strong>cere.</strong></span> <span class='ocrx_word' id='word_1_826' title='bbox 2531 3966 2664 4033; x_wconf 86' lang='lat' dir='ltr'><strong>Quid</strong></span> <span class='ocrx_word' id='word_1_827' title='bbox 2693 3966 2832 4020; x_wconf 87' lang='lat' dir='ltr'><strong>euim</strong></span> <span class='ocrx_word' id='word_1_828' title='bbox 2863 3973 3062 4017; x_wconf 86' lang='lat' dir='ltr'><strong>tantum</strong></span> <span class='ocrx_word' id='word_1_829' title='bbox 3094 3961 3188 4015; x_wconf 88' lang='lat' dir='ltr'><strong>das</strong></span> <span class='ocrx_word' id='word_1_830' title='bbox 3212 4001 3225 4022; x_wconf 91' lang='lat'><strong>,</strong></span> <span class='ocrx_word' id='word_1_831' title='bbox 3257 3968 3510 4030; x_wconf 82' lang='lat' dir='ltr'><strong>quantum</strong></span> <span class='ocrx_word' id='word_1_832' title='bbox 3554 3957 3751 4024; x_wconf 83' lang='lat' dir='ltr'><strong>accipis</strong></span> <span class='ocrx_word' id='word_1_833' title='bbox 3780 3973 3807 4009; x_wconf 88' lang='lat' dir='ltr'><strong>a</strong></span> <span class='ocrx_word' id='word_1_834' title='bbox 3840 3955 3936 4010; x_wconf 85' lang='lat' dir='ltr'><strong>Do-</strong></span> 
     </span>
    </p>
   </div>
   <div class='ocr_carea' id='block_1_102' title="bbox 2369 4048 3940 4127">
    <p class='ocr_par' dir='ltr' id='par_1_102' title="bbox 2369 4048 3940 4127">
     <span class='ocr_line' id='line_1_103' title="bbox 2369 4048 3940 4127; baseline -0.009 -14"><span class='ocrx_word' id='word_1_835' title='bbox 2369 4060 2552 4114; x_wconf 83' lang='lat' dir='ltr'><strong>mino?</strong></span> <span class='ocrx_word' id='word_1_836' title='bbox 2602 4068 2853 4127; x_wconf 85' lang='lat' dir='ltr'><strong>quantum</strong></span> <span class='ocrx_word' id='word_1_837' title='bbox 2897 4065 3072 4109; x_wconf 87' lang='lat' dir='ltr'><strong>autem</strong></span> <span class='ocrx_word' id='word_1_838' title='bbox 3129 4053 3327 4107; x_wconf 86' lang='lat' dir='ltr'><strong>cultum</strong></span> <span class='ocrx_word' id='word_1_839' title='bbox 3384 4048 3578 4106; x_wconf 66' lang='lat' dir='ltr'><strong>aliers?</strong></span> <span class='ocrx_word' id='word_1_840' title='bbox 3619 4051 3863 4102; x_wconf 77' lang='lat' dir='ltr'><strong>Attamen</strong></span> <span class='ocrx_word' id='word_1_841' title='bbox 3891 4057 3940 4099; x_wconf 82' lang='lat' dir='ltr'><strong>et</strong></span> 
     </span>
    </p>
   </div>
   <div class='ocr_carea' id='block_1_103' title="bbox 2369 4139 3936 4220">
    <p class='ocr_par' dir='ltr' id='par_1_103' title="bbox 2369 4139 3936 4220">
     <span class='ocr_line' id='line_1_104' title="bbox 2369 4139 3936 4220; baseline -0.009 -16"><span class='ocrx_word' id='word_1_842' title='bbox 2369 4168 2463 4220; x_wconf 84' lang='lat' dir='ltr'><strong>pro</strong></span> <span class='ocrx_word' id='word_1_843' title='bbox 2495 4152 2583 4204; x_wconf 90' lang='lat' dir='ltr'><strong>illo</strong></span> <span class='ocrx_word' id='word_1_844' title='bbox 2615 4149 2723 4210; x_wconf 83' lang='lat' dir='ltr'><strong>\ili.</strong></span> <span class='ocrx_word' id='word_1_845' title='bbox 2752 4159 2805 4203; x_wconf 88' lang='lat' dir='ltr'><strong>et</strong></span> <span class='ocrx_word' id='word_1_846' title='bbox 2833 4147 2918 4216; x_wconf 79' lang='lat' dir='ltr'><strong>qui</strong></span> <span class='ocrx_word' id='word_1_847' title='bbox 2949 4148 2999 4200; x_wconf 91' lang='lat' dir='ltr'><strong>in</strong></span> <span class='ocrx_word' id='word_1_848' title='bbox 3030 4144 3274 4214; x_wconf 79' lang='lat' dir='ltr'><strong>pra-senti</strong></span> <span class='ocrx_word' id='word_1_849' title='bbox 3304 4143 3406 4195; x_wconf 83' lang='lat' dir='ltr'><strong>vita</strong></span> <span class='ocrx_word' id='word_1_850' title='bbox 3437 4140 3593 4194; x_wconf 86' lang='lat' dir='ltr'><strong>siuml</strong></span> <span class='ocrx_word' id='word_1_851' title='bbox 3619 4139 3936 4200; x_wconf 81' lang='lat' dir='ltr'><strong>dissolvitur,</strong></span> 
     </span>
    </p>
   </div>
   <div class='ocr_carea' id='block_1_104' title="bbox 2368 4232 3838 4310">
    <p class='ocr_par' dir='ltr' id='par_1_104' title="bbox 2368 4232 3838 4310">
     <span class='ocr_line' id='line_1_105' title="bbox 2368 4232 3838 4310; baseline -0.012 -11"><span class='ocrx_word' id='word_1_852' title='bbox 2368 4242 2693 4299; x_wconf 75' lang='lat' dir='ltr'><strong>itntttnrlales</strong></span> <span class='ocrx_word' id='word_1_853' title='bbox 2717 4240 2946 4310; x_wconf 84' lang='lat' dir='ltr'><strong>accipies</strong></span> <span class='ocrx_word' id='word_1_854' title='bbox 2976 4235 3268 4296; x_wconf 87' lang='lat' dir='ltr'><strong>mercedes,</strong></span> <span class='ocrx_word' id='word_1_855' title='bbox 3287 4247 3337 4289; x_wconf 89' lang='lat' dir='ltr'><strong>et</strong></span> <span class='ocrx_word' id='word_1_856' title='bbox 3367 4232 3648 4288; x_wconf 81' lang='lat' dir='ltr'><strong>inclTabilia</strong></span> <span class='ocrx_word' id='word_1_857' title='bbox 3681 4232 3838 4285; x_wconf 86' lang='lat' dir='ltr'><strong>bona.</strong></span> 
     </span>
    </p>
   </div>
   <div class='ocr_carea' id='block_1_105' title="bbox 2439 4323 3935 4397">
    <p class='ocr_par' dir='ltr' id='par_1_105' title="bbox 2439 4323 3935 4397">
     <span class='ocr_line' id='line_1_106' title="bbox 2439 4323 3935 4397; baseline -0.011 -6"><span class='ocrx_word' id='word_1_858' title='bbox 2439 4340 2493 4391; x_wconf 81' lang='grc'><strong>5.</strong></span> <span class='ocrx_word' id='word_1_859' title='bbox 2534 4338 2658 4391; x_wconf 78' lang='lat' dir='ltr'><strong>lla-c</strong></span> <span class='ocrx_word' id='word_1_860' title='bbox 2683 4343 2858 4388; x_wconf 80' lang='lat' dir='ltr'><strong>mente</strong></span> <span class='ocrx_word' id='word_1_861' title='bbox 2881 4341 3169 4388; x_wconf 86' lang='lat' dir='ltr'><strong>versantes.</strong></span> <span class='ocrx_word' id='word_1_862' title='bbox 3196 4341 3540 4397; x_wconf 85' lang='lat' dir='ltr'><strong>properemus</strong></span> <span class='ocrx_word' id='word_1_863' title='bbox 3559 4325 3624 4378; x_wconf 80' lang='lat' dir='ltr'><strong>ad</strong></span> <span class='ocrx_word' id='word_1_864' title='bbox 3645 4340 3827 4378; x_wconf 86' lang='lat' dir='ltr'><strong>eorum</strong></span> <span class='ocrx_word' id='word_1_865' title='bbox 3855 4323 3935 4375; x_wconf 80' lang='lat' dir='ltr'><strong>ob-</strong></span> 
     </span>
    </p>
   </div>
   <div class='ocr_carea' id='block_1_106' title="bbox 2369 4415 3942 4500">
    <p class='ocr_par' dir='ltr' id='par_1_106' title="bbox 2369 4415 3942 4500">
     <span class='ocr_line' id='line_1_107' title="bbox 2369 4415 3942 4500; baseline -0.013 -15"><span class='ocrx_word' id='word_1_866' title='bbox 2369 4432 2577 4500; x_wconf 81' lang='lat' dir='ltr'><strong>sequia,</strong></span> <span class='ocrx_word' id='word_1_867' title='bbox 2608 4443 2710 4481; x_wconf 88' lang='lat' dir='ltr'><strong>non</strong></span> <span class='ocrx_word' id='word_1_868' title='bbox 2736 4424 3071 4480; x_wconf 68' lang='lat' dir='ltr'><strong>attendentes</strong></span> <span class='ocrx_word' id='word_1_869' title='bbox 3109 4429 3397 4486; x_wconf 83' lang='lat' dir='ltr'><strong>sumptum,</strong></span> <span class='ocrx_word' id='word_1_870' title='bbox 3433 4417 3524 4470; x_wconf 82' lang='lat' dir='ltr'><strong>sed</strong></span> <span class='ocrx_word' id='word_1_871' title='bbox 3553 4415 3754 4468; x_wconf 84' lang='lat' dir='ltr'><strong>lucrum</strong></span> <span class='ocrx_word' id='word_1_872' title='bbox 3783 4425 3834 4467; x_wconf 89' lang='lat' dir='ltr'><strong>et</strong></span> <span class='ocrx_word' id='word_1_873' title='bbox 3861 4429 3942 4465; x_wconf 84' lang='lat' dir='ltr'><strong>ac-</strong></span> 
     </span>
    </p>
   </div>
   <div class='ocr_carea' id='block_1_107' title="bbox 2369 4504 3939 4586">
    <p class='ocr_par' dir='ltr' id='par_1_107' title="bbox 2369 4504 3939 4586">
     <span class='ocr_line' id='line_1_108' title="bbox 2369 4504 3939 4586; baseline -0.013 -11"><span class='ocrx_word' id='word_1_874' title='bbox 2369 4523 2687 4582; x_wconf 58' lang='lat' dir='ltr'><strong>cessionem,</strong></span> <span class='ocrx_word' id='word_1_875' title='bbox 2717 4533 2835 4586; x_wconf 80' lang='lat' dir='ltr'><strong>qua:</strong></span> <span class='ocrx_word' id='word_1_876' title='bbox 2863 4514 2982 4566; x_wconf 87' lang='lat' dir='ltr'><strong>inde</strong></span> <span class='ocrx_word' id='word_1_877' title='bbox 3012 4520 3314 4563; x_wconf 80' lang='lat' dir='ltr'><strong>nascuntur.</strong></span> <span class='ocrx_word' id='word_1_878' title='bbox 3349 4507 3475 4561; x_wconf 83' lang='lat' dir='ltr'><strong>Nam</strong></span> <span class='ocrx_word' id='word_1_879' title='bbox 3503 4507 3546 4558; x_wconf 85' lang='lat' dir='ltr'><strong>si</strong></span> <span class='ocrx_word' id='word_1_880' title='bbox 3582 4506 3823 4558; x_wconf 76' lang='lat' dir='ltr'><strong>viden&#39;es</strong></span> <span class='ocrx_word' id='word_1_881' title='bbox 3849 4504 3939 4556; x_wconf 86' lang='lat' dir='ltr'><strong>viri</strong></span> 
     </span>
    </p>
   </div>
   <div class='ocr_carea' id='block_1_108' title="bbox 2369 4597 3938 4680">
    <p class='ocr_par' dir='ltr' id='par_1_108' title="bbox 2369 4597 3938 4680">
     <span class='ocr_line' id='line_1_109' title="bbox 2369 4597 3938 4680; baseline -0.012 -14"><span class='ocrx_word' id='word_1_882' title='bbox 2369 4612 2592 4680; x_wconf 72' lang='lat' dir='ltr'><strong>alicujus</strong></span> <span class='ocrx_word' id='word_1_883' title='bbox 2621 4607 2856 4663; x_wconf 66' lang='lat' dir='ltr'><strong>smculari</strong></span> <span class='ocrx_word' id='word_1_884' title='bbox 2884 4605 3138 4674; x_wconf 67' lang='lat' dir='ltr'><strong>dignitate</strong></span> <span class='ocrx_word' id='word_1_885' title='bbox 3182 4602 3399 4667; x_wconf 68' lang='lat' dir='ltr'><strong>indgnis</strong></span> <span class='ocrx_word' id='word_1_886' title='bbox 3429 4597 3740 4652; x_wconf 63' lang='lat' dir='ltr'><strong>familiarum</strong></span> <span class='ocrx_word' id='word_1_887' title='bbox 3761 4637 3776 4658; x_wconf 91' lang='lat'><strong>,</strong></span> <span class='ocrx_word' id='word_1_888' title='bbox 3819 4613 3938 4664; x_wconf 73' lang='lat' dir='ltr'><strong>tque-</strong></span> 
     </span>
    </p>
   </div>
   <div class='ocr_carea' id='block_1_109' title="bbox 2374 4691 3941 4767">
    <p class='ocr_par' dir='ltr' id='par_1_109' title="bbox 2374 4691 3941 4767">
     <span class='ocr_line' id='line_1_110' title="bbox 2374 4691 3941 4767; baseline -0.013 -9"><span class='ocrx_word' id='word_1_889' title='bbox 2374 4722 2484 4759; x_wconf 77' lang='lat' dir='ltr'><strong>ram</strong></span> <span class='ocrx_word' id='word_1_890' title='bbox 2515 4707 2701 4755; x_wconf 86' lang='lat' dir='ltr'><strong>damus</strong></span> <span class='ocrx_word' id='word_1_891' title='bbox 2744 4709 2800 4752; x_wconf 91' lang='lat' dir='ltr'><strong>nt</strong></span> <span class='ocrx_word' id='word_1_892' title='bbox 2840 4711 3092 4767; x_wconf 65' lang='lat' dir='ltr'><strong>quantum</strong></span> <span class='ocrx_word' id='word_1_893' title='bbox 3124 4693 3373 4763; x_wconf 84' lang='lat' dir='ltr'><strong>possibile</strong></span> <span class='ocrx_word' id='word_1_894' title='bbox 3401 4697 3482 4744; x_wconf 66' lang='lat' dir='ltr'><strong>est</strong></span> <span class='ocrx_word' id='word_1_895' title='bbox 3528 4691 3599 4744; x_wconf 87' lang='lat' dir='ltr'><strong>illi</strong></span> <span class='ocrx_word' id='word_1_896' title='bbox 3641 4698 3941 4758; x_wconf 50' lang='lat' dir='ltr'><strong>pra‘stcnau</strong></span> 
     </span>
    </p>
   </div>
   <div class='ocr_carea' id='block_1_110' title="bbox 2373 4779 3940 4864">
    <p class='ocr_par' dir='ltr' id='par_1_110' title="bbox 2373 4779 3940 4864">
     <span class='ocr_line' id='line_1_111' title="bbox 2373 4779 3940 4864; baseline -0.012 -15"><span class='ocrx_word' id='word_1_897' title='bbox 2373 4794 2705 4864; x_wconf 61' lang='lat' dir='ltr'><strong>obsequium,</strong></span> <span class='ocrx_word' id='word_1_898' title='bbox 2725 4791 3014 4861; x_wconf 61' lang='lat' dir='ltr'><strong>cogitantes</strong></span> <span class='ocrx_word' id='word_1_899' title='bbox 3043 4787 3211 4842; x_wconf 84' lang='lat' dir='ltr'><strong>oﬂicia</strong></span> <span class='ocrx_word' id='word_1_900' title='bbox 3243 4801 3359 4853; x_wconf 72' lang='lat' dir='ltr'><strong>qum</strong></span> <span class='ocrx_word' id='word_1_901' title='bbox 3386 4783 3458 4836; x_wconf 93' lang='lat' dir='ltr'><strong>illi</strong></span> <span class='ocrx_word' id='word_1_902' title='bbox 3478 4782 3814 4840; x_wconf 75' lang='lat' dir='ltr'><strong>exhibentur,</strong></span> <span class='ocrx_word' id='word_1_903' title='bbox 3838 4779 3940 4845; x_wconf 76' lang='lat' dir='ltr'><strong>ejus</strong></span> 
     </span>
    </p>
   </div>
   <div class='ocr_carea' id='block_1_111' title="bbox 2374 4868 3938 4942">
    <p class='ocr_par' dir='ltr' id='par_1_111' title="bbox 2374 4868 3938 4942">
     <span class='ocr_line' id='line_1_112' title="bbox 2374 4868 3938 4942; baseline -0.016 -1"><span class='ocrx_word' id='word_1_904' title='bbox 2374 4886 2587 4941; x_wconf 91' lang='lat' dir='ltr'><strong>domino</strong></span> <span class='ocrx_word' id='word_1_905' title='bbox 2613 4884 2889 4942; x_wconf 77' lang='lat' dir='ltr'><strong>accedere,</strong></span> <span class='ocrx_word' id='word_1_906' title='bbox 2923 4889 2975 4932; x_wconf 75' lang='lat' dir='ltr'><strong>et</strong></span> <span class='ocrx_word' id='word_1_907' title='bbox 3006 4879 3147 4930; x_wconf 88' lang='lat' dir='ltr'><strong>illmn</strong></span> <span class='ocrx_word' id='word_1_908' title='bbox 3177 4874 3484 4928; x_wconf 68' lang='lat' dir='ltr'><strong>familiarem</strong></span> <span class='ocrx_word' id='word_1_909' title='bbox 3518 4871 3604 4924; x_wconf 87' lang='lat' dir='ltr'><strong>ubi</strong></span> <span class='ocrx_word' id='word_1_910' title='bbox 3645 4868 3938 4939; x_wconf 70' lang='lat' dir='ltr'><strong>signilirarit</strong></span> 
     </span>
    </p>
   </div>
   <div class='ocr_carea' id='block_1_112' title="bbox 2376 4961 3941 5048">
    <p class='ocr_par' dir='ltr' id='par_1_112' title="bbox 2376 4961 3941 5048">
     <span class='ocr_line' id='line_1_113' title="bbox 2376 4961 3941 5048; baseline -0.015 -18"><span class='ocrx_word' id='word_1_911' title='bbox 2376 4989 2596 5048; x_wconf 86' lang='lat' dir='ltr'><strong>patrono</strong></span> <span class='ocrx_word' id='word_1_912' title='bbox 2625 4990 2738 5037; x_wconf 88' lang='lat' dir='ltr'><strong>suo,</strong></span> <span class='ocrx_word' id='word_1_913' title='bbox 2771 4972 3024 5039; x_wconf 83' lang='lat' dir='ltr'><strong>majorem</strong></span> <span class='ocrx_word' id='word_1_914' title='bbox 3056 4968 3204 5020; x_wconf 72' lang='lat' dir='ltr'><strong>nobis</strong></span> <span class='ocrx_word' id='word_1_915' title='bbox 3234 4964 3369 5033; x_wconf 84' lang='lat' dir='ltr'><strong>apud</strong></span> <span class='ocrx_word' id='word_1_916' title='bbox 3409 4979 3531 5016; x_wconf 90' lang='lat' dir='ltr'><strong>eum</strong></span> <span class='ocrx_word' id='word_1_917' title='bbox 3561 4961 3792 5015; x_wconf 81' lang='lat' dir='ltr'><strong>favorem</strong></span> <span class='ocrx_word' id='word_1_918' title='bbox 3825 4963 3941 5011; x_wconf 70' lang='lat' dir='ltr'><strong>ciui-</strong></span> 
     </span>
    </p>
   </div>
   <div class='ocr_carea' id='block_1_113' title="bbox 2375 5051 3939 5127">
    <p class='ocr_par' dir='ltr' id='par_1_113' title="bbox 2375 5051 3939 5127">
     <span class='ocr_line' id='line_1_114' title="bbox 2375 5051 3939 5127; baseline -0.016 -3"><span class='ocrx_word' id='word_1_919' title='bbox 2375 5070 2669 5125; x_wconf 81' lang='lat' dir='ltr'><strong>ciliaturnm</strong></span> <span class='ocrx_word' id='word_1_920' title='bbox 2699 5078 2818 5118; x_wconf 39' lang='lat' dir='ltr'><strong>esse</strong></span> <span class='ocrx_word' id='word_1_921' title='bbox 2852 5079 2863 5114; x_wconf 92' lang='lat'>:</span> <span class='ocrx_word' id='word_1_922' title='bbox 2897 5062 3060 5114; x_wconf 90' lang='lat' dir='ltr'><strong>multo</strong></span> <span class='ocrx_word' id='word_1_923' title='bbox 3097 5058 3260 5127; x_wconf 74' lang='lat' dir='ltr'><strong>magis</strong></span> <span class='ocrx_word' id='word_1_924' title='bbox 3295 5055 3394 5110; x_wconf 86' lang='lat' dir='ltr'><strong>hoc</strong></span> <span class='ocrx_word' id='word_1_925' title='bbox 3430 5055 3532 5108; x_wconf 86' lang='lat' dir='ltr'><strong>erit</strong></span> <span class='ocrx_word' id='word_1_926' title='bbox 3567 5051 3705 5120; x_wconf 88' lang='lat' dir='ltr'><strong>apud</strong></span> <span class='ocrx_word' id='word_1_927' title='bbox 3738 5053 3939 5102; x_wconf 83' lang='lat' dir='ltr'><strong>univer-</strong></span> 
     </span>
    </p>
   </div>
   <div class='ocr_carea' id='block_1_114' title="bbox 2376 5144 3939 5218">
    <p class='ocr_par' dir='ltr' id='par_1_114' title="bbox 2376 5144 3939 5218">
     <span class='ocr_line' id='line_1_115' title="bbox 2376 5144 3939 5218; baseline -0.014 -2"><span class='ocrx_word' id='word_1_928' title='bbox 2376 5177 2553 5217; x_wconf 87' lang='lat' dir='ltr'><strong>sorum</strong></span> <span class='ocrx_word' id='word_1_929' title='bbox 2596 5157 2873 5213; x_wconf 88' lang='lat' dir='ltr'><strong>Dominum</strong></span> <span class='ocrx_word' id='word_1_930' title='bbox 2925 5153 3054 5208; x_wconf 78' lang='lat' dir='ltr'><strong>Nam</strong></span> <span class='ocrx_word' id='word_1_931' title='bbox 3082 5153 3123 5206; x_wconf 91' lang='lat' dir='ltr'><strong>si</strong></span> <span class='ocrx_word' id='word_1_932' title='bbox 3148 5193 3160 5211; x_wconf 87' lang='lat'><strong>,</strong></span> <span class='ocrx_word' id='word_1_933' title='bbox 3194 5148 3406 5218; x_wconf 89' lang='lat' dir='ltr'><strong>quando</strong></span> <span class='ocrx_word' id='word_1_934' title='bbox 3434 5147 3551 5216; x_wconf 88' lang='lat' dir='ltr'><strong>quis</strong></span> <span class='ocrx_word' id='word_1_935' title='bbox 3586 5146 3638 5200; x_wconf 89' lang='lat' dir='ltr'><strong>in</strong></span> <span class='ocrx_word' id='word_1_936' title='bbox 3682 5144 3939 5212; x_wconf 71' lang='lat' dir='ltr'><strong>vulgarent</strong></span> 
     </span>
    </p>
   </div>
   <div class='ocr_carea' id='block_1_115' title="bbox 2375 5234 3938 5322">
    <p class='ocr_par' dir='ltr' id='par_1_115' title="bbox 2375 5234 3938 5322">
     <span class='ocr_line' id='line_1_116' title="bbox 2375 5234 3938 5322; baseline -0.013 -14"><span class='ocrx_word' id='word_1_937' title='bbox 2375 5255 2602 5322; x_wconf 81' lang='lat' dir='ltr'><strong>aliquem</strong></span> <span class='ocrx_word' id='word_1_938' title='bbox 2630 5261 2682 5303; x_wconf 84' lang='lat' dir='ltr'><strong>et</strong></span> <span class='ocrx_word' id='word_1_939' title='bbox 2720 5250 2769 5301; x_wconf 92' lang='lat' dir='ltr'><strong>in</strong></span> <span class='ocrx_word' id='word_1_940' title='bbox 2814 5249 2924 5301; x_wconf 86' lang='lat' dir='ltr'><strong>loro</strong></span> <span class='ocrx_word' id='word_1_941' title='bbox 2961 5245 3222 5312; x_wconf 85' lang='lat' dir='ltr'><strong>abjeetum</strong></span> <span class='ocrx_word' id='word_1_942' title='bbox 3254 5241 3628 5311; x_wconf 78' lang='lat' dir='ltr'><strong>benignitatem</strong></span> <span class='ocrx_word' id='word_1_943' title='bbox 3651 5247 3704 5292; x_wconf 87' lang='lat' dir='ltr'><strong>et</strong></span> <span class='ocrx_word' id='word_1_944' title='bbox 3731 5234 3938 5290; x_wconf 85' lang='lat' dir='ltr'><strong>commi-</strong></span> 
     </span>
    </p>
   </div>
   <div class='ocr_carea' id='block_1_116' title="bbox 2379 5330 3942 5409">
    <p class='ocr_par' dir='ltr' id='par_1_116' title="bbox 2379 5330 3942 5409">
     <span class='ocr_line' id='line_1_117' title="bbox 2379 5330 3942 5409; baseline -0.01 -10"><span class='ocrx_word' id='word_1_945' title='bbox 2379 5347 2694 5401; x_wconf 79' lang='lat' dir='ltr'><strong>semtiouetn</strong></span> <span class='ocrx_word' id='word_1_946' title='bbox 2741 5341 2965 5409; x_wconf 86' lang='lat' dir='ltr'><strong>aliquam</strong></span> <span class='ocrx_word' id='word_1_947' title='bbox 2997 5336 3294 5392; x_wconf 71' lang='lat' dir='ltr'><strong>exhibuerit</strong></span> <span class='ocrx_word' id='word_1_948' title='bbox 3319 5375 3333 5397; x_wconf 95' lang='lat'><strong>,</strong></span> <span class='ocrx_word' id='word_1_949' title='bbox 3374 5333 3628 5386; x_wconf 86' lang='lat' dir='ltr'><strong>Dominus</strong></span> <span class='ocrx_word' id='word_1_950' title='bbox 3665 5345 3783 5400; x_wconf 69' lang='lat' dir='ltr'><strong>qua:</strong></span> <span class='ocrx_word' id='word_1_951' title='bbox 3825 5330 3942 5384; x_wconf 81' lang='lat' dir='ltr'><strong>ﬁunt</strong></span> 
     </span>
    </p>
   </div>
   <div class='ocr_carea' id='block_1_117' title="bbox 2379 5421 3938 5506">
    <p class='ocr_par' dir='ltr' id='par_1_117' title="bbox 2379 5421 3938 5506">
     <span class='ocr_line' id='line_1_118' title="bbox 2379 5421 3938 5506; baseline -0.013 -15"><span class='ocrx_word' id='word_1_952' title='bbox 2379 5439 2476 5491; x_wconf 84' lang='lat' dir='ltr'><strong>sibi</strong></span> <span class='ocrx_word' id='word_1_953' title='bbox 2508 5436 2716 5506; x_wconf 87' lang='lat' dir='ltr'><strong>propria</strong></span> <span class='ocrx_word' id='word_1_954' title='bbox 2744 5447 2864 5485; x_wconf 55' lang='lat' dir='ltr'><strong>esse</strong></span> <span class='ocrx_word' id='word_1_955' title='bbox 2890 5431 3091 5485; x_wconf 88' lang='lat' dir='ltr'><strong>ducens</strong></span> <span class='ocrx_word' id='word_1_956' title='bbox 3109 5469 3122 5490; x_wconf 91' lang='lat'><strong>,</strong></span> <span class='ocrx_word' id='word_1_957' title='bbox 3155 5425 3412 5498; x_wconf 84' lang='lat' dir='ltr'><strong>promittit</strong></span> <span class='ocrx_word' id='word_1_958' title='bbox 3438 5438 3495 5476; x_wconf 88' lang='lat' dir='ltr'><strong>se</strong></span> <span class='ocrx_word' id='word_1_959' title='bbox 3525 5422 3578 5476; x_wconf 89' lang='lat' dir='ltr'><strong>in</strong></span> <span class='ocrx_word' id='word_1_960' title='bbox 3625 5436 3840 5490; x_wconf 75' lang='lat' dir='ltr'><strong>regnum</strong></span> <span class='ocrx_word' id='word_1_961' title='bbox 3867 5421 3938 5471; x_wconf 84' lang='lat' dir='ltr'><strong>in-</strong></span> 
     </span>
    </p>
   </div>
   <div class='ocr_carea' id='block_1_118' title="bbox 2382 5509 3939 5592">
    <p class='ocr_par' dir='ltr' id='par_1_118' title="bbox 2382 5509 3939 5592">
     <span class='ocr_line' id='line_1_119' title="bbox 2382 5509 3939 5592; baseline -0.014 -9"><span class='ocrx_word' id='word_1_962' title='bbox 2382 5529 2745 5583; x_wconf 81' lang='lat' dir='ltr'><strong>troduetttrum</strong></span> <span class='ocrx_word' id='word_1_963' title='bbox 2778 5538 2869 5577; x_wconf 89' lang='lat' dir='ltr'><strong>eos</strong></span> <span class='ocrx_word' id='word_1_964' title='bbox 2897 5523 2984 5592; x_wconf 89' lang='lat' dir='ltr'><strong>qui</strong></span> <span class='ocrx_word' id='word_1_965' title='bbox 3026 5519 3220 5587; x_wconf 88' lang='lat' dir='ltr'><strong>aliquid</strong></span> <span class='ocrx_word' id='word_1_966' title='bbox 3253 5515 3374 5570; x_wconf 88' lang='lat' dir='ltr'><strong>boni</strong></span> <span class='ocrx_word' id='word_1_967' title='bbox 3405 5514 3478 5568; x_wconf 90' lang='lat' dir='ltr'><strong>illi</strong></span> <span class='ocrx_word' id='word_1_968' title='bbox 3509 5511 3763 5571; x_wconf 79' lang='lat' dir='ltr'><strong>fecerint,</strong></span> <span class='ocrx_word' id='word_1_969' title='bbox 3794 5519 3846 5564; x_wconf 86' lang='lat' dir='ltr'><strong>ct</strong></span> <span class='ocrx_word' id='word_1_970' title='bbox 3867 5509 3939 5562; x_wconf 86' lang='lat' dir='ltr'><strong>di-</strong></span> 
     </span>
    </p>
   </div>
   <div class='ocr_carea' id='block_1_119' title="bbox 2381 5601 3938 5678">
    <p class='ocr_par' dir='ltr' id='par_1_119' title="bbox 2381 5601 3938 5678">
     <span class='ocr_line' id='line_1_120' title="bbox 2381 5601 3938 5678; baseline -0.015 -4"><span class='ocrx_word' id='word_1_971' title='bbox 2381 5634 2584 5674; x_wconf 82' lang='lat' dir='ltr'><strong>cmrum</strong></span> <span class='ocrx_word' id='word_1_972' title='bbox 2616 5635 2628 5666; x_wconf 89' lang='lat'><strong>:</strong></span> <span class='ocrx_word' id='word_1_973' title='bbox 2672 5615 2868 5678; x_wconf 85' lang='lat' dir='ltr'><strong>Venite,</strong></span> <span class='ocrx_word' id='word_1_974' title='bbox 2892 5610 3139 5668; x_wconf 79' lang='lat' dir='ltr'><strong>benedicti</strong></span> <span class='ocrx_word' id='word_1_975' title='bbox 3164 5606 3336 5660; x_wconf 84' lang='lat' dir='ltr'><strong>Patris</strong></span> <span class='ocrx_word' id='word_1_976' title='bbox 3363 5607 3498 5667; x_wconf 87' lang='lat' dir='ltr'><strong>mei,</strong></span> <span class='ocrx_word' id='word_1_977' title='bbox 3522 5605 3642 5673; x_wconf 77' lang='lat' dir='ltr'><strong>quia</strong></span> <span class='ocrx_word' id='word_1_978' title='bbox 3667 5601 3844 5656; x_wconf 68' lang='grc' dir='ltr'><strong>ειυήή</strong></span> <span class='ocrx_word' id='word_1_979' title='bbox 3861 5641 3874 5658; x_wconf 85' lang='grc'><strong>.</strong></span> <span class='ocrx_word' id='word_1_980' title='bbox 3899 5609 3938 5651; x_wconf 83' lang='lat' dir='ltr'><strong>rt</strong></span> 
     </span>
    </p>
   </div>
   <div class='ocr_carea' id='block_1_120' title="bbox 2381 5690 3941 5767">
    <p class='ocr_par' dir='ltr' id='par_1_120' title="bbox 2381 5690 3941 5767">
     <span class='ocr_line' id='line_1_121' title="bbox 2381 5690 3941 5767; baseline -0.013 -5"><span class='ocrx_word' id='word_1_981' title='bbox 2381 5709 2585 5763; x_wconf 79' lang='lat' dir='ltr'><strong>dedistis</strong></span> <span class='ocrx_word' id='word_1_982' title='bbox 2606 5707 2728 5758; x_wconf 87' lang='lat' dir='ltr'><strong>mihi</strong></span> <span class='ocrx_word' id='word_1_983' title='bbox 2759 5705 3061 5755; x_wconf 85' lang='lat' dir='ltr'><strong>manducare</strong></span> <span class='ocrx_word' id='word_1_984' title='bbox 3080 5699 3291 5767; x_wconf 68' lang='lat' dir='ltr'><strong>(Matth.</strong></span> <span class='ocrx_word' id='word_1_985' title='bbox 3321 5699 3408 5751; x_wconf 69' lang='lat'><strong>25.</strong></span> <span class='ocrx_word' id='word_1_986' title='bbox 3442 5697 3532 5761; x_wconf 65' lang='grc'><strong>54)</strong></span> <span class='ocrx_word' id='word_1_987' title='bbox 3559 5713 3571 5748; x_wconf 89' lang='lat'><strong>:</strong></span> <span class='ocrx_word' id='word_1_988' title='bbox 3601 5692 3770 5748; x_wconf 86' lang='lat' dir='ltr'><strong>multo</strong></span> <span class='ocrx_word' id='word_1_989' title='bbox 3793 5690 3941 5757; x_wconf 74' lang='lat' dir='ltr'><strong>magis</strong></span> 
     </span>
    </p>
   </div>
   <div class='ocr_carea' id='block_1_121' title="bbox 2381 5781 3940 5871">
    <p class='ocr_par' dir='ltr' id='par_1_121' title="bbox 2381 5781 3940 5871">
     <span class='ocr_line' id='line_1_122' title="bbox 2381 5781 3940 5871; baseline -0.015 -15"><span class='ocrx_word' id='word_1_990' title='bbox 2381 5817 2494 5865; x_wconf 81' lang='lat' dir='ltr'><strong>eos,</strong></span> <span class='ocrx_word' id='word_1_991' title='bbox 2524 5801 2608 5871; x_wconf 90' lang='lat' dir='ltr'><strong>qtti</strong></span> <span class='ocrx_word' id='word_1_992' title='bbox 2639 5808 2852 5870; x_wconf 83' lang='lat' dir='ltr'><strong>propter</strong></span> <span class='ocrx_word' id='word_1_993' title='bbox 2876 5796 3037 5850; x_wconf 82' lang='lat' dir='ltr'><strong>Deum</strong></span> <span class='ocrx_word' id='word_1_994' title='bbox 3064 5791 3366 5862; x_wconf 65' lang='lat' dir='ltr'><strong>afﬂiguntur</strong></span> <span class='ocrx_word' id='word_1_995' title='bbox 3387 5831 3400 5852; x_wconf 92' lang='lat'><strong>,</strong></span> <span class='ocrx_word' id='word_1_996' title='bbox 3430 5799 3479 5842; x_wconf 87' lang='lat' dir='ltr'><strong>ct</strong></span> <span class='ocrx_word' id='word_1_997' title='bbox 3509 5785 3807 5840; x_wconf 78' lang='lat' dir='ltr'><strong>saci-rdotio</strong></span> <span class='ocrx_word' id='word_1_998' title='bbox 3829 5781 3940 5836; x_wconf 81' lang='lat' dir='ltr'><strong>insi-</strong></span> 
     </span>
    </p>
   </div>
  </div>
