4134 6478
336 405 440 463 565

334 523 464 592 guiti
492 528 615 574 sunt
641 521 683 575 si
713 520 830 590 quis
855 519 1094 584 coluerit,
1123 535 1225 571 non
1257 520 1426 573 solum
1458 532 1635 587 parem
1664 530 1919 583 asseque-

339 627 421 665 tttr
472 612 910 673 retrilmtionem,
942 610 1034 665 sed
1077 609 1437 679 multipliciter
1480 606 1771 677 majorem,
1811 608 1921 662 clc-

335 712 514 756 mente
566 703 675 756 Deo
718 718 784 755 ex
830 700 1153 755 abundantia
1192 700 1573 755 misericordite
1616 714 1827 767 semper
1858 716 1918 752 ca

332 810 451 861 qua-
478 810 509 845 a
541 793 693 845 nobis
721 793 849 845 {inut
872 791 1133 846 vincente.
1155 791 1228 845 Ne
1254 792 1411 861 igitur
1436 791 1601 845 simus
1626 789 1918 844 deteriorrs

334 884 657 949 infidelibus,
685 883 772 954 qui
802 893 1019 952 proptrt'
1050 884 1307 938 idolorutn
1345 900 1580 939 errorem
1610 884 1783 938 adhuc
1812 894 1917 937 tan-

334 983 440 1026 ttnn
472 976 670 1028 cultum
702 974 953 1028 exhibent
1000 976 1209 1029 illorum
1257 974 1463 1029 l‘amttlis
1494 992 1507 1029 :
1540 974 1632 1029 sed
1666 984 1917 1044 quantmn

330 1066 614 1121 discrimen
645 1078 725 1119 cst
752 1083 988 1121 errorem
1022 1068 1157 1122 inter
1179 1078 1230 1122 et
1254 1069 1556 1130 veritatem,
1584 1077 1741 1138 atque
1782 1069 1920 1121 inter

332 1156 638 1211 sacerdotes
668 1157 722 1210 ill
761 1171 787 1211 s
812 1166 866 1210 ct
906 1158 997 1211 Dei
1028 1158 1361 1220 sacerdotes;
1397 1166 1594 1212 tantam
1628 1160 1678 1212 in
1717 1161 1918 1214 honere

330 1254 489 1314 atque
514 1246 656 1299 cultu
689 1246 1039 1301 dilTerentiam
1080 1249 1467 1312 exhiheainus,
1501 1260 1556 1303 ttt
1600 1250 1768 1303 multo
1797 1252 1915 1320 plu-

331 1349 418 1389 res
439 1351 684 1404 superna:
712 1338 862 1392 nobis
907 1339 1281 1394 retributiones
1319 1351 1644 1395 accrescant.
1676 1341 1763 1397 ‘25.
1803 1341 1915 1395 Ha-

331 1426 501 1481 bitattit
525 1438 689 1483 autem
713 1429 871 1484 Iacob
896 1431 947 1484 in
979 1430 1232 1503 1Eggpt0,
1264 1445 1308 1486 et
1336 1436 1471 1487 aucti
1498 1446 1635 1499 sunt,
1669 1446 1715 1489 et
1742 1437 1886 1490 multi
1902 1470 1915 1480 -

329 1518 504 1586 plicati
542 1529 658 1571 sunt
685 1521 846 1574 valde.
880 1522 1003 1575 Erat
1030 1524 1171 1577 enim
1201 1522 1315 1578 lucc
1334 1526 1642 1593 “promissio
1683 1526 1771 1581 Dei
1812 1527 1911 1596 ipsi

329 1604 487 1669 facta,
520 1606 727 1662 Faciam
760 1622 804 1662 te
829 1612 932 1665 illic
956 1615 1006 1664 in
1044 1624 1237 1683 gentem
1262 1627 1515 1685 magnam.
1545 1615 1633 1670 20.
1660 1616 1722 1669 Et
1747 1634 1916 1687 super-

327 1697 449 1751 vixit
489 1697 647 1752 Iacob
686 1701 851 1755 decem
890 1713 937 1755 et
978 1714 1166 1772 septem
1203 1708 1365 1759 annis.
1396 1706 1460 1760 Et
1488 1708 1609 1777 facti
1650 1720 1765 1762 sunt
1808 1710 1914 1763 dies

323 1787 490 1841 Iacob
505 1792 628 1843 anni
646 1802 841 1845 centum
870 1795 1202 1866 quadraginta
1226 1809 1433 1865 septem.
1464 1799 1749 1867 Propterea
1775 1800 1914 1854 Deus

325 1877 600 1933 dimensus
629 1892 710 1935 est
737 1886 783 1937 ei
825 1883 924 1937 hoc
967 1894 1172 1955 tempus
1204 1888 1322 1941 vitm
1347 1930 1361 1951 ,
1394 1897 1448 1943 ut
1494 1900 1610 1958 post
1641 1892 1908 1945 miseriam

325 1983 485 2038 quam
514 1979 623 2023 toto
651 1973 768 2025 vitae
800 1983 1039 2043 tempore
1077 1979 1323 2031 sustinuit
1349 2020 1363 2044 ,
1393 1983 1751 2037 consolatione
1800 1999 1913 2037 ina-

320 2072 421 2127 gua
454 2070 666 2129 accepta
695 2061 818 2117 hinc
855 2066 1122 2136 migraret.

396 2149 609 2205 Iloralis
637 2156 911 2209 conclusio.
943 2186 1008 2199 -—-
1038 2158 1251 2227 Verum,
1281 2162 1323 2215 si
1352 2163 1508 2217 vultis
1532 2205 1544 2227 ,
1576 2180 1641 2219 uc
1670 2165 1909 2220 multitu-

318 2240 445 2297 diue
484 2243 747 2299 dictorum
794 2250 1105 2303 memoriam
1152 2264 1377 2307 vestram
1428 2255 1734 2320 obruamus,
1787 2274 1905 2327 qtue

320 2333 521 2403 reliqua
553 2346 675 2390 sunt
718 2341 1136 2406 reservabimus,
1167 2352 1218 2397 ct
1250 2344 1406 2398 tinem
1444 2349 1699 2404 orationis
1744 2349 1905 2403 facie-

320 2439 439 2478 mus
468 2443 481 2479 :
517 2438 743 2482 veStratn
781 2440 957 2484 autem
997 2433 1271 2487 caritatem
1314 2436 1413 2491 hoc
1438 2442 1817 2508 rogaret-imus,
1852 2454 1908 2498 ut

318 2514 599 2586 diligenter
634 2519 696 2573 iis
721 2534 839 2589 qua:
865 2522 1111 2577 dicuntur
1145 2524 1451 2595 intendatis,
1487 2540 1540 2583 et
1570 2531 1678 2599 ipsa
1714 2549 1903 2602 perpe-

318 2614 422 2659 tua:
450 2602 719 2664 memoria:
749 2615 1152 2680 commendatis,
1172 2619 1421 2671 continuo
1453 2620 1502 2673 in
1531 2633 1707 2677 mente
1731 2634 1900 2680 vestra

315 2708 609 2763 versantes,
634 2710 687 2755 et
712 2703 1005 2772 cogitantes
1036 2717 1283 2777 quantam
1304 2711 1759 2783 patientiamjuzti
1784 2732 1903 2773 sus-

316 2787 591 2855 tinuerint,
621 2808 883 2864 quamque
941 2796 1392 2867 longanimitatem
1425 2814 1478 2857 et
1514 2803 1669 2858 ﬁdem
1701 2807 1751 2860 in
1780 2819 1901 2877 pro-

315 2879 653 2934 tnissionibus
705 2882 811 2937 Dei
846 2885 1151 2954 habuerint,
1200 2906 1303 2945 non
1360 2892 1537 2947 animo
1586 2894 1900 2953 ﬂuctuantes

314 2978 534 3038 propter
557 2988 617 3025 ea
641 2990 757 3042 qua:
781 2983 1634 3046 post.promissioucs-eveniebant
1663 3007 1675 3042 :
1707 2990 1801 3044 sed
1840 2990 1900 3043 ti-

312 3058 503 3115 dentes
528 3062 752 3133 cjusqui
778 3070 1090 3133 promiserat
1114 3074 1513 3139 virtuti,,omnia
1544 3094 1696 3149 mquo
1720 3082 1899 3135 animo

312 3147 570 3217 ferebant,
601 3163 654 3206 et
695 3167 972 3225 propterea
1000 3161 1235 3217 celebres
1263 3175 1317 3219 et
1352 3167 1479 3221 clari
1518 3167 1731 3223 fuerint.
1762 3172 1897 3227 Ecce

309 3241 450 3294 enim
482 3242 721 3311 etjustus
741 3247 826 3301 ille
846 3247 1155 3319 Josephum,
1182 3265 1457 3325 postquam
1488 3270 1561 3312 tot
1590 3262 1744 3316 annis
1766 3263 1896 3317 luxit

309 3333 458 3400 quasi
484 3344 747 3389 mortuum
774 3379 787 3398 ,
821 3340 949 3393 vidit
979 3357 1197 3411 regnum
1228 3345 1440 3418 {Egypti
1473 3360 1652 3405 tenere
1683 3372 1695 3407 :
1726 3364 1779 3408 et
1804 3356 1897 3409 ad-

309 3421 566 3477 mirabilis
609 3425 843 3496 Ioseph,
885 3442 999 3497 post
1039 3434 1347 3491 servitutem
1373 3450 1536 3508 ,post
1579 3457 1848 3499 carcerem
1875 3488 1890 3511 ,

309 3521 426 3580 po~t
452 3514 550 3567 alia
583 3517 758 3571 omnia
781 3534 896 3587 qua:
924 3523 1207 3590 sustinuit,
1245 3528 1594 3599 principatum
1624 3535 1782 3589 totius
1810 3553 1893 3591 re-

306 3604 479 3673 gionis
508 3609 757 3677 suscepit.
791 3611 854 3665 Et
892 3612 933 3665 si
966 3614 1112 3669 adire
1158 3618 1479 3675 voluerimus
1516 3638 1607 3677 cas
1628 3666 1641 3689 ,
1691 3642 1808 3695 qua:
1840 3628 1890 3681 in

306 3707 458 3748 sacra
497 3697 767 3767 Scriptum
812 3702 1185 3769 continentur,
1239 3707 1519 3776 historias,
1563 3713 1891 3770 inveniemus

306 3798 492 3840 omnes
519 3787 708 3843 virtute
740 3791 991 3858 praeditos
1036 3810 1128 3863 per
1154 3799 1480 3856 tentationes
1514 3802 1811 3872 ingressos,
1838 3816 1889 3860 et

306 3875 385 3930 sic
414 3893 659 3948 magnum
687 3895 714 3933 a
748 3881 853 3937 Deo
882 3898 1195 3955 assequutos
1220 3892 1495 3947 auxilium.
1520 3894 1573 3949 Si
1602 3912 1727 3967 ergo
1756 3899 1889 3953 divi-

307 3980 428 4020 nam
459 3969 612 4023 nobis
642 3970 1065 4031 benevolentiam
1106 3982 1392 4038 conciliare
1423 3985 1685 4053 volumus,
1716 4006 1781 4044 ne
1811 3994 1885 4045 si-

306 4072 426 4113 mus
449 4061 588 4114 anxii
613 4063 1091 4134 intentatiouibus,
1114 4088 1209 4127 nec
1228 4076 1483 4143 gravatim
1512 4076 1741 4135 teramus
1769 4098 1886 4152 quae

303 4148 456 4203 nobis
481 4150 771 4208 obveniunt
803 4174 816 4210 :
849 4158 943 4211 sed
994 4162 1161 4232 magis
1197 4165 1518 4233 gaudeamus
1552 4178 1604 4223 et
1649 4172 1887 4227 ltetemur

305 4238 409 4295 title
433 4244 793 4313 corroborati,
814 4250 1045 4307 scientes
1072 4271 1169 4310 nos
1194 4256 1292 4312 hac
1320 4261 1525 4317 ratione
1553 4266 1883 4332 potissimum

300 4330 477 4387 divina
519 4336 848 4404 providentia
886 4341 1140 4401 fruiturus
1188 4364 1307 4405 esse
1330 4394 1344 4418 ,
1376 4352 1422 4407 si
1448 4371 1565 4408 cum
1596 4360 1881 4427 gratiarum

300 4421 508 4478 actione
536 4430 711 4481 omnia
743 4429 882 4486 ferre
908 4435 1242 4492 meditemur.
1275 4441 1342 4495 Ut
1369 4453 1546 4499 autem
1574 4462 1760 4504 omnes
1787 4467 1883 4506 nos

300 4520 354 4565 et
382 4527 693 4583 prrscntem
735 4521 894 4575 vitam
926 4524 977 4577 in
1007 4528 1281 4584 virtutibus
1311 4537 1680 4606 transigamus,
1715 4550 1767 4594 et
1802 4541 1883 4595 fu-

302 4611 417 4657 tura
444 4619 831 4675 consequamur
855 4612 989 4668 bona
1011 4657 1025 4679 ,
1055 4621 1314 4677 concedat
1340 4625 1493 4680 nobis
1522 4643 1614 4696 per
1641 4620 1879 4687 clemen-

302 4696 425 4749 tiam
449 4706 502 4750 et
525 4700 745 4767 gratiam
777 4717 925 4760 suam
952 4708 1205 4766 Dominus
1230 4725 1411 4771 noster
1430 4717 1585 4775 Iesus
1612 4721 1877 4791 Christus,

297 4787 507 4853 quicum
538 4789 676 4845 Patri
710 4803 762 4847 et
807 4807 989 4853 sancto
1018 4801 1233 4868 Spiritui
1267 4806 1337 4861 sit
1364 4810 1528 4879 gloria
1556 4855 1570 4878 ,
1599 4813 1878 4885 imperium

295 4888 349 4930 et
381 4878 549 4935 honor
573 4923 587 4948 ,
630 4899 769 4940 nunc
810 4898 863 4943 et
900 4904 1137 4961 semper,
1160 4906 1212 4951 et
1242 4898 1293 4952 in
1320 4905 1509 4957 smeula
1540 4909 1876 4963 saeculorum.

297 4971 486 5024 Anien.

841 5115 1114 5177 ΠΟΜΙῌΑ
1158 5123 1342 5181 LXVI.

292 5236 834 5308 Appropiuquaverunt
857 5259 1043 5316 autem,
1078 5254 1276 5324 inquit,
1306 5260 1411 5315 dia
1439 5262 1604 5319 Israel
1630 5277 1680 5319 ut
1712 5286 1874 5324 more-

366 5339 517 5391 retur,
552 5342 596 5384 et
623 5338 813 5391 vocavit
837 5341 998 5406 [ilium
1027 5361 1172 5398 suum
1202 5349 1421 5421 Ioseph,
1458 5365 1503 5407 et
1542 5358 1667 5410 dixit
1696 5362 1739 5411 ei
1766 5377 1783 5413 :
1816 5361 1875 5416 Si

362 5418 527 5474 iuraui
550 5428 763 5493 grutiant
801 5433 939 5499 apud
962 5443 1036 5499 te,
1066 5455 1292 5508 suppone
1322 5462 1523 5499 manum
1548 5458 1683 5502 tuam
1710 5452 1876 5506 subter

366 5513 528 5578 fcntur
565 5531 728 5569 meum
751 5561 765 5585 ,
795 5531 840 5574 et
868 5526 1021 5592 facies
1048 5544 1236 5583 mecum
1263 5534 1651 5594 misericordiam
1678 5553 1724 5595 et
1751 5547 1876 5598 veri-

364 5612 532 5669 tatem,
559 5616 611 5658 ut
642 5626 740 5663 non
769 5616 983 5681 sepeliar
1017 5635 1107 5688 ego
1134 5621 1185 5675 in
1217 5622 1447 5695 Egypto
1469 5647 1489 5691 ;
1511 5634 1599 5684 sed
1629 5635 1874 5690 dormiant

359 5712 470 5747 cum
499 5699 721 5764 patribus
748 5706 867 5759 meis
894 5722 913 5760 :
943 5718 987 5762 et
1021 5717 1217 5783 auferes
1248 5732 1323 5770 me
1355 5735 1416 5771 ex
1438 5720 1510 5773 1E
1515 5735 1686 5793 gypto,
1716 5738 1758 5779 et
1796 5747 1873 5782 se-

358 5787 512 5857 peliet
537 5805 613 5849 me
627 5791 678 5845 in
704 5798 932 5867 sepulcro
958 5816 1147 5859 eorum.
1168 5803 1268 5860 Ille
1286 5819 1451 5865 autent
1626 5787 1870 5874 :I’aciom

1340 401 1403 457 IN
1442 402 1591 459 CAP.
1639 399 1820 455 XLVII
1884 395 2129 454 GENES.
2173 398 2402 456 ll0.\llL.
2447 402 2629 459 LXVI.

3525 412 3633 472 M6

2106 513 2376 565 secundum
2404 515 2604 568 verbum
2631 526 2790 569 tuum.
2822 517 2964 570 Dixit
2992 529 3155 573 autem
3186 537 3204 575 :
3232 522 3363 577 Iura
3393 526 3535 582 milii.
3567 526 3630 582 [ξι

2096 603 2291 672 juravit
2316 604 2379 659 ci.
2414 604 2474 657 Et
2518 605 2747 660 adoravit
2778 606 2942 663 Israel
2971 612 3038 663 ad
3063 614 3321 683 βεδιίοῑιιηι
3352 616 3505 687 virga:
3524 619 3632 689 ejus

2108 694 2275 765 (Crit.
2301 698 2386 751 47.
2418 697 2637 768 99-31).

2110 870 2152 921 l.
2197 870 2304 937 Age
2331 870 2486 925 hodie
2511 870 2666 926 linem
2698 874 3034 943 imponamus
3062 880 3351 933 narrationi
3382 890 3436 949 et
3462 883 3629 938 histo-

2030 959 2121 1012 ria:
2159 960 2363 1027 Jacobi,
2395 971 2447 1015 et
2486 963 2761 1018 videamus
2788 982 3032 1035 quautam
3073 969 3180 1022 siut
3228 970 3311 1023 illa
3356 987 3473 1042 qua:
3512 974 3627 1044 jam

2028 1053 2583 1125 moriturusdiapauat
2613 1066 2666 1110 ct
2690 1058 2919 1114 ordinet.
2942 1058 3138 1115 Verum
3168 1064 3344 1119 nullus
3385 1066 3452 1120 ad
3495 1085 3621 1137 prte-

2027 1142 2253 1195 sentium
2282 1158 2459 1198 rerum
2495 1154 2687 1201 statum
2717 1157 2986 1218 spectans,
3010 1151 3129 1204 talia
3156 1155 3331 1223 exigat
3358 1156 3423 1210 ab
3448 1158 3508 1212 iis
3530 1160 3623 1229 qui

2029 1241 2150 1285 tunc
2181 1231 2393 1288 fuerunt
2428 1235 2581 1305 justi,
2613 1239 2789 1308 qualia
2820 1257 2962 1295 nunc
2998 1242 3048 1296 in
3082 1245 3184 1299 vita
3234 1248 3503 1314 sapienter
3542 1250 3622 1304 in-

2025 1323 2206 1375 stituta
2234 1324 2417 1380 ttdeles
2450 1338 2703 1395 prmstare
2729 1334 2997 1398 convenit,
3029 1336 3121 1389 sed
3149 1339 3441 1394 secundum
3486 1351 3622 1396 tem~

2025 1428 2151 1481 pora
2198 1424 2251 1469 et
2297 1432 2383 1471 res
2418 1418 2643 1486 judicet.
2675 1421 2799 1477 "me
2829 1434 3006 1479 autem
3056 1426 3232 1481 dedita
3278 1445 3440 1498 Opera
3471 1436 3619 1502 prius

2022 1505 2271 1573 dixerim,
2307 1521 2523 1578 propter
2548 1527 2610 1566 ea
2640 1530 2758 1583 qum
2783 1530 2812 1568 a
2844 1516 3141 1585 patriarcha
3175 1521 3271 1590 ipsi
3306 1522 3503 1593 Ioseph
3533 1526 3617 1581 di-

2022 1608 2227 1651 ceutur.
2258 1600 2441 1666 Qualia
2471 1611 2646 1658 autent
2683 1607 2823 1675 sint,
2853 1608 3149 1664 audiamus.
3192 1612 3283 1668 9.9.
3323 1617 3619 1689 Appropin-

2019 1702 2296 1760 quavertmt
2320 1703 2484 1747 autem
2503 1737 2515 1754 .
2550 1696 2717 1766 inquit
2736 1738 2750 1764 ,
2782 1699 2886 1753 dies
2917 1700 3117 1768 Israel,
3152 1715 3205 1757 ut
3233 1718 3510 1762 moreretur
3530 1749 3545 1775 ,
3574 1721 3621 1764 et

2019 1784 2208 1835 vocavit
2234 1784 2399 1851 ﬁlium
2428 1802 2572 1839 suum
2601 1787 2792 1859 Joseplt
2819 1832 2833 1855 ,
2858 1802 2901 1843 et
2933 1792 3128 1847 dixit-ei
3153 1810 3170 1847 .·
3199 1796 3260 1850 Si
3306 1798 3473 1850 iuveni
3496 1816 3615 1871 ργα-

2020 1874 2140 1925 tiam
2164 1874 2303 1943 apud
2327 1885 2392 1941 te,
2412 1894 2642 1948 suppone
2661 1896 2866 1935 manum
2895 1891 3030 1935 luant
3052 1886 3220 1939 subter
3236 1889 3401 1958 femur
3424 1906 3614 1957 meum,

2016 1976 2063 2019 et
2090 1968 2242 2036 facies
2271 1983 2463 2020 mecum
2495 1969 2891 2025 misericordiam
2921 1982 2968 2027 et
3006 1976 3284 2043 ceritatem,
3318 1989 3369 2032 ut
3398 1997 3497 2034 non
3536 1999 3616 2036 sc-

2016 2060 2176 2128 peliar
2204 2076 2293 2130 ego
2334 2061 2385 2114 in
2411 2061 2642 2134 ﬁgypto
2669 2083 2689 2130 ;
2718 2067 2806 2122 ὅθ.
2838 2069 2925 2121 sed
2954 2069 3203 2123 dormiant
3232 2090 3345 2126 cum
3388 2074 3618 2144 patribus

2015 2150 2137 2203 meis
2159 2166 2177 2213 ;
2201 2161 2250 2205 et
2270 2157 2467 2224 auferes
2496 2172 2574 2209 me
2600 2172 2664 2209 ea:
2697 2156 2950 2229 zEgypto,
2970 2170 3013 2213 et
3033 2163 3241 2230 sepelies
3266 2181 3343 2217 me
3370 2165 3420 2219 in
3445 2168 3615 2236 sepul-

2013 2256 2100 2293 cro
2125 2257 2315 2296 eorum.
2348 2242 2450 2298 Ille
2470 2256 2636 2299 autem
2663 2249 2790 2302 dixit
2818 2264 2835 2304 :
2867 2249 3075 2304 Faciant
3108 2258 3384 2308 secundant
3412 2257 3613 2310 verbum

2014 2342 2171 2387 tuum.
2232 2337 2319 2390 5!.
2350 2335 2494 2395 Dixit
2524 2350 2732 2395 autem»;
2758 2341 2893 2395 Jttra
2931 2345 3076 2398 milii.
3110 2344 3172 2399 Et
3214 2350 3409 2419 juravit
3449 2351 3513 2404 ei.
3548 2351 3613 2405 Et

2011 2425 2238 2479 adorarit
2269 2418 2432 2483 Israel
2460 2430 2529 2483 at!
2558 2433 2815 2503 fastigium
2843 2435 2997 2506 virga:
3020 2440 3148 2502 eius.

2082 2516 2185 2571 Cur
2222 2520 2429 2573 coluerit
2458 2523 2509 2575 in
2544 2525 2711 2591 patria
2744 2526 2946 2595 sepeliri
2973 2526 3155 2582 Iacob.
3182 2561 3251 2571 —
3284 2532 3429 2587 Multi
3462 2534 3608 2605 tllle°

2009 2608 2192 2662 etioris
2236 2611 2427 2675 animi,
2462 2615 2673 2682 quando
2716 2632 2746 2671 a
2795 2619 2947 2672 nobis
2977 2621 3361 2691 admonentur,
3394 2642 3461 2681 ne
3490 2644 3606 2681 ma-

2007 2714 2162 2769 gnam
2206 2716 2386 2756 Curam
2428 2708 2718 2775 sepultura:
2754 2708 3014 2777 habeant,
3068 2729 3240 2785 neque
3286 2733 3395 2771 rem
3438 2720 3608 2775 multo

2005 2791 2181 2844 studio
2210 2793 2423 2862 dignam
2469 2796 2832 2866 arbitrentur,
2861 2802 2928 2855 ab
2969 2804 3140 2859 aliena
3178 2817 3317 2862 terra
3360 2810 3409 2863 in
3450 2825 3600 2866 suam

2006 2883 2226 2950 patriam
2257 2897 2582 2942 mortuorum
2610 2892 2859 2961 reliquias
2887 2895 3089 2965 reduci,
3118 2900 3253 2955 hanc
3283 2901 3435 2957 nobis
3462 2917 3602 2973 pra:-

2007 2982 2189 3027 texunt
2232 2974 2508 3031 historiam
2531 3021 2544 3043 ,
2578 2980 2837 3048 dicentes,
2867 2987 3025 3040 etiam
3060 2991 3415 3057 patriareham
3447 2994 3602 3065 hujus

2003 3063 2080 3116 rei
2113 3072 2310 3119 tantam
2358 3066 2550 3125 fecisse
2592 3087 2797 3127 curam.
2837 3074 3027 3131 Verum
3079 3080 3306 3147 primum
3337 3086 3551 3153 quidem
3577 3128 3595 3153 ,

2001 3155 2138 3210 sicut
2162 3155 2401 3217 dixthoc
2423 3161 2657 3231 cogitare
2679 3174 2889 3233 oportet
2915 3183 2928 3220 :
2959 3176 3081 3221 tunc
3109 3185 3211 3224 non
3246 3180 3387 3228 tanta
3412 3176 3591 3245 exige-

2001 3245 2157 3300 batur
2184 3249 2536 3320 philosophia,
2562 3265 2757 3323 quanla
2786 3257 2852 3313 ab
2880 3260 2945 3317 iis
2963 3263 3050 3330 qui
3079 3279 3219 3318 nunc
3244 3266 3464 3323 vivunt:
3496 3269 3594 3326 de-

2000 3338 2123 3394 inde
2146 3343 2439 3408 patriarcha
2474 3346 2573 3401 hoc
2617 3365 2720 3402 non
2770 3352 3087 3421 simpliciter
3116 3357 3281 3412 voluit
3323 3359 3432 3414 fieri
3455 3402 3469 3427 ,
3498 3364 3593 3420 sed

1997 3447 2146 3500 spem
2192 3435 2381 3490 bonam
2424 3438 2527 3493 illis
2558 3442 2837 3510 pollicens,
2865 3443 2979 3500 fore
3009 3456 3064 3500 ut
3091 3449 3171 3501 sui
3206 3451 3285 3504 vel
3327 3467 3452 3509 sero
3484 3463 3599 3510 tan-

1996 3524 2118 3579 dem
2170 3527 2407 3583 redirent
2456 3531 2508 3584 in
2561 3543 2754 3587 terram
2809 3539 3195 3604 promi~sionis.
3233 3544 3297 3597 Et
3337 3547 3475 3614 quod
3528 3550 3598 3603 ob

1998 3616 2134 3670 hanc
2161 3632 2374 3673 causam
2410 3620 2509 3675 hoc
2549 3627 2885 3693 prwceperit,
2936 3630 3267 3687 manifeStius
3313 3652 3409 3689 nos
3439 3637 3596 3692 docet

1996 3706 2136 3761 illius
2169 3708 2334 3773 ii'ius,
2377 3711 2560 3767 dicens
2595 3732 2607 3767 :
2653 3714 2914 3772 Visitando
2960 3722 3176 3775 t-isitabit
3222 3741 3307 3779 vos
3351 3726 3523 3792 Deus,
3550 3742 3597 3783 ct

1993 3798 2147 3851 simul
2166 3800 2335 3868 feretis
2364 3819 2477 3857 ossa
2511 3822 2621 3877 mea
2648 3807 2765 3861 hinc
2793 3811 2810 3879 (
2835 3810 2961 3865 Gen.
2993 3814 3079 3867 50.
3108 3814 3238 3885 ει).
3267 3819 3417 3883 Quod
3447 3821 3590 3875 enim

1992 3891 2162 3944 oculis
2192 3893 2311 3947 lidei
2342 3895 2512 3950 futura
2538 3900 2910 3971 prmviderent,
2935 3904 3057 3958 audi
3083 3906 3227 3960 illmu
3254 3909 3363 3978 jam
3396 3927 3590 3969 vocare

1991 3994 2219 4039 mortem
2271 4001 2421 4041 suam
2470 3990 2842 4049 dormitionetn
2874 4012 2887 4049 :
2916 3998 3045 4053 dicit
3090 4003 3266 4067 enim,
3320 4003 3588 4061 Dormiam

1990 4091 2104 4129 cum
2132 4079 2358 4145 patribus
2384 4084 2524 4137 meis.
2552 4084 2838 4155 Pr0pterea
2862 4100 2917 4145 et
2945 4090 3142 4147 Paulus
3163 4092 3401 4149 dicebat:
3423 4096 3589 4153 Juxta

1990 4171 2143 4236 ﬁdem
2173 4176 2357 4226 mortui
2381 4186 2496 4227 sunt
2526 4178 2579 4229 Ιιὶ
2609 4194 2797 4243 omnes,
2840 4198 2941 4235 non
2970 4197 3179 4255 accep'a
3208 4190 3541 4255 promissione
3568 4208 3589 4244 :

1988 4260 2077 4311 sed
2105 4268 2283 4330 procul
2323 4282 2432 4318 eam
2471 4268 2698 4323 viderunt
2737 4279 2782 4324 et
2808 4272 3097 4329 solutorum
3127 4276 3145 4349 (
3176 4278 3331 4333 Hebr.
3362 4282 3448 4335 Η.
3476 4284 3586 4353 1⁸5).

1988 4349 2309 4417 Quomodo?
2350 4356 2527 4413 Oculis
2554 4359 2671 4415 tidei
2702 4362 2876 4417 futura
2905 4366 3174 4422 videbant.
3212 4370 3399 4425 Nullus
3430 4349 3591 4443 igitur

1989 4453 2134 4511 putet
2176 4448 2618 4514 pusillaniiniuttis
2648 4468 2767 4510 esse
2813 4456 2913 4513 hoc
2958 4459 3303 4529 mandatum,
3346 4464 3437 4518 sed
3472 4474 3525 4520 et
3553 4482 3584 4521 a

1988 4544 2247 4605 tempore,
2281 4549 2334 4593 et
2360 4556 2387 4592 a
2428 4545 2741 4610 prmvisione
2789 4547 2949 4602 l'uturi
2995 4550 3215 4618 reditus,
3248 4554 3396 4608 omni
3423 4557 3579 4626 culpa

1990 4639 2206 4683 excuset
2225 4631 2447 4697 justum.
2468 4634 2617 4689 Nunc
2639 4638 2780 4692 enim
2803 4641 3052 4709 quoniam
3071 4657 3133 4696 ea
3152 4660 3268 4713 qua}
3290 4645 3354 4699 ad
3373 4648 3587 4716 sapien-

1987 4720 2172 4775 tiorem
2205 4725 2365 4779 vitam
2394 4728 2653 4793 attinent,
2700 4742 2816 4799 post
2872 4733 3156 4788 adventum
3207 4736 3403 4811 Christi
3428 4748 3583 4796 aucta

1983 4826 2126 4880 sunt,
2144 4819 2331 4872 merito
2345 4822 2463 4888 quis
2483 4824 3015 4890 reprehenderiteum
3030 4830 3113 4881 cui
3131 4829 3252 4883 talia
3267 4840 3392 4885 sunt
3413 4847 3581 4890 eum.

2056 4906 2176 4961 Non
2207 4919 2278 4962 est
2308 4912 2544 4965 miserum
2571 4932 2775 4986 peregre
2799 4918 2949 4971 mori.
2976 4948 3043 4961 -ο
3076 4919 3257 4989 Neque
3285 4933 3430 4991 putet
3459 4926 3583 4995 quia

1984 4996 2238 5053 miserum
2286 5016 2406 5055 eum
2438 5018 2557 5057 esse
2600 5007 2688 5073 qui
2737 5007 2786 5059 in
2834 5009 3010 5063 alieno
3056 5010 3172 5063 solo
3201 5012 3359 5066 vitam
3405 5014 3575 5078 finiat,

1984 5100 2159 5155 neque
2206 5104 2325 5142 eum
2356 5092 2443 5160 qui
2492 5093 2543 5146 in
2589 5094 2876 5151 solitudine
2918 5114 2984 5153 ex
3036 5101 3133 5155 hac
3180 5103 3285 5156 vita
3327 5104 3574 5160 decedat.

1982 5175 2163 5247 Neque
2189 5180 2330 5235 enim
2364 5182 2452 5235 ille
2491 5184 2681 5253 dignus
2713 5196 2769 5240 ut
2800 5190 2963 5243 miSer
2992 5188 3198 5245 dicatur
3219 5235 3232 5259 ,
3279 5194 3371 5247 sed
3403 5195 3493 5265 qui
3522 5197 3575 5250 iu

1984 5271 2217 5337 peccatis
2253 5281 2493 5328 mortuus
2520 5286 2601 5330 cst
2620 5318 2633 5340 ,
2667 5278 2874 5332 etiamsi
2913 5296 3074 5347 super
3103 5282 3296 5337 lecznm
3323 5326 3337 5351 ,
3367 5288 3577 5341 etiamsi

1984 5364 2337 5430 prmsentibus
2380 5366 2567 5421 amicis
2609 5370 2856 5425 omnibus
2899 5383 3125 5427 mortem
3166 5376 3343 5430 obeat.
3396 5378 3463 5434 Et
3507 5394 3576 5433 ne

1983 5456 2110 5507 mihi
2162 5456 2345 5526 frigida
2396 5460 2483 5511 illa
2531 5461 2690 5515 verba
2718 5502 2730 5525 ,
2773 5464 3105 5535 ridiculaque
3150 5478 3204 5522 et
3252 5470 3572 5539 insipientiai

1981 5548 2133 5614 plena
2162 5549 2300 5602 dicat
2327 5551 2518 5619 aliquis
2550 5571 2559 5605 :
2592 5554 2682 5609 ille
2712 5556 2828 5610 talis
2859 5572 2988 5612 cane
3018 5560 3169 5613 vilius
3198 5572 3277 5615 est
3305 5572 3563 5631 mortuus,

1982 5641 2124 5703 nullo
2154 5639 2492 5696 familiarium
2528 5657 2809 5713 praesente,
2836 5664 3008 5718 neque
3034 5652 3303 5719 sepultura
3331 5663 3385 5707 et
3412 5654 3569 5709 funus

1978 5732 2025 5785 el
2057 5732 2393 5801 contigerunt
2420 5749 2433 5798 ;
2466 5736 2559 5789 scd
2587 5736 2867 5792 collectltia
2912 5740 3047 5808 stipe
3084 5741 3224 5810 justa
3255 5742 3391 5798 facta
3419 5755 3562 5800 sunt.

1981 5822 2094 5881 Non
2124 5833 2204 5882 est
2232 5826 2352 5895 hoc,
2383 5828 2453 5883 mi
2481 5827 2672 5900 homo,
2700 5844 2831 5887 cane
2864 5832 3266 5902 ignominiosius
3289 5842 3563 5891 mortuum
