4134 6496
625 408 731 466 687

621 541 765 581 esse.
813 527 948 593 Quid
992 529 1134 582 enim
1163 527 1248 582 ille
1277 527 1458 583 damni
1503 533 1713 586 scibit?
1761 533 1892 589 Illud
1937 549 2121 598 utuun,
2165 535 2209 588 si

629 616 840 671 \it1u2is
885 618 1136 672 amictum
1185 635 1244 676 se
1294 630 1560 690 tegentem
1608 639 1714 678 non
1763 623 2026 680 habuerit.
2081 625 2211 680 Nam

619 709 758 778 quod
800 707 849 762 id
881 708 1010 763 nihil
1043 710 1203 766 laedat
1239 711 1442 781 justum
1473 714 1668 770 virtute
1696 716 1975 785 prmditutn
1997 759 2011 783 ,
2040 717 2208 786 disce,

566 863 576 872 ἢ
620 816 742 870 qma
780 801 1018 871 plerique
1039 802 1327 874 iustorum.
1370 807 1657 876 prolibetas
1687 809 1810 864 dico
1835 819 1890 864 et
1916 806 2208 880 apostolos,

619 892 706 944 ubi
738 892 824 946 siti
855 892 984 958 sint,
1016 896 1198 966 paueis
1226 898 1500 967 exceptis,
1527 900 1853 969 ignoramus.
1886 901 2094 956 Etenim
2119 903 2206 957 alii

617 983 836 1053 quidem
865 988 1040 1058 capite
1071 989 1318 1049 truncati.
1359 989 1452 1044 alii
1483 991 1700 1062 lapidati
1732 994 1924 1048 mortui
1961 1004 2083 1048 sunt
2113 1011 2125 1046 :
2157 1005 2212 1048 rt

619 1076 703 1128 alii
747 1077 1045 1133 innumeris
1079 1090 1130 1134 et
1168 1079 1329 1136 variis
1371 1083 1546 1152 pinnis
1589 1083 1798 1152 seipsos
1840 1095 2210 1152 exposuerunt

618 1177 835 1239 propter
862 1168 1108 1239 pietatem
1132 1212 1145 1234 ,
1189 1187 1378 1228 (mutes
1408 1183 1623 1243 prOpter
1649 1173 1921 1229 Christum
1948 1186 2210 1247 martyres

616 1257 740 1311 tacti
769 1268 933 1313 sunt:
965 1269 1017 1314 et
1055 1261 1228 1314 nullus
1259 1262 1327 1317 de
1353 1263 1457 1317 illis
1484 1265 1664 1319 dicere
1705 1265 1919 1321 audebit
1939 1307 1954 1331 ,
1985 1267 2208 1338 ignomi-

617 1349 823 1404 niosam
849 1365 969 1407 esse
997 1368 1182 1407 eorum
1228 1364 1453 1409 mortem
1493 1373 1506 1409 :
1549 1354 1642 1410 sed
1674 1368 1927 1427 sequetur
1970 1359 2204 1418 divinam

615 1440 981 1511 Scripturam,
1015 1443 1279 1499 dicentem
1315 1461 1329 1498 ε
1372 1443 1599 1500 Pretiosa
1625 1447 1676 1500 in
1701 1459 1971 1519 conspectu
2003 1448 2206 1503 Domini

613 1549 748 1587 mors
777 1545 1067 1588 sanctorum
1093 1537 1200 1604 ejus
1231 1535 1399 1606 (Paul.
1429 1537 1548 1592 “5.
1583 1538 1689 1608 15).
1722 1538 1788 1593 Et
1811 1542 1950 1595 sicut
1977 1552 2202 1596 mortem

613 1635 920 1679 sanctorum
951 1626 1235 1695 pretiOsant
1267 1628 1493 1692 vocavit,
1518 1629 1640 1683 audi
1681 1630 1947 1698 quomodo
1981 1641 2033 1686 et
2061 1647 2205 1685 mor-

613 1725 722 1770 tem
766 1725 1105 1784 peccatorum
1149 1719 1342 1772 malam
1383 1729 1557 1774 vocet.
1596 1719 1738 1774 Mars
1784 1723 1958 1788 enim,
2009 1723 2199 1793 inquit,

609 1816 925 1874 peccatorum
959 1809 1095 1860 mala
1125 1806 1296 1881 (Paul.
1323 1810 1409 1866 35.
1440 1810 1552 1880 29.).
1588 1812 1768 1882 Itaque
1796 1813 1956 1868 etiam
1983 1815 2027 1870 si
2053 1814 2199 1870 domi

606 1912 714 1951 sine
759 1899 1087 1964 moriantur,
1125 1909 1181 1956 ct
1223 1916 1390 1956 uvore
1434 1912 1489 1958 et
1539 1903 1658 1959 [iliis
1709 1907 2098 1974 pneseutibus,
2145 1918 2199 1963 et

611 1989 962 2045 tamiharibus
982 2031 996 2055 ,
1025 2001 1080 2046 et
1119 1993 1259 2048 uotis
1289 1995 1624 2051 adstantibus
1643 2039 1660 2064 ,
1690 1998 1882 2054 virtute
1907 2008 2084 2055 autent
2111 2017 2200 2057 ca-

610 2095 781 2148 reant,
813 2084 952 2140 mala
980 2085 1170 2142 borum
1203 2104 1346 2144 mors
1372 2099 1473 2145 est.
1505 2089 1594 2145 Sic
1617 2091 1718 2146 etsi
1746 2093 1800 2147 iu
1826 2092 2001 2148 aliena
2033 2102 2194 2160 terra,

603 2177 703 2228 risi
748 2192 911 2245 super
954 2177 1319 2246 pavimentum
1363 2181 1482 2250 quis
1523 2181 1709 2251 jaccns
1753 2193 1852 2238 :et
1896 2183 2023 2255 quid
2053 2184 2194 2250 dico,

603 2266 704 2322 etsi
732 2263 785 2319 in
813 2267 986 2323 aliena
1010 2269 1034 2322 ?
1062 2270 1276 2325 etiamsi
1311 2272 1363 2326 in
1395 2271 1634 2329 Latrones
1669 2273 1900 2340 incidat,
1929 2277 2137 2332 etiamsi
2165 2292 2195 2333 ι

601 2358 783 2412 bestiis
807 2358 1119 2430 devoretur,
1144 2363 1337 2419 virtute
1359 2373 1536 2419 autem
1566 2365 1820 2434 praeditus
1841 2367 1930 2430 sit.
1961 2368 2192 2436 pretiosa

604 2453 723 2520 ejus
765 2469 910 2509 mors
951 2457 1072 2511 erit.
1108 2457 1204 2512 Die
1244 2459 1411 2524 enim,
1441 2458 1707 2526 obsecro,
1738 2459 2010 2515 Zacharim
2054 2461 2195 2517 Illius

604 2560 780 2599 uertite
804 2547 1099 2602 decollatus
1114 2559 1197 2604 est
1211 2549 1234 2602 ἳ
1249 2547 1554 2620 Stephanus
1579 2560 1753 2606 autem
1772 2552 1975 2622 primus
2001 2563 2195 2624 marty-

599 2639 660 2689 t-.i
683 2651 876 2689 corona
899 2636 1176 2692 redimitus
1191 2679 1206 2705 ,
1229 2655 1408 2695 nonne
1431 2640 1694 2710 lapidatus
1711 2643 1873 2697 vitam
1901 2643 2036 2698 liniit
2061 2645 2083 2698 ?

668 2724 867 2780 Paulus
904 2730 1070 2798 capite
1097 2746 1298 2794 cauus;
1338 2729 1522 2787 Petrus
1549 2732 1745 2788 inverso
1777 2735 1941 2804 capite
1983 2738 2188 2805 cruciﬁ—

596 2835 714 2871 a'us.
745 2847 813 2858 —-
840 2819 1034 2875 Paulus
1074 2834 1252 2876 autem
1291 2833 1344 2877 et
1385 2823 1575 2878 Petrus
1597 2865 1611 2890 ,
1655 2840 1830 2881 nonne
1860 2826 1947 2882 ille
1974 2830 2188 2898 quidem

593 2907 767 2974 capite
789 2919 1084 2979 truncttus,
1104 2912 1190 2967 hic
1204 2922 1382 2968 autem
1406 2914 1564 2969 modo
1586 2917 1853 2970 centrario
1882 2932 2040 2988 quam
2070 2919 2190 2974 Do—

595 2999 769 3055 minus
789 3001 1102 3072 crucifixus,
1124 3006 1192 3060 ita
1218 3005 1315 3061 hac
1336 3007 1441 3061 vita
1461 3009 1692 3063 excessit
1713 3008 1737 3062 τ
1756 3009 1944 3067 Nonne
1970 3023 2187 3082 prepter

595 3092 694 3145 hnc
727 3095 892 3163 magis
918 3096 969 3148 ιιι
995 3104 1105 3150 toto
1126 3097 1324 3153 mundo
1348 3099 1688 3156 celebrantur
1712 3112 1766 3157 et
1788 3104 2183 3172 pra-dicantur?

662 3185 716 3240 2.
760 3186 886 3243 llare
915 3198 1092 3244 autem
1119 3191 1297 3246 omnia
1324 3193 1620 3263 cogitantes
1646 3236 1661 3260 ,
1696 3210 1866 3266 neque
1891 3212 1984 3253 eos
2009 3200 2097 3268 qui
2131 3200 2183 3255 in

590 3281 762 3334 aliena
788 3288 927 3336 terra
955 3283 1278 3351 moriuntur,
1303 3285 1530 3341 miseros
1551 3285 1812 3354 dicamus,
1841 3305 2012 3359 neque
2038 3291 2181 3346 domi

587 3386 698 3425 sure
726 3371 1018 3428 morientes
1044 3374 1229 3429 beatos
1268 3376 1618 3445 pricdicemus
1650 3397 1662 3432 :
1689 3379 1783 3434 sed
1814 3379 2002 3434 divina:
2031 3381 2179 3436 Scri-

592 3474 759 3532 ptnrse
787 3481 1048 3522 canonetn
1076 3477 1382 3538 sequentes,
1416 3469 1593 3524 claros
1621 3472 1902 3527 virtutibus
1935 3473 2056 3529 hinc
2081 3475 2180 3528 mi-

587 3573 804 3628 grantes
834 3562 1018 3616 beatos
1041 3563 1283 3618 dicamus
1303 3604 1316 3629 ,
1361 3572 1415 3619 ct
1438 3580 1532 3620 eos
1554 3566 1644 3636 qui
1673 3567 1726 3621 in
1754 3568 1984 3637 peccatis
2010 3568 2175 3623 mori-

592 3664 750 3707 untur
791 3655 1016 3710 miseros
1057 3656 1428 3726 pnedicemus.
1471 3657 1618 3712 Sicut
1665 3660 1806 3714 enim
1846 3660 1936 3732 qui
1985 3663 2178 3717 virtute

586 3745 840 3812 inauditus
881 3754 963 3801 est
1009 3747 1060 3800 in
1113 3748 1390 3803 meliorem
1432 3748 1593 3802 vitam
1635 3751 1860 3814 transit,
1908 3753 2177 3822 accipiens

589 3834 823 3888 laborum
851 3852 1068 3891 suorum
1101 3839 1316 3905 przemia
1345 3857 1358 3893 ε
1385 3841 1451 3893 ita
1475 3841 1634 3910 etqui
1663 3841 1747 3896 illa
1770 3852 1933 3906 caret,
1956 3843 2100 3897 initia
2123 3855 2177 3899 et

589 3926 846 3994 priqrmia
880 3928 1384 3998 suppliciorumjam
1407 3931 1618 4000 accipit,
1643 3941 1696 3986 ct
1715 3943 1983 4002 gestorum
2014 3935 2172 3988 ratio-

582 4033 674 4072 nes
697 4017 919 4072 reddere
943 4028 1180 4086 coactus,
1195 4019 1613 4076 intolerabilibus
1629 4024 1978 4092 complicatur
1999 4026 2171 4080 inalis.

663 4109 773 4162 Vim
788 4127 1011 4181 prtesens
1028 4113 1284 4178 palliastro.
1313 4113 1578 4181 Quomodo
1597 4113 1762 4169 Israel
1783 4117 2010 4170 adorarit
2026 4117 2175 4172 Iose-

575 4199 962 4266 pltuin.--ldeo
995 4219 1044 4269 οι
1065 4213 1203 4258 ortet
1231 4206 1346 4258 lucc
1385 4206 1676 4274 cogitantes
1699 4209 1948 4262 virtutum
1973 4208 2171 4265 habere

579 4309 785 4351 curam,
802 4293 928 4346 etin
960 4295 1209 4362 tumsenti
1234 4296 1336 4349 vita
1353 4297 1503 4365 quasi
1528 4297 1578 4350 in
1599 4298 1841 4364 palaestra
1860 4310 2086 4363 certare,
2115 4316 2170 4355 ut

579 4399 699 4437 cum
715 4384 943 4438 solutum
960 4385 1111 4440 fuerit
1131 4386 1416 4453 theatrum,
1435 4387 1708 4456 splendida
1725 4390 1958 4446 redimiri
1971 4408 2167 4447 corona

576 4491 855 4546 queamus,
883 4491 948 4531 ne
973 4476 1163 4530 frustra
1185 4479 1500 4547 pmnitentes
1528 4480 1882 4535 inveniamur.
1908 4485 2166 4551 Quamdiu

575 4569 716 4621 enim
745 4569 902 4622 durat
921 4579 1211 4633 certamen,
1245 4570 1496 4640 possibile
1519 4582 1601 4626 est
1626 4615 1638 4637 ,
1668 4574 1711 4627 si
1737 4574 2082 4639 voluerimus,
2113 4587 2167 4630 et

576 4658 835 4712 δυμίιιιςιηι
850 4669 1120 4724 exentere,
1139 4672 1191 4715 et
1205 4661 1445 4715 virtutem
1464 4679 1738 4727 exercere,
1760 4675 1815 4718 ut
1838 4668 2163 4735 propositam

575 4767 924 4821 assequamur
949 4767 1222 4807 coronam.
1247 4755 1529 4817 ϐίειοιύιιι,
1553 4757 1595 4808 si
1627 4756 1852 4823 videtur,
1879 4759 2162 4814 redeamus

575 4841 639 4893 ad
673 4845 934 4896 sermonis
958 4845 1174 4899 seriem.
1204 4844 1332 4898 Nam
1364 4857 1640 4915 postquam
1668 4849 1930 4903 commisit
1962 4851 2068 4904 lilio
2097 4852 2164 4906 de

577 4936 848 5003 sepultura
873 4980 887 5000 ,
918 4947 971 4990 et
1007 4937 1138 4990 dixit
1164 4937 1359 5007 Joseph
1395 4957 1406 4990 :
1441 4938 1548 5009 ligo
1578 4941 1761 5009 [ariam
1783 4943 2165 5011 juxta'vcrbum

575 5040 753 5092 tuum,
781 5030 964 5094 addit,
993 5029 1122 5083 Iura
1153 5033 1294 5085 mihi.
1343 5031 1407 5084 Et
1446 5034 1638 5102 jurarit
1681 5035 1745 5088 ci.
1803 5033 1870 5087 Et
1912 5037 2160 5103 adoravit,

575 5122 747 5190 inquit
771 5164 784 5183 ,
817 5122 978 5176 Israel
1005 5123 1072 5176 ad
1101 5127 1366 5196 fastigium
1414 5128 1566 5196 virga:
1591 5128 1748 5180 illius.
1782 5127 1912 5182 Vide
1953 5145 2158 5194 scnetu,

573 5215 934 5283 decrepitum,
970 5218 1322 5286 patriarcham
1356 5220 1664 5275 adorationc
1709 5224 1962 5276 honorem
1994 5225 2044 5277 in
2072 5223 2162 5277 Io-

574 5308 703 5372 seph
732 5307 1025 5373 declarare,
1059 5321 1111 5364 et
1151 5310 1321 5378 reipsa
1371 5313 1592 5378 implere
1633 5315 1850 5370 visionis
1888 5327 2156 5370 eventum.

575 5397 800 5461 ριιιιιιιΙυ
828 5402 969 5453 enim
1000 5403 1229 5455 narravit
1250 5401 1447 5471 Ioseph
1474 5404 1752 5466 visionem,
1782 5407 1940 5471 Dixit,
1968 5409 2155 5477 inquit,

577 5487 841 5557 Numquid
870 5510 960 5561 ego
989 5505 1032 5545 et
1064 5505 1218 5546 muter
1238 5486 1332 5546 'tua
1363 5495 1610 5550 veniemus
1631 5539 1644 5561 ,
1689 5507 1733 5550 ct
1760 5498 2082 5552 adorabimus
2111 5510 2159 5553 te

573 5599 725 5647 super
755 5593 935 5635 terram
963 5587 986 5636 Σ)
1013 5585 1112 5639 Sed
1143 5586 1276 5641 forte
1301 5587 1494 5641 dixerit
1534 5589 1722 5657 aliquis
1753 5609 1765 5645 :
1795 5589 1858 5645 Et
1887 5591 2155 5661 quomodo

577 5677 845 5742 impletum
875 5688 954 5732 est
994 5681 1258 5734 somnium
1299 5680 1351 5734 in
1387 5692 1577 5747 matre,
1623 5699 1740 5752 qum
1771 5684 1877 5752 jam
1903 5695 2026 5739 ante
2056 5687 2151 5738 dc-

576 5772 749 5821 lnut'ta
786 5782 927 5831 erat,
956 5783 1003 5824 et
1047 5774 1207 5826 illium
1249 5791 1351 5828 non
1378 5774 1662 5829 adoravit?
1692 5778 1982 5847 Perpetuus
2010 5779 2150 5833 Scri-

573 5874 739 5933 ptura:
768 5883 882 5918 mna
908 5876 1024 5935 est,
1057 5884 1084 5920 ιι
1125 5868 1288 5939 magis
1315 5870 1588 5942 principali
1633 5882 1795 5928 totum
1827 5874 2138 5940 significare.

1362 414 1418 470 s.
1459 373 1738 475 tostvtvts
1762 417 2235 476 cunvsosrom
2278 417 2596 474 ARCIIIEI’.
2639 421 3170 480 CONSTAN'I‘INOI'.

3814 430 3904 485 563

2322 533 2584 598 Quoniam
2640 534 2814 604 igitur,
2859 533 3023 605 Caput
3050 538 3274 591 mulieris
3307 540 3381 591 vir
3403 557 3422 592 .·
3452 536 3616 593 Erunt
3641 541 3775 594 enim
3793 584 3806 604 ,
3834 543 3898 594 in-

2321 626 2454 696 quit,
2485 627 2588 680 duo
2616 628 2666 680 in
2691 644 2895 682 carnem
2924 646 3076 683 unam
3105 630 3182 700 (Ι.
3208 631 3328 685 Cor.
3358 633 3439 686 il.
3465 632 3534 696 3;
3562 631 3688 686 Gen.
3713 634 3768 688 2.
3789 633 3876 704 35)

2319 729 2441 770 cum
2489 718 2732 773 adoravit
2773 731 2968 788 caput,
3011 719 3349 776 manifestum
3380 733 3462 778 est
3507 738 3705 793 corpus
3751 736 3909 779 totum

2320 819 2478 875 caput
2505 819 2788 879 sequutum
2817 825 2957 866 esse.
2987 811 3044 866 Si
3070 814 3213 867 enim
3247 824 3398 885 pater
3429 815 3529 870 hoc
3569 814 3716 880 fecit,
3753 816 3912 870 multa

2325 899 2494 970 magis
2521 901 2606 955 illa
2628 942 2644 967 ,
2677 901 2777 956 nisi
2806 917 2872 958 ex
2899 901 2999 958 hac
3027 904 3130 958 vita
3165 916 3426 975 prasrepta
3458 905 3670 972 luisset,
3706 907 3810 962 hoc
3838 908 3911 962 le-

2317 987 2502 1044 cisset.
2552 990 2618 1045 ει
2655 991 2886 1046 adoravit
2905 1033 2918 1057 ,
2968 993 3178 1064 inquit,
3208 995 3278 1048 ad
3305 997 3567 1068 fastigium
3595 1000 3753 1069 uirgo
3784 1000 3908 1068 ejus.

2318 1077 2607 1148 Propterea
2633 1091 2686 1136 et
2717 1081 2914 1137 Paulus
2938 1084 3147 1140 dicebat
3181 1102 3194 1138 :
3226 1084 3356 1140 Fide
3372 1084 3535 1141 Iacob
3563 1089 3786 1142 moriens
3809 1092 3911 1143 siu-

2318 1171 2469 1238 gulos
2497 1171 2633 1240 ﬁlios
2658 1173 2852 1242 Ioseph
2881 1176 3167 1240 benedixit,
3197 1189 3247 1232 et
3286 1179 3515 1232 adorauit
3543 1179 3613 1232 ad
3651 1182 3909 1251 fastigium

2313 1262 2470 1331 uirgae
2513 1262 2652 1316 illius
2691 1263 2890 1331 (Hebr.
2918 1266 3003 1322 Η.
3026 1268 3087 1322 21
3109 1267 3154 1336 ).
3201 1268 3357 1324 Vides
3398 1285 3521 1324 cum
3552 1271 3690 1326 istud
3741 1272 3908 1340 ipsum

2317 1352 2420 1408 lide
2448 1364 2650 1408 motum
2681 1355 2893 1420 fecisse,
2925 1359 3336 1427 praeﬁdentem,
3372 1360 3500 1430 regii
3525 1362 3742 1430 generis
3768 1362 3907 1416 futu-

2314 1461 2429 1500 rum
2457 1461 2578 1502 esse
2613 1463 2735 1502 cum
2777 1449 2866 1518 qui
2898 1465 2963 1506 es
2998 1451 3204 1507 semine
3234 1452 3376 1506 illius
3408 1455 3712 1508 nasciturus
3755 1457 3907 1510 erat?

2318 1537 2498 1608 Itaque
2521 1554 2643 1594 cum
2673 1549 3021 1611 «lamentaque
3048 1542 3262 1597 volebat
3288 1543 3397 1598 lilio
3438 1543 3774 1612 imperasset,
3805 1562 3903 1598 non

2309 1630 2478 1684 multo
2509 1641 2625 1700 post
2664 1641 2720 1685 ιιι
2750 1631 2935 1687 didicit
2972 1631 3172 1703 Ieseph
3203 1644 3463 1702 aegrotare
3494 1643 3698 1702 patrem
3730 1649 3901 1696 suum,

2308 1730 2363 1776 et
2385 1719 2497 1790 jam
2536 1721 2588 1775 in
2619 1719 2826 1777 foribus
2862 1737 2982 1778 esse
3012 1735 3272 1789 mortem,
3299 1723 3420 1793 quia
3448 1723 3904 1793 appropinquante-

2308 1819 2424 1864 rant
2454 1809 2571 1866 dies
2601 1813 2791 1868 mortis
2817 1811 2962 1866 illius
2980 1855 2995 1878 ,
3032 1813 3083 1868 1.
3108 1812 3343 1880 Acceptis
3383 1813 3582 1867 duobus
3625 1815 3750 1882 [iliis
3778 1815 3900 1877 suis,

2307 1901 2436 1955 venit
2467 1903 2534 1954 ad
2554 1900 2742 1956 Iacob.
2771 1903 2828 1957 2.
2853 1905 3224 1958 Annuntiatum
3250 1913 3323 1959 est
3348 1913 3515 1957 autem
3535 1903 3631 1959 hoc
3647 1903 3836 1968 Iacob,
3857 1918 3903 1959 et

2304 1992 2659 2047 corroboratus
2689 1991 2861 2049 Israel
2889 1995 3019 2049 sedit
3045 2011 3200 2064 super
3228 1993 3412 2049 lectum
3440 1993 3590 2067 (Cap.
3613 1996 3739 2067 ιδ).
3777 1997 3902 2052 Vide

2304 2083 2579 2156 quomodo
2605 2099 2758 2144 amor
2785 2101 2912 2157 erga
2945 2086 3111 2140 tilium
3154 2101 3340 2142 senem
3371 2087 3652 2152 ﬁrmabat,
3693 2098 3752 2143 et
3791 2093 3873 2142 ala

2304 2177 2470 2232 critas
2501 2177 2744 2234 vincebat
2773 2177 3160 2234 inﬁrmitatem.
3198 2178 3390 2233 Audita
3417 2179 3560 2233 enim
3591 2180 3736 2234 illius
3765 2195 3899 2250 pm:-

2301 2267 2472 2322 scntia
2493 2308 2508 2334 ,
2541 2268 2734 2340 inquit,
2780 2269 2929 2326 Sedit
2956 2287 3110 2340 super
3138 2271 3342 2325 lectum.
3371 2269 3441 2326 Et
3469 2280 3527 2326 nt
3557 2271 3689 2327 vidit
3729 2273 3897 2335 illum,

2300 2365 2579 2430 paternam
2621 2359 2966 2416 dilectionem
2997 2361 3046 2417 ei
3073 2361 3298 2417 exhibet
3318 2403 3333 2426 ,
3374 2371 3432 2417 et
3457 2364 3579 2432 quia
3609 2365 3896 2418 tneritums

2298 2459 2451 2517 erat,
2499 2451 2873 2508 benedictione
2919 2468 3016 2508 sua
3063 2455 3240 2508 lirmat
3282 2452 3443 2520 titius,
3489 2453 3757 2510 maximas
3804 2456 3896 2511 has

2300 2539 2580 2597 facultates
2607 2545 2934 2616 relinquens,
2963 2552 3018 2600 et
3041 2543 3257 2600 divitias
3280 2560 3400 2615 qua:
3425 2545 3634 2600 absumi
3665 2560 3773 2602 non
3805 2562 3893 2616 po-

2300 2641 2495 2688 terant.
2529 2633 2598 2689 Ει
2629 2634 2748 2690 vide
2778 2637 3050 2706 quomodo
3078 2637 3281 2708 incipit.
3313 2636 3549 2692 Primum
3586 2650 3772 2694 narrat
3801 2641 3891 2696 hc-

2298 2726 2658 2782 uevolentiam
2690 2743 2812 2798 quae
2853 2729 2956 2784 sibi
2998 2745 3029 2784 a
3075 2730 3185 2784 Deo
3223 2743 3478 2785 concessa
3505 2739 3652 2795 erat,
3687 2742 3743 2786 et
3771 2743 3892 2789 tunc

2295 2813 2696 2873 benedictiones
2741 2818 2864 2874 (iliis
2907 2818 3177 2890 impertit,
3208 2827 3263 2876 et
3300 2819 3472 2874 dicit:
3499 2820 3552 2878 5.
3582 2818 3724 2876 Deus
3758 2839 3890 2877 metu

2293 2910 2532 2977 apparuit
2560 2905 2685 2964 milii
2723 2911 2776 2964 iu
2807 2910 2981 2978 Lusa,
3013 2913 3067 2966 in
3096 2921 3230 2966 terra
3255 2911 3500 2967 Chanaan
3525 2954 3538 2979 ,
3568 2923 3614 2969 et
3639 2913 3889 2969 bern-diuit

2291 2999 2435 3064 mihi,
2464 3011 2510 3055 et
2534 3002 2664 3056 dixit
2693 3003 2819 3058 mihi
2840 3019 2860 3058 :
2888 3005 2942 3059 4.
2972 3003 3084 3076 Ego
3113 3013 3160 3059 te
3189 3021 3410 3061 crescere
3437 3007 3626 3078 [ariam
3647 3048 3661 3072 ,
3689 3017 3737 3062 et
3762 3010 3888 3062 atul-

2291 3091 2530 3162 tiplicabo
2559 3104 2607 3148 te
2627 3137 2644 3161 ,
2669 3106 2716 3151 et
2741 3096 2930 3165 faciant
2959 3107 3008 3150 te
3031 3097 3083 3152 in
3113 3099 3530 3169 congregatim“
3553 3100 3778 3173 gentium
3797 3143 3810 3164 ,
3842 3112 3884 3153 ct

2289 3182 2422 3237 dabo
2449 3184 2538 3238 tibi
2567 3195 2754 3238 (errant
2781 3187 2912 3240 hanc
2932 3227 2947 3253 ,
2973 3196 3022 3242 et
3049 3187 3232 3243 semini
3257 3197 3343 3242 tuo
3373 3198 3489 3257 post
3512 3199 3581 3256 te,
3605 3190 3658 3243 in
3690 3207 3877 3260 posses-

2287 3273 2480 3330 sionem
2508 3286 2768 3331 (sternam.
2800 3277 3051 3333 Promisit
3076 3278 3227 3344 mihi,
3261 3278 3452 3348 inquit,
3481 3278 3641 3342 Dens,
3671 3283 3882 3344 quando

2287 3365 2344 3422 in
2373 3365 2512 3424 Luca
2553 3383 2583 3424 a
2625 3383 2711 3424 tne
2740 3370 2884 3424 visus
2910 3379 2994 3425 est
3018 3410 3031 3433 ,
3079 3378 3282 3425 tantum
3310 3385 3373 3426 se
3411 3371 3880 3443 multiplicaturmn

2285 3471 2472 3515 semen
2495 3476 2694 3528 meum,
2720 3471 2776 3516 ut
2795 3463 3236 3534 eongregationes
3255 3465 3492 3534 gentium
3514 3479 3579 3521 es
3599 3482 3668 3523 eo
3696 3466 3880 3522 lutum

2283 3549 2413 3616 sint,
2441 3561 2495 3605 et
2536 3561 2731 3611 terram
2771 3554 2900 3608 mihi
2932 3562 2986 3608 et
3012 3555 3205 3610 semini
3232 3570 3353 3611 meo
3387 3570 3449 3611 se
3475 3555 3726 3612 daturum
3758 3574 3878 3628 pra-

2284 3640 2449 3696 m'tsit.
2482 3642 2537 3697 5.
2565 3642 2724 3700 Nunc
2753 3645 2909 3716 igitur
2937 3644 3040 3699 duo
3064 3645 3144 3700 illi
3167 3646 3264 3715 ﬁlii
3282 3687 3297 3711 ,
3325 3647 3412 3715 φιὶ
3432 3649 3544 3705 uati
3570 3660 3690 3703 sunt
3716 3649 3806 3702 tibi
3829 3657 3876 3704 in

2282 3729 2544 3805 (Egypto,
2572 3736 2669 3789 mei
2693 3746 2812 3789 sunt
2837 3754 2852 3792 :
2882 3735 3133 3808 Ephroim
3160 3749 3211 3793 et
3239 3737 3526 3804 Ilauasses,
3551 3743 3681 3796 sicut
3708 3742 3875 3798 Ruben

2281 3833 2330 3876 et
2357 3825 2602 3897 Symeon,
2634 3838 2781 3882 erum
2805 3829 2920 3882 mei.
2951 3829 3081 3897 ﬂos,
3115 3830 3304 3902 inquit,
3333 3847 3468 3903 quos
3494 3831 3728 3891 habuisti
3757 3847 3877 3892 ante

2209 3938 2216 3944 -
2281 3917 2566 3975 adventum
2596 3938 2806 3990 meum,
2835 3938 2937 3993 ego
2981 3923 3033 3981 iu
3063 3938 3307 3980 meorum
3336 3923 3565 3982 ﬁliorum
3595 3942 3874 3984 numerum

2280 4009 2478 4080 adopto
2498 4052 2512 4076 ,
2539 4021 2594 4067 et
2617 4028 2800 4085 parem
2829 4015 2893 4070 iis
2917 4016 3008 4087 qui
3038 4031 3104 4072 ex
3134 4031 3222 4073 mc
3248 4017 3357 4072 nati
3390 4029 3515 4073 sunt
3537 4035 3569 4074 a
3599 4036 3688 4077 me
3714 4023 3873 4078 bene-

2279 4099 2568 4159 dictionem
2594 4105 2878 4176 accipient.
2921 4109 2973 4162 6.
3008 4107 3362 4179 Quoscumque
3385 4119 3553 4165 autem
3583 4123 3759 4181 postea
3787 4129 3871 4184 9c-

2276 4195 2480 4260 nueris,
2507 4195 2546 4249 ii
2574 4197 2648 4250 tui
2671 4208 2858 4264 erunt;
2907 4198 2961 4254 in
2990 4200 3192 4256 nomine
3220 4204 3442 4272 [rutrum
3481 4217 3692 4258 suorum
3733 4222 3865 4258 rom.

2275 4283 2460 4340 buntur
2501 4287 2554 4340 in
2598 4288 2804 4342 illorum
2847 4290 3086 4345 sortibus.
3131 4291 3186 4346 7.
3229 4291 3378 4346 Scias
3417 4302 3623 4360 utens,
3663 4296 3801 4365 quod
3824 4307 3869 4350 et

2275 4387 2436 4430 mater
2471 4387 2559 4431 tua
2587 4378 2818 4445 Rachel,
2862 4383 3066 4449 quando
3111 4383 3639 4454 appmpiuquoserarn
3663 4384 3867 4442 Bethle-

2275 4467 2422 4535 Iiem,
2465 4480 2664 4523 mortua
2694 4480 2800 4537 est,
2844 4482 2891 4526 et
2927 4473 3098 4544 defodi
3137 4490 3249 4527 eam
3295 4473 3350 4528 in
3393 4476 3474 4528 ria
3506 4473 3863 4547 Hippodromi.

2274 4562 2328 4616 8.
2361 4561 2427 4615 Et
2456 4563 2626 4618 videns
2653 4565 2778 4618 duos
2818 4566 2954 4632 ﬁlios
2987 4564 3220 4636 Ioseph,
3261 4567 3392 4620 dixit
3422 4582 3441 4621 :
3475 4566 3577 4632 Qui
3613 4580 3732 4623 sunt
3773 4571 3865 4623 lii?

2272 4652 2325 4707 9.
2355 4652 2452 4708 Ille
2475 4667 2641 4711 autem
2668 4672 2686 4710 :
2711 4655 2835 4712 Filii
2863 4658 2980 4726 mei,
3008 4675 3133 4728 quos
3153 4659 3291 4712 dedit
3318 4659 3442 4712 mihi
3463 4657 3620 4715 Deus.
3653 4658 3720 4714 Et
3740 4663 3862 4714 dixit

2271 4745 2433 4800 Iacob
2459 4763 2477 4800 :
2501 4749 2678 4802 Adduc
2715 4749 2839 4802 milii
2865 4767 2948 4803 eos
2967 4791 2983 4816 ,
3014 4760 3069 4805 ut
3103 4751 3394 4805 benedicam
3424 4768 3527 4805 eos.
3562 4754 3647 4807 ιο.
3684 4753 3746 4806 Et
3775 4771 3861 4819 ap-

2273 4839 2613 4908 propinquare
2638 4857 2720 4893 cos
2747 4842 2822 4895 illi
2846 4843 2983 4911 fecit.
3013 4841 3079 4898 Et
3103 4844 3360 4898 osculatus
3383 4853 3454 4896 est
3476 4860 3577 4906 eos,
3607 4854 3655 4896 et
3675 4847 3859 4913 amplc-

2269 4941 2423 4985 xatus
2451 4943 2523 4984 cst
2551 4949 2655 4986 eos.
2685 4933 2836 4998 Vide,
2865 4935 3112 5000 obsecro,
3139 4947 3322 4988 senem
3351 4936 3622 5002 quomodo
3654 4937 3859 4992 festinat

2270 5034 2326 5076 ct
2356 5034 2506 5091 urget
2535 5033 2591 5076 ut
2634 5025 2912 5080 benedicat
2945 5027 3083 5081 filios
3113 5026 3334 5094 Ioseph.
3367 5027 3432 5080 Et
3456 5030 3860 5100 appmpinqttare

2268 5131 2351 5166 eos
2378 5116 2495 5184 fecit
2526 5116 2623 5178 illi,
2657 5116 2845 5182 inquit.
2877 5116 2942 5169 Et
2966 5120 3224 5172 osculatus
3247 5129 3318 5172 est
3345 5137 3450 5182 eos,
3473 5131 3518 5172 et
3545 5123 3856 5189 amplexatus

2266 5216 2339 5258 est
2363 5223 2468 5273 eos,
2501 5209 2584 5261 ll.
2610 5219 2654 5262 et
2686 5210 2816 5262 dixit
2841 5210 2909 5261 ad
2932 5209 3127 5279 Ioseph
3152 5227 3171 5264 .'
3197 5210 3326 5266 Ecce
3353 5214 3484 5281 facie
3509 5227 3599 5265 tua
3625 5231 3726 5267 ιιωι
3751 5231 3853 5269 sum

2267 5301 2528 5366 privatus,
2571 5310 2616 5354 et
2659 5318 2774 5355 ecce
2817 5304 3110 5356 monstrauit
3150 5304 3272 5356 milii
3312 5301 3455 5358 Deus
3490 5321 3658 5359 semen
3695 5316 3849 5360 tuum.

2265 5393 2449 5462 Magna
2481 5393 2633 5459 mihi,
2669 5394 2857 5464 inquit,
2887 5396 3134 5463 prmstitit
3166 5395 3256 5449 Dei
3295 5395 3605 5462 clementia,
3629 5407 3686 5451 et
3710 5399 3848 5468 plura

2263 5501 2422 5555 quam
2465 5489 2808 5556 exspecmvi;
2854 5489 2960 5542 imo
2991 5497 3045 5542 et
3077 5505 3194 5558 qute
3223 5504 3509 5559 numquam
3531 5489 3846 5560 exspectati.

2263 5575 2377 5631 Non
2400 5578 2544 5632 cnim
2571 5577 2745 5631 solum
2771 5596 2874 5633 non
2903 5595 3017 5633 sum
3047 5580 3285 5649 privatus
3313 5582 3446 5635 laric
3473 5592 3584 5644 tua,
3611 5581 3704 5637 sed
3729 5598 3846 5636 em

2261 5671 2419 5723 etiam
2449 5669 2554 5723 vidi
2584 5684 2676 5722 eos
2704 5672 2792 5740 qui
2824 5687 2884 5725 ex
2927 5683 2976 5725 te
3007 5673 3112 5726 nati
3153 5684 3298 5725 sunt.
3336 5673 3418 5724 1‘3.
3450 5669 3515 5726 Et
3566 5675 3737 5728 eduxit
3767 5690 3844 5726 eos

2259 5762 2450 5830 Ioseph
2497 5780 2526 5814 α
2571 5764 2777 5830 genibus
2805 5805 2817 5827 ,
2865 5774 2910 5816 et
2939 5764 3272 5816 adorareruut
3317 5781 3428 5816 cum
3457 5781 3609 5832 super
3653 5766 3840 5834 faciem,

2261 5872 2410 5924 super
2440 5865 2642 5911 terram.
2679 5857 2807 5912 Vide
2835 5857 3104 5930 quomodo
3132 5868 3184 5915 et
3215 5874 3409 5929 pueros
3450 5859 3630 5916 statim
3658 5859 3724 5915 ab
3753 5854 3840 5914 ini-
