4134 6474
331 400 435 457 509

331 515 409 568 tio
433 510 673 567 debitum
697 510 812 564 seni
841 510 1096 564 honorem
1126 506 1349 563 reddere
1376 508 1576 562 docuit.
1611 507 1673 561 Et
1698 504 1921 576 Jusepb,

335 604 507 672 inquit
528 642 545 669 ,
573 602 868 657 secundum
895 600 1205 669 dignitatem
1247 598 1679 671 primogeniturat:
1707 596 1929 652 adduxit

332 693 634 759 Manassen,
679 703 733 747 et
774 703 901 746 tunc
938 690 1211 759 Ephraim.

404 788 456 842 3.
480 786 641 841 Iacob
667 775 825 839 oculis
854 787 1030 838 mentis
1056 784 1273 838 videbat.
1291 814 1359 823 --
1383 783 1514 838 Vide
1548 783 1634 837 hic
1657 781 1927 853 quomodo

333 875 503 947 justus
526 876 769 944 corporis
813 875 999 930 oculos
1042 891 1150 943 pra:
1187 884 1463 929 senectute
1505 891 1645 927 nunc
1684 874 1928 928 infirmus

335 969 572 1032 haberet,
601 968 714 1035 (l0.
742 964 947 1020 Cravati
976 967 1109 1019 enim
1137 976 1278 1019 erant
1322 965 1455 1018 oculi
1491 966 1601 1035 ejus
1630 981 1737 1036 prta
1763 966 1925 1029 senio,

330 1070 377 1115 et
403 1076 501 1113 non
529 1069 723 1127 poterat
752 1057 964 1129 sidere),
997 1057 1197 1111 valeret
1221 1065 1400 1110 autem
1428 1056 1598 1110 oculis
1628 1056 1844 1122 mentis,
1873 1065 1929 1111 et

336 1149 440 1204 [ide
467 1148 783 1218 praevideret
824 1150 1015 1203 futura.
1054 1146 1245 1218 Neque
1277 1148 1419 1202 enim
1460 1147 1580 1201 tulit
1602 1146 1801 1216 .luseph
1832 1162 1925 1202 or-

334 1237 537 1313 dinent,
580 1238 671 1294 sed
713 1240 928 1294 mutatis
952 1239 1194 1293 manibus
1234 1238 1578 1299 benedicens.
1611 1238 1925 1308 dignitatem

326 1329 523 1399 juniori
567 1332 829 1396 contulit,
881 1329 1172 1400 pra-ferens
1234 1329 1459 1384 Manassi
1508 1329 1765 1400 Ephraim
1813 1347 1826 1383 :
1870 1339 1928 1386 et

333 1419 466 1475 dixit
499 1436 512 1473 :
544 1422 636 1478 l5.
663 1420 797 1475 Deus
820 1463 835 1487 ,
865 1422 946 1475 cui
988 1423 1107 1476 bene
1150 1424 1445 1491 placuerunt
1476 1433 1644 1491 patres
1678 1423 1792 1477 mei.
1826 1424 1925 1477 Αι-

335 1509 494 1565 tende
540 1510 852 1564 modestiam
898 1510 1095 1575 Jacob,
1138 1511 1259 1567 vide
1308 1515 1541 1566 animam
1592 1514 1920 1584 religiosam.

331 1598 445 1655 Non
469 1600 698 1656 audebat
723 1601 923 1665 dicere.
954 1602 1093 1657 Deus
1119 1604 1206 1658 cui
1232 1605 1367 1659 bene
1394 1606 1564 1673 placui
1597 1623 1612 1663 :
1639 1606 1732 1661 sed
1757 1607 1925 1678 quid?

331 1691 427 1747 Cui
450 1691 574 1745 bene
607 1691 905 1761 placuerunt
946 1706 1115 1764 patres
1149 1694 1267 1749 mei.
1304 1684 1492 1751 Vidisti
1530 1698 1763 1751 animam
1804 1714 1925 1767 gra-

329 1782 483 1837 tam?
515 1784 723 1838 tametsi
758 1783 911 1853 paulo
952 1794 1106 1839 antea
1152 1801 1375 1842 narrans
1408 1787 1621 1844 dicebat
1647 1808 1660 1846 :
1689 1788 1755 1843 In
1782 1791 1923 1845 Lusa

326 1873 567 1942 apparuit
608 1873 751 1936 nti/ti,
788 1882 833 1929 et
864 1876 1093 1943 promisit
1127 1876 1367 1931 daturum
1403 1894 1457 1933 se
1496 1881 1618 1933 mihi
1657 1892 1703 1935 et
1742 1882 1924 1935 semini

328 1980 439 2019 meo
480 1981 676 2021 omnem
720 1976 938 2032 terram,
986 1977 1033 2021 et
1072 1968 1127 2021 in
1167 1973 1576 2041 congregationes
1606 1974 1828 2044 gentium
1870 1991 1923 2029 se

325 2056 588 2124 [acturum
613 2071 778 2108 semen
803 2072 988 2111 meum.
1034 2056 1100 2112 Et
1144 2068 1252 2115 tam
1291 2061 1563 2117 evidentia
1594 2064 1797 2120 habens
1837 2066 1921 2119 itt-

325 2142 464 2197 dicia
510 2144 705 2199 divinae
754 2160 877 2215 erga
934 2162 992 2203 se
1037 2149 1462 2216 benevolenti-.12,
1507 2154 1683 2210 adhuc
1742 2166 1920 2212 tamen

326 2232 659 2289 humiliatam
693 2236 875 2291 habuit
920 2249 1189 2304 mentem,
1220 2250 1275 2295 et
1310 2243 1483 2298 dicit:
1510 2244 1652 2300 Deus
1682 2249 1764 2301 cui
1800 2251 1923 2305 bene

327 2326 627 2398 placuerunt
665 2340 833 2399 patres
858 2332 953 2386 mei
982 2350 1153 2388 coram
1195 2336 1327 2404 ipso,
1370 2337 1627 2392 Abraham
1664 2350 1713 2394 et
1746 2339 1916 2395 Isaac.

327 2415 530 2472 Deinde
558 2417 749 2473 iterum
776 2436 790 2472 :
819 2421 922 2488 Qui
949 2425 1110 2493 pascit
1132 2442 1209 2479 me
1234 2443 1265 2479 a
1283 2429 1547 2495 iuventute
1570 2447 1698 2484 mea.
1724 2433 1921 2503 Accipe

324 2515 376 2559 ct
409 2522 472 2560 ex
511 2506 610 2561 hoc
645 2509 1146 2583 gratissimnmejns
1166 2517 1426 2572 animum.
1470 2518 1585 2573 Non
1630 2521 1761 2576 dicit
1799 2538 1922 2591 pro-

325 2596 493 2663 priam
519 2598 789 2665 virtutem,
820 2602 915 2656 scd
936 2618 996 2657 ca
1038 2621 1157 2673 qua:
1184 2606 1291 2661 sibi
1323 2623 1351 2661 a
1378 2608 1488 2663 Deo
1514 2609 1727 2665 fuerunt
1758 2612 1916 2669 facta.

326 2686 426 2754 Qui
453 2690 618 2757 pascit
656 2708 735 2745 me
771 2709 802 2744 α
836 2694 1101 2761 juvmtute
1148 2713 1258 2753 mea
1301 2716 1459 2769 usque
1495 2702 1547 2754 in
1586 2702 1718 2756 diem
1762 2703 1916 2761 lianc.

322 2776 441 2846 Ipse
469 2779 633 2844 enim,
665 2781 853 2852 inquit,
884 2794 967 2839 est
993 2787 1083 2855 qui
1115 2786 1182 2841 ab
1211 2788 1365 2841 initio
1392 2807 1560 2860 usque
1586 2792 1651 2847 ad
1680 2808 1920 2863 prtesens

322 2883 412 2923 res
442 2886 587 2925 meas
616 2871 976 2942 dispensavit,
1008 2886 1062 2931 et
1093 2878 1399 2935 moderatus
1424 2890 1525 2936 est.
1574 2883 1651 2938 ita
1688 2892 1741 2938 et
1772 2885 1919 2953 prius

319 2956 532 3014 diccbat
573 2978 587 3014 :
624 2960 691 3016 In
722 2965 863 3035 virga
903 2968 1037 3019 enim
1068 2984 1179 3022 mea
1220 2969 1315 3023 Itac
1357 2974 1563 3026 transivi
1587 2973 1869 3030 Jordanem
1896 2992 1916 3030 .'

317 3059 364 3103 et
392 3066 503 3104 ecce
526 3068 662 3106 nunc
688 3056 856 3123 factus
901 3073 1013 3110 sum
1054 3059 1108 3112 in
1148 3058 1249 3114 duo
1288 3070 1456 3115 castra
1484 3062 1636 3133 (Gen.
1668 3065 1763 3123 52.
1793 3067 1913 3137 10).

320 3141 384 3197 Et
428 3158 567 3198 nunc
612 3146 802 3199 iterum
848 3147 973 3203 aliis
995 3150 1173 3204 verbis
1202 3151 1326 3207 dicit
1362 3170 1378 3211 :
1417 3154 1519 3221 Qui
1562 3157 1724 3224 pascit
1765 3174 1844 3211 me
1883 3174 1917 3211 a

311 3234 575 3304 iuventute
595 3253 704 3291 mea
730 3254 885 3308 usque
911 3239 961 3292 in
986 3241 1116 3294 diem
1144 3243 1296 3308 hunc,
1329 3245 1415 3299 16.
1438 3247 1652 3317 angelus
1677 3249 1764 3320 qui
1791 3249 1916 3304 libc~

315 3326 444 3379 rapit
480 3344 557 3379 me
581 3328 645 3381 de
685 3329 916 3384 onmibus
958 3332 1125 3386 malis.
1171 3332 1349 3389 Graue
1376 3337 1565 3392 anima:
1597 3354 1661 3394 ac
1690 3342 1788 3411 piae
1814 3383 1828 3405 ,
1859 3352 1914 3398 ct

316 3416 453 3474 bene
491 3422 743 3475 memoris
772 3422 1147 3478 beneﬁciorum
1180 3426 1292 3491 Dci,
1324 3430 1509 3483 verba.
1560 3432 1689 3501 Ille,
1720 3434 1913 3505 inquit,

314 3509 397 3563 cui
440 3520 617 3579 patres
648 3516 751 3567 mei
782 3512 919 3569 bene
950 3515 1277 3583 placuerunt,
1326 3521 1413 3589 qui
1444 3538 1529 3575 me
1566 3538 1598 3577 a
1634 3524 1911 3595 iuventute

313 3616 431 3656 mea
462 3617 628 3672 usque
667 3605 719 3661 in
763 3618 1081 3676 prmsentem
1112 3609 1253 3665 diem
1299 3614 1543 3671 educavit
1565 3658 1584 3682 ,
1611 3619 1703 3688 qui
1732 3636 1817 3674 me
1841 3622 1913 3677 ab

314 3690 464 3746 initio
485 3692 551 3746 ab
576 3694 824 3749 omnibus
852 3697 1004 3750 malis
1036 3699 1294 3763 liberavit,
1326 3704 1415 3772 qui
1442 3715 1640 3760 tantam
1671 3724 1793 3779 erga
1822 3726 1909 3767 mc

310 3782 598 3838 declaravit
639 3787 1051 3855 providentiam,
1101 3792 1212 3861 ipse
1238 3793 1509 3852 Beuedicet
1547 3800 1639 3853 nos
1678 3819 1860 3871 pueros
1889 3821 1908 3859 :

310 3882 359 3928 et
396 3875 704 3928 inrorabitur
733 3876 785 3930 in
815 3880 885 3932 eis
929 3898 1125 3936 nomeu-
1151 3901 1315 3939 meum
1337 3928 1351 3952 ,
1394 3898 1440 3941 et
1479 3906 1660 3946 nomen
1705 3905 1907 3962 patruus

310 3981 559 4034 meorum,
599 3969 853 4025 Abraham
879 3984 924 4027 et
958 3973 1129 4041 Isaac,
1175 3986 1221 4031 et
1262 3981 1662 4050 multiplicantur
1687 3986 1737 4039 in
1769 3988 1904 4043 ntul-

310 4058 572 4113 titudinem
602 4079 837 4133 magnam
868 4082 1019 4136 super
1048 4080 1249 4123 (errant.
1276 4072 1459 4127 Vidisti
1486 4076 1643 4131 simul
1672 4089 1723 4132 ct
1752 4080 1907 4136 intel-

312 4145 618 4217 ligentiam,
665 4163 720 4208 et
779 4159 1146 4214 modestiam?
1195 4163 1601 4234 Intelligentiam
1650 4172 1899 4239 quidem,

307 4238 430 4305 quia
454 4238 575 4295 lidci
598 4245 768 4298 oeulis
789 4249 1087 4314 prmvidens
1109 4252 1361 4319 Ephntiut
1388 4260 1617 4327 pravtulit
1639 4238 1863 4317 Manassi
1886 4283 1901 4319 ε

310 4331 625 4388 modestiam
642 4352 788 4401 vero,
804 4341 925 4407 quia
950 4357 1206 4411 nusquam
1222 4361 1331 4401 sua:
1347 4350 1555 4405 virtutis
1573 4355 1900 4411 mentionem

311 4423 466 4491 fecit;
497 4428 591 4483 sed
619 4446 686 4483 ex
716 4431 940 4499 probata
973 4448 1179 4502 patrum
1209 4440 1335 4505 vita,
1369 4452 1424 4496 et
1448 4459 1515 4497 ex
1549 4446 1819 4502 beneﬁciis
1848 4452 1897 4504 in

308 4528 365 4570 se
394 4518 603 4571 collatis
634 4520 746 4587 ipse
794 4538 977 4591 preces
1023 4526 1175 4595 ludit,
1222 4540 1275 4584 et
1306 4532 1512 4587 benedit
1534 4538 1731 4593 tionem
1778 4540 1900 4597 libis

306 4620 555 4675 precatus
581 4620 681 4665 est.
718 4612 914 4668 Verum
936 4616 1102 4672 Jacoh
1126 4622 1340 4691 quidem
1372 4627 1671 4693 prguvidens
1699 4629 1896 4698 futura,

306 4695 375 4752 ita
410 4699 513 4753 illis
544 4701 815 4759 benedixit
858 4723 869 4759 :
909 4708 993 4761 l7.
1029 4709 1223 4781 Joseplt
1270 4730 1385 4769 vero
1428 4719 1602 4773 videns
1636 4695 1899 4791 juniorem

305 4792 574 4859 prclatum
598 4797 802 4861 seniori,
835 4816 987 4871 grave
1012 4812 1058 4857 et
1082 4806 1345 4876 indignum
1372 4827 1480 4863 esse
1508 4824 1713 4880 putans,
1743 4818 1898 4872 dicit:

307 4882 393 4938 18.
428 4884 523 4938 llic
545 4897 619 4941 est
658 4891 1063 4963 primogenitus;
1102 4914 1233 4966 pone
1267 4899 1527 4955 dexteram
1570 4915 1707 4958 tuam
1747 4926 1899 4978 super

301 4986 454 5043 caput
480 4978 604 5046 ejus.
636 4980 721 5033 19.
751 4982 815 5035 Et
840 4986 1000 5039 noluit
1020 5030 1034 5052 ,
1061 4989 1152 5042 sed
1171 4990 1299 5044 dixit
1323 5009 1341 5045 .'
1366 4994 1516 5058 Scio,
1541 4998 1650 5065 ﬁli,
1678 5001 1801 5056 scio.
1834 5002 1898 5055 Et

302 5066 384 5119 hic
408 5068 501 5121 erit
525 5070 575 5122 in
604 5074 875 5140 populum,
907 5088 953 5131 et
980 5080 1061 5133 Itic
1088 5084 1392 5140 exaltabitur
1410 5106 1428 5151 ;
1470 5090 1560 5143 sed
1594 5094 1755 5160 frater
1787 5097 1897 5160 ejus

293 5157 471 5225 junior
494 5161 659 5229 major
678 5179 736 5217 eo
766 5167 879 5229 erit,
909 5179 955 5221 et
977 5188 1144 5226 semen
1171 5176 1280 5245 ejus
1311 5190 1403 5231 ertt
1436 5180 1485 5233 in
1515 5182 1894 5240 multitudinem

299 5250 542 5316 gentimn.
586 5252 662 5307 Ne
696 5266 847 5323 putes
878 5276 995 5325 me,
1032 5262 1234 5332 inquit,
1274 5282 1400 5322 casu
1442 5286 1504 5325 ac
1544 5273 1761 5330 fortuito
1795 5279 1896 5336 hoc

301 5336 511 5405 fecisse,
542 5344 623 5397 vel
654 5360 745 5413 per
776 5347 1148 5417 ignorantiam.
1181 5356 1305 5413 Scio
1327 5361 1490 5426 enim,
1517 5375 1570 5418 et
1598 5369 1894 5435 pravidens

297 5430 471 5487 futura
496 5478 512 5499 ,
541 5435 610 5491 ita
642 5440 688 5493 ci
720 5441 1148 5503 benedictionem
1179 5450 1321 5505 dedi.
1367 5454 1494 5510 Nam
1540 5430 1663 5515 licet
1704 5474 1895 5520 natura

298 5527 580 5596 primatum
614 5534 803 5589 habeat
836 5537 1139 5606 Manasses,
1170 5544 1263 5597 sed
1296 5544 1503 5603 Iuvenis
1531 5552 1617 5607 ille
1646 5558 1809 5627 major
1836 5576 1893 5612 eo

295 5618 414 5683 erit,
441 5630 485 5672 et
509 5638 676 5677 semen
700 5626 809 5695 ejus
836 5628 889 5681 in
912 5632 1286 5689 multitudinem
1308 5642 1550 5707 gentium.
1579 5644 1689 5701 Hoc
1714 5618 1890 5705 autem

297 5720 464 5765 totum
498 5713 689 5769 factum
722 5731 823 5787 est,
855 5725 977 5792 quia
1010 5725 1132 5782 hinc
1163 5745 1383 5800 regnum
1412 5734 1889 5800 demonstrabatur

293 5806 643 5864 esoriturum.
695 5811 980 5887 Propterea
1034 5822 1328 5893 [indicens
1381 5825 1593 5899 futura,
1641 5833 1721 5891 sic
1763 5852 1886 5895 eum

1361 392 1426 449 ΙΝ
1468 393 1619 448 CAP.
1654 391 1862 448 XLVIII
1927 390 2173 447 GENES.
2219 388 2446 448 HOMIL.
2490 391 2675 447 LXVI.

3541 391 3649 450 570

2038 503 2325 561 benedicit.
2355 506 2446 560 20.
2478 506 2541 559 Et
2566 504 2825 560 benedixit
2846 522 2949 571 sos,
2979 506 3151 559 ciceris
3175 522 3193 559 :
3221 501 3285 558 In
3314 505 3451 558 vobis
3486 506 3636 560 bene-

2036 592 2204 651 dicent
2226 594 2413 661 Israel,
2458 597 2681 651 dicentes
2707 612 2727 651 :
2757 596 2934 651 Faciat
2959 606 3006 651 te
3049 595 3185 650 Deus
3228 598 3357 650 sicut
3394 595 3646 667 Epitruim

2032 695 2082 739 et
2123 685 2383 743 ﬂuitasse.
2426 686 2496 741 Et
2538 689 2706 759 posuit
2754 687 3006 758 Epltroim
3044 698 3164 743 ante
3208 687 3503 743 Manassen.
3544 689 3653 757 Ita,

2038 776 2229 847 inquit,
2263 780 2423 833 ambo
2451 789 2612 834 erunt
2637 780 2859 850 gloriosi
2882 820 2898 844 ,
2930 790 2986 834 ut
3013 795 3203 834 omnes
3234 781 3288 834 in
3317 780 3517 850 optatis
3546 778 3645 836 ha-

2033 870 2192 924 beant
2223 870 2291 925 ad
2316 873 2560 927 eamdem
2588 888 2709 927 cum
2752 873 2860 927 illis
2886 874 3111 944 gloriam
3144 874 3427 947 pervenire
3457 890 3469 927 :
3501 884 3645 927 atta-

2033 975 2157 1016 men
2204 961 2354 1033 prior
2400 965 2503 1018 erit
2548 964 2803 1034 Ephra‘im
2849 965 3114 1019 blanasse.
3167 964 3329 1019 Vides
3372 963 3647 1034 quonme

2032 1052 2202 1121 gratia
2250 1052 2345 1108 Dei
2398 1055 2843 1122 pnutnonstrabat
2873 1055 2921 1110 ei
2974 1055 3185 1119 futura,
3233 1070 3297 1109 ac
3328 1054 3647 1126 protahctieo

2033 1139 2248 1195 amatus
2270 1142 2460 1210 spiritu
2494 1143 2615 1199 (iliis
2644 1144 2845 1216 .loscph
2878 1144 3233 1211 benedixcrit,
3266 1155 3321 1199 ct
3350 1145 3493 1215 quod
3522 1154 3642 1200 tau-

2034 1233 2101 1287 tis
2130 1235 2458 1303 temporibus
2478 1235 2683 1302 aberat,
2716 1246 2984 1307 tamquam
3011 1254 3248 1307 prxsons
3275 1248 3330 1293 et
3353 1251 3477 1294 ante
3507 1254 3644 1296 ocu-

2034 1322 2113 1377 los
2137 1324 2296 1379 situm
2325 1325 2560 1380 viderit?
2584 1326 2692 1381 lloc
2712 1328 3033 1383 enimmodo
3058 1345 3117 1383 se
3148 1329 3307 1385 habet
3336 1330 3640 1401 prophetia.

2111 1412 2261 1468 Oculi
2284 1415 2404 1485 ﬁdei
2430 1418 2827 1487 perspicaciores
2849 1420 3123 1491 corporeis.
3150 1420 3367 1475 Momlis
3387 1422 3641 1495 epilogus.

2030 1534 2104 1545 --
2126 1505 2257 1561 Nam
2290 1507 2427 1562 sicut
2464 1509 2606 1563 oculi
2650 1512 2960 1582 corporales
2990 1512 3121 1567 nihil
3151 1512 3379 1583 amplius
3411 1524 3636 1583 praeter-

2032 1611 2189 1666 quam
2219 1597 2446 1653 visibilia
2484 1609 2729 1670 spectare
2758 1612 3002 1672 possunt,
3032 1604 3101 1658 ita
3132 1613 3186 1658 et
3214 1604 3354 1659 oculi
3380 1604 3499 1659 fidei
3531 1622 3637 1661 non

2031 1706 2151 1759 qua:
2176 1691 2423 1746 videntur
2439 1695 2823 1764 spectant,,sod
2854 1696 2937 1752 illa
2956 1696 3159 1757 vident,
3184 1712 3303 1766 qua:
3329 1698 3496 1751 nmlto
3522 1708 3641 1767 post

2032 1778 2206 1835 futura
2233 1792 2378 1836 sunt.
2416 1784 2478 1837 Et
2511 1783 2614 1838 huc
2638 1782 2973 1842 manifeStins
3002 1788 3185 1843 scietis
3211 1804 3274 1842 ex
3310 1789 3647 1844 benedictiu-t

2032 1873 2210 1937 nibus,
2234 1890 2367 1945 quas
2389 1876 2500 1930 suis
2526 1876 2647 1932 ﬁliis
2668 1878 2779 1933 dat.
2809 1879 3077 1937 Caeterum
3102 1897 3168 1935 ne
3191 1882 3409 1951 latagum
3436 1897 3643 1937 sermo—

2030 1980 2154 2019 nem
2185 1964 2443 2022 l‘aciamus
2466 2010 2484 2035 ,
2510 1969 2788 2039 multoque
2814 1985 2910 2025 vos
2934 1986 3225 2029 oneremus
3258 1974 3479 2039 labore,
3510 1988 3641 2030 eon-

2031 2062 2162 2113 tenti
2204 2060 2401 2127 dictis,
2437 2062 2487 2115 iu
2532 2072 2846 2133 sequentem
2894 2079 3198 2120 sermonem
3242 2067 3643 2121 rosam-abimus

2031 2151 2261 2205 liliorum
2295 2152 2412 2219 ejus
2443 2154 2892 2210 benedictionem.
2945 2154 3093 2213 illud.
3116 2167 3292 2211 tamen
3320 2158 3650 2215 obsecrave-

2029 2243 2129 2297 rim
2158 2254 2388 2299 vestram
2417 2246 2727 2313 caritatem,
2758 2258 2814 2300 ut
2840 2247 3119 2306 imitemini
3147 2250 3350 2319 justum
3383 2253 3553 2315 hunc,
3585 2261 3642 2308 et

2031 2335 2164 2389 tales
2190 2335 2518 2392 hereditates
2548 2338 2669 2391 liliis
2691 2338 2884 2393 vestris
2906 2339 3225 2410 relinquatis
3246 2382 3261 2405 ,
3290 2357 3409 2411 quae
3436 2357 3465 2396 a
3495 2343 3643 2397 nullo

2028 2442 2281 2497 umquam
2303 2428 2559 2483 damnum
2577 2430 2824 2497 accipere
2841 2433 3069 2501 possint.
3095 2433 3300 2487 Divitiae
3318 2434 3460 2490 cuitu
3484 2444 3630 2504 Sarro

2026 2517 2189 2572 etiam
2214 2519 2601 2590 accipientibus
2625 2520 2917 2589 perniciem
2943 2535 3290 2593 pepererunt,
3316 2538 3362 2580 et
3393 2525 3611 2581 insidias

2025 2615 2083 2661 et
2111 2608 2277 2662 multa
2311 2610 2543 2678 pericula
2582 2627 2594 2663 :
2627 2609 2712 2666 bic
2743 2620 2923 2668 autem
2945 2612 3077 2667 nihil
3114 2614 3219 2669 tale
3242 2616 3500 2685 suspicari
3539 2632 3641 2686 pu-

2027 2700 2155 2755 teris
2196 2717 2468 2771 umquam.
2524 2702 2834 2760 Thesautus
2871 2705 3016 2761 enim
3056 2715 3181 2775 est,
3216 2708 3306 2778 qui
3347 2725 3634 2781 numquat.

2024 2795 2317 2876 exhauriri,
2348 2812 2640 2867 numquam
2670 2807 2847 2868 potest
2874 2802 3153 2861 consumi:
3189 2803 3506 2870 thesaurus,
3539 2807 3631 2876 qui

2023 2902 2130 2942 non
2161 2873 2437 2943 hominum
2460 2890 2622 2959 dolis,
2651 2906 2753 2948 nec
2776 2892 3047 2950 latronum
3073 2894 3301 2962 insidiis,
3328 2911 3433 2950 non
3465 2896 3639 2953 fautu-

2024 2977 2203 3032 lorum
2232 2981 2455 3048 malitia,
2482 2997 2587 3037 non
2616 2982 2723 3039 alio
2750 2984 3001 3055 quopiam
3030 2984 3276 3040 imminui
3308 2997 3513 3057 p0l0>l,
3540 2992 3633 3044 sed

2023 3080 2283 3141 perpetuo
2315 3083 2498 3128 manet
2531 3092 2544 3127 :
2574 3075 2868 3144 spiritualis
2907 3078 3052 3131 enim
3085 3087 3166 3132 est
3193 3120 3207 3141 ,
3242 3078 3490 3137 humanis
3527 3098 3639 3139 non

2020 3160 2219 3215 cedens
2259 3161 2467 3217 insidiis
2492 3203 2508 3227 ,
2540 3163 2636 3219 sed
2678 3180 2804 3219 cum
2835 3165 2899 3218 iis
2924 3164 3018 3234 qui
3056 3165 3210 3220 illum
3236 3170 3510 3237 accipiunt
3531 3212 3547 3235 ,
3579 3182 3635 3228 et

2019 3249 2185 3305 sobrii
2214 3266 2335 3306 esse
2377 3252 2560 3307 volunt
2604 3267 2667 3311 ac
2708 3254 3039 3324 prudentes,
3084 3254 3137 3310 in
3189 3255 3419 3312 futuram
3467 3261 3635 3319 vitam

2019 3341 2288 3411 migrabit,
2323 3352 2376 3398 et
2400 3346 2479 3400 eis
2507 3353 2707 3401 acterna
2738 3347 3062 3418 praeparabit
3083 3352 3454 3408 tabernacula.

2090 3434 2143 3488 4.
2184 3433 2262 3490 Ne
2301 3437 2461 3505 igitur
2498 3450 2716 3507 operam
2760 3447 3003 3496 nostram
3040 3444 3092 3496 in
3132 3442 3466 3513 colligendas
3496 3460 3631 3518 opus

2016 3526 2345 3582 collocemus
2369 3570 2385 3595 ,
2417 3544 2552 3598 quas
2595 3530 2964 3602 relinquamus
3001 3533 3158 3597 ﬁliis;
3208 3536 3301 3589 sed
3340 3535 3637 3594 doceamus

2016 3633 2112 3674 eos
2141 3620 2412 3686 virtutem,
2440 3630 2493 3675 et
2520 3621 2947 3679 benedictionem
2978 3626 3073 3682 Dei
3107 3628 3213 3682 illis
3240 3643 3621 3698 apprcccnntr.

2017 3707 2135 3763 Isne
2172 3712 2315 3764 enim
2342 3754 2357 3774 ,
2399 3712 2515 3767 ista:
2562 3716 2810 3768 maxume
2837 3727 2960 3770 sunt
2992 3716 3271 3775 facultates
3302 3737 3315 3774 :
3351 3721 3466 3774 istre
3497 3731 3627 3779 sunt

2014 3802 2313 3859 iuell'abiles
2338 3804 2538 3859 divitia:
2558 3847 2574 3872 ,
2602 3822 2722 3877 qua:
2745 3823 2857 3862 non
2886 3809 3264 3877 absumuntur,
3292 3829 3413 3883 qua:
3444 3819 3626 3884 quotl-

2014 3894 2100 3947 die
2143 3894 2498 3950 substantiam
2542 3908 2779 3952 nostram
2821 3911 3040 3971 augent.
3087 3902 3229 3957 Nihil
3257 3905 3401 3959 enim
3444 3905 3631 3962 virtuti

2015 4000 2109 4055 par
2129 4026 2145 4050 ,
2185 3985 2316 4041 nihil
2344 3988 2541 4043 virtute
2582 3991 2849 4058 potentius
2882 4007 2899 4046 :
2926 3994 3136 4048 etiamsi
3164 3995 3293 4049 milti
3324 3996 3474 4051 dicas
3500 4012 3626 4054 cum

2010 4079 2098 4148 qui
2127 4094 2350 4149 regnum
2376 4080 2555 4146 habet,
2578 4098 2642 4139 ac
2666 4083 2908 4139 diadema
2934 4087 3089 4157 gerit,
3116 4089 3215 4143 nisi
3244 4088 3380 4145 hanc
3404 4090 3623 4158 habeat,

2010 4172 2199 4239 quovis
2233 4174 2581 4241 panniculoso
2613 4192 2847 4246 paupere
2874 4180 3123 4234 miserior
3152 4182 3273 4236 erit.
3310 4181 3447 4249 Quid
3475 4183 3624 4240 enim

2010 4262 2085 4315 illi
2117 4263 2371 4332 prodesse
2414 4266 2608 4333 poterit
2644 4267 2888 4322 diadema
2920 4281 3011 4324 aut
3038 4287 3292 4340 purpura.
3326 4275 3412 4344 qui
3443 4275 3623 4331 virtu-

2010 4362 2118 4408 tem
2160 4369 2254 4408 sua
2288 4356 2485 4410 desidia
2520 4359 3044 4433 perdit?-Numquid
3076 4364 3334 4421 Dominus
3360 4378 3617 4423 externa-

2008 4464 2125 4501 rum
2159 4448 2474 4518 dignitatum
2504 4452 2816 4506 varietatem
2848 4456 3096 4523 spectat?
3122 4460 3377 4527 numquid
3424 4476 3621 4528 perso-

2008 4557 2196 4596 narum
2224 4544 2391 4613 gloria
2424 4548 2807 4613 permovetur?
2839 4547 3011 4604 Unum
3044 4560 3127 4605 est
3159 4552 3265 4605 illic
3294 4554 3435 4622 quod
3468 4572 3617 4624 qum-

2008 4634 2141 4687 ritur
2165 4677 2177 4699 ,
2213 4647 2269 4689 ut
2318 4652 2411 4705 per
2441 4640 2806 4707 operationem
2841 4642 3095 4697 virtutum
3129 4653 3342 4713 apertas-
3376 4646 3626 4704 invenire

2008 4729 2276 4795 possimus
2318 4729 2512 4798 jannas
2559 4734 2762 4789 ﬁducia:
2816 4736 2867 4789 in
2922 4736 3089 4790 Deum
3127 4756 3290 4797 :uam
3340 4742 3429 4810 qui
3482 4742 3621 4798 nihil

2009 4820 2215 4875 liducia:
2246 4822 2369 4878 hinc
2390 4825 2578 4892 defert,
2610 4827 2750 4883 inter
2778 4829 3161 4899 igmminiosos
3185 4844 3238 4887 et
3265 4835 3618 4903 desperantes

2007 4914 2179 4967 locum
2210 4915 2445 4970 habebit.

2083 5007 2320 5061 Pecunia:
2366 5011 2538 5064 virtuti
2566 5012 2788 5067 obstant.
2830 5043 2901 5056 -—-
2930 5015 3041 5070 Hoc
3069 5016 3227 5085 igitur
3258 5035 3448 5075 omnes
3480 5037 3609 5075 con-

2009 5100 2301 5155 sideremus
2327 5142 2341 5163 ,
2380 5112 2433 5155 et
2464 5110 2677 5156 nostros
2724 5106 2860 5159 lilios
2903 5106 3189 5162 doceamus
3220 5152 3233 5172 ,
3268 5120 3323 5163 ιιι
3355 5113 3613 5169 virtutem

2004 5192 2164 5246 rebus
2181 5196 2429 5247 omnibus
2443 5197 2747 5264 prmfcrant,
2770 5200 3027 5268 nihilique
3045 5201 3231 5255 faciant
3258 5208 3608 5272 pecuniarum

2003 5284 2405 5339 abundantiam.
2442 5288 2566 5343 liscc
2597 5292 2773 5352 enim,
2808 5292 2920 5346 bare
2962 5304 3043 5348 est
3085 5314 3201 5363 quo
3250 5299 3429 5351 virtuti
3471 5317 3616 5370 sa‘po

2006 5378 2291 5444 pfnrintutn
2341 5379 2515 5434 obstat
2548 5400 2559 5435 :
2591 5385 3021 5453 qttattdtiqttitbrttt
3074 5391 3321 5444 nesciunt
3373 5396 3615 5461 pecuniis

2006 5468 2079 5521 uti
2120 5470 2347 5537 juvenes
2394 5482 2453 5527 ut
2497 5484 2731 5544 oportet.
2768 5478 2834 5533 Et
2876 5480 3017 5534 sicut
3056 5484 3201 5550 parvi
3248 5487 3395 5552 pueri
3426 5502 3615 5557 sa'pe,

2002 5564 2216 5632 quando
2237 5568 2481 5621 cultellos
2504 5580 2553 5623 et
2577 5570 2780 5640 gbtdios
2804 5576 3085 5643 arripiunt,
3111 5592 3177 5629 eo
3200 5579 3339 5648 quod
3367 5584 3611 5639 nesciunt

2002 5656 2137 5710 bene
2170 5657 2273 5711 illis
2302 5660 2395 5722 uti,
2432 5662 2819 5730 periclitantur,
2856 5668 2997 5722 unde
3028 5681 3228 5726 matres
3254 5688 3358 5726 non
3389 5678 3609 5743 permil-

2002 5759 2121 5805 tum
2152 5752 2254 5807 illis
2286 5769 2379 5808 eos
2418 5756 2633 5824 impune
2664 5762 2927 5831 attingere
2958 5782 2972 5816 :
3003 5765 3069 5818 ita
3101 5762 3343 5834 profecto
3374 5779 3426 5823 et
3455 5772 3612 5838 juve-

2001 5857 2118 5910 nes,
2150 5843 2241 5915 qui
2298 5849 2641 5917 pecuniarum
2684 5851 3064 5911 abundantiam
3103 5860 3441 5930 susceperint
3485 5876 3614 5919 euut
