4134 6468
605 383 698 438 571

605 495 789 548 nolunt
818 497 895 551 cis
917 496 1057 556 ,bcne
1083 498 1178 562 uti,
1211 497 1262 550 in
1295 499 1579 566 periculum
1609 510 1812 554 eertum
1844 514 1902 555 se
1930 500 2176 569 μναιςὶρὶ-

609 594 754 651 tant,
784 587 1042 640 sarcinam
1070 598 1402 654 peccatorum
1429 587 1528 642 sibi
1547 590 1676 646 inde
1701 589 2036 659 wlligentes.
2079 588 2178 643 Na-

605 686 826 729 scttntur
852 677 990 729 enim
1020 676 1143 732 inde
1173 679 1323 730 luxus
1350 720 1362 742 ,
1393 679 1596 734 delicia
1619 721 1633 745 ,
1661 689 1717 735 et
1753 681 1996 735 absurda:
2023 681 2178 734 volu-

611 774 780 832 ptates
819 774 872 818 et
914 766 1112 820 intinita
1152 769 1285 820 mala
1323 787 1336 820 :
1370 784 1473 823 non
1519 770 1831 839 simpliciter
1866 785 1897 824 a
1945 770 2180 840 pecuniis

606 855 749 918 dico,
778 869 820 906 st
838 855 870 907 (Ι
905 856 1024 910 ideo
1051 857 1173 926 quia
1201 858 1287 927 qui
1318 858 1433 913 illas
1461 871 1772 929 receperunt
1793 901 1806 923 ,
1833 861 1911 916 eis
1939 861 2181 916 nesciunt

608 950 754 997 recte
781 945 874 997 uti.
907 944 1189 1014 Propterea
1211 957 1264 1002 et
1284 949 1497 1016 sapiens
1521 950 1732 1018 quidam
1755 950 1964 1005 dicebat
1987 967 2000 1004 :
2025 949 2182 1004 Bona

601 1034 810 1098 dicitur,
837 1037 1013 1103 quibus
1040 1051 1137 1089 non
1158 1045 1229 1090 est
1246 1038 1568 1107 conjuuctum
1592 1050 1851 1108 peccatum
1873 1039 2061 1108 (Eecli.
2093 1042 2176 1097 t3.

603 1123 718 1191 30).
749 1122 879 1190 Quia
909 1133 962 1178 et
991 1125 1255 1180 Abraham
1280 1126 1429 1181 dives
1453 1137 1570 1183 erat
1592 1170 1607 1192 ,
1636 1138 1692 1183 et
1715 1127 1817 1184 Ioh
1839 1130 1989 1186 dives
2015 1139 2131 1186 erat
2159 1170 2178 1198 ,

605 1219 662 1263 et
690 1226 793 1264 non
822 1215 991 1267 solum
1017 1214 1144 1268 nihil
1174 1215 1351 1270 damni
1381 1218 1458 1272 eis
1482 1219 1672 1273 accidit
1699 1234 1729 1274 a
1758 1220 1976 1284 divitiis,
2008 1221 2101 1277 sed
2127 1231 2182 1277 et

604 1301 854 1356 clariores
895 1302 1126 1357 lucrum.
1173 1307 1386 1372 Quare?
1426 1308 1559 1374 Quia
1599 1326 1702 1364 nn
1744 1311 1798 1365 in
1830 1327 1982 1366 usum
2023 1329 2176 1367 suum

612 1387 824 1446 tantum
859 1393 949 1448 has
992 1395 1327 1464 [assidebam
1351 1441 1367 1464 ,
1405 1399 1500 1455 sed
1541 1411 1594 1454 ut
1635 1401 1699 1456 iis
1734 1402 1981 1470 iuvarent
2019 1407 2178 1460 etiam

606 1482 743 1536 alios
767 1524 781 1547 ,
813 1500 1039 1553 quorum
1080 1500 1453 1544 succurrerent
1491 1491 1680 1561 inepize
1703 1533 1718 1558 ,
1743 1502 1963 1548 etesset
1990 1495 2181 1550 domus

604 1589 788 1628 eorum
818 1586 999 1644 aperta
1036 1581 1328 1649 peregrinis
1352 1582 1618 1636 omnibus.
1668 1585 1804 1638 Audi
1847 1587 1987 1640 enim
2017 1602 2177 1641 unum

604 1676 790 1716 eorum
821 1663 1082 1720 dicentem
1115 1683 1128 1719 :
1159 1668 1220 1722 Si
1252 1679 1420 1721 autem
1452 1687 1679 1740 egressus
1711 1675 1912 1742 estquis
1940 1674 2002 1727 de
2030 1675 2178 1728 domo

605 1770 716 1806 mea
740 1756 852 1807 sinu
875 1772 1028 1809 uacuo
1050 1773 1069 1810 :
1089 1769 1318 1811 caeterum
1337 1769 1382 1812 et
1407 1762 1698 1830 impotentes
1720 1764 1900 1817 viribus
1915 1804 1930 1829 ,
1955 1766 1997 1818 si
2019 1782 2178 1834 quatt-

605 1845 673 1895 do
703 1843 988 1913 indigrle
1015 1845 1236 1900 subsidio
1255 1886 1270 1909 ,
1303 1865 1401 1901 non
1433 1850 1756 1918 privabantur
1781 1852 1919 1919 (Iob.
1949 1855 2036 1909 3|.
2067 1854 2177 1924 16).

607 1933 672 1989 Et
714 1949 817 1988 non
857 1937 1027 1990 solum
1068 1952 1163 2006 per
1208 1940 1455 2007 pecunias
1495 1940 1785 1999 subsidium
1826 1944 2180 2015 indigentibus

608 2021 878 2090 ferebam,
920 2025 1013 2080 sed
1055 2037 1109 2082 et
1149 2029 1553 2086 sollicitudinem
1583 2048 1766 2088 eorum
1804 2035 2076 2106 gerebant.
2112 2035 2180 2090 Et

605 2128 746 2166 eram
768 2154 783 2176 .
814 2114 1020 2183 inquit,
1065 2133 1150 2184 pes
1188 2119 1413 2185 claudis,
1459 2121 1635 2176 oculus
1673 2123 1818 2177 cacis
1841 2163 1857 2189 ,
1886 2135 1935 2180 et
1963 2141 1990 2177 e
2017 2127 2181 2181 medio

605 2203 832 2256 dentium
857 2205 1018 2272 eripui
1046 2209 1271 2276 prrtdam
1297 2209 1438 2282 (Iob.
1465 2211 1554 2267 29.
1588 2214 1672 2269 15.
1704 2215 1812 2286 l7).
1845 2215 2180 2285 Videsjllum

603 2301 664 2346 et
687 2307 867 2347 curam
893 2310 1052 2364 agere
1075 2311 1262 2352 eorum
1287 2302 1379 2368 qui
1405 2302 1595 2372 injuria
1615 2303 1936 2369 afficiuntur.
1961 2318 2014 2362 et
2035 2309 2184 2364 dehi-

609 2381 746 2437 libus
787 2384 1142 2439 membrorum
1185 2387 1353 2442 vicem
1397 2405 1492 2458 per
1533 2394 1708 2448 omnia
1757 2375 2182 2466 reprsesentarc?

607 2470 759 2526 tlunc
783 2487 969 2528 omnes
993 2486 1201 2546 oportet
1230 2479 1420 2534 imitari
1438 2522 1452 2544 ,
1485 2480 1647 2549 hunc,
1679 2483 1914 2555 inquam,
1943 2489 2028 2556 qui
2058 2500 2182 2545 ante

607 2559 778 2630 legem
806 2560 932 2627 fuit,
962 2573 1015 2618 et
1039 2574 1160 2619 ante
1184 2569 1405 2636 gratiatn
1437 2579 1544 2624 tam
1568 2573 1707 2628 bene
1736 2586 1991 2631 moratam
2023 2579 2184 2633 vitam

604 2649 769 2718 gessit
798 2668 814 2704 :
844 2652 998 2723 idque
1028 2669 1148 2708 cum
1179 2672 1278 2711 nec
1309 2670 1684 2731 praceptorem
1713 2663 1984 2730 habuerit.
2013 2684 2184 2738 neque

609 2741 971 2810 .wogt-nitores
1010 2745 1202 2801 virtute
1245 2749 1530 2816 pmditns,
1558 2752 1652 2807 sed
1689 2767 1718 2807 a
1757 2757 2045 2826 semetipso
2068 2768 2121 2813 et
2149 2775 2179 2811 a

610 2831 872 2883 sententia
913 2841 1054 2886 recta
1094 2834 1145 2887 in
1176 2835 1367 2891 bonam
1397 2839 1532 2893 hanc
1561 2842 1716 2896 vitam
1747 2844 2020 2912 prodit-rit.
2049 2847 2178 2902 Nam

617 2922 975 2991 nouatumque
1018 2934 1256 2982 nostrum
1300 2928 1352 2982 in
1399 2939 1585 2986 natura
1628 2946 1721 2987 sua
1767 2934 1926 2991 habet
1969 2937 2178 2993 insitam

605 3009 883 3064 scientiam
935 3014 1145 3070 virtutis
1187 3033 1201 3070 :
1249 3027 1302 3072 et
1351 3021 1450 3074 nisi
1496 3022 1614 3092 quis
1656 3039 1774 3080 eam
1822 3027 2044 3082 voluerit
2091 3044 2183 3098 per

609 3100 866 3170 ignaviam
893 3117 1040 3158 suam
1073 3108 1294 3188 perdere
1325 3114 1733 3181 generositatem
1758 3158 1773 3181 ,
1805 3134 2090 3190 numqtmm
2119 3136 2183 3176 ea

609 3193 920 3262 privabitur.
961 3195 1170 3252 Utinam
1204 3209 1380 3256 autem
1407 3217 1526 3256 eam
1553 3219 1740 3260 omnes
1767 3223 1866 3262 nos
1888 3209 2144 3280 eligamus
2165 3252 2182 3277 ,

607 3291 664 3337 ct
690 3299 810 3339 cum
834 3285 1102 3357 diligentia
1145 3304 1487 3347 exerceamus
1510 3335 1524 3355 .
1557 3295 1624 3349 ita
1655 3306 1711 3351 ut
1746 3297 1881 3352 bona
1916 3316 2034 3368 qum
2064 3301 2184 3356 dili-

609 3374 852 3442 gentibus
882 3375 1043 3431 Deum
1073 3380 1327 3446 promissa
1355 3393 1479 3435 aunt
1503 3400 1907 3456 consequamur,
1932 3391 2098 3459 gratia
2129 3401 2183 3446 ct

609 3465 969 3521 misericordia
999 3468 1206 3524 Domini
1236 3472 1398 3526 nostri
1423 3471 1546 3528 Iesu
1574 3473 1792 3544 Christi,
1824 3478 1908 3532 cui
1935 3493 2054 3534 cum
2085 3480 2180 3534 l‘a-

610 3563 690 3609 tre
726 3565 780 3611 et
820 3569 1006 3614 sancto
1041 3561 1241 3630 Spiritu
1277 3564 1347 3618 sit
1379 3565 1542 3633 gloria
1567 3605 1583 3631 ,
1615 3567 1894 3637 imperium
1921 3611 1935 3636 ,
1970 3572 2138 3627 honor
2159 3613 2176 3640 ,

609 3661 750 3701 nunc
777 3658 829 3702 et
854 3664 1064 3718 semper
1087 3692 1103 3715 ,
1133 3661 1183 3706 et
1211 3652 1262 3706 in
1292 3656 1485 3708 sarcula
1511 3659 1845 3712 saeculorum.
1879 3662 2068 3717 Amen.

1083 3817 1085 3819 ,
1137 3764 1410 3822 IIOSIILIA
1450 3767 1655 3825 LXVII.

608 3847 753 3902 Dixit
795 3861 957 3905 autem
982 3852 1142 3907 Israel
1170 3857 1236 3908 ad
1253 3855 1445 3927 Ioseplt
1472 3874 1622 3914 :ecce
1648 3878 1738 3932 ego
1766 3865 1968 3927 morior,
1993 3877 2040 3918 et
2085 3869 2181 3922 erit

678 3940 818 3996 Deus
849 3947 1092 3998 vobiscum
1113 3987 1127 4011 ,
1154 3958 1200 4001 et
1233 3951 1434 4003 reducet
1459 3967 1543 4005 vos
1576 3951 1714 4007 Deus
1742 3971 1805 4008 es
1832 3966 1964 4008 terra
2001 3958 2095 4010 hac
2128 3960 2180 4013 in

679 4041 862 4084 terram
887 4044 1086 4103 patrum
1113 4047 1404 4091 uestrorum.
1450 4040 1559 4110 Ego
1585 4053 1748 4097 autem
1772 4045 1837 4098 do
1863 4048 1949 4099 tibi
1980 4048 2181 4102 Sccima

673 4122 830 4174 electa
857 4140 961 4190 pra:
986 4127 1225 4193 fratribus
1255 4131 1350 4180 tuis
1373 4170 1388 4192 ,
1428 4146 1542 4198 qua!
1566 4134 1676 4200 cepi
1702 4134 1755 4186 in
1786 4136 1960 4204 gladio
1995 4153 2101 4190 meo
2133 4149 2180 4192 ct

677 4228 799 4263 arcu
826 4211 980 4279 (Gen.
1009 4215 1094 4269 48.
1121 4217 1208 4272 21.
1239 4217 1355 4289 Si).

656 4301 707 4355 ί.
720 4299 899 4354 Jacobi
917 4303 1174 4356 historiam
1191 4308 1348 4376 pergit
1366 4305 1766 4378 C/trysostomus,
1783 4323 1829 4367 et
1846 4314 1905 4367 iis
1924 4333 2037 4384 qua:
2048 4335 2182 4388 pra»

601 4390 852 4444 cedentem
868 4393 1125 4445 Itomiliam
1142 4397 1490 4450 concluscrunt
1513 4398 1718 4454 breuiter
1734 4406 2016 4471 resumptis,
2036 4407 2179 4459 iden-

603 4481 752 4534 tidem
779 4479 1027 4536 Iacoltum
1055 4484 1244 4538 inducit
1273 4503 1349 4540 res
1379 4493 1574 4556 futuras
1606 4493 1955 4558 pra’dicentem
1986 4497 2103 4560 filiis
2131 4508 2178 4551 et

603 4571 666 4624 de
692 4582 849 4625 morte
875 4589 969 4626 sua
999 4576 1227 4643 proxima
1255 4577 1389 4647 ipsos
1416 4579 1784 4646 admonentem,
1812 4600 1874 4636 ea:
1903 4587 2058 4639 verbis
2082 4586 2176 4639 Ia-

605 4661 715 4714 cobi
733 4663 960 4726 qutcdnm
978 4667 1186 4718 moralia
1209 4668 1453 4735 principia
1469 4685 1663 4734 eruens,
1682 4672 1815 4725 verbi
1829 4677 1992 4742 gratia
2012 4691 2029 4726 :
2047 4677 2177 4729 nihil

610 4753 847 4818 prodesse
895 4754 1029 4806 dona
1069 4757 1322 4809 naturalia
1359 4759 1455 4809 nisi
1508 4777 1667 4813 mores
1723 4764 1860 4829 probi
1914 4765 2171 4818 accedant.

606 4843 1078 4898 —-I’ollict-hamur
1125 4862 1294 4916 nuper
1351 4849 1507 4902 tinem
1551 4865 1646 4904 nos
1711 4852 2047 4921 imposituros
2094 4857 2173 4910 Ιιί-

599 4933 778 4986 sturiu:
805 4931 985 4996 Iacob,
1009 4949 1355 5007 sermoneque
1384 4941 1636 5008 prolixius
1661 4956 1718 4996 se
1739 4949 2077 5010 extendente,
2105 4947 2171 5001 ad

601 5024 756 5076 tinem
793 5026 929 5093 quod
972 5030 1406 5094 promittebamus
1438 5033 1725 5099 perducere
1755 5050 1860 5089 non
1890 5038 2170 5092 valuimus.

599 5111 722 5168 lthO
754 5117 874 5170 volo
897 5135 1012 5186 qua:
1044 5121 1244 5187 pridem
1272 5122 1450 5176 relicta
1481 5123 1692 5179 fuerunt
1718 5127 1766 5179 in
1795 5129 2025 5182 ntedium
2055 5145 2173 5197 pro-

600 5222 814 5272 ponere,
847 5217 903 5261 ut
931 5225 1068 5263 nunc
1093 5211 1299 5276 saltem,
1331 5213 1374 5267 si
1404 5214 1540 5268 Dens
1564 5215 1785 5280 dederit,
1817 5220 1972 5272 lim-tn
2005 5221 2172 5287 impo-

597 5316 806 5357 namus.
838 5303 1025 5371 Upera:
1047 5308 1269 5372 prrtium
1294 5317 1464 5361 autem
1496 5309 1669 5371 fuerit,
1696 5313 1918 5379 primum
1941 5323 2168 5366 vestram

595 5393 1049 5450 cntinuoucfztcerc
1069 5398 1360 5459 caritatem,
1385 5407 1435 5451 et
1458 5400 1737 5454 ostendere
1760 5400 1846 5455 ubi
1866 5415 2167 5456 sermonem

597 5499 763 5548 nuper
792 5484 1008 5537 missum
1042 5484 1340 5540 l'rcerimus.
1374 5488 1528 5543 Scitis
1567 5490 1746 5560 utique
1769 5533 1782 5556 ,
1816 5503 1869 5547 et
1906 5508 2171 5547 memores

594 5577 720 5626 (ErliS
746 5615 757 5635 ,
788 5591 906 5627 cum
951 5576 1110 5630 Iacob
1158 5581 1525 5636 benediclurus
1567 5597 1710 5638 esset
1756 5587 1892 5641 ﬁlios
1926 5586 2122 5655 Ios‘cpll
2149 5629 2164 5652 ,

595 5667 759 5729 ipsum
795 5667 1043 5736 Ephruim
1074 5672 1294 5726 MauaSsi
1327 5676 1684 5743 proposuisse,
1711 5679 1866 5744 idque
1887 5678 2046 5732 etiam
2077 5693 2167 5746 pa-

599 5767 674 5815 tre
699 5761 815 5832 ejus
841 5777 943 5818 non
999 5762 1251 5832 probante
1282 5782 1292 5817 :
1327 5768 1406 5821 cui
1438 5776 1490 5821 ct
1520 5768 1652 5823 dixit
1685 5787 1699 5824 :
1739 5771 1857 5825 Scia
1877 5810 1893 5838 ,
1923 5772 2050 5840 ﬁlii;
2081 5787 2159 5825 ue-

1341 386 1396 442 S.
1419 387 1694 444 I0.\NNIS
1732 387 2199 444 CHllYSOSTOMl
2223 385 2536 452 AKCIIEP.
2566 387 3095 444 CONSTANTINOP.

3766 390 3862 444 573

2287 511 2565 553 rumtamru
2588 509 2634 553 et
2658 498 2738 552 hic
2763 500 2858 553 erit
2884 501 2936 552 in
2959 500 3218 569 populant,
3247 509 3293 553 et
3314 498 3394 552 hic
3419 499 3722 553 exaltabitur
3739 517 3758 553 :
3780 507 3864 555 sed

2285 590 2443 657 frater
2469 593 2578 662 ejus
2608 591 2784 660 junior
2813 592 2978 661 major
3004 607 3063 645 eo
3107 591 3201 645 erit
3221 632 3236 654 ,
3272 602 3319 644 et
3353 607 3521 645 semen
3547 593 3656 656 eius
3691 594 3783 646 ait
3817 594 3865 646 in

2286 681 2654 733 multitudinem
2683 681 2922 752 gentium.
2969 680 3036 734 Et
3064 681 3322 735 διηεάὶτή
3347 697 3430 736 eos
3455 681 3506 734 iu
3528 680 3612 735 die
3637 683 3728 735 illa
3746 723 3761 747 ,
3792 684 3869 736 di-

2285 787 2401 824 cens
2437 789 2456 826 .'
2492 771 2556 825 In
2588 774 2722 826 robts
2749 773 3037 826 benediceut
3067 770 3233 826 Israel
3252 812 3269 835 .
3300 773 3522 827 dicentes
3559 788 3578 827 :
3614 771 3800 827 Faciat
3826 785 3870 827 te

2286 860 2427 917 Deus
2467 863 2596 916 sicut
2632 861 2881 931 Epitraim
2921 873 2966 916 et
2998 861 3312 926 Manassen;
3353 873 3399 916 et
3427 864 3593 931 posuit
3619 861 3870 932 Ephraiut

2284 966 2401 1008 ante
2433 953 2723 1008 latrasse».
2754 953 2820 1008 Et
2843 953 3113 1024 hucusque
3144 954 3527 1023 processimus,
3555 969 3619 1010 ac
3648 969 3718 1010 ne
3745 969 3863 1010 scr-

2285 1062 2501 1102 monum
2529 1047 2684 1102 nimia
2710 1047 2861 1116 copia
2887 1055 3116 1102 vestram
3142 1048 3491 1101 obrueremus
3515 1050 3829 1101 memoriam
3853 1089 3868 1109 .

2286 1138 2612 1193 cessavimus
2631 1152 2659 1192 a
2690 1138 2930 1191 doctrina
2960 1154 2973 1189 :
3004 1138 3097 1192 sed
3128 1139 3172 1192 si
3201 1135 3428 1202 videtur,
3461 1133 3620 1190 hodie
3643 1151 3872 1206 sequen-

2287 1228 2356 1283 tia
2383 1229 2677 1284 videamus.
2704 1228 2795 1282 2t.
2829 1229 2968 1283 Dixit
2991 1239 3157 1283 autent
3187 1227 3358 1282 Israel
3381 1229 3449 1281 ad
3474 1225 3715 1296 Ioseph:
3744 1228 3872 1292 Ecce

2284 1334 2375 1389 ego
2397 1320 2602 1382 morior,
2631 1328 2674 1372 et
2691 1319 2786 1371 erit
2810 1316 2946 1373 Deus
2967 1317 3238 1383 uobiscum,
3260 1327 3305 1374 et
3326 1317 3524 1372 reducet
3545 1333 3630 1372 vos
3654 1316 3791 1372 Deus
3809 1334 3870 1372 cr

2283 1418 2415 1462 terra
2445 1409 2538 1462 hac
2564 1409 2615 1461 in
2641 1418 2823 1461 terram
2853 1415 3052 1478 patrum
3076 1423 3318 1463 meorum.
3345 1405 3436 1460 32.
3477 1405 3586 1478 Ego
3609 1416 3778 1460 autalt
3809 1409 3869 1459 ato

2283 1498 2372 1550 tibi
2397 1498 2600 1552 Secima
2628 1497 2783 1551 electa
2811 1513 2918 1566 pra!
2943 1498 3182 1567 fratribus
3203 1497 3323 1562 tuis,
3345 1512 3462 1565 qua
3486 1498 3596 1566 cepi
3619 1497 3671 1550 in
3697 1497 3868 1567 gladio

2284 1603 2393 1640 meo
2418 1597 2462 1642 et
2484 1603 2628 1641 arcu.
2665 1587 2947 1656 Postquam
2977 1585 3114 1640 tilias
3145 1586 3433 1651 benedixit,
3459 1595 3514 1640 et
3532 1587 3710 1640 futura
3737 1603 3869 1657 prte-

2294 1677 2480 1732 videns
2495 1677 2761 1746 junioretn
2784 1676 3069 1746 praeposuit
3089 1675 3285 1730 seniori
3305 1693 3319 1728 :
3337 1679 3519 1730 volens
3541 1676 3864 1745 persuadere

2286 1767 2541 1839 Josepho,
2563 1783 2622 1823 se
2644 1783 2748 1824 non
2770 1767 3101 1837 simpliciter,
3121 1781 3294 1837 neque
3310 1777 3508 1823 temere
3529 1767 3632 1823 hoc
3652 1767 3862 1829 facian.

2283 1860 2377 1916 sed
2403 1859 2778 1930 praedicantem
2806 1859 2979 1913 futura
3009 1877 3021 1911 :
3048 1859 3287 1928 prmdieit
3310 1859 3468 1912 etiam
3489 1860 3538 1913 ei
3561 1874 3713 1912 snam
3737 1873 3872 1913 rnor-

2284 1961 2412 2018 tem,
2433 1962 2487 2008 et
2510 1951 2650 2022 quod
2678 1951 2900 2008 redituri
2925 1952 3035 2006 sint
3057 1965 3124 2007 ex
3149 1950 3319 2006 aliena
3347 1959 3488 2005 terra
3510 1951 3564 2006 in
3585 1951 3863 2016 Chanaan,

2285 2045 2339 2100 in
2368 2055 2562 2101 terram
2588 2054 2799 2116 patrum
2826 2059 3044 2101 suorum
3073 2061 3087 2097 :
3115 2053 3170 2098 et
3194 2043 3388 2098 bonam
3411 2044 3490 2098 eis
3513 2058 3666 2113 spem
3689 2055 3867 2115 auget,

2285 2136 2354 2191 ita
2374 2146 2430 2190 ut
2448 2138 2842 2206 exspectatione
2857 2135 3102 2192 solatium
3121 2134 3369 2190 habeant.
3397 2133 3526 2190 Nam
3554 2149 3680 2206 spes
3707 2135 3870 2192 bono-

2286 2241 2402 2281 rum
2418 2225 2571 2297 hujus
2591 2226 2711 2282 vita-
2724 2227 2933 2283 labores
2949 2240 3160 2298 semper
3179 2227 3458 2281 imminuit.
3479 2226 3546 2282 Et
3567 2237 3872 2284 monstrans

2286 2319 2446 2372 etiam
2477 2326 2717 2387 tempore
2747 2318 2952 2386 mortis,
2975 2332 3134 2388 quam
3157 2316 3497 2373 dilectionem
3522 2332 3647 2390 erga
3670 2317 3868 2389 Ioseph

2285 2407 2477 2463 habeat
2493 2449 2509 2475 ,
2540 2408 2669 2463 dicit
2694 2409 2742 2464 ei
2772 2429 2786 2464 :
2819 2408 2928 2480 Ego
2953 2419 3121 2462 autem
3146 2409 3213 2464 do
3239 2410 3326 2463 tibi
3354 2408 3556 2464 Set-iuta
3581 2411 3740 2464 electa
3764 2425 3871 2481 pr.

2286 2498 2527 2568 fratribus
2555 2500 2655 2555 tuis
2680 2515 2701 2554 :
2729 2499 2878 2571 quasi
2911 2515 3006 2570 per
3035 2501 3134 2556 hoc
3163 2499 3440 2556 declarans
3461 2541 3480 2567 ,
3513 2500 3625 2557 [loc
3651 2501 3870 2556 omnino

2286 2591 2411 2654 erit,
2449 2600 2504 2644 et
2540 2590 2832 2644 secundum
2873 2604 3045 2645 meam
3087 2590 3484 2660 prasdictionem
3512 2590 3789 2656 redibitis,
3818 2603 3869 2646 et

2286 2678 2340 2734 in
2363 2678 2712 2736 hereditatem
2735 2680 3074 2752 possidebitis
3095 2691 3291 2737 terram
3315 2690 3519 2751 patrum
3541 2692 3865 2740 vestrorum:

2286 2779 2341 2826 et
2367 2770 2699 2826 Sccimorum
2728 2771 2993 2827 civitatem
3025 2771 3118 2826 tibi
3157 2771 3228 2827 do
3265 2771 3614 2858 hereditatem
3641 2773 3865 2830 electam

2288 2860 2408 2916 Prat
2436 2863 2679 2928 fratribus
2709 2865 2807 2916 tuis
2831 2905 2849 2928 ,
2874 2881 3025 2934 quam
3053 2865 3164 2933 cepi
3187 2865 3252 2917 de
3287 2882 3439 2918 mrsu
3465 2866 3866 2920 Amorrlta'oruut

2285 2953 2338 3008 in
2380 2955 2550 3026 gladio
2579 2971 2691 3009 meo
2715 2966 2762 3008 et
2799 2972 2944 3010 arcu.
2975 2955 3238 3023 Quidnam
3278 2959 3378 3012 hoc
3401 2958 3523 3012 est!
3550 2957 3680 3025 Qua:
3707 2974 3738 3012 a
3766 2958 3863 3028 Sy-

2286 3061 2478 3100 mcoue
2513 3054 2568 3101 et
2607 3045 2731 3102 Levi
2771 3046 2904 3101 facta
2931 3055 3053 3101 sunt
3080 3057 3263 3103 contra
3289 3046 3570 3104 Secimitas
3600 3049 3652 3103 in
3685 3064 3864 3119 perso-

2287 3152 2406 3190 nam
2440 3137 2705 3206 propriam
2744 3137 2994 3194 traual'ert
3033 3157 3048 3193 :
3086 3149 3139 3194 et
3179 3150 3394 3210 propter
3421 3140 3523 3195 hoc
3547 3140 3716 3205 dicit,
3745 3141 3865 3208 Qua

2287 3227 2395 3295 cepi
2423 3228 2476 3280 in
2501 3228 2672 3298 gladio
2702 3244 2812 3281 meo
2837 3239 2884 3282 et
2910 3245 3052 3284 arcu.
3099 3229 3208 3285 Sed
3239 3229 3326 3285 hic
3349 3241 3648 3300 opportune
3671 3235 3863 3302 qua-si-

2287 3316 2422 3371 verit
2444 3317 2706 3387 quispiam
2735 3339 2749 3374 :
2775 3318 2842 3372 Et
2866 3335 3029 3389 quare
3050 3319 3151 3374 hoc
3174 3319 3380 3374 facinus
3402 3335 3555 3375 suum
3581 3321 3726 3387 facit,
3749 3338 3862 3379 cum

2287 3414 2469 3474 postea
2495 3415 2872 3464 testamentum
2893 3409 3132 3464 editurus
3152 3411 3491 3466 accusatione
3508 3413 3652 3468 clare
3674 3415 3863 3484 set-im

2284 3509 2378 3550 eos
2413 3497 2635 3566 arguat?
2677 3497 2792 3552 Non
2823 3513 3002 3554 secum
3047 3509 3244 3570 pugnat
3275 3501 3473 3569 justus,
3508 3502 3601 3558 sed
3631 3503 3864 3560 declarat

2285 3586 2746 3642 mansuetudinem
2789 3591 2984 3645 mentis
3020 3604 3130 3644 sua:
3154 3632 3170 3657 ,
3197 3601 3251 3646 et
3296 3601 3489 3662 prazter
3531 3609 3641 3650 sua:
3677 3597 3863 3653 mentis

2283 3679 2597 3732 sententiam
2643 3678 2744 3734 hoc
2781 3679 2976 3735 factum
3005 3695 3125 3736 esse
3158 3698 3171 3735 :
3202 3695 3309 3737 non
3349 3683 3521 3738 solum
3568 3685 3712 3741 enim
3756 3701 3859 3743 non

2287 3768 2530 3836 pmbavit
2558 3768 2752 3825 factum
2771 3812 2787 3836 ,
2815 3771 2908 3826 scd
2940 3781 2996 3827 et
3033 3773 3246 3844 arguit,
3277 3784 3560 3845 postquam
3589 3777 3639 3831 id
3671 3777 3859 3834 factum

2285 3857 2480 3911 luerat.
2514 3858 2797 3928 Propterea
2825 3862 3006 3916 volens
3027 3872 3326 3920 monstrare
3345 3880 3494 3920 suam
3520 3882 3642 3937 erga
3667 3867 3859 3940 Ioseph

2284 3945 2619 4002 dilectionem
2643 3990 2657 4014 ,
2689 3950 2736 4004 ei
2762 3952 3008 4007 concedit
3032 3954 3240 4009 Secima
3262 3994 3278 4019 ,
3314 3963 3371 4010 et
3397 3956 3526 4012 dicit
3555 3976 3570 4012 :
3601 3958 3732 4024 Qua
3757 3961 3859 4030 cepi

2284 4036 2335 4089 in
2362 4039 2532 4107 gladio
2564 4055 2671 4093 meo
2693 4050 2743 4094 et
2770 4057 2912 4094 arcu.
2947 4041 3076 4096 Nam
3120 4043 3244 4098 licet
3272 4044 3482 4100 illorum
3510 4046 3667 4102 fuerit
3691 4063 3820 4118 opus
3841 4091 3856 4113 ,

2287 4125 2336 4178 itt
2366 4144 2480 4180 mea
2511 4137 2683 4183 tamen
2707 4139 2968 4198 potestate
2996 4132 3224 4203 positum
3255 4144 3357 4190 est.
3391 4136 3446 4192 Si
3473 4139 3613 4192 enim
3637 4138 3856 4193 ﬁliorum

2281 4213 2529 4270 dominus
2561 4228 2709 4286 pater
2733 4260 2748 4282 ,
2783 4221 2951 4274 multo
2977 4223 3144 4293 magis
3170 4239 3358 4280 eorum
3387 4241 3505 4296 qua:
3530 4242 3561 4282 a
3592 4227 3712 4282 ﬁliis
3740 4245 3855 4299 pos-

2281 4307 2521 4363 sidentur
2550 4327 2561 4360 :
2594 4310 2640 4364 si
2669 4321 2844 4366 autem
2875 4312 3126 4369 dominus
3147 4355 3162 4378 ,
3202 4326 3257 4370 et
3284 4318 3428 4386 quod
3471 4318 3700 4374 voluerit
3735 4321 3854 4376 dare

2282 4398 2464 4465 possit.
2497 4398 2679 4470 Itaque
2704 4401 2977 4457 declarare
3003 4404 3189 4459 volens
3213 4420 3365 4460 suam
3389 4421 3511 4476 erga
3537 4407 3736 4478 Ioseph
3765 4410 3850 4463 be-

2282 4488 2654 4557 nevolentiam,
2687 4507 2791 4545 non
2819 4493 2990 4547 solum
3021 4494 3275 4564 Ephra'im
3301 4506 3355 4551 et
3383 4497 3658 4554 Manassen
3692 4501 3847 4555 licue-

2281 4580 2447 4644 dicit,
2492 4584 2584 4637 sed
2627 4593 2683 4638 et
2721 4583 2926 4639 Secima
2957 4587 3181 4641 electam
3221 4587 3569 4644 hereditatem
3611 4593 3854 4663 relinquit

2284 4672 2410 4725 tilio.
2438 4674 2485 4726 l.
2517 4673 2580 4726 Et
2605 4675 2824 4739 vocarit,
2859 4676 3028 4746 inquit
3047 4718 3061 4738 ,
3090 4676 3253 4732 Iacob
3279 4679 3412 4746 ﬁlios
3438 4698 3587 4745 suos,
3619 4694 3667 4735 et
3691 4685 3852 4736 dixit:

2280 4759 2661 4832 Congregamini
2683 4805 2698 4829 ,
2740 4774 2794 4818 ut
2830 4768 3122 4821 annuntiem
3157 4768 3292 4821 vobis
3329 4770 3451 4836 quid
3479 4783 3767 4825 eventurum
3796 4775 3852 4825 sit

2279 4851 2413 4905 vobis
2439 4855 2489 4905 in
2519 4856 2797 4910 novissimis
2832 4857 3026 4910 diebus.
3065 4857 3118 4910 2.
3139 4856 3528 4928 Congregamim'
3549 4901 3566 4927 ,
3604 4872 3655 4915 et
3693 4863 3853 4915 audite

2279 4945 2446 5000 [sicel
2472 4957 2663 5016 patrem
2683 4961 2897 5002 restrum
2921 4947 3105 5020 (Caput
3125 4951 3243 5021 49).
3265 4951 3395 5007 Vide
3410 4953 3542 5022 justi
3568 4955 3852 5023 intelligar

2279 5037 2426 5090 tiam.
2468 5038 2600 5102 Quia
2635 5039 2942 5106 pnescicbat
2973 5041 3156 5094 mortis
3197 5053 3407 5113 tempus
3431 5085 3444 5108 ,
3477 5046 3693 5099 vocavit
3726 5044 3850 5099 tilios

2280 5143 2406 5181 suos
2428 5127 2493 5181 ad
2520 5144 2599 5194 se,
2635 5139 2687 5184 et
2710 5131 2836 5185 dicit
2864 5146 2876 5182 :
2905 5131 3286 5202 Congregamini
3308 5173 3324 5198 ,
3355 5145 3408 5186 ut
3433 5135 3567 5188 vobis
3591 5136 3696 5201 iam
3723 5151 3848 5203 pra-

2276 5220 2440 5274 dicant
2468 5221 2589 5288 quid
2629 5223 2762 5275 vobis
2789 5234 3071 5276 euentnrmn
3099 5227 3159 5277 sit
3185 5227 3238 5276 in
3268 5225 3456 5278 ultimis
3485 5228 3679 5278 diebus.
3720 5227 3844 5281 Cou-

2277 5315 2577 5388 gregnmini,
2599 5324 2643 5366 et
2666 5316 2833 5367 audite
2860 5313 3025 5368 Israel
3056 5327 3246 5384 patrem
3274 5329 3507 5371 uestrum.
3542 5318 3747 5382 Venite,
3771 5323 3846 5372 iu-

2276 5409 2388 5477 quit
2413 5449 2427 5471 ,
2455 5417 2509 5459 et
2536 5406 2723 5459 discite
2750 5425 2778 5459 a
2811 5422 2894 5461 mu
2920 5448 2935 5472 ,
2966 5422 3068 5460 non
3101 5411 3378 5475 przesentia
3403 5449 3419 5472 ,
3450 5424 3554 5463 non
3591 5426 3710 5478 qua:
3740 5423 3845 5481 pust

2277 5515 2494 5568 parvum
2529 5511 2734 5566 tempus
2758 5509 3035 5562 eventura,
3062 5499 3155 5554 sed
3182 5501 3320 5569 quod
3348 5502 3549 5555 accidet
3575 5503 3626 5554 in
3657 5503 3844 5556 ultimis

2274 5589 2480 5642 diebus.
2513 5589 2574 5642 Et
2598 5587 2708 5642 lucc
2738 5589 2887 5642 vobis
2914 5603 3015 5642 non
3043 5604 3071 5642 a
3099 5591 3411 5657 memetipso
3435 5591 3693 5644 annuntio
3713 5632 3729 5654 ,
3759 5592 3841 5644 sed

2273 5680 2483 5732 afﬂatus
2509 5694 2539 5731 a
2563 5678 2759 5746 Spiritu
2791 5695 2801 5731 :
2831 5689 2884 5733 et
2913 5679 3108 5732 idcirco
3137 5694 3255 5744 qua:
3283 5678 3459 5732 multis
3486 5691 3664 5748 postea
3694 5694 3844 5749 gene-

2279 5770 2572 5827 rationibus
2625 5771 2932 5842 contingent
2978 5771 3226 5842 prtetlico.
3277 5771 3483 5826 Etenim
3528 5786 3561 5827 ο
3614 5774 3721 5830 vita
3754 5775 3844 5830 huc
