4180 6472
308 408 418 467 εςτδ

302 542 665 603 migraturus.
685 534 807 588 volo
826 532 1124 604 unicuique
1140 539 1382 589 vestrum
1410 532 1567 603 quasi
1588 532 1643 586 in
1664 529 1826 585 titulo
1844 537 1899 585 et

301 626 707 682 colurnnazrrea
724 623 1040 679 memoriam
1054 625 1382 694 insculpere.
1397 622 1694 678 Considera
1712 628 1893 675 autem

296 716 535 788 justum.
559 716 835 787 quomodo
858 718 1209 788 congregatis
1234 716 1447 780 liberis,
1470 715 1733 769 natalium
1775 728 1896 768 scr-

301 816 431 863 vato
453 808 668 868 ordine.
694 807 994 877 unicuique
1014 817 1409 879 congruentem
1444 808 1534 862 det
1554 808 1635 862 vel
1656 805 1890 861 maledi-

300 899 540 954 ctionem
556 898 637 952 vel
664 896 1099 953 benedictionem
1123 908 1209 952 :et
1233 898 1286 952 in
1308 898 1411 953 hoc
1435 907 1751 954 monstrans
1779 910 1893 952 sine

300 988 523 1043 virtutis
545 988 930 1051 eminentiam,
950 987 1180 1057 incipiat
1207 1003 1236 1041 a
1271 990 1467 1058 primo.
1499 988 1551 1043 3.
1578 987 1776 1047 Ruben.
1806 988 1861 1041 in

297 1082 438 1153 quit,
457 1081 859 1152 primogenitus.
889 1080 1150 1151 fortitudo
1174 1091 1372 1142 mea.ct
1388 1081 1710 1150 principium
1746 1082 1891 1150 ﬁlio-

298 1188 420 1225 rum
448 1172 905 1228 nteorum:durus
940 1173 1322 1241 adferendum,
1349 1173 1517 1228 durus
1547 1184 1597 1227 ct
1616 1176 1885 1242 pervicax.

299 1262 437 1318 Vide
453 1273 662 1335 quanta
692 1265 965 1336 sapientia
984 1266 1142 1335 justi.
1175 1266 1376 1321 Volens
1402 1266 1547 1321 enim
1574 1266 1889 1322 accusatio-

295 1370 423 1411 nem
450 1356 623 1425 magis
656 1356 883 1420 intendi,
908 1358 1060 1427 prius
1081 1358 1217 1412 dixit
1240 1359 1523 1430 privilegia
1550 1360 1601 1415 ei
1627 1374 1657 1413 a
1692 1366 1887 1414 natura

296 1461 587 1510 concessa,
617 1457 669 1501 et
704 1447 1027 1519 d-gnitatern
1061 1465 1227 1521 quam
1255 1450 1497 1514 tenebat,
1533 1466 1660 1507 eum
1690 1467 1888 1523 nempe

294 1537 628 1609 principium
650 1539 966 1603 filiorum,et
986 1545 1657 1613 prinrogenituraehonore
1672 1551 1883 1599 clarum

293 1643 451 1684 esse:
481 1638 534 1683 et
559 1641 746 1700 postea
772 1642 995 1702 peccata
1026 1634 1171 1690 illius
1194 1636 1352 1706 quasi
1377 1637 1431 1690 in
1454 1651 1593 1691 terea
1626 1637 1882 1691 columna

290 1716 590 1773 inscribit:
624 1730 942 1777 monstrans
975 1723 1109 1777 nihil
1143 1725 1431 1794 profutura
1462 1726 1620 1782 nobis
1656 1742 1778 1782 esse
1813 1742 1879 1781 ca

248 1804 257 1827 ‘
292 1822 418 1878 qua
447 1823 476 1863 a
512 1818 707 1863 natura
733 1811 943 1875 insunt,
976 1813 1081 1868 nisi
1118 1823 1173 1868 et
1204 1816 1508 1871 voluntatis
1540 1816 1682 1870 bona
1713 1830 1881 1886 opera

293 1908 600 1969 sequantur
635 1919 647 1955 :
675 1902 789 1955 haec
814 1902 959 1956 cnim
981 1910 1111 1959 sunt
1136 1920 1257 1975 qua:
1276 1913 1328 1959 et
1355 1906 1570 1960 laudem
1598 1906 1798 1961 habent
1829 1914 1883 1960 et

292 1992 653 2064 vituperium.
695 1992 897 2057 Durus,
935 1994 1135 2064 inquit,
1190 1997 1259 2049 ad
1293 1997 1592 2067 ferctttlum,
1623 1998 1791 2052 durus
1827 2006 1879 2052 et

287 2083 807 2151 pervicu.Naturaa,
842 2087 1039 2157 inquit,
1065 2085 1387 2159 dignitatem
1413 2088 1511 2142 tibi
1537 2089 1718 2143 datam
1742 2088 1879 2142 ami-

289 2172 414 2228 sisti
438 2176 657 2245 propria
682 2183 775 2230 tua
810 2178 1142 2234 temeritate.
1168 2179 1375 2235 Deinde
1406 2188 1462 2233 et
1493 2180 1732 2250 speciem
1762 2194 1880 2248 pec-

289 2266 399 2320 cati
433 2266 569 2323 bene
599 2268 864 2339 scriptam
891 2271 1173 2341 relinquit,
1209 2272 1281 2325 ita
1316 2280 1374 2326 ut
1402 2270 1547 2341 quod
1580 2273 1671 2328 ille
1710 2287 1875 2329 aecu-

288 2362 447 2409 satus
468 2359 945 2429 reprehensusque
978 2361 1071 2425 sit,
1100 2363 1336 2430 posteris
1360 2378 1555 2430 magna
1586 2362 1659 2417 sit
1682 2364 1873 2418 erudi—

288 2444 387 2509 tio,
413 2462 480 2500 ne
512 2446 712 2501 similia
729 2458 1018 2505 attentent.
1060 2451 1115 2505 4.
1149 2451 1487 2506 Contumelia
1523 2454 1773 2522 a/fecisti,
1806 2456 1873 2508 si-

284 2544 375 2589 cut
407 2552 550 2605 aqua
577 2554 680 2592 non
705 2539 1033 2608 e/fcruescas.
1059 2543 1529 2609 Ascendistienim,
1556 2546 1755 2617 inquit,
1779 2562 1873 2599 sst-

278 2639 378 2693 per
420 2625 610 2681 lectum
641 2632 813 2697 patris
851 2632 929 2683 tui
966 2647 985 2685 :
1036 2643 1159 2687 tunc
1202 2635 1444 2701 polluisti
1472 2647 1699 2690 stratum
1728 2638 1867 2708 quod

280 2719 591 2775 ostendisti.
630 2720 915 2791 Significat
946 2725 1299 2779 concubitum
1326 2726 1447 2795 ejus
1481 2743 1604 2781 cum
1641 2728 1810 2784 Balla.

352 2804 408 2858 2.
449 2805 575 2861 Vide
613 2808 877 2877 quomodo
911 2824 1005 2879 per
1031 2811 1345 2879 sapientiam
1376 2828 1405 2867 a
1447 2812 1644 2883 Spiritu
1686 2812 1872 2869 sancto

281 2896 381 2950 sibi
412 2896 608 2966 datam,
634 2899 777 2968 prius
798 2901 928 2954 dixit
957 2901 1006 2955 id
1039 2901 1176 2971 quod
1210 2914 1391 2972 postea
1424 2904 1598 2959 Moses
1630 2906 1767 2959 inter
1798 2907 1871 2961 le-

286 3002 385 3057 ges
414 2990 769 3044 recensiturus
796 3002 932 3059 erat,
962 3009 1065 3047 non
1100 2994 1257 3049 licere
1283 3011 1401 3048 cum
1434 2996 1616 3051 eadem
1647 2998 1869 3054 muliere

280 3089 485 3147 patrem
532 3088 587 3134 et
634 3081 797 3134 lilium
849 3097 959 3137 rem
990 3082 1186 3139 habere
1228 3084 1371 3155 (Lee.
1408 3086 1485 3140 18.
1521 3088 1596 3157 8).
1635 3088 1699 3141 Et
1730 3104 1869 3143 uuztc

278 3170 420 3224 istud
447 3171 577 3240 ipse,
611 3171 774 3226 lilium
806 3190 959 3228 suum
984 3175 1326 3246 increpando,
1356 3179 1432 3233 sic
1456 3180 1716 3248 prohibet.
1749 3180 1871 3234 Pol-

279 3260 442 3327 luisti,
473 3263 659 3332 inquit,
691 3275 925 3332 stratum,
968 3266 1263 3323 ascendens
1290 3285 1453 3340 super
1481 3270 1673 3325 lectum
1703 3272 1868 3343 patris

280 3355 378 3408 tui.
414 3355 543 3410 Rem
565 3372 870 3427 pervectam
900 3360 1082 3414 iecisti.
1110 3361 1333 3431 Propter
1355 3363 1455 3417 hoc
1482 3360 1618 3430 quod
1648 3364 1871 3419 ita‘Con-

283 3448 491 3500 tumelia
529 3464 615 3503 tne
658 3448 892 3517 a/fecisti,
923 3452 1051 3505 sicut
1092 3470 1222 3522 aqua
1252 3470 1350 3506 non
1392 3453 1703 3519 e/fervescas.
1749 3455 1866 3510 lnu-

278 3541 387 3597 tilis
406 3542 526 3609 erit,
556 3544 743 3614 inquit,
772 3544 858 3599 ille
883 3554 1103 3600 conatus
1126 3556 1243 3600 tuus
1269 3565 1281 3599 :
1306 3548 1444 3616 quod
1474 3564 1642 3617 neque
1666 3559 1864 3617 patrem

278 3636 557 3701 reveritus,
587 3636 822 3705 polluere
848 3636 964 3705 ejus
988 3638 1180 3691 lectum
1210 3653 1370 3692 ausus
1397 3638 1579 3692 fueris.
1614 3636 1680 3697 Ut
1708 3638 1868 3709 igitur

276 3739 421 3778 nunc.
462 3725 509 3778 in
542 3728 885 3796 sequentibus
924 3729 1356 3797 generationibus
1388 3729 1507 3782 talia
1552 3744 1710 3793 nemo
1741 3730 1865 3782 imi-

277 3822 448 3879 tetur,
485 3826 761 3887 propterea
792 3817 1023 3887 Spiritus
1052 3829 1266 3873 sanctus
1294 3820 1577 3883 ordinavit,
1611 3829 1667 3876 ut
1700 3822 1865 3875 literis

272 3907 677 3963 commendetur
715 3907 827 3962 lucc
857 3913 1161 3964 accusatio:
1206 3920 1261 3965 et
1290 3926 1477 3965 omnes
1506 3912 1595 3981 qui
1644 3914 1865 3968 audiunt

272 3996 587 4050 crudiantur
609 4037 625 4061 ,
656 3998 932 4070 sciantque
962 4000 1242 4057 manifeste
1264 4044 1278 4065 ,
1313 4000 1443 4057 nihil
1488 4004 1739 4074 prodesse
1779 4006 1863 4060 di-

274 4088 537 4159 gnitatem
558 4099 757 4155 natura:
772 4106 1101 4160 concessam,
1120 4093 1219 4147 nisi
1241 4104 1289 4149 et
1308 4095 1595 4149 voluntatis
1612 4098 1862 4154 accedant

274 4190 615 4233 ornamenta.
642 4180 839 4243 Deinde
859 4182 979 4254 quia
1003 4186 1132 4239 satis
1154 4185 1457 4249 traduxerat
1481 4187 1739 4243 nefarium
1766 4191 1865 4243 hoc

270 4283 434 4338 opus,
470 4272 613 4326 venit
638 4272 701 4326 ad
728 4274 1046 4344 Symconetn
1076 4287 1127 4331 et
1154 4277 1303 4332 Levi.
1333 4280 1385 4334 5.
1422 4281 1643 4350 Symeon
1674 4292 1719 4335 et
1744 4282 1865 4335 Let't'

270 4364 648 4431 compleverunt
674 4350 975 4437 ἰηληιίιίιιυι
996 4368 1266 4425 voluntatis
1293 4387 1418 4424 suaz.
1452 4372 1737 4428 Contentio
1765 4390 1862 4429 (‘0-

273 4468 418 4519 rnm,
451 4469 608 4523 quam
656 4467 871 4526 proiitcr
911 4476 1150 4517 sororem
1183 4477 1333 4517 suam
1364 4464 1722 4532 declararunt,
1770 4484 1865 4523 eos

272 4545 328 4599 in
358 4544 666 4614 injusdtiam
698 4548 840 4604 illam
872 4552 1105 4621 impulit.
1144 4554 1344 4611 Deinde
1373 4555 1650 4612 dsclarans
1684 4575 1775 4614 eos
1807 4576 1865 4616 se

271 4636 461 4706 ignaro
490 4653 601 4692 rem
631 4638 833 4705 fecisse,
864 4642 1028 4698 dicit:
1070 4644 1123 4698 6.
1161 4644 1227 4698 In
1264 4648 1529 4701 consilium
1563 4667 1735 4704 eorum
1764 4669 1863 4705 non

272 4728 439 4781 sentiat
465 4728 635 4782 anima
660 4748 789 4797 mea,
817 4742 864 4785 et
898 4735 950 4787 in
990 4747 1116 4788 coetu
1144 4753 1317 4790 eorum
1353 4756 1451 4791 non
1492 4742 1760 4807 ﬁrmentur
1776 4744 1861 4814 je-

270 4833 394 4871 cora
432 4836 558 4873 mea.
589 4821 756 4886 Absit,
790 4824 978 4895 inquit,
1009 4838 1065 4880 ut
1092 4832 1479 4885 communicem
1513 4848 1695 4888 eorum
1735 4851 1864 4890 serr-

273 4911 477 4977 tcntirc,
510 4920 565 4965 et
599 4912 861 4986 obsequar
904 4918 981 4971 eis
1020 4918 1071 4971 in
1122 4921 1185 4973 iis
1225 4937 1345 4991 qua:
1388 4922 1581 4991 injuste
1616 4938 1859 4996 egerunt.

274 4999 411 5064 Quia
444 5000 493 5053 in
524 5005 697 5072 furore
724 5022 812 5058 suo
842 5008 1134 5062 occiderunt
1165 5011 1410 5067 homines.
1450 5013 1860 5083 lrrationaltilis,

273 5090 469 5159 inquit,
500 5090 594 5146 fuit
619 5107 800 5147 eorum
823 5095 1134 5163 indignatio.
1165 5100 1296 5155 Nam
1326 5103 1447 5157 licet
1478 5120 1749 5173 peccasset
1774 5111 1865 5180 Sy-

271 5184 432 5239 cheni
452 5226 470 5251 ,
500 5194 734 5241 attamen
764 5204 866 5242 non
894 5192 1173 5259 Oportebat
1202 5205 1399 5250 tantam
1428 5208 1657 5271 stragem
1691 5200 1866 5258 facere

270 5285 331 5330 ct
350 5289 538 5330 omnes
565 5277 805 5345 perdere.
841 5278 905 5333 Et
936 5282 985 5335 in
1012 5286 1414 5353 concupiscentia
1452 5307 1546 5343 sua
1588 5291 1865 5345 subuentu-

273 5377 452 5419 t-crunt
494 5370 755 5421 taurum‘.
796 5371 983 5426 Filium
1029 5374 1245 5430 Emmor
1293 5378 1377 5432 hic
1418 5382 1699 5451 significat.
1733 5384 1862 5439 Nam

273 5456 398 5527 quia
439 5458 490 5511 itt
530 5457 737 5514 ﬂorenti
767 5474 922 5518 relate
958 5474 1103 5530 erat,
1138 5476 1345 5523 taurum
1384 5486 1505 5525 eum
1555 5476 1863 5529 nominavit.

278 5547 480 5604 Deinde
508 5562 563 5604 ut
585 5551 718 5607 dixit
744 5570 802 5609 ea
833 5572 950 5625 qua:
973 5556 1224 5623 feci-rant,
1247 5562 1406 5616 etiam
1440 5564 1863 5622 tnaledictionern

274 5642 497 5709 Opponit
521 5652 576 5697 et
597 5643 757 5698 dicit:
787 5647 837 5700 'i.
870 5634 1171 5704 Malcdictus
1202 5654 1344 5719 furor
1369 5670 1540 5707 eorum
1563 5697 1575 5718 ,
1607 5660 1723 5725 quia
1751 5678 1865 5729 per-

345 5742 831 5861 :hitliiﬁuﬁhdenmt
873 5762 1104 5815 murum;
1145 5754 1217 5802 sic
1251 5755 1467 5817 Vulgata.
1507 5757 1607 5807 \‘iJ.
1653 5762 1868 5823 ttexapls

406 5826 463 5861 τι.

278 5822 463 5862 nostra.

1282 409 1350 467 IN
1390 408 1543 468 CAP.
1587 407 1743 465 XLIX
1806 403 2045 463 GENES.
2088 406 2314 465 llOlllL.
2358 410 2573 471 LXVII.

3495 419 3601 480 874

2002 526 2148 580 rica:
2184 542 2201 580 :
2228 540 2273 581 et
2300 528 2379 581 ira
2404 544 2599 595 eorum,
2631 530 2751 600 quia
2782 529 3030 587 obdurata
3054 544 3148 589 est.
3185 534 3372 590 Dolum
3398 535 3603 608 signifi-

1998 627 2104 675 cat.
2152 632 2257 686 quo
2304 619 2422 672 illos
2464 619 2963 686 circumvenerunt,
3010 638 3073 678 ac
3109 638 3229 679 eum
3278 625 3404 680 dolo
3450 626 3597 697 ipsos

1997 708 2168 762 adorti
2198 718 2341 762 sunt.
2372 708 2623 763 Pervicax
2653 712 2795 765 enim
2819 752 2835 778 ,
2872 713 3059 783 inquit,
3094 714 3244 770 furor
3273 732 3483 785 eorum,
3514 728 3595 775 too

1997 802 2276 858 mcrarius.
2308 802 2655 870 impetucsus,
2685 806 2892 861 ratione
2919 822 3128 863 carens.
3164 809 3230 863 Et
3278 812 3355 866 ira
3393 829 3591 880 eorum.

1994 891 2114 959 quia
2148 891 2395 944 obdurata
2429 902 2521 946 est.
2552 893 2777 959 Quando
2806 898 2948 951 enim
2975 898 3240 953 Sccintita:
3268 888 3589 970 putaverunt

1994 996 2086 1035 eos
2117 981 2216 1035 sibi
2246 982 2398 1037 valde
2427 985 2649 1049 amicos,
2684 995 2809 1041 tunc
2839 990 2983 1057 gravi
3019 992 3173 1046 ira'et
3206 992 3345 1049 bello
3372 1010 3466 1051 eos
3490 1011 3591 1065 op-

1993 1082 2323 1141 presserunt.
2370 1074 2432 1128 Et
2457 1075 2598 1130 dicto
2628 1092 2813 1131 eorum
2857 1091 3097 1150 pece.-to,
3142 1084 3272 1139 dicit
3301 1096 3354 1141 et
3381 1090 3590 1158 suppli-

1991 1161 2130 1215 cium
2162 1163 2299 1230 quod
2332 1156 2508 1219 luituri
2539 1176 2690 1220 erant
2742 1168 2952 1223 Partiar
2981 1190 3064 1227 eos
3094 1177 3143 1228 in
3174 1175 3355 1239 Jacob,
3398 1156 3592 1235 etitfiso

1990 1252 2244 1306 seminabo
2273 1270 2357 1309 eos
2385 1256 2439 1308 in
2462 1255 2646 1311 Israel.
2681 1259 2903 1329 Ubique,
2935 1264 3122 1333 inqttit,
3152 1266 3377 1337 dispersi
3409 1284 3587 1339 erunt,

1993 1352 2047 1396 ttt
2074 1344 2213 1399 istud
2243 1346 2413 1415 ipsum
2447 1352 2783 1406 mauihstunt
2825 1354 2948 1419 fiat,
2997 1373 3091 1413 eos
3129 1374 3346 1430 propter
3386 1365 3590 1422 facinus

1989 1438 2329 1493 commissum
2363 1440 2411 1495 id
2442 1456 2628 1512 passos
2674 1444 2854 1500 fnis<e.
2889 1450 2941 1503 8.
2968 1448 3129 1511 Juda.
3166 1463 3213 1505 te
3238 1454 3447 1509 laudent
3477 1457 3589 1525 [ra-

1989 1536 2087 1579 tres
2113 1529 2205 1580 tui.
2232 1529 2539 1585 Benedictio
2566 1532 2717 1589 Juda:
2739 1537 2855 1590 data
2887 1541 3107 1609 mystica
3130 1554 3232 1610 est,
3259 1548 3587 1617 pra-signans

1986 1618 2161 1669 omnia
2190 1635 2307 1687 qna-
2334 1621 2398 1674 ad
2431 1620 2699 1678 Christum
2722 1629 2969 1682 attinent.
2994 1632 3156 1696 .Iuda,
3182 1634 3370 1704 inquit,
3400 1648 3448 1691 te
3471 1639 3589 1693 lau-

1985 1705 2104 1760 dent
2149 1708 2333 1777 fratres
2382 1712 2471 1765 tui.
2522 1714 2652 1779 Quia
2703 1731 2765 1771 ex
2816 1717 2914 1772 hac
2946 1721 3082 1774 tribu
3113 1726 3415 1781 exoriturns
3465 1742 3581 1786 emt

1982 1795 2227 1869 Christus
2257 1802 2547 1856 secundum
2580 1804 2994 1873 dis;icnsationis
3013 1814 3295 1879 rationem,
3327 1829 3578 1888 propter-

1981 1901 2043 1941 ea
2072 1888 2267 1957 Spiritu
2300 1902 2487 1947 sancto
2511 1894 2720 1950 afﬂatus
2747 1897 2932 1965 Jacoh,
2958 1902 3198 1970 pr:cdicit
3229 1920 3321 1972 per
3349 1923 3430 1967 ea.
3460 1926 3580 1978 qua:

1984 1978 2033 2031 in
2063 1978 2253 2035 Judam
2280 1983 2551 2051 dicuntur,
2584 2003 2685 2041 non
2718 1989 2888 2043 solum
2923 1991 3242 2049 descensum
3279 1998 3488 2054 Domini
3511 2000 3578 2057 ad

1982 2067 2245 2135 homines,
2270 2074 2361 2128 sed
2387 2084 2437 2135 et
2461 2080 2791 2147 mysterium,
2824 2091 2874 2136 et
2896 2098 3131 2151 crucem,
3155 2097 3208 2141 et
3229 2091 3580 2160 sepulturam,

1981 2169 2034 2213 et
2065 2165 2535 2233 resurrectionem,
2577 2178 2718 2223 etut
2759 2172 2924 2228 semel
2963 2174 3159 2242 dicam,
3194 2182 3392 2235 omnia.
3441 2182 3583 2238 Iuda

1979 2250 2143 2312 enim.
2175 2252 2365 2323 inquit,
2393 2264 2440 2309 te
2466 2258 2673 2313 laudent
2695 2265 2878 2332 fratres
2899 2265 2971 2317 tui
2992 2281 3011 2320 :
3036 2284 3217 2321 manus
3242 2283 3342 2325 tlttl’
3364 2273 3415 2326 in
3440 2284 3580 2345 (ergo

1978 2340 2297 2396 inimicorum
2344 2354 2548 2401 tuorum
2582 2364 2601 2403 :
2643 2361 2691 2403 ct
2732 2354 3018 2410 adorabunt
3062 2368 3110 2412 te
3153 2360 3252 2428 filii
3280 2366 3439 2431 patris
3482 2340 3578 2420 tui.

1978 2429 2177 2497 Quibus
2207 2433 2458 2499 declarat,
2492 2453 2586 2493 eos
2617 2442 2976 2511 subjiciendos
3006 2448 3077 2502 illi
3111 2465 3251 2505 esse.
3282 2429 3337 2507 V9.
3365 2453 3576 2510 Catulus

1978 2521 2134 2575 leonis
2160 2522 2320 2580 Inda.
2365 2526 2444 2581 De
2490 2532 2733 2599 germine,
2766 2535 2843 2601 ﬁli
2885 2538 2974 2600 nti,
3007 2542 3296 2595 ascendisti.
3335 2544 3575 2615 Regnum

1977 2612 2093 2679 ejus
2136 2615 2391 2681 przcdieit.
2424 2620 2648 2689 Semper
2680 2624 2823 2677 enim
2864 2623 3155 2698 Scriptum
3185 2647 3301 2686 mos
3339 2612 3448 2697 est.
3485 2651 3579 2706 per

1979 2700 2198 2771 liguram
2231 2704 2388 2783 hujus
2414 2710 2659 2767 animalis
2692 2716 2892 2784 regiam
2924 2724 3292 2778 auctoritatem
3338 2726 3573 2782 insinua-

1976 2806 2053 2846 re.
2088 2792 2399 2852 Recumbens
2423 2800 2699 2858 dormivisti
2738 2818 2791 2860 ut
2820 2810 2918 2875 leo,
2950 2822 2997 2864 et
3037 2812 3165 2867 sicut
3192 2818 3411 2873 catulus.
3443 2820 3572 2884 Quis

1976 2882 2209 2937 excitabit
2254 2889 2409 2942 eum?
2468 2892 2690 2948 Crucem
2757 2907 2812 2952 ct
2873 2902 3203 2971 sepulturam
3270 2905 3354 2961 hic
3401 2911 3571 2980 signi.

1976 2972 2114 3057 llcat.
2173 2976 2297 3041 Quis
2341 2981 2593 3047 excitabit,
2646 2986 2849 3055 inquit,
2888 2994 3048 3046 eum?
3094 2993 3239 3049 Sicut
3270 2998 3413 3053 enim
3449 2972 3572 3057 leo.

1975 3056 2097 3115 nem
2126 3067 2206 3119 vel
2236 3070 2466 3125 catulum
2510 3073 2863 3135 dormientem
2898 3084 3073 3138 nullus
3102 3088 3262 3143 audet
3301 3093 3568 3161 excitare,

1976 3152 2044 3206 ita
2077 3154 2372 3213 Dormit-isti
2401 3174 2453 3215 ut
2480 3164 2577 3231 leo,
2610 3176 2657 3220 et
2684 3181 2735 3222 ut
2757 3173 2977 3229 catulus.
3007 3174 3132 3241 Quis
3157 3182 3392 3236 excitabit
3423 3186 3575 3245 eum!

1976 3244 2095 3315 Ipse
2142 3252 2283 3305 enim
2337 3265 2415 3308 est
2458 3260 2545 3325 qtti
2592 3261 2762 3316 dicit:
2814 3264 3120 3322 I’otustatcm
3161 3273 3317 3327 habeo
3357 3280 3578 3343 ponendi

1972 3340 2194 3393 animum
2227 3361 2410 3407 nteant,
2459 3358 2505 3400 et
2550 3360 2841 3418 potestatem
2887 3360 3045 3413 habeo
3073 3362 3251 3417 iterum
3300 3368 3576 3431 recipiendi

1972 3446 2079 3523 eam
2109 3431 2287 3523 (loan.
2322 3436 2403 3489 lO.
2453 3438 2562 3509 l8).
2587 3440 2772 3497 Postea
2812 3456 2865 3500 et
2896 3456 3104 3517 tempus
3144 3469 3355 3523 quoque
3400 3458 3575 3513 mani-

1974 3517 2108 3573 feste
2136 3522 2371 3579 declarat
2395 3568 2407 3590 ,
2438 3544 2543 3594 quo
2563 3532 2887 3591 adventnrns
2909 3539 2972 3591 sit
3005 3540 3250 3598 Christus
3278 3548 3571 3606 secundum

1972 3608 2383 3679 dispcnSaIionis
2441 3621 2721 3676 rationem.
2783 3626 2862 3681 l0.
2897 3626 3019 3683 Non
3076 3631 3302 3700 deﬁciet,
3359 3639 3567 3708 inquit,

1972 3702 2205 3773 princeps
2232 3706 2295 3759 de
2320 3705 2481 3774 Juda,
2518 3728 2674 3780 neque
2709 3716 2815 3769 diu:
2850 3718 2913 3770 de
2940 3723 3215 3789 fautoribus
3247 3727 3375 3796 ejus,
3408 3702 3570 3793 donec

1975 3796 2163 3859 veniat,
2194 3799 2273 3849 cui
2300 3802 2572 3867 repositum
2601 3816 2671 3857 est
2700 3823 2719 3860 :
2748 3819 2794 3861 et
2820 3809 2929 3877 ipse
2972 3814 3067 3866 erit
3106 3823 3409 3886 exspectatio
3446 3840 3573 3894 gen-

1972 3886 2120 3942 tium.
2154 3889 2399 3959 Tamdiu,
2432 3895 2631 3965 inquit,
2660 3898 2924 3955 durabunt
2952 3903 3192 3975 Judaiea,
3220 3920 3274 3965 et
3297 3886 3564 3985 principes

1969 3976 2295 4048 Juda‘orum,
2323 3984 2493 4041 donec
2517 3989 2602 4041 ille
2628 3993 2847 4045 venerit.
2872 3994 2934 4047 Et
2960 3995 3265 4067 benedixit,
3290 3976 3566 4062 IDonecIills

1970 4072 2177 4138 venerit,
2210 4077 2291 4126 cui
2311 4078 2583 4145 repositum
2611 4096 2681 4133 est
2706 4098 2724 4134 :
2751 4085 2897 4151 quasi
2925 4084 3083 4152 dicnt,
3122 4088 3215 4145 Ille
3242 4093 3324 4146 cui
3359 4110 3565 4165 praepa-

1972 4169 2142 4216 ratum
2170 4175 2250 4218 est
2276 4182 2495 4236 regnum
2523 4187 2534 4222 :
2572 4183 2849 4241 propterea
2878 4178 2997 4244 Ipse
3024 4188 3097 4231 est
3122 4186 3425 4252 exspectatio
3449 4204 3573 4257 gsn-

1970 4253 2114 4306 tium.
2150 4256 2279 4311 Vide
2308 4262 2574 4327 quomodo
2598 4264 2705 4331 jam
2732 4266 2856 4320 dicit
2877 4268 3037 4323 etiam
3056 4282 3243 4341 gentes
3272 4253 3570 4335 salutcvdo-

1971 4347 2191 4401 nandas.
2221 4348 2286 4401 Et
2311 4350 2417 4419 ipse
2440 4354 2551 4419 erit,
2580 4355 2746 4425 inquit
2774 4366 3083 4428 exspectatio
3112 4367 3357 4435 gentium.
3393 4370 3563 4440 llnjus

1969 4438 2251 4495 adventum
2279 4456 2464 4513 gentes
2490 4458 2822 4519 exspectant.
2854 4454 2937 4507 ll.
2964 4453 3152 4525 Liguns
3182 4460 3249 4511 ad
3281 4462 3423 4514 vitem
3456 4438 3572 4532 pul-

1970 4529 2075 4583 lunt
2102 4548 2270 4599 suum,
2302 4545 2345 4587 et
2369 4538 2436 4587 ad
2465 4538 2720 4605 palmitem
2752 4544 2947 4609 pullum
2976 4548 3135 4601 asina:
3164 4566 3288 4604 sum.
3317 4552 3417 4607 l‘cr
3448 4556 3570 4624 pul-

1973 4623 2079 4677 lum
2107 4625 2296 4678 iterum
2325 4630 2559 4696 gentium
2582 4633 2845 4699 signiﬁcat
2872 4635 3262 4694 adductiouem.
3293 4643 3425 4697 Nam
3450 4623 3572 4715 quia

1970 4718 2151 4773 asinus
2182 4719 2510 4775 iruntundum
2551 4710 2666 4777 crat
2697 4727 2915 4793 animal,
2951 4741 3231 4800 propterea
3262 4735 3429 4792 dicit:
3466 4738 3571 4795 Illa:

1972 4808 2259 4863 immunda:
2304 4823 2489 4881 gentes
2532 4828 2651 4867 eum
2710 4828 2851 4871 tanta
2898 4816 3149 4877 facilitate
3198 4824 3533 4884 adducentur
3563 4872 3577 4895 ,

1970 4902 2118 4969 quasi
2158 4902 2279 4971 quis
2320 4904 2384 4956 ad
2434 4904 2701 4973 piltnitem
2745 4908 2870 4963 vitis
2899 4912 3107 4965 asinam
3147 4914 3365 4985 alliget:
3407 4920 3567 4974 simul

1971 4991 2245 5047 insinuans
2284 5004 2335 5048 et
2382 4997 2659 5063 potestatis
2684 5000 3055 5055 excellentiam
3084 5014 3137 5057 et
3174 5008 3413 5075 gentium
3442 5010 3574 5064 obc-

1972 5084 2245 5140 dientiam.
2265 5088 2464 5157 Magna:
2482 5090 2622 5143 enim
2648 5093 3070 5149 mansuetudinis
3096 5107 3199 5161 eSt,
3226 5099 3367 5167 quod
3390 5101 3572 5157 asinus

1979 5180 2209 5248 patiatur
2233 5196 2292 5235 se
2319 5182 2383 5233 ad
2418 5182 2686 5247 palmitem
2727 5184 2846 5237 vitis
2875 5186 3043 5255 ligari.
3079 5187 3181 5242 Viti
3215 5201 3393 5246 autem
3424 5208 3575 5249 suam

1974 5268 2269 5323 doctrinam
2287 5282 2597 5341 comparat:
2619 5273 2727 5344 Ego
2753 5275 2893 5329 enim
2918 5294 3049 5344 sum,
3076 5279 3263 5349 inquit,
3289 5286 3403 5338 vitis
3432 5301 3567 5351 vera,

1974 5372 2020 5415 et
2046 5374 2188 5432 pater
2208 5380 2347 5417 meus
2376 5366 2603 5435 agricola
2632 5378 2704 5420 est
2750 5367 2932 5438 (Joan.
2964 5371 3048 5426 l5.
3087 5373 3162 5441 l).
3200 5373 3451 5431 Palrnites
3478 5394 3574 5431 an-

1976 5462 2079 5507 tem
2110 5456 2324 5507 vocavit
2356 5457 2765 5513 teneritudinem
2812 5474 3221 5531 prmce,»torum,
3256 5478 3313 5522 et
3350 5466 3576 5525 facilita~

1975 5551 2079 5597 tem
2126 5544 2256 5613 legis
2299 5545 2580 5602 ferenda):
2622 5560 2678 5602 ut
2720 5548 2829 5617 jam
2877 5554 3161 5622 pra-signet
3190 5569 3376 5624 gentes
3410 5563 3576 5622 magis

1974 5636 2215 5689 credulas
2260 5636 2390 5699 fore,
2436 5654 2597 5707 quam
2627 5638 2862 5694 Judzeos.
2895 5642 3101 5697 Larabit
3144 5647 3197 5700 in
3238 5648 3350 5702 vino
3393 5640 3576 5705 stulam

1975 5746 2139 5794 suam,
2174 5740 2223 5782 et
2254 5732 2304 5783 in
2336 5734 2583 5802 sanguine
2611 5749 2720 5787 uete
2748 5736 2987 5789 amictum
3020 5754 3185 5792 suum.

2048 5821 2101 5876 ὅ.
2133 5818 2433 5892 Mysterium
2464 5821 2800 5876 Eucharistia:
2822 5827 3183 5897 prtcsignatur.
3203 5859 3271 5871 -—
3294 5828 3425 5885 Vide
3446 5846 3567 5903 quo-
