4180 6502
660 380 766 439 8Ἱ5

659 516 819 574 modo
854 513 1005 570 nobis
1040 522 1205 569 totum
1245 512 1553 583 mysterium
1597 510 1895 566 insinuavit.
1925 508 2111 566 Sciunt
2140 508 2230 580 qui

661 612 848 669 initiati
878 619 1020 674 sunt,
1049 607 1188 678 quod
1220 605 1419 662 dictum
1445 615 1528 662 est
1552 622 1567 660 :
1599 603 1809 659 Laoabit
1836 605 1887 658 in
1910 603 2023 658 riuo
2048 604 2232 657 stolam

656 701 1043 760 suam..Slolam
1071 708 1198 771 puto
1224 713 1417 769 corpus
1441 696 1569 761 dici,
1597 697 1737 769 quod
1766 704 1984 766 propter
2009 695 2233 764 dispen-

656 795 916 855 sationem
953 791 1094 847 lerre
1123 791 1367 862 dignatus
1389 798 1492 845 est.
1524 787 1723 844 Deinde
1768 797 1825 841 ut
1848 787 2129 858 diligenter
2150 784 2234 840 di-

653 902 770 942 scas
787 886 964 941 vinum
983 884 1109 955 quid
1135 882 1437 955 appellavit,
1462 880 1676 935 subdit:
1705 879 1767 933 Et
1782 879 1835 933 in
1856 882 2102 950 sanguine
2123 893 2231 933 uete

650 977 891 1030 amictum
919 992 1087 1029 suum.
1119 972 1249 1029 Vide
1273 970 1540 1043 quomodo
1568 970 1838 1041 sanguinis
1864 970 2076 1025 nomine
2105 985 2231 1025 cru-

650 1080 768 1124 cem
794 1066 948 1121 uoltis
972 1076 1025 1122 et
1050 1063 1367 1119 occisionem
1398 1061 1677 1132 signiticet,
1707 1071 1764 1117 et
1786 1076 1999 1115 onmem
2026 1070 2231 1132 myste-

654 1159 853 1214 riorum
902 1156 1371 1227 dispensationem.
1424 1153 1506 1208 12.
1552 1152 1890 1209 Jucundiorcs
1936 1154 2069 1209 oculi
2118 1155 2230 1225 ejus

652 1252 764 1304 nino
782 1262 802 1315 ε
821 1260 868 1304 et
882 1248 1200 1302 candidiores
1224 1248 1395 1301 dentes
1411 1246 1518 1318 ejus
1533 1246 1681 1300 lacte.
1703 1246 1799 1301 llic
1825 1246 2047 1316 gloriam
2076 1245 2230 1301 nobis

648 1340 1015 1394 demonstrare
1049 1339 1163 1392 vnit
1187 1353 1283 1409 per
1309 1337 1675 1407 metaphoram
1712 1338 1819 1391 vini
1848 1348 1902 1392 et
1928 1337 2225 1391 oculorum.

654 1430 719 1485 Et
763 1427 1079 1484 candidiores
1108 1429 1279 1483 dentes
1319 1430 1429 1499 ejus
1470 1428 1619 1482 lacte.
1663 1426 1928 1482 Justitiam
1962 1426 2136 1497 signat
2174 1436 2231 1481 et

649 1527 945 1583 claritatem
975 1525 1184 1595 iudicis.
1230 1523 1360 1578 Nam
1394 1538 1487 1592 per
1513 1523 1702 1577 dentes
1727 1531 1780 1576 et
1810 1522 1891 1575 lae
1916 1519 2043 1574 nihil
2081 1518 2225 1573 aliud

651 1616 949 1687 significare
978 1616 1087 1668 vult
1128 1628 1283 1684 quam
1312 1615 1424 1668 fore
1464 1611 1750 1669 candidum
1792 1622 1848 1666 ct
1888 1610 2224 1665 manifestum

645 1708 897 1777 judicium
916 1714 971 1758 ut
986 1713 1067 1759 est
1085 1704 1234 1757 lactis
1251 1713 1305 1758 et
1327 1702 1564 1758 dentium
1584 1702 1835 1757 conditio.
1863 1701 1947 1756 13.
1971 1700 2224 1763 Zabulon,

586 1806 587 1811 ‘
647 1798 834 1866 inquit,
878 1797 928 1849 in
955 1795 1204 1849 maritimo
1240 1794 1497 1861 habitabit,
1540 1805 1587 1848 et
1626 1796 1736 1863 ipse
1777 1794 1918 1863 apud
1959 1792 2225 1846 stationem

646 1888 869 1950 nardum,
914 1895 958 1939 et
998 1886 1289 1940 extendetur
1331 1900 1486 1953 usque
1520 1884 1586 1937 ad
1628 1884 1890 1939 Sidonem.
1920 1881 2050 1937 Vide
2088 1896 2223 1951 quo-

651 1977 811 2031 modo
838 1984 891 2029 et
920 1976 1042 2030 huic
1084 1975 1319 2045 prmdicit
1347 1975 1436 2031 ubi
1467 1974 1789 2029 domicilium
1820 1972 2096 2028 habiturus
2124 1973 2222 2040 sit,

647 2077 698 2123 et
728 2066 869 2136 quod
900 2082 1067 2136 usque
1102 2065 1166 2120 ad
1205 2065 1456 2121 Sidonem
1494 2063 1827 2120 extendetur.
1858 2064 1946 2118 η.
1985 2061 2227 2117 lssachar

644 2158 826 2213 bonum
852 2157 1167 2219 desideravit,
1194 2156 1485 2211 recumbens
1508 2157 1636 2209 inter
1659 2166 1817 2209 sortes
1834 2170 1853 2208 :
1877 2154 1964 2208 l5.
1986 2162 2032 2208 et
2054 2154 2225 2207 uidens

644 2251 860 2319 requiem
895 2247 1031 2318 quod
1054 2248 1206 2311 bona,
1238 2256 1286 2301 et
1320 2257 1504 2300 terram
1542 2246 1677 2315 quod
1707 2246 1929 2315 pinguis,
1958 2244 2224 2315 supposuit

645 2344 907 2396 innueram
934 2358 1079 2405 suum
1106 2343 1173 2395 ad
1204 2340 1559 2405 laborandum,
1600 2349 1647 2392 et
1686 2338 1850 2407 [actus
1877 2349 1948 2391 est
1978 2338 2053 2390 vir
2080 2336 2220 2406 agri-

642 2433 774 2487 rota.
804 2434 1007 2489 Laudat
1044 2433 1185 2488 inulte
1212 2430 1350 2501 quod
1380 2430 1743 2500 operationem
1778 2440 1933 2484 terra:
1966 2430 2216 2499 elegerit,

642 2536 697 2579 ct
726 2514 866 2579 itane
902 2524 1147 2578 munibus
1184 2524 1303 2578 aliis
1345 2522 1651 2592 prmtulerit.
1694 2522 1783 2577 lli.
1823 2519 1937 2574 Dan
1967 2520 2221 2591 judiCabit

644 2617 882 2685 populum
922 2631 1088 2679 suum,
1134 2614 1264 2667 sicut
1300 2620 1347 2667 et
1374 2628 1476 2665 una
1518 2612 1676 2665 tribus
1712 2611 1766 2663 in
1797 2608 1980 2664 Israel.
2022 2612 2106 2665 i7.
2151 2610 2221 2665 Et

644 2710 734 2775 ﬁat
766 2707 879 2760 Dan
904 2723 1107 2775 serpens
1130 2706 1179 2759 in
1201 2705 1301 2772 via,
1327 2706 1547 2759 insidens
1571 2705 1623 2757 in
1651 2705 1847 2769 semita,
1874 2705 2109 2759 mordens
2125 2723 2221 2759 un-

641 2799 813 2868 gulam
854 2798 1003 2869 equi:
1032 2808 1078 2850 et
1097 2796 1245 2850 cadet
1272 2812 1417 2866 eques
1442 2805 1739 2861 retrorsum,
1775 2794 1859 2849 l8.
1897 2796 2111 2850 salutem
2138 2813 2221 2852 ea:-

638 2897 867 2959 spectans
892 2889 1113 2943 Domini.
1147 2888 1369 2958 Dignum
1396 2896 1453 2941 ut
1480 2886 1596 2957 quis
1624 2886 1918 2942 admiretur
1946 2898 2000 2943 et
2025 2889 2217 2944 obstu-

638 2991 834 3051 peseat,
860 2981 1122 3051 quomodo
1146 2980 1317 3050 justus
1339 2979 1425 3035 ille
1445 2980 1609 3035 oculis
1635 2981 1856 3052 spiritus
1874 2984 2049 3037 omnia
2076 2999 2213 3053 pra-

638 3074 843 3137 videns,
876 3074 995 3128 tiiiis
1019 3074 1129 3127 suis
1151 3073 1524 3143 praenuntiam
1539 3072 1580 3128 it
1603 3074 1728 3143 quid
1752 3076 2032 3145 unicuique
2055 3092 2221 3132 even-

638 3176 810 3219 turum
836 3167 940 3218 sit:
973 3180 1090 3219 nam
1113 3164 1271 3220 etiam
1300 3164 1386 3218 illa
1415 3179 1533 3232 qua:
1564 3175 1680 3234 post
1710 3167 1932 3221 multum
1962 3169 2216 3238 temporis

637 3256 808 3309 futura
839 3264 963 3309 sunt
1006 3255 1262 3325 przedieit.
1294 3254 1381 3311 l9.
1423 3254 1555 3319 God,
1596 3258 1801 3311 latitatio
1831 3258 2036 3311 tentabit
2066 3274 2216 3325 cuin;

634 3350 742 3417 ipse
781 3356 944 3401 autem
971 3347 1175 3400 tentabit
1213 3346 1358 3400 illum
1396 3347 1464 3398 ad
1502 3346 1672 3415 pedes.
1700 3346 1770 3401 ‘20
1821 3347 1964 3410 Aser,
2013 3350 2217 3419 pinguis

631 3442 740 3510 ejus
762 3441 928 3509 panis,
958 3448 1003 3492 et
1040 3439 1145 3508 ipse
1178 3438 1318 3492 dabit
1345 3438 1509 3492 cibum
1546 3438 1881 3508 principibus.
1908 3440 1997 3495 2|.
2031 3439 2214 3511 Neph-

632 3532 829 3595 tltalim,
862 3528 1134 3601 virgultum
1165 3529 1461 3595 resolutum,
1491 3530 1620 3582 dans
1647 3531 1700 3583 in
1728 3532 1951 3599 germine
1982 3534 2212 3602 pulchri-

633 3623 875 3675 tudinem.
923 3621 989 3675 Et
1029 3621 1151 3691 quia
1197 3621 1376 3690 paucis
1420 3622 1612 3674 transit
1655 3622 1802 3686 illos,
1836 3625 1979 3676 venit
2018 3639 2211 3679 conse-

632 3724 853 3782 quenter
878 3712 943 3767 ad
976 3711 1196 3783 Joseplt,
1236 3723 1290 3767 et
1314 3714 1387 3767 ait
1416 3732 1429 3767 :
1474 3714 1564 3766 22.
1606 3714 1797 3783 Joseph
1838 3715 1977 3783 [ilius
2011 3728 2209 3777 auctus,

632 3807 903 3859 invidiosus
923 3819 943 3857 :
968 3803 1159 3873 Joseplt
1187 3805 1325 3871 ﬁlius
1349 3814 1543 3868 auctus,
1570 3806 1706 3875 [ilius
1746 3823 1882 3860 meus
1896 3808 2095 3876 junior.
2130 3808 2213 3863 lu-

634 3899 888 3963 vidiosus,
914 3896 1097 3965 inquit.
1122 3896 1289 3951 lat-tus
1307 3898 1443 3951 esab
1460 3897 1587 3967 ipsis
1605 3898 1782 3952 initiis.
1800 3899 1888 3953 23.
1913 3900 2071 3965 Quem
2092 3918 2210 3955 con-

628 3988 741 4043 silio
768 3988 1137 4041 communicato
1158 3988 1395 4041 conuiciis
1424 3989 1746 4062 incesserunt.
1777 3990 2019 4044 Fratmm
2048 3994 2212 4063 signi-

632 4077 751 4133 licat
787 4076 1233 4147 conspirationem
1270 4085 1454 4132 contra
1494 4094 1636 4132 eum.
1683 4080 1747 4134 Et
1779 4080 1830 4134 id
1871 4083 2010 4151 quod
2048 4098 2207 4154 supra

628 4170 834 4225 dicebat
862 4171 1155 4240 Scriptura,
1185 4187 1277 4225 eos
1303 4173 1523 4227 crimine
1555 4176 1693 4227 malo
1726 4175 1775 4230 dt
1797 4178 1978 4232 tulisse
2006 4177 2204 4248 .lnscplt

628 4258 763 4328 apud
793 4268 993 4330 patrem
1023 4275 1176 4313 suum
1204 4260 1351 4331 (lien.
1384 4262 1472 4313 57.
1503 4262 1581 4331 ἓ),
1610 4266 1707 4318 Ιιιιε
1731 4266 1827 4319 iste
1850 4266 1974 4320 dicit
2002 4285 2014 4320 :
2043 4266 2203 4331 Quem

626 4352 985 4405 communicato
1021 4352 1231 4405 consilio
1267 4353 1500 4407 conviciis
1527 4354 1852 4422 incesserunt,
1900 4370 1942 4410 et
1978 4358 2208 4413 intende-

624 4442 743 4496 bant
777 4445 828 4497 in
864 4461 974 4498 eum
1003 4446 1194 4499 domini
1231 4447 1626 4517 sagittationum.
1651 4447 2057 4519 Sangniuarium
2087 4451 2205 4505 illo-

626 4550 742 4589 rum
766 4536 1024 4607 signilicat
1049 4539 1304 4592 animum.
1330 4538 1415 4593 ἓξ.
1450 4537 1516 4592 Et
1541 4542 1741 4595 contriti
1768 4551 1884 4595 sunt
1908 4559 2022 4596 cum
2053 4544 2201 4614 forti-

630 4626 799 4680 tudine
826 4643 971 4680 arcus
998 4644 1187 4681 carum.
1223 4628 1351 4683 Vide
1378 4631 1643 4699 quomodo
1673 4642 1948 4704 postquam
1980 4634 2113 4690 dixit
2138 4651 2199 4692 ea

626 4735 743 4788 quae
779 4728 965 4774 contra
997 4718 1195 4789 losqdr
1236 4731 1582 4787 attentarunt,
1626 4724 1753 4779 dicit
1792 4738 1845 4780 et
1878 4742 1939 4781 ca
1969 4743 2086 4797 qua:
2122 4729 2202 4783 eis

625 4814 975 4879 cmuigcrunt.
1006 4812 1217 4866 (Iontriti
1233 4818 1398 4879 enim,
1428 4815 1617 4883 inquit,
1645 4833 1793 4871 arcus
1812 4834 2001 4881 eorum,
2025 4830 2071 4874 et
2096 4821 2198 4876 dis-

622 4904 771 4957 soluti
800 4914 917 4957 sunt
958 4906 1091 4957 uerri
1119 4906 1433 4960 brachiorum
1463 4923 1702 4962 manuum
1730 4925 1923 4963 eorum.
1950 4910 2051 4979 Ipsi
2074 4912 2194 4981 qui-

622 4994 741 5047 dem
764 4994 1005 5048 occidere
1035 5004 1085 5049 te
1112 4996 1284 5051 conati
1310 5006 1451 5059 sunt,
1476 5007 1529 5053 et
1554 5008 1805 5068 quantum
1829 5016 1889 5053 ex
1923 5001 2048 5069 ipsis
2072 5016 2200 5070 pcn-

622 5086 800 5150 ιΙιηοὺτιι,
829 5100 988 5154 opere
1017 5088 1371 5157 complessent
1405 5106 1419 5143 :
1459 5089 1550 5143 sed
1590 5100 1643 5145 et
1667 5106 1821 5145 arcus
1850 5107 2034 5145 eorum
2061 5107 2196 5147 con-

623 5180 729 5233 triti
761 5190 903 5241 sunt,
928 5187 979 5234 et
1008 5180 1247 5235 dissoluti
1278 5191 1399 5237 sunt
1426 5197 1608 5236 eorum
1642 5183 1806 5237 nervi.
1836 5182 1922 5239 Sic
1948 5184 2089 5239 enim
2116 5186 2195 5240 eis

617 5271 825 5332 accidit,
859 5272 1069 5338 quando
1091 5272 1371 5328 audierunt
1397 5272 1594 5342 .iosepit
1625 5274 1887 5329 dicentem
1916 5292 1927 5329 :
1953 5274 2064 5344 Ego
2082 5294 2192 5330 sum

620 5366 771 5427 {mter
815 5372 970 5413 vester
1005 5361 1225 5432 Ioseph,
1273 5380 1417 5435 quem
1462 5366 1748 5418 vendidistis
1793 5367 1843 5417 in
1911 5366 2193 5439 .IEgyptum

616 5455 769 5516 (Gen.
821 5453 911 5507 45.
951 5455 1030 5521 5).
1058 5454 1205 5512 Tunc
1239 5457 1402 5522 enim,
1438 5467 1563 5511 tunc
1606 5458 1835 5513 maxime
1871 5460 2027 5513 soluti
2066 5471 2191 5515 sunt

616 5543 759 5596 n-rvi
806 5560 1023 5610 eorum,
1074 5545 1172 5599 Per
1212 5565 1415 5602 manum
1444 5550 1659 5617 potentis
1697 5548 1876 5603 Jacob.
1921 5550 2008 5606 9.5.
2060 5550 2191 5605 Inde

615 5634 697 5694 qui
724 5634 1059 5689 corroborari!
1100 5636 1263 5692 Israel
1288 5655 1319 5691 a
1346 5638 1474 5693 Deo:
1495 5641 1650 5707 patris
1684 5642 1755 5693 tui
1774 5682 1787 5700 ,
1820 5651 1867 5693 et
1905 5644 2099 5712 adjuvit
2140 5655 2188 5698 te

618 5721 749 5776 Deus
769 5741 925 5779 uirus.
949 5728 1044 5792 Qui
1071 5727 1307 5783 dissolvit
1328 5743 1512 5785 eorum
1544 5744 1753 5794 nervos,
1781 5732 1969 5801 inquit,
1998 5744 2185 5802 potens

608 5825 707 5869 est.
728 5812 843 5885 lpsc
857 5819 983 5870 enim
1001 5819 1188 5890 adjurit
1202 5830 1249 5875 te
1262 5820 1401 5877 Deus
1418 5836 1571 5876 meus.
1594 5820 1723 5879 \‘idc
1740 5840 2041 5895 germanam
2055 5827 2184 5896 justi

1392 376 1451 434 S.
1489 374 1765 434 JOANNIS
1799 372 2272 433 CIIRYSOSTOMI
2311 374 2633 434 AllClliEP.
2672 377 3211 441 CONSTANTINOP.

3829 392 3926 451 576

2343 501 2467 559 erga
2499 489 2778 547 Dominum
2806 492 3166 561 dilectionem,
3187 495 3456 568 quomodo
3480 497 3628 555 orbis
3654 499 3929 558 Domitiana

2340 591 2493 633 suum
2516 595 2637 637 esse
2661 582 2823 637 Deum
2840 583 3001 652 dicat,
3023 600 3127 641 non
3146 586 3469 645 Concludens
3488 590 3606 661 ejus
3617 591 3929 662 daminium,

2330 664 2513 742 neque
2529 675 2607 743 pri
2615 689 2743 730 rans
2756 690 2876 731 enm
2896 687 3155 748 potestate
3170 681 3479 751 universali,
3490 684 3582 740 sed
3598 700 3754 741 suum
3766 686 3932 761 decla-

2340 780 2466 819 rans
2481 782 2739 824 amorem.
2761 769 2826 824 Et
2855 772 3105 827 benedixit
3120 774 3211 828 tibi
3221 774 3566 832 benedictione
3582 778 3695 833 ccli
3712 795 3743 834 e
3758 796 3934 851 super-

2337 855 2437 911 nis.
2458 855 2570 911 Non
2588 858 2781 924 solum,
2808 860 2996 933 inquit,
3016 861 3215 934 adjuvit
3235 872 3308 932 te,
3325 864 3421 922 sed
3433 876 3484 922 et
3504 864 3773 923 Benedizit
3790 880 3838 925 te
3852 867 3934 924 bs-

2337 947 2619 1003 nedictione
2633 960 2779 1005 terra
2797 953 2968 1006 omnia
2981 954 3300 1020 continentis,
3322 967 3528 1026 propter
3541 958 3931 1015 benedictionem

2337 1036 2545 1092 uberum
2573 1050 2620 1093 et
2648 1041 2829 1110 multa,
2855 1043 2945 1099 26.
2972 1044 3365 1101 benedictionem
3392 1048 3552 1117 patris
3578 1051 3656 1103 tui
3680 1060 3729 1104 et
3757 1055 3931 1107 matris

2336 1139 2453 1184 tum.
2480 1129 2754 1187 (immutuit
2780 1134 3205 1193 benedictionibus
3221 1140 3464 1193 montium
3481 1140 3770 1209 ﬁrmarunt,
3788 1154 3833 1196 et
3854 1144 3900 1194 at.
3917 1173 3944 1184 -

2334 1223 2533 1280 sideriis
2558 1227 2764 1281 collium
2793 1239 3116 1285 a'ternorum.
3142 1232 3243 1287 Per
3258 1233 3427 1289 colles
3445 1244 3679 1291 azternos
3704 1238 3927 1309 gloriam

2334 1324 2388 1367 et
2434 1316 2789 1385 mznjestatem,
2826 1316 2887 1374 et
2933 1335 3155 1391 regnum
3195 1322 3413 1399 λεωριί
3449 1338 3589 1396 :per
3621 1337 3837 1384 mutes
3875 1339 3922 1385 et

2333 1413 2519 1476 (aniles.
2561 1415 2941 1472 sublimitatem
2986 1426 3039 1472 et
3078 1417 3440 1475 fortitudinem
3477 1419 3740 1493 designat.
3783 1433 3838 1479 et
3874 1423 3931 1479 in

2332 1517 2601 1561 summum
2631 1508 2894 1578 fastigium
2922 1511 3245 1579 principatus
3270 1523 3512 1567 erectum
3537 1528 3660 1568 esse
3687 1514 3775 1569 hic
3802 1515 3919 1569 insi-

2334 1608 2479 1651 nuat.
2517 1598 2616 1654 Ila:
2646 1602 2801 1665 enim,
2839 1601 3029 1671 inquit,
3062 1604 3432 1659 benedictiones
3460 1617 3606 1659 erum
3645 1623 3803 1677 super
3841 1624 3921 1661 ra-

2332 1701 2422 1757 pnt
2454 1688 2668 1759 Joseph,
2698 1702 2745 1745 et
2778 1692 2829 1746 in
2862 1693 3041 1747 uertice
3066 1696 3303 1762 fratrum,
3336 1711 3548 1766 quomm
3576 1698 3685 1752 dua:
3710 1709 3804 1752 est.
3836 1697 3922 1752 lla;

2329 1780 2553 1844 scilicet,
2580 1782 2767 1851 inquit,
2792 1781 3191 1839 benedictiones
3212 1794 3372 1839 erunt
3390 1799 3555 1854 super
3573 1796 3731 1858 caput
3753 1797 3919 1843 tuum.

2328 1870 2418 1924 9.7.
2445 1869 2717 1942 Benjamin
2746 1874 2897 1945 lupus
2924 1891 3109 1945 rapax,
3143 1893 3291 1931 mane
3310 1878 3555 1943 comedet,
3590 1891 3637 1933 et
3659 1880 3729 1932 ad
3747 1896 3919 1949 νίψει

2329 1983 2438 2019 ram
2476 1967 2737 2021 distribuet
2774 1985 2960 2024 escam.
2989 1969 3055 2024 Et
3083 1970 3168 2025 hic
3204 1970 3489 2040 praesiguat
3513 1972 3563 2027 ei
3592 1970 3734 2045 quod
3766 1972 3921 2039 longe

2331 2066 2451 2126 post
2481 2065 2719 2128 tempore
2744 2057 2980 2115 futurum
3007 2070 3141 2125 erat,
3175 2070 3226 2115 et
3250 2062 3390 2132 quod
3416 2073 3753 2132 grassaturas
3779 2076 3922 2122 esset

2328 2147 2466 2202 sicut
2509 2150 2664 2218 lupus
2704 2150 2937 2220 rapiens,
2969 2150 3222 2207 occidens
3253 2159 3307 2206 et
3350 2152 3631 2208 innumera
3662 2154 3800 2208 ninia
3844 2159 3923 2211 la-

2327 2242 2495 2295 ciens.
2517 2241 2779 2309 Quoniam
2801 2250 2981 2297 autem
3006 2243 3254 2297 omnibus
3283 2242 3405 2297 tiliis
3440 2254 3799 2315 congruentes
3832 2247 3927 2303 lte-

2327 2331 2656 2387 nedictioues
2681 2334 3038 2403 pra-signavit,
3067 2332 3158 2389 28.
3196 2332 3259 2387 Et
3290 2334 3561 2401 benedixit,
3592 2335 3784 2407 inquit,
3810 2336 3924 2392 sitt-

2320 2424 2459 2493 gulis
2476 2424 2630 2492 juxta
2668 2422 3056 2478 benedictionem
3095 2442 3261 2487 suam,
3303 2443 3402 2495 qua
3443 2427 3767 2482 benedixerat
3807 2429 3917 2484 eis:

2330 2516 2430 2573 hoc
2452 2516 2557 2582 est,
2590 2517 2872 2588 unicuique
2899 2517 3217 2588 praedicebat
3236 2534 3356 2588 qua:
3375 2518 3617 2585 decebat,
3649 2530 3703 2575 et
3724 2536 3842 2591 qua:
3863 2522 3915 2577 iu

2327 2623 2641 2680 unaquaque
2674 2608 2812 2664 tribu
2841 2620 3097 2664 eventum
3126 2619 3307 2666 essent
3334 2612 3599 2680 pnndisit.
3630 2612 3912 2683 Postquam

2324 2711 2503 2756 autem
2529 2701 2794 2756 ordinavit
2820 2715 2881 2756 ea
2905 2716 3023 2771 qua:
3046 2716 3077 2754 a
3103 2701 3306 2771 Spiritu
3330 2702 3427 2772 ipsi
3458 2703 3771 2773 pnesiguata
3798 2704 3916 2760 lue-

2324 2802 2465 2858 rant,
2497 2793 2628 2847 dicit
2664 2794 2779 2847 eis:
2821 2792 2909 2848 9.9.
2942 2791 3052 2862 Eyo
3090 2809 3323 2862 apponor
3348 2794 3418 2846 ad
3442 2795 3689 2864 popula»;
3727 2811 3912 2861 circum,

2322 2896 2369 2939 et
2405 2886 2654 2956 sepelietis
2680 2901 2758 2938 me
2784 2902 2899 2941 cum
2923 2884 3149 2953 patribus
3171 2885 3314 2938 meis.

2391 2978 2444 3032 4.
2481 2976 2610 3031 Vide
2638 2976 2907 3046 quomodo
2933 2991 3029 3046 per
3056 2974 3364 3030 mandatum
3393 2973 3496 3029 lioc
3523 2976 3808 3030 unanimam
3831 2976 3907 3032 cis

2320 3067 2741 3123 consolationem
2784 3066 2991 3122 allerat.
3038 3065 3466 3123 Considerabaut
3502 3067 3684 3133 cuiius,
3710 3069 3909 3137 justum

2324 3159 2425 3214 hoc
2450 3174 2557 3212 non
2601 3158 2975 3213 mandaturum
3021 3158 3215 3221 fuisse.
3264 3158 3367 3213 nisi
3406 3158 3626 3213 omnino
3667 3161 3911 3215 Scivisset

2322 3250 2550 3305 reditum
2583 3248 2819 3320 ipsorum
2846 3248 3119 3312 futurum,
3152 3258 3206 3303 et
3241 3248 3547 3303 liberandos
3588 3264 3649 3305 se
3685 3266 3718 3304 a
3749 3250 3911 3305 servi-

2320 3350 2432 3395 tute
2461 3340 2698 3412 Egypti.
2736 3340 2923 3394 Postea
2955 3354 3165 3409 quoque
3189 3340 3361 3393 locum
3392 3340 3636 3397 nominat
3665 3356 3677 3392 :
3708 3338 3773 3393 In
3799 3356 3909 3411 spc-

2316 3430 2489 3494 ειπερ,
2528 3431 2693 3501 inquit
2715 3471 2730 3495 ,
2753 3446 2868 3497 ante
2892 3440 2965 3484 est
2989 3432 3043 3483 in
3068 3446 3193 3500 agro
3220 3428 3434 3500 Epist-ou
3456 3430 3688 3485 Chetta’i.
3721 3432 3809 3487 53.
3846 3430 3907 3486 Et

2316 3534 2370 3575 ut
2399 3524 2503 3577 Iun
2532 3523 2689 3589 dixit,
2719 3523 2929 3577 cessauit
2973 3523 3221 3592 imperare
3250 3524 3372 3593 [iliis
3394 3526 3518 3577 suis.
3546 3521 3614 3577 Et
3638 3524 3906 3580 subleuauit

2314 3616 2476 3669 Jocob
2504 3617 2656 3685 pedes
2684 3632 2802 3670 suos
2830 3632 2981 3683 super
3002 3616 3185 3670 lectum
3202 3657 3217 3680 ,
3252 3628 3297 3669 et
3328 3617 3544 3684 defecit,
3570 3629 3617 3670 et
3645 3619 3904 3687 appositus

2315 3718 2387 3762 est
2414 3708 2484 3762 ad
2509 3709 2753 3777 populum
2779 3725 2948 3762 suum.
2970 3708 3098 3762 Vide
3123 3720 3350 3762 mortem
3369 3708 3496 3777 justi
3524 3708 3687 3763 etiam
3715 3724 3903 3780 magia)

2316 3800 2573 3854 miraculo
2621 3800 2852 3869 plenam.
2904 3799 3036 3854 Nam
3082 3810 3360 3869 postquam
3406 3801 3692 3872 imperavit
3730 3802 3903 3872 pueris

2316 3892 2448 3957 suis,
2482 3890 2769 3946 Subleoavit
2796 3892 2946 3963 pedes
2969 3893 3023 3946 in
3047 3894 3231 3946 lectum
3269 3908 3439 3960 suum,
3471 3895 3621 3964 quasi
3652 3910 3774 3950 cum
3806 3911 3900 3949 vo-

2316 3984 2516 4055 luptate
2548 4001 2661 4041 rem
2688 3988 2967 4056 reciperet.
3018 3985 3093 4041 ita
3142 3985 3376 4056 impletis
3416 3987 3699 4053 omnibus,
3740 3988 3902 4044 Pedes

2312 4080 2516 4133 sustulit
2544 4095 2563 4133 :
2595 4079 2697 4133 hoc
2722 4089 2826 4145 est,
2859 4080 3045 4150 planos
3073 4090 3126 4135 et
3156 4088 3330 4134 rertos
3357 4077 3502 4140 fecit.
3534 4091 3588 4135 et
3614 4080 3853 4137 extendit
3881 4099 3896 4135 :

2312 4163 2533 4243 Defecit,
2565 4171 2665 4225 hoc
2688 4182 2790 4235 est,
2826 4171 2996 4225 ﬁnivit
3018 4171 3201 4236 vitam,
3240 4170 3303 4224 Et
3330 4172 3595 4242 appositus
3619 4184 3694 4227 est
3723 4175 3791 4226 ad
3810 4189 3900 4244 po-

2310 4264 2487 4331 pulum
2514 4280 2681 4317 suum.
2716 4265 2765 4318 l.
2801 4262 2866 4317 Et
2906 4264 3080 4317 recidit
3117 4262 3307 4334 Ioseph
3350 4280 3505 4333 super
3532 4264 3713 4334 [aciem
3742 4269 3901 4337 patris

2309 4356 2407 4419 sui,
2432 4365 2479 4409 et
2505 4356 2640 4424 [lenit
2660 4372 2813 4421 super
2833 4372 2963 4418 eum,
2984 4365 3030 4408 et
3056 4356 3309 4409 osculatus
3333 4365 3405 4409 est
3421 4371 3533 4408 eum
3565 4356 3754 4427 (Caput
3782 4357 3896 4415 50).

2311 4446 2502 4502 Vidisti
2546 4447 2638 4502 lilii
2665 4448 3053 4504 dilectionem?
3102 4447 3275 4502 vidisti
3323 4448 3541 4518 ignitam
3576 4452 3899 4506 caritatem?

2308 4539 2375 4595 Et
2402 4550 2521 4609 post
2549 4541 2742 4595 animae
2768 4555 3037 4597 recessum
3078 4540 3278 4596 Recidit
3304 4541 3499 4611 Joseplt
3537 4559 3693 4614 super
3716 4548 3897 4615 faciem

2305 4635 2416 4704 ejus
2438 4674 2455 4701 ,
2486 4644 2533 4689 et
2559 4635 2813 4689 osculatus
2836 4644 2909 4689 est
2928 4677 2944 4700 ,
2982 4643 3027 4688 et
3060 4634 3196 4704 ﬂevit
3224 4650 3376 4707 super
3399 4651 3477 4689 eo.
3508 4635 3601 4690 His
3628 4636 3783 4692 lactis
3801 4638 3894 4693 Jn.

2306 4730 2435 4798 sepli
2465 4743 2583 4799 quin
2626 4744 2655 4781 a
2702 4738 2851 4798 patre
2881 4727 3128 4782 mandata
3160 4737 3314 4783 enauit
3338 4730 3556 4798 exsequi
3584 4732 3813 4786 curavit.
3839 4734 3892 4787 ι

2307 4818 2372 4873 Et
2400 4836 2521 4873 mox
2552 4821 2806 4875 mandavit
2832 4821 3214 4891 pollinctoribus
3239 4861 3254 4883 ,
3298 4830 3352 4872 ut
3396 4822 3663 4889 sepelirent
3702 4835 3894 4893 patrem

2302 4926 2466 4964 suum.
2498 4911 2550 4964 ὅ.
2585 4909 2649 4963 Et
2676 4911 2782 4977 ipse
2803 4911 3003 4981 quidem
3026 4910 3361 4981 quadraginta
3389 4912 3597 4978 diebus,
3632 4912 3893 4986 ﬁgyptus

2303 5014 2471 5057 autem
2494 5004 2815 5072 septuaginta
2845 5003 3017 5057 diebus
3036 5020 3149 5056 eum
3171 5004 3319 5058 luxit.
3356 5004 3420 5059 Et
3444 5016 3730 5076 postquam
3750 5008 3890 5078 iusta

2302 5096 2479 5150 oumia
2508 5096 2774 5164 persoluta
2806 5104 2949 5160 sunt,
2980 5095 3295 5167 signiﬁcavit
3318 5097 3606 5160 Piiararmi.
3635 5110 3689 5157 et
3717 5101 3782 5155 iis
3802 5102 3888 5171 qui

2298 5202 2419 5242 cum
2446 5201 2512 5241 eo
2538 5193 2723 5250 erant,
2764 5202 2882 5257 qua:
2925 5188 2996 5241 illi
3027 5196 3179 5258 pater
3202 5187 3378 5244 adhuc
3414 5192 3566 5246 vivus
3593 5189 3887 5247 demanda-

2300 5288 2398 5340 rat,
2428 5286 2482 5331 et
2504 5277 2639 5331 dixit
2670 5295 2682 5331 :
2715 5278 2768 5333 5.
2798 5278 3064 5343 Adiurarit
3091 5295 3169 5331 me
3198 5291 3339 5345 pater
3364 5297 3502 5333 meus
3526 5321 3542 5344 ,
3575 5284 3750 5337 dicens
3774 5300 3793 5338 :
3824 5284 3885 5337 In

2296 5368 2559 5437 sepulcro,
2586 5367 2721 5437 quod
2745 5370 2851 5438 [odi
2876 5368 3001 5421 mihi
3027 5369 3079 5423 in
3104 5380 3237 5424 terra
3264 5370 3545 5437 Chanaan,
3579 5373 3685 5427 illic
3707 5392 3787 5427 me
3802 5392 3885 5430 se-

2296 5462 2469 5532 pelies.
2487 5458 2643 5513 Nunc
2665 5459 2817 5529 igitur
2838 5461 3127 5523 ascendam,
3151 5470 3197 5513 et
3217 5460 3457 5529 sepeliam
3479 5472 3673 5532 patrem
3697 5482 3879 5531 meum,

2294 5566 2339 5608 et
2370 5552 2558 5607 redibo.
2589 5550 2817 5622 Equum
2840 5568 2871 5607 e
2902 5561 2953 5614 t.
2999 5554 3187 5623 inquit,
3215 5565 3270 5606 ut
3290 5568 3409 5623 qua:
3435 5555 3502 5608 ab
3528 5570 3595 5611 eo
3620 5568 3882 5630 pnrcrpta

2292 5654 2437 5709 sunt,
2470 5647 2717 5715 impleam
2766 5644 2870 5715 ,ΒΙιί
2904 5646 3062 5715 igitur
3085 5659 3145 5699 ca
3178 5645 3356 5699 fecero
3384 5661 3503 5717 qum
3525 5647 3764 5715 jusserit.
3794 5666 3880 5705 re-

2294 5736 2436 5791 dibo.
2468 5734 2587 5789 Ha-c
2612 5746 2667 5789 ut
2687 5736 2851 5791 audiit
2874 5776 2889 5800 ,
2924 5736 3163 5805 pt‘t‘tuisit
3194 5736 3419 5791 Pharao.
3448 5738 3498 5791 7.
3530 5735 3598 5792 Et
3625 5742 3875 5804 ascendit,

2292 5826 2482 5898 inquit,
2509 5827 2697 5898 Ioseph
2726 5840 2776 5884 ut
2802 5846 2875 5901 se;
2893 5829 3032 5884 t'liret
3057 5841 3249 5902 patrem
3271 5846 3439 5888 stium.
3463 5841 3508 5886 et
3533 5832 3687 5887 simu
3705 5849 3869 5889 esset
