  <div class='ocr_page' id='page_1' title='image "/cluster/home/n/w/nwhite01/storage/ocr_20150623/54/uva.x004108763/208.png"; bbox 0 0 4134 6476; ppageno 0'>
   <div class='ocr_carea' id='block_1_1' title="bbox 349 472 459 531">
    <p class='ocr_par' dir='ltr' id='par_1_1' title="bbox 349 472 459 531">
     <span class='ocr_line' id='line_1_1' title="bbox 349 472 459 531; baseline 0.036 -3"><span class='ocrx_word' id='word_1_1' title='bbox 349 472 459 531; x_wconf 73' lang='grc'><strong>677</strong></span> 
     </span>
    </p>
   </div>
   <div class='ocr_carea' id='block_1_2' title="bbox 328 586 1921 658">
    <p class='ocr_par' dir='ltr' id='par_1_2' title="bbox 328 586 1921 658">
     <span class='ocr_line' id='line_1_2' title="bbox 328 586 1921 658; baseline 0.001 -20"><span class='ocrx_word' id='word_1_2' title='bbox 328 586 513 641; x_wconf 82' lang='lat' dir='ltr'><strong>derunt</strong></span> <span class='ocrx_word' id='word_1_3' title='bbox 536 602 652 640; x_wconf 83' lang='lat' dir='ltr'><strong>cum</strong></span> <span class='ocrx_word' id='word_1_4' title='bbox 688 601 747 640; x_wconf 89' lang='lat' dir='ltr'><strong>eo</strong></span> <span class='ocrx_word' id='word_1_5' title='bbox 788 602 961 642; x_wconf 88' lang='lat' dir='ltr'><strong>omnes</strong></span> <span class='ocrx_word' id='word_1_6' title='bbox 1006 588 1135 642; x_wconf 74' lang='lat' dir='ltr'><strong>serti</strong></span> <span class='ocrx_word' id='word_1_7' title='bbox 1184 587 1493 642; x_wconf 75' lang='lat' dir='ltr'><strong>Pharaonis.</strong></span> <span class='ocrx_word' id='word_1_8' title='bbox 1525 588 1579 643; x_wconf 88' lang='lat'><strong>8.</strong></span> <span class='ocrx_word' id='word_1_9' title='bbox 1622 586 1692 641; x_wconf 82' lang='lat' dir='ltr'><strong>Et</strong></span> <span class='ocrx_word' id='word_1_10' title='bbox 1727 604 1921 658; x_wconf 77' lang='lat' dir='ltr'><strong>cogna-</strong></span> 
     </span>
    </p>
   </div>
   <div class='ocr_carea' id='block_1_3' title="bbox 328 674 1922 751">
    <p class='ocr_par' dir='ltr' id='par_1_3' title="bbox 328 674 1922 751">
     <span class='ocr_line' id='line_1_3' title="bbox 328 674 1922 751; baseline 0.006 -26"><span class='ocrx_word' id='word_1_11' title='bbox 328 674 512 729; x_wconf 88' lang='lat' dir='ltr'><strong>tionem</strong></span> <span class='ocrx_word' id='word_1_12' title='bbox 536 718 551 742; x_wconf 94' lang='lat'><strong>,</strong></span> <span class='ocrx_word' id='word_1_13' title='bbox 582 687 627 731; x_wconf 89' lang='lat' dir='ltr'><strong>et</strong></span> <span class='ocrx_word' id='word_1_14' title='bbox 656 678 801 733; x_wconf 83' lang='lat' dir='ltr'><strong>boves</strong></span> <span class='ocrx_word' id='word_1_15' title='bbox 830 690 876 734; x_wconf 93' lang='lat' dir='ltr'><strong>et</strong></span> <span class='ocrx_word' id='word_1_16' title='bbox 905 696 1018 734; x_wconf 87' lang='lat' dir='ltr'><strong>oves</strong></span> <span class='ocrx_word' id='word_1_17' title='bbox 1043 682 1382 751; x_wconf 86' lang='lat' dir='ltr'><strong>reliquerunt,</strong></span> <span class='ocrx_word' id='word_1_18' title='bbox 1416 682 1468 738; x_wconf 89' lang='lat'><strong>9.</strong></span> <span class='ocrx_word' id='word_1_19' title='bbox 1500 692 1548 736; x_wconf 87' lang='lat' dir='ltr'><strong>et</strong></span> <span class='ocrx_word' id='word_1_20' title='bbox 1567 682 1718 736; x_wconf 89' lang='lat' dir='ltr'><strong>simul</strong></span> <span class='ocrx_word' id='word_1_21' title='bbox 1742 696 1922 735; x_wconf 88' lang='lat' dir='ltr'><strong>ascen-</strong></span> 
     </span>
    </p>
   </div>
   <div class='ocr_carea' id='block_1_4' title="bbox 325 764 1925 843">
    <p class='ocr_par' dir='ltr' id='par_1_4' title="bbox 325 764 1925 843">
     <span class='ocr_line' id='line_1_4' title="bbox 325 764 1925 843; baseline 0.007 -27"><span class='ocrx_word' id='word_1_22' title='bbox 325 764 506 821; x_wconf 76' lang='lat' dir='ltr'><strong>derunt</strong></span> <span class='ocrx_word' id='word_1_23' title='bbox 533 784 647 821; x_wconf 83' lang='lat' dir='ltr'><strong>eum</strong></span> <span class='ocrx_word' id='word_1_24' title='bbox 688 786 747 824; x_wconf 91' lang='lat' dir='ltr'><strong>eo</strong></span> <span class='ocrx_word' id='word_1_25' title='bbox 783 787 965 824; x_wconf 84' lang='lat' dir='ltr'><strong>currus</strong></span> <span class='ocrx_word' id='word_1_26' title='bbox 1004 782 1051 825; x_wconf 89' lang='lat' dir='ltr'><strong>et</strong></span> <span class='ocrx_word' id='word_1_27' title='bbox 1077 773 1265 843; x_wconf 86' lang='lat' dir='ltr'><strong>equites</strong></span> <span class='ocrx_word' id='word_1_28' title='bbox 1284 813 1297 835; x_wconf 85' lang='lat'><strong><em>.</em></strong></span> <span class='ocrx_word' id='word_1_29' title='bbox 1346 782 1392 827; x_wconf 90' lang='lat' dir='ltr'><strong>et</strong></span> <span class='ocrx_word' id='word_1_30' title='bbox 1421 772 1558 842; x_wconf 89' lang='lat' dir='ltr'><strong>facta</strong></span> <span class='ocrx_word' id='word_1_31' title='bbox 1594 783 1716 827; x_wconf 86' lang='lat' dir='ltr'><strong>sunt</strong></span> <span class='ocrx_word' id='word_1_32' title='bbox 1756 783 1925 827; x_wconf 86' lang='lat' dir='ltr'><strong>castra</strong></span> 
     </span>
    </p>
   </div>
   <div class='ocr_carea' id='block_1_5' title="bbox 311 860 1925 937">
    <p class='ocr_par' dir='ltr' id='par_1_5' title="bbox 311 860 1925 937">
     <span class='ocr_line' id='line_1_5' title="bbox 311 860 1925 937; baseline 0.009 -31"><span class='ocrx_word' id='word_1_33' title='bbox 311 873 511 927; x_wconf 68' lang='lat' dir='ltr'><strong>magna</strong></span> <span class='ocrx_word' id='word_1_34' title='bbox 537 861 698 913; x_wconf 79' lang='lat' dir='ltr'><strong>valde.</strong></span> <span class='ocrx_word' id='word_1_35' title='bbox 731 860 863 917; x_wconf 76' lang='lat' dir='ltr'><strong>Vide</strong></span> <span class='ocrx_word' id='word_1_36' title='bbox 886 875 1143 934; x_wconf 90' lang='lat' dir='ltr'><strong>quantum</strong></span> <span class='ocrx_word' id='word_1_37' title='bbox 1181 864 1413 919; x_wconf 88' lang='lat' dir='ltr'><strong>officium</strong></span> <span class='ocrx_word' id='word_1_38' title='bbox 1437 863 1720 920; x_wconf 78' lang='lat' dir='ltr'><strong>declarent</strong></span> <span class='ocrx_word' id='word_1_39' title='bbox 1755 863 1925 937; x_wconf 62' lang='lat' dir='ltr'><strong>Egy-</strong></span> 
     </span>
    </p>
   </div>
   <div class='ocr_carea' id='block_1_6' title="bbox 323 948 1921 1026">
    <p class='ocr_par' dir='ltr' id='par_1_6' title="bbox 323 948 1921 1026">
     <span class='ocr_line' id='line_1_6' title="bbox 323 948 1921 1026; baseline 0.009 -29"><span class='ocrx_word' id='word_1_40' title='bbox 323 948 415 1015; x_wconf 86' lang='lat' dir='ltr'><strong>ptii</strong></span> <span class='ocrx_word' id='word_1_41' title='bbox 446 949 496 1003; x_wconf 91' lang='lat' dir='ltr'><strong>in</strong></span> <span class='ocrx_word' id='word_1_42' title='bbox 526 949 783 1006; x_wconf 85' lang='lat' dir='ltr'><strong>honorem</strong></span> <span class='ocrx_word' id='word_1_43' title='bbox 812 952 1035 1025; x_wconf 81' lang='lat' dir='ltr'><strong>Joscph,</strong></span> <span class='ocrx_word' id='word_1_44' title='bbox 1064 964 1119 1010; x_wconf 91' lang='lat' dir='ltr'><strong>ct</strong></span> <span class='ocrx_word' id='word_1_45' title='bbox 1145 966 1407 1011; x_wconf 83' lang='lat' dir='ltr'><strong>venerunt</strong></span> <span class='ocrx_word' id='word_1_46' title='bbox 1430 972 1551 1011; x_wconf 90' lang='lat' dir='ltr'><strong>cum</strong></span> <span class='ocrx_word' id='word_1_47' title='bbox 1580 956 1777 1026; x_wconf 84' lang='lat' dir='ltr'><strong>Joseph</strong></span> <span class='ocrx_word' id='word_1_48' title='bbox 1800 999 1815 1023; x_wconf 85' lang='lat'><strong>,</strong></span> <span class='ocrx_word' id='word_1_49' title='bbox 1850 957 1921 1011; x_wconf 88' lang='lat' dir='ltr'><strong>ita</strong></span> 
     </span>
    </p>
   </div>
   <div class='ocr_carea' id='block_1_7' title="bbox 322 1038 1921 1116">
    <p class='ocr_par' dir='ltr' id='par_1_7' title="bbox 322 1038 1921 1116">
     <span class='ocr_line' id='line_1_7' title="bbox 322 1038 1921 1116; baseline 0.007 -23"><span class='ocrx_word' id='word_1_50' title='bbox 322 1049 379 1093; x_wconf 90' lang='lat' dir='ltr'><strong>ut</strong></span> <span class='ocrx_word' id='word_1_51' title='bbox 413 1038 598 1093; x_wconf 85' lang='lat' dir='ltr'><strong>tierent</strong></span> <span class='ocrx_word' id='word_1_52' title='bbox 626 1051 804 1099; x_wconf 85' lang='lat' dir='ltr'><strong>castra</strong></span> <span class='ocrx_word' id='word_1_53' title='bbox 830 1060 1041 1116; x_wconf 75' lang='lat' dir='ltr'><strong>magna.</strong></span> <span class='ocrx_word' id='word_1_54' title='bbox 1083 1047 1170 1103; x_wconf 73' lang='grc'><strong>10.</strong></span> <span class='ocrx_word' id='word_1_55' title='bbox 1195 1046 1267 1101; x_wconf 85' lang='grc' dir='ltr'><strong>Ει</strong></span> <span class='ocrx_word' id='word_1_56' title='bbox 1293 1058 1346 1101; x_wconf 91' lang='lat' dir='ltr'><strong>ut</strong></span> <span class='ocrx_word' id='word_1_57' title='bbox 1385 1058 1626 1104; x_wconf 79' lang='lat' dir='ltr'><strong>venerunt</strong></span> <span class='ocrx_word' id='word_1_58' title='bbox 1656 1049 1725 1103; x_wconf 90' lang='lat' dir='ltr'><strong>ad</strong></span> <span class='ocrx_word' id='word_1_59' title='bbox 1748 1048 1921 1104; x_wconf 81' lang='lat' dir='ltr'><strong>locant</strong></span> 
     </span>
    </p>
   </div>
   <div class='ocr_carea' id='block_1_8' title="bbox 319 1129 1921 1211">
    <p class='ocr_par' dir='ltr' id='par_1_8' title="bbox 319 1129 1921 1211">
     <span class='ocr_line' id='line_1_8' title="bbox 319 1129 1921 1211; baseline 0.011 -31"><span class='ocrx_word' id='word_1_60' title='bbox 319 1129 609 1198; x_wconf 78' lang='lat' dir='ltr'><strong>quemdam,</strong></span> <span class='ocrx_word' id='word_1_61' title='bbox 639 1134 947 1204; x_wconf 72' lang='lat' dir='ltr'><strong>planxerunt</strong></span> <span class='ocrx_word' id='word_1_62' title='bbox 976 1153 1089 1191; x_wconf 85' lang='lat' dir='ltr'><strong>eum</strong></span> <span class='ocrx_word' id='word_1_63' title='bbox 1112 1138 1321 1209; x_wconf 85' lang='lat' dir='ltr'><strong>planctu</strong></span> <span class='ocrx_word' id='word_1_64' title='bbox 1350 1156 1564 1211; x_wconf 85' lang='lat' dir='ltr'><strong>magno,</strong></span> <span class='ocrx_word' id='word_1_65' title='bbox 1596 1150 1643 1196; x_wconf 86' lang='lat' dir='ltr'><strong>et</strong></span> <span class='ocrx_word' id='word_1_66' title='bbox 1666 1141 1813 1195; x_wconf 74' lang='lat' dir='ltr'><strong>valde</strong></span> <span class='ocrx_word' id='word_1_67' title='bbox 1838 1156 1921 1196; x_wconf 81' lang='lat' dir='ltr'><strong>tte-</strong></span> 
     </span>
    </p>
   </div>
   <div class='ocr_carea' id='block_1_9' title="bbox 319 1220 1919 1304">
    <p class='ocr_par' dir='ltr' id='par_1_9' title="bbox 319 1220 1919 1304">
     <span class='ocr_line' id='line_1_9' title="bbox 319 1220 1919 1304; baseline 0.011 -32"><span class='ocrx_word' id='word_1_68' title='bbox 319 1220 554 1276; x_wconf 87' lang='lat' dir='ltr'><strong>hementi.</strong></span> <span class='ocrx_word' id='word_1_69' title='bbox 580 1224 647 1278; x_wconf 81' lang='lat' dir='ltr'><strong>Et</strong></span> <span class='ocrx_word' id='word_1_70' title='bbox 673 1229 793 1295; x_wconf 87' lang='lat' dir='ltr'><strong>fecit</strong></span> <span class='ocrx_word' id='word_1_71' title='bbox 814 1229 1072 1297; x_wconf 77' lang='lat' dir='ltr'><strong>planctum</strong></span> <span class='ocrx_word' id='word_1_72' title='bbox 1098 1233 1235 1303; x_wconf 84' lang='lat' dir='ltr'><strong>patri</strong></span> <span class='ocrx_word' id='word_1_73' title='bbox 1255 1249 1348 1288; x_wconf 90' lang='lat' dir='ltr'><strong>suo</strong></span> <span class='ocrx_word' id='word_1_74' title='bbox 1368 1243 1557 1304; x_wconf 87' lang='lat' dir='ltr'><strong>septem</strong></span> <span class='ocrx_word' id='word_1_75' title='bbox 1578 1234 1704 1290; x_wconf 88' lang='lat' dir='ltr'><strong>dies.</strong></span> <span class='ocrx_word' id='word_1_76' title='bbox 1730 1235 1818 1290; x_wconf 77' lang='lat' dir='ltr'><strong>ll.</strong></span> <span class='ocrx_word' id='word_1_77' title='bbox 1848 1233 1919 1290; x_wconf 86' lang='lat' dir='ltr'><strong>Et</strong></span> 
     </span>
    </p>
   </div>
   <div class='ocr_carea' id='block_1_10' title="bbox 318 1312 1919 1387">
    <p class='ocr_par' dir='ltr' id='par_1_10' title="bbox 318 1312 1919 1387">
     <span class='ocr_line' id='line_1_10' title="bbox 318 1312 1919 1387; baseline 0.011 -23"><span class='ocrx_word' id='word_1_78' title='bbox 318 1312 550 1368; x_wconf 71' lang='lat' dir='ltr'><strong>uiderunt</strong></span> <span class='ocrx_word' id='word_1_79' title='bbox 588 1316 893 1373; x_wconf 85' lang='lat' dir='ltr'><strong>habitatores</strong></span> <span class='ocrx_word' id='word_1_80' title='bbox 932 1319 1177 1377; x_wconf 87' lang='lat' dir='ltr'><strong>Chanaan</strong></span> <span class='ocrx_word' id='word_1_81' title='bbox 1200 1363 1216 1387; x_wconf 90' lang='lat'><strong>,</strong></span> <span class='ocrx_word' id='word_1_82' title='bbox 1258 1333 1306 1377; x_wconf 88' lang='lat' dir='ltr'><strong>et</strong></span> <span class='ocrx_word' id='word_1_83' title='bbox 1352 1325 1591 1384; x_wconf 77' lang='lat' dir='ltr'><strong>dixerunt</strong></span> <span class='ocrx_word' id='word_1_84' title='bbox 1620 1340 1639 1379; x_wconf 90' lang='lat'><strong><em>:</em></strong></span> <span class='ocrx_word' id='word_1_85' title='bbox 1674 1324 1919 1382; x_wconf 85' lang='lat' dir='ltr'><strong>Planctus</strong></span> 
     </span>
    </p>
   </div>
   <div class='ocr_carea' id='block_1_11' title="bbox 318 1408 1912 1488">
    <p class='ocr_par' dir='ltr' id='par_1_11' title="bbox 318 1408 1912 1488">
     <span class='ocr_line' id='line_1_11' title="bbox 318 1408 1912 1488; baseline 0.01 -32"><span class='ocrx_word' id='word_1_86' title='bbox 318 1419 532 1474; x_wconf 68' lang='lat' dir='ltr'><strong>magnus</strong></span> <span class='ocrx_word' id='word_1_87' title='bbox 569 1416 643 1461; x_wconf 87' lang='lat' dir='ltr'><strong>est</strong></span> <span class='ocrx_word' id='word_1_88' title='bbox 674 1408 964 1481; x_wconf 72' lang='lat' dir='ltr'><strong>£gyptiis.</strong></span> <span class='ocrx_word' id='word_1_89' title='bbox 993 1411 1215 1484; x_wconf 80' lang='lat' dir='ltr'><strong>Propter</strong></span> <span class='ocrx_word' id='word_1_90' title='bbox 1240 1415 1335 1469; x_wconf 87' lang='lat' dir='ltr'><strong>hoc</strong></span> <span class='ocrx_word' id='word_1_91' title='bbox 1358 1417 1551 1471; x_wconf 78' lang='lat' dir='ltr'><strong>vocavit</strong></span> <span class='ocrx_word' id='word_1_92' title='bbox 1576 1434 1760 1473; x_wconf 87' lang='lat' dir='ltr'><strong>nomen</strong></span> <span class='ocrx_word' id='word_1_93' title='bbox 1785 1419 1912 1488; x_wconf 89' lang='lat' dir='ltr'><strong>loci,</strong></span> 
     </span>
    </p>
   </div>
   <div class='ocr_carea' id='block_1_12' title="bbox 318 1494 1553 1575">
    <p class='ocr_par' dir='ltr' id='par_1_12' title="bbox 318 1494 1553 1575">
     <span class='ocr_line' id='line_1_12' title="bbox 318 1494 1553 1575; baseline 0.011 -27"><span class='ocrx_word' id='word_1_94' title='bbox 318 1494 566 1552; x_wconf 74' lang='lat' dir='ltr'><strong>Planctus</strong></span> <span class='ocrx_word' id='word_1_95' title='bbox 590 1498 809 1573; x_wconf 58' lang='lat' dir='ltr'><strong>zEgypti</strong></span> <span class='ocrx_word' id='word_1_96' title='bbox 826 1543 841 1568; x_wconf 91' lang='lat'><strong>,</strong></span> <span class='ocrx_word' id='word_1_97' title='bbox 869 1505 961 1575; x_wconf 85' lang='lat' dir='ltr'><strong>qui</strong></span> <span class='ocrx_word' id='word_1_98' title='bbox 987 1514 1060 1559; x_wconf 89' lang='lat' dir='ltr'><strong>est</strong></span> <span class='ocrx_word' id='word_1_99' title='bbox 1084 1515 1225 1560; x_wconf 89' lang='lat' dir='ltr'><strong>trans</strong></span> <span class='ocrx_word' id='word_1_100' title='bbox 1252 1506 1553 1562; x_wconf 81' lang='lat' dir='ltr'><strong>Iordanem.</strong></span> 
     </span>
    </p>
   </div>
   <div class='ocr_carea' id='block_1_13' title="bbox 389 1588 1913 1666">
    <p class='ocr_par' dir='ltr' id='par_1_13' title="bbox 389 1588 1913 1666">
     <span class='ocr_line' id='line_1_13' title="bbox 389 1588 1913 1666; baseline 0.01 -22"><span class='ocrx_word' id='word_1_101' title='bbox 389 1588 493 1644; x_wconf 86' lang='lat' dir='ltr'><strong>Cur</strong></span> <span class='ocrx_word' id='word_1_102' title='bbox 512 1606 727 1663; x_wconf 87' lang='lat' dir='ltr'><strong>magnus</strong></span> <span class='ocrx_word' id='word_1_103' title='bbox 756 1596 991 1666; x_wconf 84' lang='lat' dir='ltr'><strong>planctus</strong></span> <span class='ocrx_word' id='word_1_104' title='bbox 1010 1598 1064 1652; x_wconf 90' lang='lat' dir='ltr'><strong>in</strong></span> <span class='ocrx_word' id='word_1_105' title='bbox 1102 1598 1269 1655; x_wconf 83' lang='lat' dir='ltr'><strong>Veteri</strong></span> <span class='ocrx_word' id='word_1_106' title='bbox 1293 1600 1913 1660; x_wconf 79' lang='lat' dir='ltr'><strong>Testamento.—Verum</strong></span> 
     </span>
    </p>
   </div>
   <div class='ocr_carea' id='block_1_14' title="bbox 315 1680 1913 1766">
    <p class='ocr_par' dir='ltr' id='par_1_14' title="bbox 315 1680 1913 1766">
     <span class='ocr_line' id='line_1_14' title="bbox 315 1680 1913 1766; baseline 0.013 -33"><span class='ocrx_word' id='word_1_107' title='bbox 315 1680 503 1738; x_wconf 71' lang='lat' dir='ltr'><strong>tnlmc</strong></span> <span class='ocrx_word' id='word_1_108' title='bbox 525 1685 774 1757; x_wconf 81' lang='lat' dir='ltr'><strong>audiens,</strong></span> <span class='ocrx_word' id='word_1_109' title='bbox 788 1687 1075 1757; x_wconf 85' lang='lat' dir='ltr'><strong>dilecte,ne</strong></span> <span class='ocrx_word' id='word_1_110' title='bbox 1089 1693 1403 1764; x_wconf 78' lang='lat' dir='ltr'><strong>simpliciter</strong></span> <span class='ocrx_word' id='word_1_111' title='bbox 1423 1704 1795 1766; x_wconf 70' lang='lat' dir='ltr'><strong>prtetercurre,</strong></span> <span class='ocrx_word' id='word_1_112' title='bbox 1818 1696 1913 1753; x_wconf 88' lang='lat' dir='ltr'><strong>sed</strong></span> 
     </span>
    </p>
   </div>
   <div class='ocr_carea' id='block_1_15' title="bbox 316 1778 1911 1859">
    <p class='ocr_par' dir='ltr' id='par_1_15' title="bbox 316 1778 1911 1859">
     <span class='ocr_line' id='line_1_15' title="bbox 316 1778 1911 1859; baseline 0.012 -33"><span class='ocrx_word' id='word_1_113' title='bbox 316 1782 524 1843; x_wconf 91' lang='lat' dir='ltr'><strong>tempus</strong></span> <span class='ocrx_word' id='word_1_114' title='bbox 550 1778 741 1847; x_wconf 77' lang='lat' dir='ltr'><strong>cogita,</strong></span> <span class='ocrx_word' id='word_1_115' title='bbox 760 1795 867 1850; x_wconf 88' lang='lat' dir='ltr'><strong>quo</strong></span> <span class='ocrx_word' id='word_1_116' title='bbox 887 1779 1022 1837; x_wconf 81' lang='lat' dir='ltr'><strong>facta</strong></span> <span class='ocrx_word' id='word_1_117' title='bbox 1044 1794 1187 1851; x_wconf 88' lang='lat' dir='ltr'><strong>sunt,</strong></span> <span class='ocrx_word' id='word_1_118' title='bbox 1212 1795 1266 1840; x_wconf 89' lang='lat' dir='ltr'><strong>et</strong></span> <span class='ocrx_word' id='word_1_119' title='bbox 1289 1788 1358 1841; x_wconf 88' lang='lat' dir='ltr'><strong>ab</strong></span> <span class='ocrx_word' id='word_1_120' title='bbox 1387 1789 1531 1843; x_wconf 90' lang='lat' dir='ltr'><strong>omni</strong></span> <span class='ocrx_word' id='word_1_121' title='bbox 1560 1788 1714 1859; x_wconf 85' lang='lat' dir='ltr'><strong>culpa</strong></span> <span class='ocrx_word' id='word_1_122' title='bbox 1742 1789 1911 1845; x_wconf 88' lang='lat' dir='ltr'><strong>libera</strong></span> 
     </span>
    </p>
   </div>
   <div class='ocr_carea' id='block_1_16' title="bbox 312 1863 1913 1947">
    <p class='ocr_par' dir='ltr' id='par_1_16' title="bbox 312 1863 1913 1947">
     <span class='ocr_line' id='line_1_16' title="bbox 312 1863 1913 1947; baseline 0.011 -29"><span class='ocrx_word' id='word_1_123' title='bbox 312 1863 531 1936; x_wconf 81' lang='lat' dir='ltr'><strong>Joseph.</strong></span> <span class='ocrx_word' id='word_1_124' title='bbox 565 1866 808 1923; x_wconf 86' lang='lat' dir='ltr'><strong>Nondum</strong></span> <span class='ocrx_word' id='word_1_125' title='bbox 836 1872 977 1927; x_wconf 90' lang='lat' dir='ltr'><strong>enim</strong></span> <span class='ocrx_word' id='word_1_126' title='bbox 1006 1873 1219 1935; x_wconf 81' lang='lat' dir='ltr'><strong>fuerant</strong></span> <span class='ocrx_word' id='word_1_127' title='bbox 1249 1886 1416 1947; x_wconf 68' lang='lat' dir='ltr'><strong>porta:</strong></span> <span class='ocrx_word' id='word_1_128' title='bbox 1462 1878 1655 1935; x_wconf 91' lang='lat' dir='ltr'><strong>inferni</strong></span> <span class='ocrx_word' id='word_1_129' title='bbox 1699 1880 1913 1937; x_wconf 84' lang='lat' dir='ltr'><strong>confra-</strong></span> 
     </span>
    </p>
   </div>
   <div class='ocr_carea' id='block_1_17' title="bbox 312 1962 1914 2043">
    <p class='ocr_par' dir='ltr' id='par_1_17' title="bbox 312 1962 1914 2043">
     <span class='ocr_line' id='line_1_17' title="bbox 312 1962 1914 2043; baseline 0.015 -36"><span class='ocrx_word' id='word_1_130' title='bbox 312 1966 432 2022; x_wconf 73' lang='lat' dir='ltr'><strong>rte,</strong></span> <span class='ocrx_word' id='word_1_131' title='bbox 458 1973 633 2030; x_wconf 91' lang='lat' dir='ltr'><strong>neque</strong></span> <span class='ocrx_word' id='word_1_132' title='bbox 654 1962 842 2019; x_wconf 90' lang='lat' dir='ltr'><strong>mortis</strong></span> <span class='ocrx_word' id='word_1_133' title='bbox 866 1965 1076 2021; x_wconf 77' lang='lat' dir='ltr'><strong>vincula</strong></span> <span class='ocrx_word' id='word_1_134' title='bbox 1097 1967 1376 2037; x_wconf 88' lang='lat' dir='ltr'><strong>dissoluta,</strong></span> <span class='ocrx_word' id='word_1_135' title='bbox 1396 1986 1569 2043; x_wconf 84' lang='lat' dir='ltr'><strong>neque</strong></span> <span class='ocrx_word' id='word_1_136' title='bbox 1590 1989 1736 2029; x_wconf 89' lang='lat' dir='ltr'><strong>mors</strong></span> <span class='ocrx_word' id='word_1_137' title='bbox 1758 1974 1914 2032; x_wconf 88' lang='lat' dir='ltr'><strong>diee-</strong></span> 
     </span>
    </p>
   </div>
   <div class='ocr_carea' id='block_1_18' title="bbox 315 2046 1906 2139">
    <p class='ocr_par' dir='ltr' id='par_1_18' title="bbox 315 2046 1906 2139">
     <span class='ocr_line' id='line_1_18' title="bbox 315 2046 1906 2139; baseline 0.017 -40"><span class='ocrx_word' id='word_1_138' title='bbox 315 2046 469 2104; x_wconf 88' lang='lat' dir='ltr'><strong>batnr</strong></span> <span class='ocrx_word' id='word_1_139' title='bbox 494 2049 765 2109; x_wconf 88' lang='lat' dir='ltr'><strong>dormitio.</strong></span> <span class='ocrx_word' id='word_1_140' title='bbox 806 2055 874 2111; x_wconf 84' lang='lat' dir='ltr'><strong>Et</strong></span> <span class='ocrx_word' id='word_1_141' title='bbox 901 2056 1104 2115; x_wconf 91' lang='lat' dir='ltr'><strong>ideirco</strong></span> <span class='ocrx_word' id='word_1_142' title='bbox 1144 2061 1267 2133; x_wconf 86' lang='lat' dir='ltr'><strong>quia</strong></span> <span class='ocrx_word' id='word_1_143' title='bbox 1314 2063 1606 2123; x_wconf 85' lang='lat' dir='ltr'><strong>timuerunt</strong></span> <span class='ocrx_word' id='word_1_144' title='bbox 1629 2078 1857 2125; x_wconf 88' lang='lat' dir='ltr'><strong>mortem</strong></span> <span class='ocrx_word' id='word_1_145' title='bbox 1889 2112 1906 2139; x_wconf 93' lang='lat'><strong>,</strong></span> 
     </span>
    </p>
   </div>
   <div class='ocr_carea' id='block_1_19' title="bbox 314 2138 1905 2230">
    <p class='ocr_par' dir='ltr' id='par_1_19' title="bbox 314 2138 1905 2230">
     <span class='ocr_line' id='line_1_19' title="bbox 314 2138 1905 2230; baseline 0.016 -39"><span class='ocrx_word' id='word_1_146' title='bbox 314 2138 430 2195; x_wconf 77' lang='lat' dir='ltr'><strong>lure</strong></span> <span class='ocrx_word' id='word_1_147' title='bbox 456 2139 725 2200; x_wconf 74' lang='lat' dir='ltr'><strong>faciebant</strong></span> <span class='ocrx_word' id='word_1_148' title='bbox 758 2166 772 2203; x_wconf 90' lang='lat'>:</span> <span class='ocrx_word' id='word_1_149' title='bbox 806 2163 946 2204; x_wconf 92' lang='lat' dir='ltr'><strong>nunc</strong></span> <span class='ocrx_word' id='word_1_150' title='bbox 972 2160 1149 2207; x_wconf 85' lang='lat' dir='ltr'><strong>autem</strong></span> <span class='ocrx_word' id='word_1_151' title='bbox 1181 2163 1397 2225; x_wconf 91' lang='lat' dir='ltr'><strong>propter</strong></span> <span class='ocrx_word' id='word_1_152' title='bbox 1416 2158 1644 2228; x_wconf 75' lang='lat' dir='ltr'><strong>gratiam</strong></span> <span class='ocrx_word' id='word_1_153' title='bbox 1675 2138 1905 2230; x_wconf 82' lang='lat' dir='ltr'><strong>Christi,</strong></span> 
     </span>
    </p>
   </div>
   <div class='ocr_carea' id='block_1_20' title="bbox 309 2231 1903 2323">
    <p class='ocr_par' dir='ltr' id='par_1_20' title="bbox 309 2231 1903 2323">
     <span class='ocr_line' id='line_1_20' title="bbox 309 2231 1903 2323; baseline 0.017 -40"><span class='ocrx_word' id='word_1_154' title='bbox 309 2231 433 2299; x_wconf 83' lang='lat' dir='ltr'><strong>quia</strong></span> <span class='ocrx_word' id='word_1_155' title='bbox 464 2248 609 2289; x_wconf 88' lang='lat' dir='ltr'><strong>mors</strong></span> <span class='ocrx_word' id='word_1_156' title='bbox 635 2235 767 2292; x_wconf 88' lang='lat' dir='ltr'><strong>facta</strong></span> <span class='ocrx_word' id='word_1_157' title='bbox 800 2248 884 2294; x_wconf 90' lang='lat' dir='ltr'><strong>est</strong></span> <span class='ocrx_word' id='word_1_158' title='bbox 911 2256 1133 2299; x_wconf 88' lang='lat' dir='ltr'><strong>somnus</strong></span> <span class='ocrx_word' id='word_1_159' title='bbox 1154 2285 1171 2313; x_wconf 93' lang='lat'><strong>,</strong></span> <span class='ocrx_word' id='word_1_160' title='bbox 1202 2249 1598 2305; x_wconf 84' lang='lat' dir='ltr'><strong>consummatio</strong></span> <span class='ocrx_word' id='word_1_161' title='bbox 1624 2260 1680 2307; x_wconf 91' lang='lat' dir='ltr'><strong>et</strong></span> <span class='ocrx_word' id='word_1_162' title='bbox 1708 2253 1862 2323; x_wconf 88' lang='lat' dir='ltr'><strong>quies</strong></span> <span class='ocrx_word' id='word_1_163' title='bbox 1885 2296 1903 2322; x_wconf 93' lang='lat'><strong>,</strong></span> 
     </span>
    </p>
   </div>
   <div class='ocr_carea' id='block_1_21' title="bbox 308 2328 1903 2414">
    <p class='ocr_par' dir='ltr' id='par_1_21' title="bbox 308 2328 1903 2414">
     <span class='ocr_line' id='line_1_21' title="bbox 308 2328 1903 2414; baseline 0.015 -39"><span class='ocrx_word' id='word_1_164' title='bbox 308 2337 373 2378; x_wconf 90' lang='lat' dir='ltr'><strong>ac</strong></span> <span class='ocrx_word' id='word_1_165' title='bbox 397 2334 540 2380; x_wconf 87' lang='lat' dir='ltr'><strong>certa</strong></span> <span class='ocrx_word' id='word_1_166' title='bbox 570 2328 848 2400; x_wconf 86' lang='lat' dir='ltr'><strong>multaque</strong></span> <span class='ocrx_word' id='word_1_167' title='bbox 877 2340 1004 2388; x_wconf 88' lang='lat' dir='ltr'><strong>sunt</strong></span> <span class='ocrx_word' id='word_1_168' title='bbox 1027 2338 1442 2395; x_wconf 59' lang='lat' dir='ltr'><strong>resurrectionis</strong></span> <span class='ocrx_word' id='word_1_169' title='bbox 1471 2339 1664 2397; x_wconf 89' lang='lat' dir='ltr'><strong>indicia</strong></span> <span class='ocrx_word' id='word_1_170' title='bbox 1690 2384 1704 2407; x_wconf 92' lang='lat'><strong>,</strong></span> <span class='ocrx_word' id='word_1_171' title='bbox 1752 2344 1903 2414; x_wconf 90' lang='lat' dir='ltr'><strong>quasi</strong></span> 
     </span>
    </p>
   </div>
   <div class='ocr_carea' id='block_1_22' title="bbox 309 2412 1907 2493">
    <p class='ocr_par' dir='ltr' id='par_1_22' title="bbox 309 2412 1907 2493">
     <span class='ocr_line' id='line_1_22' title="bbox 309 2412 1907 2493; baseline 0.014 -26"><span class='ocrx_word' id='word_1_172' title='bbox 309 2412 377 2468; x_wconf 87' lang='lat' dir='ltr'><strong>de</strong></span> <span class='ocrx_word' id='word_1_173' title='bbox 396 2414 502 2468; x_wconf 78' lang='lat' dir='ltr'><strong>vita</strong></span> <span class='ocrx_word' id='word_1_174' title='bbox 529 2416 581 2470; x_wconf 90' lang='lat' dir='ltr'><strong>in</strong></span> <span class='ocrx_word' id='word_1_175' title='bbox 602 2417 765 2473; x_wconf 81' lang='lat' dir='ltr'><strong>vitam</strong></span> <span class='ocrx_word' id='word_1_176' title='bbox 797 2422 1193 2493; x_wconf 88' lang='lat' dir='ltr'><strong>transferendi,</strong></span> <span class='ocrx_word' id='word_1_177' title='bbox 1223 2428 1303 2483; x_wconf 91' lang='lat' dir='ltr'><strong>sic</strong></span> <span class='ocrx_word' id='word_1_178' title='bbox 1324 2430 1656 2487; x_wconf 77' lang='lat' dir='ltr'><strong>exsultamus</strong></span> <span class='ocrx_word' id='word_1_179' title='bbox 1680 2441 1737 2489; x_wconf 90' lang='lat' dir='ltr'><strong>et</strong></span> <span class='ocrx_word' id='word_1_180' title='bbox 1757 2412 1907 2489; x_wconf 74' lang='lat' dir='ltr'><strong>heta-</strong></span> 
     </span>
    </p>
   </div>
   <div class='ocr_carea' id='block_1_23' title="bbox 308 2507 1904 2603">
    <p class='ocr_par' dir='ltr' id='par_1_23' title="bbox 308 2507 1904 2603">
     <span class='ocr_line' id='line_1_23' title="bbox 308 2507 1904 2603; baseline 0.015 -44"><span class='ocrx_word' id='word_1_181' title='bbox 308 2520 448 2560; x_wconf 86' lang='lat' dir='ltr'><strong>mnr.</strong></span> <span class='ocrx_word' id='word_1_182' title='bbox 480 2507 548 2561; x_wconf 82' lang='lat' dir='ltr'><strong>Et</strong></span> <span class='ocrx_word' id='word_1_183' title='bbox 569 2509 695 2578; x_wconf 89' lang='lat' dir='ltr'><strong>quid</strong></span> <span class='ocrx_word' id='word_1_184' title='bbox 730 2510 853 2567; x_wconf 85' lang='lat' dir='ltr'><strong>dico</strong></span> <span class='ocrx_word' id='word_1_185' title='bbox 880 2513 948 2570; x_wconf 91' lang='lat' dir='ltr'><strong>de</strong></span> <span class='ocrx_word' id='word_1_186' title='bbox 977 2516 1082 2571; x_wconf 87' lang='lat' dir='ltr'><strong>vita</strong></span> <span class='ocrx_word' id='word_1_187' title='bbox 1111 2518 1162 2572; x_wconf 93' lang='lat' dir='ltr'><strong>in</strong></span> <span class='ocrx_word' id='word_1_188' title='bbox 1192 2519 1395 2575; x_wconf 85' lang='lat' dir='ltr'><strong>vitam?</strong></span> <span class='ocrx_word' id='word_1_189' title='bbox 1426 2523 1501 2579; x_wconf 91' lang='lat' dir='ltr'><strong>De</strong></span> <span class='ocrx_word' id='word_1_190' title='bbox 1540 2525 1793 2603; x_wconf 84' lang='lat' dir='ltr'><strong>deteriori</strong></span> <span class='ocrx_word' id='word_1_191' title='bbox 1835 2528 1904 2585; x_wconf 86' lang='lat' dir='ltr'><strong>ad</strong></span> 
     </span>
    </p>
   </div>
   <div class='ocr_carea' id='block_1_24' title="bbox 306 2596 1901 2677">
    <p class='ocr_par' dir='ltr' id='par_1_24' title="bbox 306 2596 1901 2677">
     <span class='ocr_line' id='line_1_24' title="bbox 306 2596 1901 2677; baseline 0.016 -28"><span class='ocrx_word' id='word_1_192' title='bbox 306 2596 581 2652; x_wconf 74' lang='lat' dir='ltr'><strong>meliorem</strong></span> <span class='ocrx_word' id='word_1_193' title='bbox 603 2640 618 2665; x_wconf 93' lang='lat'><strong>,</strong></span> <span class='ocrx_word' id='word_1_194' title='bbox 652 2600 718 2655; x_wconf 89' lang='lat' dir='ltr'><strong>de</strong></span> <span class='ocrx_word' id='word_1_195' title='bbox 747 2607 1024 2674; x_wconf 89' lang='lat' dir='ltr'><strong>temporali</strong></span> <span class='ocrx_word' id='word_1_196' title='bbox 1052 2608 1117 2662; x_wconf 86' lang='lat' dir='ltr'><strong>ad</strong></span> <span class='ocrx_word' id='word_1_197' title='bbox 1149 2619 1408 2667; x_wconf 83' lang='lat' dir='ltr'><strong>:cternam</strong></span> <span class='ocrx_word' id='word_1_198' title='bbox 1442 2656 1455 2677; x_wconf 89' lang='lat'><strong>,</strong></span> <span class='ocrx_word' id='word_1_199' title='bbox 1485 2614 1553 2670; x_wconf 91' lang='lat' dir='ltr'><strong>de</strong></span> <span class='ocrx_word' id='word_1_200' title='bbox 1594 2626 1802 2672; x_wconf 91' lang='lat' dir='ltr'><strong>terrena</strong></span> <span class='ocrx_word' id='word_1_201' title='bbox 1834 2619 1901 2674; x_wconf 90' lang='lat' dir='ltr'><strong>ad</strong></span> 
     </span>
    </p>
   </div>
   <div class='ocr_carea' id='block_1_25' title="bbox 305 2684 1902 2775">
    <p class='ocr_par' dir='ltr' id='par_1_25' title="bbox 305 2684 1902 2775">
     <span class='ocr_line' id='line_1_25' title="bbox 305 2684 1902 2775; baseline 0.018 -38"><span class='ocrx_word' id='word_1_202' title='bbox 305 2684 595 2742; x_wconf 68' lang='lat' dir='ltr'><strong>cmlestcm.</strong></span> <span class='ocrx_word' id='word_1_203' title='bbox 622 2691 709 2745; x_wconf 70' lang='lat' dir='ltr'><strong>ll.</strong></span> <span class='ocrx_word' id='word_1_204' title='bbox 737 2691 808 2746; x_wconf 84' lang='lat' dir='ltr'><strong>Et</strong></span> <span class='ocrx_word' id='word_1_205' title='bbox 836 2698 1065 2763; x_wconf 87' lang='lat' dir='ltr'><strong>peractis</strong></span> <span class='ocrx_word' id='word_1_206' title='bbox 1109 2702 1357 2757; x_wconf 84' lang='lat' dir='ltr'><strong>omnibus</strong></span> <span class='ocrx_word' id='word_1_207' title='bbox 1385 2744 1401 2769; x_wconf 94' lang='lat'><strong>,</strong></span> <span class='ocrx_word' id='word_1_208' title='bbox 1433 2704 1602 2775; x_wconf 82' lang='lat' dir='ltr'><strong>inun</strong></span> <span class='ocrx_word' id='word_1_209' title='bbox 1628 2748 1640 2771; x_wconf 88' lang='lat'><strong>,</strong></span> <span class='ocrx_word' id='word_1_210' title='bbox 1674 2725 1902 2766; x_wconf 76' lang='lat' dir='ltr'><strong>reversus</strong></span> 
     </span>
    </p>
   </div>
   <div class='ocr_carea' id='block_1_26' title="bbox 305 2776 1900 2867">
    <p class='ocr_par' dir='ltr' id='par_1_26' title="bbox 305 2776 1900 2867">
     <span class='ocr_line' id='line_1_26' title="bbox 305 2776 1900 2867; baseline 0.018 -39"><span class='ocrx_word' id='word_1_211' title='bbox 305 2785 377 2828; x_wconf 90' lang='lat' dir='ltr'><strong>est</strong></span> <span class='ocrx_word' id='word_1_212' title='bbox 400 2776 593 2849; x_wconf 88' lang='lat' dir='ltr'><strong>Ioseph</strong></span> <span class='ocrx_word' id='word_1_213' title='bbox 614 2782 664 2835; x_wconf 89' lang='lat' dir='ltr'><strong>in</strong></span> <span class='ocrx_word' id='word_1_214' title='bbox 712 2782 1001 2855; x_wconf 66' lang='lat' dir='ltr'><strong>Egyptum</strong></span> <span class='ocrx_word' id='word_1_215' title='bbox 1034 2830 1048 2855; x_wconf 94' lang='lat'><strong>,</strong></span> <span class='ocrx_word' id='word_1_216' title='bbox 1074 2790 1183 2860; x_wconf 90' lang='lat' dir='ltr'><strong>ipsc</strong></span> <span class='ocrx_word' id='word_1_217' title='bbox 1210 2804 1259 2846; x_wconf 88' lang='lat' dir='ltr'><strong>et</strong></span> <span class='ocrx_word' id='word_1_218' title='bbox 1285 2798 1470 2864; x_wconf 76' lang='lat' dir='ltr'><strong>fratres</strong></span> <span class='ocrx_word' id='word_1_219' title='bbox 1496 2800 1624 2867; x_wconf 83' lang='lat' dir='ltr'><strong>ejus,</strong></span> <span class='ocrx_word' id='word_1_220' title='bbox 1656 2810 1701 2853; x_wconf 91' lang='lat' dir='ltr'><strong>et</strong></span> <span class='ocrx_word' id='word_1_221' title='bbox 1728 2817 1900 2857; x_wconf 88' lang='lat' dir='ltr'><strong>omnes</strong></span> 
     </span>
    </p>
   </div>
   <div class='ocr_carea' id='block_1_27' title="bbox 303 2868 1901 2965">
    <p class='ocr_par' dir='ltr' id='par_1_27' title="bbox 303 2868 1901 2965">
     <span class='ocr_line' id='line_1_27' title="bbox 303 2868 1901 2965; baseline 0.021 -48"><span class='ocrx_word' id='word_1_222' title='bbox 303 2868 392 2935; x_wconf 87' lang='lat' dir='ltr'><strong>qui</strong></span> <span class='ocrx_word' id='word_1_223' title='bbox 429 2884 543 2923; x_wconf 88' lang='lat' dir='ltr'><strong>eum</strong></span> <span class='ocrx_word' id='word_1_224' title='bbox 572 2888 629 2926; x_wconf 88' lang='lat' dir='ltr'><strong>eo</strong></span> <span class='ocrx_word' id='word_1_225' title='bbox 669 2877 1020 2934; x_wconf 88' lang='lat' dir='ltr'><strong>ascenderant.</strong></span> <span class='ocrx_word' id='word_1_226' title='bbox 1071 2880 1179 2938; x_wconf 88' lang='lat' dir='ltr'><strong>Sed</strong></span> <span class='ocrx_word' id='word_1_227' title='bbox 1211 2885 1331 2940; x_wconf 92' lang='lat' dir='ltr'><strong>vide</strong></span> <span class='ocrx_word' id='word_1_228' title='bbox 1366 2894 1901 2965; x_wconf 80' lang='lat' dir='ltr'><strong>consequenter&#39;fra-</strong></span> 
     </span>
    </p>
   </div>
   <div class='ocr_carea' id='block_1_28' title="bbox 305 2958 1896 3043">
    <p class='ocr_par' dir='ltr' id='par_1_28' title="bbox 305 2958 1896 3043">
     <span class='ocr_line' id='line_1_28' title="bbox 305 2958 1896 3043; baseline 0.022 -34"><span class='ocrx_word' id='word_1_229' title='bbox 305 2964 443 3011; x_wconf 88' lang='lat' dir='ltr'><strong>trum</strong></span> <span class='ocrx_word' id='word_1_230' title='bbox 469 2958 665 3032; x_wconf 77' lang='lat' dir='ltr'><strong>Joseph</strong></span> <span class='ocrx_word' id='word_1_231' title='bbox 698 2964 942 3023; x_wconf 88' lang='lat' dir='ltr'><strong>timorem</strong></span> <span class='ocrx_word' id='word_1_232' title='bbox 966 2969 1071 3037; x_wconf 90' lang='lat' dir='ltr'><strong>hic,</strong></span> <span class='ocrx_word' id='word_1_233' title='bbox 1096 2983 1150 3029; x_wconf 89' lang='lat' dir='ltr'><strong>et</strong></span> <span class='ocrx_word' id='word_1_234' title='bbox 1171 2961 1429 3034; x_wconf 87' lang='lat' dir='ltr'><strong>terrorem</strong></span> <span class='ocrx_word' id='word_1_235' title='bbox 1451 2996 1635 3038; x_wconf 89' lang='lat' dir='ltr'><strong>eorum</strong></span> <span class='ocrx_word' id='word_1_236' title='bbox 1662 2997 1896 3043; x_wconf 89' lang='lat' dir='ltr'><strong>mentem</strong></span> 
     </span>
    </p>
   </div>
   <div class='ocr_carea' id='block_1_29' title="bbox 302 3052 1893 3149">
    <p class='ocr_par' dir='ltr' id='par_1_29' title="bbox 302 3052 1893 3149">
     <span class='ocr_line' id='line_1_29' title="bbox 302 3052 1893 3149; baseline 0.021 -48"><span class='ocrx_word' id='word_1_237' title='bbox 302 3052 718 3110; x_wconf 83' lang='lat' dir='ltr'><strong>concutientem.</strong></span> <span class='ocrx_word' id='word_1_238' title='bbox 765 3058 852 3113; x_wconf 77' lang='grc'><strong>15.</strong></span> <span class='ocrx_word' id='word_1_239' title='bbox 899 3059 967 3115; x_wconf 89' lang='lat' dir='ltr'><strong>Ut</strong></span> <span class='ocrx_word' id='word_1_240' title='bbox 997 3064 1227 3120; x_wconf 82' lang='lat' dir='ltr'><strong>viderunt</strong></span> <span class='ocrx_word' id='word_1_241' title='bbox 1252 3079 1420 3124; x_wconf 87' lang='lat' dir='ltr'><strong>autem</strong></span> <span class='ocrx_word' id='word_1_242' title='bbox 1444 3072 1631 3141; x_wconf 88' lang='lat' dir='ltr'><strong>fratres</strong></span> <span class='ocrx_word' id='word_1_243' title='bbox 1655 3076 1852 3149; x_wconf 88' lang='lat' dir='ltr'><strong>Ioseph</strong></span> <span class='ocrx_word' id='word_1_244' title='bbox 1878 3122 1893 3147; x_wconf 94' lang='lat'><strong>,</strong></span> 
     </span>
    </p>
   </div>
   <div class='ocr_carea' id='block_1_30' title="bbox 299 3142 1897 3237">
    <p class='ocr_par' dir='ltr' id='par_1_30' title="bbox 299 3142 1897 3237">
     <span class='ocr_line' id='line_1_30' title="bbox 299 3142 1897 3237; baseline 0.021 -46"><span class='ocrx_word' id='word_1_245' title='bbox 299 3142 435 3209; x_wconf 85' lang='lat' dir='ltr'><strong>quod</strong></span> <span class='ocrx_word' id='word_1_246' title='bbox 455 3153 683 3200; x_wconf 89' lang='lat' dir='ltr'><strong>mortuus</strong></span> <span class='ocrx_word' id='word_1_247' title='bbox 713 3158 839 3201; x_wconf 85' lang='lat' dir='ltr'><strong>esset</strong></span> <span class='ocrx_word' id='word_1_248' title='bbox 867 3161 1011 3220; x_wconf 86' lang='lat' dir='ltr'><strong>pater</strong></span> <span class='ocrx_word' id='word_1_249' title='bbox 1035 3171 1176 3220; x_wconf 90' lang='lat' dir='ltr'><strong>suus,</strong></span> <span class='ocrx_word' id='word_1_250' title='bbox 1208 3159 1443 3213; x_wconf 71' lang='lat' dir='ltr'><strong>dixerunt</strong></span> <span class='ocrx_word' id='word_1_251' title='bbox 1474 3178 1493 3216; x_wconf 92' lang='lat'><strong><em>:</em></strong></span> <span class='ocrx_word' id='word_1_252' title='bbox 1524 3163 1607 3219; x_wconf 77' lang='lat' dir='ltr'><strong>Ne</strong></span> <span class='ocrx_word' id='word_1_253' title='bbox 1631 3170 1765 3237; x_wconf 84' lang='lat' dir='ltr'><strong>forte</strong></span> <span class='ocrx_word' id='word_1_254' title='bbox 1781 3142 1897 3224; x_wconf 31' lang='lat' dir='ltr'><strong>Vme-</strong></span> 
     </span>
    </p>
   </div>
   <div class='ocr_carea' id='block_1_31' title="bbox 298 3232 1896 3315">
    <p class='ocr_par' dir='ltr' id='par_1_31' title="bbox 298 3232 1896 3315">
     <span class='ocr_line' id='line_1_31' title="bbox 298 3232 1896 3315; baseline 0.019 -32"><span class='ocrx_word' id='word_1_255' title='bbox 298 3247 411 3283; x_wconf 87' lang='lat' dir='ltr'><strong>mor</strong></span> <span class='ocrx_word' id='word_1_256' title='bbox 435 3232 499 3285; x_wconf 93' lang='lat' dir='ltr'><strong>sit</strong></span> <span class='ocrx_word' id='word_1_257' title='bbox 527 3233 732 3303; x_wconf 69' lang='lat' dir='ltr'><strong>injuria</strong></span> <span class='ocrx_word' id='word_1_258' title='bbox 757 3249 941 3294; x_wconf 68' lang='lat' dir='ltr'><strong>nostris</strong></span> <span class='ocrx_word' id='word_1_259' title='bbox 963 3240 1158 3315; x_wconf 88' lang='lat' dir='ltr'><strong>Ioseph</strong></span> <span class='ocrx_word' id='word_1_260' title='bbox 1188 3289 1203 3313; x_wconf 89' lang='lat'><strong>,</strong></span> <span class='ocrx_word' id='word_1_261' title='bbox 1236 3258 1284 3302; x_wconf 91' lang='lat' dir='ltr'><strong>et</strong></span> <span class='ocrx_word' id='word_1_262' title='bbox 1324 3252 1565 3307; x_wconf 86' lang='lat' dir='ltr'><strong>retribuat</strong></span> <span class='ocrx_word' id='word_1_263' title='bbox 1604 3232 1896 3314; x_wconf 71' lang='lat' dir='ltr'><strong>retributio-</strong></span> 
     </span>
    </p>
   </div>
   <div class='ocr_carea' id='block_1_32' title="bbox 302 3324 1892 3409">
    <p class='ocr_par' dir='ltr' id='par_1_32' title="bbox 302 3324 1892 3409">
     <span class='ocr_line' id='line_1_32' title="bbox 302 3324 1892 3409; baseline 0.022 -37"><span class='ocrx_word' id='word_1_264' title='bbox 302 3338 415 3374; x_wconf 88' lang='lat' dir='ltr'><strong>neut</strong></span> <span class='ocrx_word' id='word_1_265' title='bbox 447 3324 587 3380; x_wconf 89' lang='lat' dir='ltr'><strong>nobis</strong></span> <span class='ocrx_word' id='word_1_266' title='bbox 618 3369 633 3393; x_wconf 95' lang='lat'><strong>,</strong></span> <span class='ocrx_word' id='word_1_267' title='bbox 678 3338 724 3382; x_wconf 89' lang='lat' dir='ltr'><strong>et</strong></span> <span class='ocrx_word' id='word_1_268' title='bbox 770 3334 941 3387; x_wconf 85' lang='lat' dir='ltr'><strong>omnia</strong></span> <span class='ocrx_word' id='word_1_269' title='bbox 968 3338 1105 3391; x_wconf 82' lang='lat' dir='ltr'><strong>malo</strong></span> <span class='ocrx_word' id='word_1_270' title='bbox 1133 3356 1248 3409; x_wconf 82' lang='lat' dir='ltr'><strong>qua:</strong></span> <span class='ocrx_word' id='word_1_271' title='bbox 1288 3344 1341 3396; x_wconf 89' lang='lat' dir='ltr'><strong>in</strong></span> <span class='ocrx_word' id='word_1_272' title='bbox 1376 3361 1488 3399; x_wconf 91' lang='lat' dir='ltr'><strong>eum</strong></span> <span class='ocrx_word' id='word_1_273' title='bbox 1531 3351 1892 3408; x_wconf 87' lang='lat' dir='ltr'><strong>commisimus.</strong></span> 
     </span>
    </p>
   </div>
   <div class='ocr_carea' id='block_1_33' title="bbox 298 3410 1893 3505">
    <p class='ocr_par' dir='ltr' id='par_1_33' title="bbox 298 3410 1893 3505">
     <span class='ocr_line' id='line_1_33' title="bbox 298 3410 1893 3505; baseline 0.023 -41"><span class='ocrx_word' id='word_1_274' title='bbox 298 3410 498 3468; x_wconf 83' lang='lat' dir='ltr'><strong>Terror</strong></span> <span class='ocrx_word' id='word_1_275' title='bbox 522 3418 729 3473; x_wconf 87' lang='lat' dir='ltr'><strong>validus</strong></span> <span class='ocrx_word' id='word_1_276' title='bbox 755 3437 938 3477; x_wconf 90' lang='lat' dir='ltr'><strong>eorum</strong></span> <span class='ocrx_word' id='word_1_277' title='bbox 971 3440 1201 3485; x_wconf 88' lang='lat' dir='ltr'><strong>mentem</strong></span> <span class='ocrx_word' id='word_1_278' title='bbox 1234 3437 1535 3502; x_wconf 85' lang='lat' dir='ltr'><strong>perculerat</strong></span> <span class='ocrx_word' id='word_1_279' title='bbox 1576 3481 1589 3505; x_wconf 91' lang='lat'><strong>,</strong></span> <span class='ocrx_word' id='word_1_280' title='bbox 1620 3451 1673 3495; x_wconf 91' lang='lat' dir='ltr'><strong>ct</strong></span> <span class='ocrx_word' id='word_1_281' title='bbox 1699 3459 1725 3494; x_wconf 90' lang='lat' dir='ltr'><strong>a</strong></span> <span class='ocrx_word' id='word_1_282' title='bbox 1758 3459 1893 3499; x_wconf 74' lang='lat' dir='ltr'><strong>cnn-</strong></span> 
     </span>
    </p>
   </div>
   <div class='ocr_carea' id='block_1_34' title="bbox 204 3501 1889 3602">
    <p class='ocr_par' dir='ltr' id='par_1_34' title="bbox 204 3501 1889 3602">
     <span class='ocr_line' id='line_1_34' title="bbox 204 3501 1889 3602; baseline 0.022 -50"><span class='ocrx_word' id='word_1_283' title='bbox 204 3534 231 3545; x_wconf 53' lang='grc' dir='ltr'><strong>π</strong></span> <span class='ocrx_word' id='word_1_284' title='bbox 294 3501 515 3559; x_wconf 85' lang='lat' dir='ltr'><strong>scicntia</strong></span> <span class='ocrx_word' id='word_1_285' title='bbox 532 3508 810 3580; x_wconf 89' lang='lat' dir='ltr'><strong>stimulati,</strong></span> <span class='ocrx_word' id='word_1_286' title='bbox 828 3517 1137 3574; x_wconf 85' lang='lat' dir='ltr'><strong>nesciebant</strong></span> <span class='ocrx_word' id='word_1_287' title='bbox 1158 3501 1283 3591; x_wconf 91' lang='lat' dir='ltr'><strong>quid</strong></span> <span class='ocrx_word' id='word_1_288' title='bbox 1306 3525 1559 3583; x_wconf 87' lang='lat' dir='ltr'><strong>facerent.</strong></span> <span class='ocrx_word' id='word_1_289' title='bbox 1578 3530 1889 3602; x_wconf 77' lang='lat' dir='ltr'><strong>PrOpterea,</strong></span> 
     </span>
    </p>
   </div>
   <div class='ocr_carea' id='block_1_35' title="bbox 296 3594 1889 3696">
    <p class='ocr_par' dir='ltr' id='par_1_35' title="bbox 296 3594 1889 3696">
     <span class='ocr_line' id='line_1_35' title="bbox 296 3594 1889 3696; baseline 0.026 -52"><span class='ocrx_word' id='word_1_290' title='bbox 296 3594 444 3660; x_wconf 88' lang='lat' dir='ltr'><strong>dicit,</strong></span> <span class='ocrx_word' id='word_1_291' title='bbox 478 3613 599 3654; x_wconf 89' lang='lat' dir='ltr'><strong>cum</strong></span> <span class='ocrx_word' id='word_1_292' title='bbox 628 3601 881 3660; x_wconf 91' lang='lat' dir='ltr'><strong>vidissent</strong></span> <span class='ocrx_word' id='word_1_293' title='bbox 912 3613 1077 3678; x_wconf 84' lang='lat' dir='ltr'><strong>patris</strong></span> <span class='ocrx_word' id='word_1_294' title='bbox 1105 3626 1331 3672; x_wconf 87' lang='lat' dir='ltr'><strong>mortem</strong></span> <span class='ocrx_word' id='word_1_295' title='bbox 1358 3661 1372 3682; x_wconf 84' lang='lat'><strong>,</strong></span> <span class='ocrx_word' id='word_1_296' title='bbox 1403 3624 1556 3677; x_wconf 89' lang='lat' dir='ltr'><strong>veriti</strong></span> <span class='ocrx_word' id='word_1_297' title='bbox 1586 3641 1654 3681; x_wconf 88' lang='lat' dir='ltr'><strong>ne</strong></span> <span class='ocrx_word' id='word_1_298' title='bbox 1677 3628 1889 3696; x_wconf 80' lang='lat' dir='ltr'><strong>dignam</strong></span> 
     </span>
    </p>
   </div>
   <div class='ocr_carea' id='block_1_36' title="bbox 292 3685 1885 3787">
    <p class='ocr_par' dir='ltr' id='par_1_36' title="bbox 292 3685 1885 3787">
     <span class='ocr_line' id='line_1_36' title="bbox 292 3685 1885 3787; baseline 0.024 -48"><span class='ocrx_word' id='word_1_299' title='bbox 292 3685 363 3742; x_wconf 90' lang='lat' dir='ltr'><strong>de</strong></span> <span class='ocrx_word' id='word_1_300' title='bbox 387 3702 444 3743; x_wconf 90' lang='lat' dir='ltr'><strong>se</strong></span> <span class='ocrx_word' id='word_1_301' title='bbox 475 3706 683 3761; x_wconf 69' lang='lat' dir='ltr'><strong>pinnam</strong></span> <span class='ocrx_word' id='word_1_302' title='bbox 732 3712 968 3757; x_wconf 89' lang='lat' dir='ltr'><strong>sumeret</strong></span> <span class='ocrx_word' id='word_1_303' title='bbox 994 3704 1191 3777; x_wconf 87' lang='lat' dir='ltr'><strong>Joseph</strong></span> <span class='ocrx_word' id='word_1_304' title='bbox 1220 3752 1233 3776; x_wconf 94' lang='lat'><strong>,</strong></span> <span class='ocrx_word' id='word_1_305' title='bbox 1281 3713 1351 3767; x_wconf 88' lang='lat' dir='ltr'><strong>ob</strong></span> <span class='ocrx_word' id='word_1_306' title='bbox 1383 3730 1442 3769; x_wconf 89' lang='lat' dir='ltr'><strong>ea</strong></span> <span class='ocrx_word' id='word_1_307' title='bbox 1491 3732 1611 3787; x_wconf 73' lang='lat' dir='ltr'><strong>qua:</strong></span> <span class='ocrx_word' id='word_1_308' title='bbox 1654 3721 1705 3774; x_wconf 90' lang='lat' dir='ltr'><strong>in</strong></span> <span class='ocrx_word' id='word_1_309' title='bbox 1740 3724 1885 3777; x_wconf 87' lang='lat' dir='ltr'><strong>illum</strong></span> 
     </span>
    </p>
   </div>
   <div class='ocr_carea' id='block_1_37' title="bbox 295 3789 1889 3871">
    <p class='ocr_par' dir='ltr' id='par_1_37' title="bbox 295 3789 1889 3871">
     <span class='ocr_line' id='line_1_37' title="bbox 295 3789 1889 3871; baseline 0.026 -42"><span class='ocrx_word' id='word_1_310' title='bbox 295 3792 670 3852; x_wconf 83' lang='lat' dir='ltr'><strong>peccaverant,</strong></span> <span class='ocrx_word' id='word_1_311' title='bbox 701 3789 788 3843; x_wconf 81' lang='lat' dir='ltr'><strong>l6.</strong></span> <span class='ocrx_word' id='word_1_312' title='bbox 818 3793 1147 3855; x_wconf 81' lang='lat' dir='ltr'><strong>Advenientes</strong></span> <span class='ocrx_word' id='word_1_313' title='bbox 1172 3802 1240 3855; x_wconf 88' lang='lat' dir='ltr'><strong>ad</strong></span> <span class='ocrx_word' id='word_1_314' title='bbox 1264 3821 1377 3859; x_wconf 90' lang='lat' dir='ltr'><strong>eum</strong></span> <span class='ocrx_word' id='word_1_315' title='bbox 1416 3808 1655 3867; x_wconf 74' lang='lat' dir='ltr'><strong>dixerunt</strong></span> <span class='ocrx_word' id='word_1_316' title='bbox 1682 3832 1700 3868; x_wconf 95' lang='lat'><em>:</em></span> <span class='ocrx_word' id='word_1_317' title='bbox 1728 3815 1889 3871; x_wconf 83' lang='lat' dir='ltr'><strong>Pater</strong></span> 
     </span>
    </p>
   </div>
   <div class='ocr_carea' id='block_1_38' title="bbox 287 4055 1881 4149">
    <p class='ocr_par' dir='ltr' id='par_1_38' title="bbox 287 4055 1881 4149">
     <span class='ocr_line' id='line_1_38' title="bbox 287 4055 1881 4149; baseline 0.029 -47"><span class='ocrx_word' id='word_1_318' title='bbox 287 4066 480 4107; x_wconf 86' lang='lat' dir='ltr'><strong>eorum.</strong></span> <span class='ocrx_word' id='word_1_319' title='bbox 532 4055 661 4114; x_wconf 81' lang='lat' dir='ltr'><strong>Vide</strong></span> <span class='ocrx_word' id='word_1_320' title='bbox 708 4063 942 4135; x_wconf 90' lang='lat' dir='ltr'><strong>iterum,</strong></span> <span class='ocrx_word' id='word_1_321' title='bbox 976 4076 1245 4139; x_wconf 91' lang='lat' dir='ltr'><strong>quomodo</strong></span> <span class='ocrx_word' id='word_1_322' title='bbox 1280 4080 1379 4149; x_wconf 85' lang='lat' dir='ltr'><strong>ipsi</strong></span> <span class='ocrx_word' id='word_1_323' title='bbox 1420 4098 1760 4145; x_wconf 84' lang='lat' dir='ltr'><strong>accusatores</strong></span> <span class='ocrx_word' id='word_1_324' title='bbox 1801 4095 1881 4148; x_wconf 92' lang='lat' dir='ltr'><strong>sui</strong></span> 
     </span>
    </p>
   </div>
   <div class='ocr_carea' id='block_1_39' title="bbox 286 4141 1881 4251">
    <p class='ocr_par' dir='ltr' id='par_1_39' title="bbox 286 4141 1881 4251">
     <span class='ocr_line' id='line_1_39' title="bbox 286 4141 1881 4251; baseline 0.028 -58"><span class='ocrx_word' id='word_1_325' title='bbox 286 4141 521 4208; x_wconf 82' lang='lat' dir='ltr'><strong>ipSorum</strong></span> <span class='ocrx_word' id='word_1_326' title='bbox 552 4148 679 4203; x_wconf 89' lang='lat' dir='ltr'><strong>sint.</strong></span> <span class='ocrx_word' id='word_1_327' title='bbox 715 4152 846 4209; x_wconf 76' lang='lat' dir='ltr'><strong>Vide</strong></span> <span class='ocrx_word' id='word_1_328' title='bbox 871 4172 1066 4225; x_wconf 83' lang='lat' dir='ltr'><strong>quanta</strong></span> <span class='ocrx_word' id='word_1_329' title='bbox 1101 4176 1185 4220; x_wconf 90' lang='lat' dir='ltr'><strong>est</strong></span> <span class='ocrx_word' id='word_1_330' title='bbox 1204 4174 1545 4231; x_wconf 74' lang='lat' dir='ltr'><strong>conscientia:</strong></span> <span class='ocrx_word' id='word_1_331' title='bbox 1584 4182 1881 4251; x_wconf 86' lang='lat' dir='ltr'><strong>reprehen-</strong></span> 
     </span>
    </p>
   </div>
   <div class='ocr_carea' id='block_1_40' title="bbox 287 4234 1883 4344">
    <p class='ocr_par' dir='ltr' id='par_1_40' title="bbox 287 4234 1883 4344">
     <span class='ocr_line' id='line_1_40' title="bbox 287 4234 1883 4344; baseline 0.03 -60"><span class='ocrx_word' id='word_1_332' title='bbox 287 4234 389 4287; x_wconf 91' lang='lat' dir='ltr'><strong>sio.</strong></span> <span class='ocrx_word' id='word_1_333' title='bbox 408 4236 638 4295; x_wconf 89' lang='lat' dir='ltr'><strong>Omnino</strong></span> <span class='ocrx_word' id='word_1_334' title='bbox 664 4245 830 4314; x_wconf 82' lang='lat' dir='ltr'><strong>scitis,</strong></span> <span class='ocrx_word' id='word_1_335' title='bbox 857 4265 955 4305; x_wconf 88' lang='lat' dir='ltr'><strong>vos</strong></span> <span class='ocrx_word' id='word_1_336' title='bbox 976 4253 1284 4323; x_wconf 88' lang='lat' dir='ltr'><strong>injustitiam</strong></span> <span class='ocrx_word' id='word_1_337' title='bbox 1314 4273 1367 4319; x_wconf 90' lang='lat' dir='ltr'><strong>et</strong></span> <span class='ocrx_word' id='word_1_338' title='bbox 1394 4280 1669 4336; x_wconf 86' lang='lat' dir='ltr'><strong>peccatum</strong></span> <span class='ocrx_word' id='word_1_339' title='bbox 1696 4291 1883 4344; x_wconf 86' lang='lat' dir='ltr'><strong>opera-</strong></span> 
     </span>
    </p>
   </div>
   <div class='ocr_carea' id='block_1_41' title="bbox 288 4333 1875 4436">
    <p class='ocr_par' dir='ltr' id='par_1_41' title="bbox 288 4333 1875 4436">
     <span class='ocr_line' id='line_1_41' title="bbox 288 4333 1875 4436; baseline 0.03 -61"><span class='ocrx_word' id='word_1_340' title='bbox 288 4333 367 4377; x_wconf 85' lang='lat' dir='ltr'><strong>tos</strong></span> <span class='ocrx_word' id='word_1_341' title='bbox 391 4341 529 4393; x_wconf 89' lang='lat' dir='ltr'><strong>esse,</strong></span> <span class='ocrx_word' id='word_1_342' title='bbox 557 4336 801 4406; x_wconf 77' lang='lat' dir='ltr'><strong>malaque</strong></span> <span class='ocrx_word' id='word_1_343' title='bbox 826 4342 875 4395; x_wconf 90' lang='lat' dir='ltr'><strong>ei</strong></span> <span class='ocrx_word' id='word_1_344' title='bbox 899 4345 1225 4406; x_wconf 75' lang='lat' dir='ltr'><strong>exhibuisse.</strong></span> <span class='ocrx_word' id='word_1_345' title='bbox 1263 4354 1332 4408; x_wconf 86' lang='lat' dir='ltr'><strong>Et</strong></span> <span class='ocrx_word' id='word_1_346' title='bbox 1352 4375 1485 4413; x_wconf 89' lang='lat' dir='ltr'><strong>nunc</strong></span> <span class='ocrx_word' id='word_1_347' title='bbox 1512 4368 1688 4434; x_wconf 86' lang='lat' dir='ltr'><strong>accipe</strong></span> <span class='ocrx_word' id='word_1_348' title='bbox 1730 4369 1875 4436; x_wconf 85' lang='lat' dir='ltr'><strong>inju-</strong></span> 
     </span>
    </p>
   </div>
   <div class='ocr_carea' id='block_1_42' title="bbox 285 4417 1877 4523">
    <p class='ocr_par' dir='ltr' id='par_1_42' title="bbox 285 4417 1877 4523">
     <span class='ocr_line' id='line_1_42' title="bbox 1623 4417 1840 4436; baseline 0.032 -2"><span class='ocrx_word' id='word_1_349' title='bbox 1623 4417 1636 4434; x_wconf 90' lang='grc' dir='ltr'><strong><em>Ι</em></strong></span> <span class='ocrx_word' id='word_1_350' title='bbox 1672 4417 1676 4418; x_wconf 66' lang='grc'><strong><em>⁷</em></strong></span> <span class='ocrx_word' id='word_1_351' title='bbox 1734 4417 1797 4436; x_wconf 51' lang='grc' dir='ltr'><strong>”“δ</strong></span> <span class='ocrx_word' id='word_1_352' title='bbox 1813 4417 1840 4421; x_wconf 70' lang='grc'><strong>’⁷</strong></span> 
     </span>
     <span class='ocr_line' id='line_1_43' title="bbox 285 4417 1877 4523; baseline 0.031 -54"><span class='ocrx_word' id='word_1_353' title='bbox 285 4417 472 4471; x_wconf 86' lang='lat' dir='ltr'><strong>stitiam</strong></span> <span class='ocrx_word' id='word_1_354' title='bbox 502 4438 759 4482; x_wconf 74' lang='lat' dir='ltr'><strong>servarunt</strong></span> <span class='ocrx_word' id='word_1_355' title='bbox 789 4431 884 4487; x_wconf 89' lang='lat' dir='ltr'><strong>Dei</strong></span> <span class='ocrx_word' id='word_1_356' title='bbox 914 4440 1072 4505; x_wconf 89' lang='lat' dir='ltr'><strong>patris</strong></span> <span class='ocrx_word' id='word_1_357' title='bbox 1098 4444 1190 4496; x_wconf 89' lang='lat' dir='ltr'><strong>tui.</strong></span> <span class='ocrx_word' id='word_1_358' title='bbox 1222 4444 1382 4503; x_wconf 81' lang='lat' dir='ltr'><strong>Vides</strong></span> <span class='ocrx_word' id='word_1_359' title='bbox 1429 4458 1698 4523; x_wconf 89' lang='lat' dir='ltr'><strong>quomodo</strong></span> <span class='ocrx_word' id='word_1_360' title='bbox 1729 4462 1877 4517; x_wconf 91' lang='lat' dir='ltr'><strong>nullo</strong></span> 
     </span>
    </p>
   </div>
   <div class='ocr_carea' id='block_1_43' title="bbox 279 4517 1874 4623">
    <p class='ocr_par' dir='ltr' id='par_1_43' title="bbox 279 4517 1874 4623">
     <span class='ocr_line' id='line_1_44' title="bbox 279 4517 1874 4623; baseline 0.031 -63"><span class='ocrx_word' id='word_1_361' title='bbox 279 4520 507 4578; x_wconf 76' lang='lat' dir='ltr'><strong>cogente</strong></span> <span class='ocrx_word' id='word_1_362' title='bbox 532 4517 611 4569; x_wconf 91' lang='lat' dir='ltr'><strong>sui</strong></span> <span class='ocrx_word' id='word_1_363' title='bbox 642 4524 845 4586; x_wconf 84' lang='lat' dir='ltr'><strong>peccati</strong></span> <span class='ocrx_word' id='word_1_364' title='bbox 877 4539 1001 4583; x_wconf 91' lang='lat' dir='ltr'><strong>sunt</strong></span> <span class='ocrx_word' id='word_1_365' title='bbox 1029 4540 1191 4591; x_wconf 86' lang='lat' dir='ltr'><strong>testes</strong></span> <span class='ocrx_word' id='word_1_366' title='bbox 1222 4577 1234 4601; x_wconf 90' lang='lat'><strong>,</strong></span> <span class='ocrx_word' id='word_1_367' title='bbox 1267 4548 1322 4594; x_wconf 89' lang='lat' dir='ltr'><strong>et</strong></span> <span class='ocrx_word' id='word_1_368' title='bbox 1349 4517 1532 4599; x_wconf 79' lang='lat' dir='ltr'><strong>dicunt</strong></span> <span class='ocrx_word' id='word_1_369' title='bbox 1568 4566 1579 4599; x_wconf 93' lang='lat'><strong>:</strong></span> <span class='ocrx_word' id='word_1_370' title='bbox 1611 4548 1754 4603; x_wconf 82' lang='lat' dir='ltr'><strong>Dixit</strong></span> <span class='ocrx_word' id='word_1_371' title='bbox 1777 4570 1874 4623; x_wconf 84' lang='lat' dir='ltr'><strong>pa-</strong></span> 
     </span>
    </p>
   </div>
   <div class='ocr_carea' id='block_1_44' title="bbox 286 4604 1873 4705">
    <p class='ocr_par' dir='ltr' id='par_1_44' title="bbox 286 4604 1873 4705">
     <span class='ocr_line' id='line_1_45' title="bbox 286 4604 1873 4705; baseline 0.032 -56"><span class='ocrx_word' id='word_1_372' title='bbox 286 4605 365 4651; x_wconf 83' lang='lat' dir='ltr'><strong>ter</strong></span> <span class='ocrx_word' id='word_1_373' title='bbox 388 4609 527 4669; x_wconf 88' lang='lat' dir='ltr'><strong>tuus,</strong></span> <span class='ocrx_word' id='word_1_374' title='bbox 562 4604 769 4665; x_wconf 82' lang='lat' dir='ltr'><strong>Dimitte</strong></span> <span class='ocrx_word' id='word_1_375' title='bbox 797 4616 869 4668; x_wconf 89' lang='lat' dir='ltr'><strong>eis</strong></span> <span class='ocrx_word' id='word_1_376' title='bbox 897 4658 912 4683; x_wconf 97' lang='lat'><strong>,</strong></span> <span class='ocrx_word' id='word_1_377' title='bbox 961 4623 1081 4689; x_wconf 84' lang='lat' dir='ltr'><strong>quia</strong></span> <span class='ocrx_word' id='word_1_378' title='bbox 1120 4627 1257 4681; x_wconf 83' lang='lat' dir='ltr'><strong>mala</strong></span> <span class='ocrx_word' id='word_1_379' title='bbox 1282 4632 1373 4685; x_wconf 83' lang='lat' dir='ltr'><strong>tibi</strong></span> <span class='ocrx_word' id='word_1_380' title='bbox 1415 4638 1751 4695; x_wconf 75' lang='lat' dir='ltr'><strong>exhibueruut</strong></span> <span class='ocrx_word' id='word_1_381' title='bbox 1777 4604 1796 4705; x_wconf 51' lang='grc' dir='ltr'><strong>ἶ</strong></span> <span class='ocrx_word' id='word_1_382' title='bbox 1827 4658 1873 4700; x_wconf 90' lang='lat' dir='ltr'><strong>et</strong></span> 
     </span>
    </p>
   </div>
   <div class='ocr_carea' id='block_1_45' title="bbox 279 4691 1871 4791">
    <p class='ocr_par' dir='ltr' id='par_1_45' title="bbox 279 4691 1871 4791">
     <span class='ocr_line' id='line_1_46' title="bbox 279 4691 1871 4791; baseline 0.033 -53"><span class='ocrx_word' id='word_1_383' title='bbox 279 4691 452 4758; x_wconf 85' lang='lat' dir='ltr'><strong>accipe</strong></span> <span class='ocrx_word' id='word_1_384' title='bbox 487 4698 789 4763; x_wconf 81' lang='lat' dir='ltr'><strong>iniustitiam</strong></span> <span class='ocrx_word' id='word_1_385' title='bbox 813 4723 1071 4766; x_wconf 83' lang='lat' dir='ltr'><strong>servorum</strong></span> <span class='ocrx_word' id='word_1_386' title='bbox 1111 4714 1202 4771; x_wconf 85' lang='lat' dir='ltr'><strong>Dei</strong></span> <span class='ocrx_word' id='word_1_387' title='bbox 1229 4725 1388 4789; x_wconf 87' lang='lat' dir='ltr'><strong>patris</strong></span> <span class='ocrx_word' id='word_1_388' title='bbox 1424 4729 1517 4782; x_wconf 89' lang='lat' dir='ltr'><strong>tui.</strong></span> <span class='ocrx_word' id='word_1_389' title='bbox 1548 4731 1651 4785; x_wconf 92' lang='lat' dir='ltr'><strong>Sed</strong></span> <span class='ocrx_word' id='word_1_390' title='bbox 1683 4734 1871 4791; x_wconf 87' lang='lat' dir='ltr'><strong>beatus</strong></span> 
     </span>
    </p>
   </div>
   <div class='ocr_carea' id='block_1_46' title="bbox 280 4779 1869 4887">
    <p class='ocr_par' dir='ltr' id='par_1_46' title="bbox 280 4779 1869 4887">
     <span class='ocr_line' id='line_1_47' title="bbox 280 4779 1869 4887; baseline 0.033 -57"><span class='ocrx_word' id='word_1_391' title='bbox 280 4779 365 4834; x_wconf 81' lang='lat' dir='ltr'><strong>hic</strong></span> <span class='ocrx_word' id='word_1_392' title='bbox 387 4793 440 4837; x_wconf 90' lang='lat' dir='ltr'><strong>et</strong></span> <span class='ocrx_word' id='word_1_393' title='bbox 462 4793 603 4841; x_wconf 89' lang='lat' dir='ltr'><strong>totus</strong></span> <span class='ocrx_word' id='word_1_394' title='bbox 633 4790 915 4851; x_wconf 84' lang='lat' dir='ltr'><strong>virtutibus</strong></span> <span class='ocrx_word' id='word_1_395' title='bbox 941 4802 1115 4860; x_wconf 78' lang='lat' dir='ltr'><strong>clarus</strong></span> <span class='ocrx_word' id='word_1_396' title='bbox 1142 4848 1155 4872; x_wconf 93' lang='lat'><strong>,</strong></span> <span class='ocrx_word' id='word_1_397' title='bbox 1194 4779 1398 4866; x_wconf 75' lang='lat' dir='ltr'><strong>tantum</strong></span> <span class='ocrx_word' id='word_1_398' title='bbox 1438 4817 1654 4887; x_wconf 88' lang='lat' dir='ltr'><strong>aberat,</strong></span> <span class='ocrx_word' id='word_1_399' title='bbox 1685 4834 1739 4878; x_wconf 89' lang='lat' dir='ltr'><strong>ut</strong></span> <span class='ocrx_word' id='word_1_400' title='bbox 1770 4828 1869 4881; x_wconf 60' lang='lat' dir='ltr'><strong>ali.</strong></span> 
     </span>
    </p>
   </div>
   <div class='ocr_carea' id='block_1_47' title="bbox 248 4884 1864 4985">
    <p class='ocr_par' dir='ltr' id='par_1_47' title="bbox 248 4884 1864 4985">
     <span class='ocr_line' id='line_1_48' title="bbox 248 4884 1864 4985; baseline 0.032 -62"><span class='ocrx_word' id='word_1_401' title='bbox 248 4886 433 4957; x_wconf 83' lang='lat' dir='ltr'><strong>quam</strong></span> <span class='ocrx_word' id='word_1_402' title='bbox 467 4884 778 4939; x_wconf 88' lang='lat' dir='ltr'><strong>memoriam</strong></span> <span class='ocrx_word' id='word_1_403' title='bbox 806 4892 1062 4949; x_wconf 89' lang='lat' dir='ltr'><strong>retineret</strong></span> <span class='ocrx_word' id='word_1_404' title='bbox 1082 4914 1269 4956; x_wconf 88' lang='lat' dir='ltr'><strong>eorum</strong></span> <span class='ocrx_word' id='word_1_405' title='bbox 1296 4920 1415 4975; x_wconf 76' lang='lat' dir='ltr'><strong>qure</strong></span> <span class='ocrx_word' id='word_1_406' title='bbox 1440 4909 1490 4963; x_wconf 94' lang='lat' dir='ltr'><strong>in</strong></span> <span class='ocrx_word' id='word_1_407' title='bbox 1521 4927 1579 4967; x_wconf 92' lang='lat' dir='ltr'><strong>se</strong></span> <span class='ocrx_word' id='word_1_408' title='bbox 1609 4914 1864 4985; x_wconf 80' lang='lat' dir='ltr'><strong>fecerant,</strong></span> 
     </span>
    </p>
   </div>
   <div class='ocr_carea' id='block_1_48' title="bbox 275 4968 1863 5079">
    <p class='ocr_par' dir='ltr' id='par_1_48' title="bbox 275 4968 1863 5079">
     <span class='ocr_line' id='line_1_49' title="bbox 275 4968 1863 5079; baseline 0.032 -63"><span class='ocrx_word' id='word_1_409' title='bbox 275 4973 335 5017; x_wconf 69' lang='lat'><strong>1.&quot;.</strong></span> <span class='ocrx_word' id='word_1_410' title='bbox 355 4968 514 5024; x_wconf 83' lang='lat' dir='ltr'><strong>etiam</strong></span> <span class='ocrx_word' id='word_1_411' title='bbox 546 4976 722 5031; x_wconf 78' lang='lat' dir='ltr'><strong>verbis</strong></span> <span class='ocrx_word' id='word_1_412' title='bbox 742 4994 925 5037; x_wconf 87' lang='lat' dir='ltr'><strong>eorum</strong></span> <span class='ocrx_word' id='word_1_413' title='bbox 954 4988 1151 5046; x_wconf 87' lang='lat' dir='ltr'><strong>auditis</strong></span> <span class='ocrx_word' id='word_1_414' title='bbox 1175 5001 1521 5057; x_wconf 86' lang='lat' dir='ltr'><strong>conturbatus</strong></span> <span class='ocrx_word' id='word_1_415' title='bbox 1549 5008 1638 5071; x_wconf 85' lang='lat' dir='ltr'><strong>sit,</strong></span> <span class='ocrx_word' id='word_1_416' title='bbox 1670 5009 1737 5063; x_wconf 81' lang='lat' dir='ltr'><strong>Et</strong></span> <span class='ocrx_word' id='word_1_417' title='bbox 1767 5014 1863 5079; x_wconf 86' lang='lat' dir='ltr'><strong>ﬂe-</strong></span> 
     </span>
    </p>
   </div>
   <div class='ocr_carea' id='block_1_49' title="bbox 269 5053 1865 5158">
    <p class='ocr_par' dir='ltr' id='par_1_49' title="bbox 269 5053 1865 5158">
     <span class='ocr_line' id='line_1_50' title="bbox 269 5053 1865 5158; baseline 0.034 -53"><span class='ocrx_word' id='word_1_418' title='bbox 269 5053 378 5122; x_wconf 72' lang='lat' dir='ltr'><strong>uit,</strong></span> <span class='ocrx_word' id='word_1_419' title='bbox 412 5060 599 5130; x_wconf 87' lang='lat' dir='ltr'><strong>inquit,</strong></span> <span class='ocrx_word' id='word_1_420' title='bbox 623 5066 835 5140; x_wconf 85' lang='lat' dir='ltr'><strong>Ioseph,</strong></span> <span class='ocrx_word' id='word_1_421' title='bbox 860 5076 1170 5146; x_wconf 81' lang='lat' dir='ltr'><strong>loquentibus</strong></span> <span class='ocrx_word' id='word_1_422' title='bbox 1196 5087 1298 5141; x_wconf 84' lang='lat' dir='ltr'><strong>illis</strong></span> <span class='ocrx_word' id='word_1_423' title='bbox 1326 5053 1518 5147; x_wconf 55' lang='lat' dir='ltr'><strong>secum:</strong></span> <span class='ocrx_word' id='word_1_424' title='bbox 1549 5053 1865 5158; x_wconf 61' lang='lat' dir='ltr'><strong>Ive-</strong></span> 
     </span>
    </p>
   </div>
   <div class='ocr_carea' id='block_1_50' title="bbox 264 5154 1860 5260">
    <p class='ocr_par' dir='ltr' id='par_1_50' title="bbox 264 5154 1860 5260">
     <span class='ocr_line' id='line_1_51' title="bbox 264 5154 1860 5260; baseline 0.033 -61"><span class='ocrx_word' id='word_1_425' title='bbox 264 5158 473 5215; x_wconf 78' lang='lat' dir='ltr'><strong>nerunt,</strong></span> <span class='ocrx_word' id='word_1_426' title='bbox 501 5162 549 5206; x_wconf 91' lang='lat' dir='ltr'><strong>et</strong></span> <span class='ocrx_word' id='word_1_427' title='bbox 574 5154 813 5215; x_wconf 69' lang='lat' dir='ltr'><strong>dixerunt</strong></span> <span class='ocrx_word' id='word_1_428' title='bbox 836 5205 851 5229; x_wconf 93' lang='lat'><strong>,</strong></span> <span class='ocrx_word' id='word_1_429' title='bbox 897 5167 1027 5223; x_wconf 82' lang='lat' dir='ltr'><strong>Ecce</strong></span> <span class='ocrx_word' id='word_1_430' title='bbox 1063 5190 1153 5227; x_wconf 88' lang='lat' dir='ltr'><strong>nos</strong></span> <span class='ocrx_word' id='word_1_431' title='bbox 1183 5182 1312 5232; x_wconf 84' lang='lat' dir='ltr'><strong>servi</strong></span> <span class='ocrx_word' id='word_1_432' title='bbox 1345 5185 1578 5243; x_wconf 82' lang='lat' dir='ltr'><strong>tui.Vide</strong></span> <span class='ocrx_word' id='word_1_433' title='bbox 1605 5205 1860 5260; x_wconf 89' lang='lat' dir='ltr'><strong>quantum</strong></span> 
     </span>
     <span class='ocr_line' id='line_1_52' title="bbox 271 5238 566 5260; baseline 0.031 -1"><span class='ocrx_word' id='word_1_434' title='bbox 271 5238 439 5260; x_wconf 54' lang='grc' dir='ltr'><strong>...ιΙΑΑι</strong></span> <span class='ocrx_word' id='word_1_435' title='bbox 471 5242 517 5260; x_wconf 72' lang='grc'><strong>--9</strong></span> <span class='ocrx_word' id='word_1_436' title='bbox 540 5255 566 5260; x_wconf 55' lang='grc' dir='ltr'><strong>ν-</strong></span> 
     </span>
    </p>
   </div>
   <div class='ocr_carea' id='block_1_51' title="bbox 271 5238 1863 5351">
    <p class='ocr_par' dir='ltr' id='par_1_51' title="bbox 271 5238 1863 5351">
     <span class='ocr_line' id='line_1_53' title="bbox 271 5238 1863 5351; baseline 0.036 -66"><span class='ocrx_word' id='word_1_437' title='bbox 271 5238 442 5291; x_wconf 87' lang='lat' dir='ltr'><strong>valeat</strong></span> <span class='ocrx_word' id='word_1_438' title='bbox 471 5242 636 5300; x_wconf 87' lang='lat' dir='ltr'><strong>virtus</strong></span> <span class='ocrx_word' id='word_1_439' title='bbox 658 5287 673 5311; x_wconf 91' lang='lat'><strong>,</strong></span> <span class='ocrx_word' id='word_1_440' title='bbox 706 5265 864 5320; x_wconf 90' lang='lat' dir='ltr'><strong>quam</strong></span> <span class='ocrx_word' id='word_1_441' title='bbox 893 5260 1067 5315; x_wconf 87' lang='lat' dir='ltr'><strong>valida</strong></span> <span class='ocrx_word' id='word_1_442' title='bbox 1114 5276 1167 5319; x_wconf 90' lang='lat' dir='ltr'><strong>et</strong></span> <span class='ocrx_word' id='word_1_443' title='bbox 1204 5238 1640 5344; x_wconf 72' lang='lat' dir='ltr'><strong>inexpugnabilis</strong></span> <span class='ocrx_word' id='word_1_444' title='bbox 1666 5287 1733 5338; x_wconf 91' lang='lat' dir='ltr'><strong>sit</strong></span> <span class='ocrx_word' id='word_1_445' title='bbox 1761 5328 1775 5351; x_wconf 92' lang='lat'><strong>,</strong></span> <span class='ocrx_word' id='word_1_446' title='bbox 1809 5299 1863 5342; x_wconf 90' lang='lat' dir='ltr'><strong>et</strong></span> 
     </span>
    </p>
   </div>
   <div class='ocr_carea' id='block_1_52' title="bbox 262 5334 1860 5444">
    <p class='ocr_par' dir='ltr' id='par_1_52' title="bbox 262 5334 1860 5444">
     <span class='ocr_line' id='line_1_54' title="bbox 262 5334 1860 5444; baseline 0.037 -69"><span class='ocrx_word' id='word_1_447' title='bbox 262 5336 461 5390; x_wconf 85' lang='lat' dir='ltr'><strong>quanta</strong></span> <span class='ocrx_word' id='word_1_448' title='bbox 489 5334 701 5393; x_wconf 65' lang='lat' dir='ltr'><strong>malitia:</strong></span> <span class='ocrx_word' id='word_1_449' title='bbox 742 5342 1042 5405; x_wconf 88' lang='lat' dir='ltr'><strong>infirmitas.</strong></span> <span class='ocrx_word' id='word_1_450' title='bbox 1086 5354 1223 5411; x_wconf 86' lang='lat' dir='ltr'><strong>Ecce</strong></span> <span class='ocrx_word' id='word_1_451' title='bbox 1249 5362 1389 5417; x_wconf 84' lang='lat' dir='ltr'><strong>enim</strong></span> <span class='ocrx_word' id='word_1_452' title='bbox 1420 5408 1432 5427; x_wconf 87' lang='lat'><strong>,</strong></span> <span class='ocrx_word' id='word_1_453' title='bbox 1467 5368 1593 5432; x_wconf 81' lang='lat' dir='ltr'><strong>ille.</strong></span> <span class='ocrx_word' id='word_1_454' title='bbox 1629 5380 1716 5444; x_wconf 87' lang='lat' dir='ltr'><strong>qui</strong></span> <span class='ocrx_word' id='word_1_455' title='bbox 1746 5380 1860 5434; x_wconf 72' lang='lat' dir='ltr'><strong>inec</strong></span> 
     </span>
     <span class='ocr_line' id='line_1_55' title="bbox 262 5418 792 5444; baseline 0.03 0"><span class='ocrx_word' id='word_1_456' title='bbox 262 5418 479 5444; x_wconf 47' lang='grc' dir='ltr'><strong>-..κλμ-..ι</strong></span> <span class='ocrx_word' id='word_1_457' title='bbox 511 5437 629 5444; x_wconf 53' lang='grc' dir='ltr'><strong>--Α-</strong></span> <span class='ocrx_word' id='word_1_458' title='bbox 787 5443 792 5444; x_wconf 52' lang='grc' dir='ltr'><em>ν</em></span> 
     </span>
    </p>
   </div>
   <div class='ocr_carea' id='block_1_53' title="bbox 257 5418 1856 5525">
    <p class='ocr_par' dir='ltr' id='par_1_53' title="bbox 257 5418 1856 5525">
     <span class='ocr_line' id='line_1_56' title="bbox 257 5418 1856 5525; baseline 0.036 -58"><span class='ocrx_word' id='word_1_459' title='bbox 257 5418 479 5525; x_wconf 77' lang='lat' dir='ltr'><strong>quidem</strong></span> <span class='ocrx_word' id='word_1_460' title='bbox 508 5437 699 5491; x_wconf 84' lang='lat' dir='ltr'><strong>passus</strong></span> <span class='ocrx_word' id='word_1_461' title='bbox 716 5443 820 5498; x_wconf 88' lang='lat' dir='ltr'><strong>est,</strong></span> <span class='ocrx_word' id='word_1_462' title='bbox 853 5452 1073 5509; x_wconf 81' lang='lat' dir='ltr'><strong>regnat:</strong></span> <span class='ocrx_word' id='word_1_463' title='bbox 1106 5450 1193 5516; x_wconf 90' lang='lat' dir='ltr'><strong>qui</strong></span> <span class='ocrx_word' id='word_1_464' title='bbox 1221 5462 1398 5509; x_wconf 89' lang='lat' dir='ltr'><strong>autem</strong></span> <span class='ocrx_word' id='word_1_465' title='bbox 1427 5459 1493 5513; x_wconf 73' lang='lat' dir='ltr'><strong>ita</strong></span> <span class='ocrx_word' id='word_1_466' title='bbox 1546 5418 1856 5525; x_wconf 71' lang='lat' dir='ltr'><strong>afﬂixerunt</strong></span> 
     </span>
    </p>
   </div>
   <div class='ocr_carea' id='block_1_54' title="bbox 269 5507 1849 5617">
    <p class='ocr_par' dir='ltr' id='par_1_54' title="bbox 269 5507 1849 5617">
     <span class='ocr_line' id='line_1_57' title="bbox 269 5507 1849 5617; baseline 0.039 -61"><span class='ocrx_word' id='word_1_467' title='bbox 269 5507 507 5570; x_wconf 84' lang='lat' dir='ltr'><strong>fratrem.</strong></span> <span class='ocrx_word' id='word_1_468' title='bbox 541 5516 721 5575; x_wconf 89' lang='lat' dir='ltr'><strong>famuli</strong></span> <span class='ocrx_word' id='word_1_469' title='bbox 752 5525 869 5594; x_wconf 87' lang='lat' dir='ltr'><strong>ejus</strong></span> <span class='ocrx_word' id='word_1_470' title='bbox 895 5546 1015 5587; x_wconf 90' lang='lat' dir='ltr'><strong>esse</strong></span> <span class='ocrx_word' id='word_1_471' title='bbox 1044 5549 1235 5607; x_wconf 89' lang='lat' dir='ltr'><strong>orant,</strong></span> <span class='ocrx_word' id='word_1_472' title='bbox 1266 5558 1423 5613; x_wconf 85' lang='lat' dir='ltr'><strong>quem</strong></span> <span class='ocrx_word' id='word_1_473' title='bbox 1456 5552 1506 5604; x_wconf 91' lang='lat' dir='ltr'><strong>in</strong></span> <span class='ocrx_word' id='word_1_474' title='bbox 1536 5558 1849 5617; x_wconf 90' lang='lat' dir='ltr'><strong>servitutem</strong></span> 
     </span>
    </p>
   </div>
   <div class='ocr_carea' id='block_1_55' title="bbox 256 5610 636 5667">
    <p class='ocr_par' dir='ltr' id='par_1_55' title="bbox 256 5610 636 5667">
     <span class='ocr_line' id='line_1_58' title="bbox 256 5610 636 5667; baseline 0.032 -18"><span class='ocrx_word' id='word_1_475' title='bbox 256 5610 636 5667; x_wconf 79' lang='lat' dir='ltr'><strong>exposuerant.</strong></span> 
     </span>
    </p>
   </div>
   <div class='ocr_carea' id='block_1_56' title="bbox 1413 474 2598 536">
    <p class='ocr_par' dir='ltr' id='par_1_56' title="bbox 1413 474 2598 536">
     <span class='ocr_line' id='line_1_59' title="bbox 1413 474 2598 536; baseline 0.002 -4"><span class='ocrx_word' id='word_1_476' title='bbox 1413 476 1480 532; x_wconf 80' lang='lat' dir='ltr'><strong>1N</strong></span> <span class='ocrx_word' id='word_1_477' title='bbox 1519 476 1673 532; x_wconf 79' lang='lat' dir='ltr'><strong>CAP.</strong></span> <span class='ocrx_word' id='word_1_478' title='bbox 1717 476 1778 531; x_wconf 86' lang='lat' dir='ltr'><strong>L.</strong></span> <span class='ocrx_word' id='word_1_479' title='bbox 1820 474 2069 533; x_wconf 76' lang='lat' dir='ltr'><strong>GENES.</strong></span> <span class='ocrx_word' id='word_1_480' title='bbox 2114 475 2347 533; x_wconf 75' lang='lat' dir='ltr'><strong>llOMlL.</strong></span> <span class='ocrx_word' id='word_1_481' title='bbox 2388 478 2598 536; x_wconf 67' lang='lat' dir='ltr'><strong>LXVII.</strong></span> 
     </span>
    </p>
   </div>
   <div class='ocr_carea' id='block_1_57' title="bbox 3541 485 3649 543">
    <p class='ocr_par' dir='ltr' id='par_1_57' title="bbox 3541 485 3649 543">
     <span class='ocr_line' id='line_1_60' title="bbox 3541 485 3649 542; baseline 0.019 -2"><span class='ocrx_word' id='word_1_482' title='bbox 3541 485 3649 542; x_wconf 68' lang='lat'><strong>5‘8</strong></span> 
     </span>
     <span class='ocr_line' id='line_1_61' title="bbox 3593 517 3603 543; baseline 0 0"><span class='ocrx_word' id='word_1_483' title='bbox 3593 517 3603 543; x_wconf 85' lang='grc' dir='ltr'><strong>Ι</strong></span> 
     </span>
    </p>
   </div>
   <div class='ocr_carea' id='block_1_58' title="bbox 2040 588 3647 667">
    <p class='ocr_par' dir='ltr' id='par_1_58' title="bbox 2040 588 3647 667">
     <span class='ocr_line' id='line_1_62' title="bbox 2040 588 3647 667; baseline 0.006 -24"><span class='ocrx_word' id='word_1_484' title='bbox 2040 588 2171 657; x_wconf 82' lang='lat' dir='ltr'><strong>scpb</strong></span> <span class='ocrx_word' id='word_1_485' title='bbox 2197 588 2249 642; x_wconf 88' lang='lat' dir='ltr'><strong>iu</strong></span> <span class='ocrx_word' id='word_1_486' title='bbox 2281 588 2469 645; x_wconf 80' lang='lat' dir='ltr'><strong>fratres</strong></span> <span class='ocrx_word' id='word_1_487' title='bbox 2493 632 2509 657; x_wconf 93' lang='lat'><strong>,</strong></span> <span class='ocrx_word' id='word_1_488' title='bbox 2543 607 2646 645; x_wconf 88' lang='lat' dir='ltr'><strong>non</strong></span> <span class='ocrx_word' id='word_1_489' title='bbox 2676 590 3007 648; x_wconf 82' lang='lat' dir='ltr'><strong>recordantis</strong></span> <span class='ocrx_word' id='word_1_490' title='bbox 3047 591 3366 665; x_wconf 84' lang='lat' dir='ltr'><strong>iujuriarttm</strong></span> <span class='ocrx_word' id='word_1_491' title='bbox 3393 636 3407 657; x_wconf 89' lang='lat'><strong>.</strong></span> <span class='ocrx_word' id='word_1_492' title='bbox 3428 606 3481 651; x_wconf 87' lang='lat' dir='ltr'><strong>et</strong></span> <span class='ocrx_word' id='word_1_493' title='bbox 3506 612 3647 667; x_wconf 86' lang='lat' dir='ltr'><strong>quo-</strong></span> 
     </span>
    </p>
   </div>
   <div class='ocr_carea' id='block_1_59' title="bbox 2036 680 3648 760">
    <p class='ocr_par' dir='ltr' id='par_1_59' title="bbox 2036 680 3648 760">
     <span class='ocr_line' id='line_1_63' title="bbox 2036 680 3648 760; baseline 0.006 -26"><span class='ocrx_word' id='word_1_494' title='bbox 2036 680 2197 735; x_wconf 88' lang='lat' dir='ltr'><strong>modo</strong></span> <span class='ocrx_word' id='word_1_495' title='bbox 2217 682 2468 736; x_wconf 87' lang='lat' dir='ltr'><strong>omnibus</strong></span> <span class='ocrx_word' id='word_1_496' title='bbox 2496 682 2668 737; x_wconf 91' lang='lat' dir='ltr'><strong>modis</strong></span> <span class='ocrx_word' id='word_1_497' title='bbox 2697 699 2792 739; x_wconf 91' lang='lat' dir='ltr'><strong>eos</strong></span> <span class='ocrx_word' id='word_1_498' title='bbox 2821 684 3091 741; x_wconf 80' lang='lat' dir='ltr'><strong>consulari</strong></span> <span class='ocrx_word' id='word_1_499' title='bbox 3121 688 3244 743; x_wconf 81' lang='lat' dir='ltr'><strong>velit</strong></span> <span class='ocrx_word' id='word_1_500' title='bbox 3272 729 3287 753; x_wconf 96' lang='lat'><strong>,</strong></span> <span class='ocrx_word' id='word_1_501' title='bbox 3320 698 3377 757; x_wconf 71' lang='lat' dir='ltr'><strong>et</strong></span> <span class='ocrx_word' id='word_1_502' title='bbox 3414 689 3495 745; x_wconf 84' lang='lat' dir='ltr'><strong>eis</strong></span> <span class='ocrx_word' id='word_1_503' title='bbox 3520 704 3648 760; x_wconf 84' lang='lat' dir='ltr'><strong>per-</strong></span> 
     </span>
    </p>
   </div>
   <div class='ocr_carea' id='block_1_60' title="bbox 2033 771 3645 847">
    <p class='ocr_par' dir='ltr' id='par_1_60' title="bbox 2033 771 3645 847">
     <span class='ocr_line' id='line_1_64' title="bbox 2033 771 3645 847; baseline 0.006 -20"><span class='ocrx_word' id='word_1_504' title='bbox 2033 771 2268 829; x_wconf 86' lang='lat' dir='ltr'><strong>suadere</strong></span> <span class='ocrx_word' id='word_1_505' title='bbox 2296 814 2311 838; x_wconf 94' lang='lat'><strong>,</strong></span> <span class='ocrx_word' id='word_1_506' title='bbox 2345 774 2498 844; x_wconf 85' lang='lat' dir='ltr'><strong>quasi</strong></span> <span class='ocrx_word' id='word_1_507' title='bbox 2526 775 2658 829; x_wconf 89' lang='lat' dir='ltr'><strong>nihil</strong></span> <span class='ocrx_word' id='word_1_508' title='bbox 2700 780 2751 830; x_wconf 90' lang='lat' dir='ltr'><strong>in</strong></span> <span class='ocrx_word' id='word_1_509' title='bbox 2800 792 2859 832; x_wconf 92' lang='lat' dir='ltr'><strong>se</strong></span> <span class='ocrx_word' id='word_1_510' title='bbox 2890 778 3251 847; x_wconf 85' lang='lat' dir='ltr'><strong>peccaverint.</strong></span> <span class='ocrx_word' id='word_1_511' title='bbox 3284 778 3425 833; x_wconf 87' lang='lat' dir='ltr'><strong>Dicit</strong></span> <span class='ocrx_word' id='word_1_512' title='bbox 3453 778 3600 835; x_wconf 84' lang='lat' dir='ltr'><strong>enim</strong></span> <span class='ocrx_word' id='word_1_513' title='bbox 3629 800 3645 837; x_wconf 88' lang='lat'><strong>:</strong></span> 
     </span>
    </p>
   </div>
   <div class='ocr_carea' id='block_1_61' title="bbox 2034 863 3650 945">
    <p class='ocr_par' dir='ltr' id='par_1_61' title="bbox 2034 863 3650 945">
     <span class='ocr_line' id='line_1_65' title="bbox 2034 863 3650 945; baseline 0.006 -27"><span class='ocrx_word' id='word_1_514' title='bbox 2034 864 2122 921; x_wconf 81' lang='lat' dir='ltr'><strong>l9.</strong></span> <span class='ocrx_word' id='word_1_515' title='bbox 2159 863 2242 919; x_wconf 79' lang='lat' dir='ltr'><strong>Ne</strong></span> <span class='ocrx_word' id='word_1_516' title='bbox 2271 867 2533 930; x_wconf 87' lang='lat' dir='ltr'><strong>timeatis;</strong></span> <span class='ocrx_word' id='word_1_517' title='bbox 2562 865 2664 922; x_wconf 87' lang='lat' dir='ltr'><strong>Dei</strong></span> <span class='ocrx_word' id='word_1_518' title='bbox 2693 869 2827 923; x_wconf 86' lang='lat' dir='ltr'><strong>enim</strong></span> <span class='ocrx_word' id='word_1_519' title='bbox 2856 886 2972 924; x_wconf 88' lang='lat' dir='ltr'><strong>sum</strong></span> <span class='ocrx_word' id='word_1_520' title='bbox 3009 887 3123 940; x_wconf 88' lang='lat' dir='ltr'><strong>ego.</strong></span> <span class='ocrx_word' id='word_1_521' title='bbox 3166 870 3261 927; x_wconf 69' lang='grc' dir='ltr'><strong>ΞΟ.</strong></span> <span class='ocrx_word' id='word_1_522' title='bbox 3309 869 3415 927; x_wconf 85' lang='lat' dir='ltr'><strong>Vos</strong></span> <span class='ocrx_word' id='word_1_523' title='bbox 3451 874 3650 945; x_wconf 78' lang='lat' dir='ltr'><strong>cogita-</strong></span> 
     </span>
    </p>
   </div>
   <div class='ocr_carea' id='block_1_62' title="bbox 2032 957 3648 1037">
    <p class='ocr_par' dir='ltr' id='par_1_62' title="bbox 2032 957 3648 1037">
     <span class='ocr_line' id='line_1_66' title="bbox 2032 957 3648 1037; baseline 0.009 -29"><span class='ocrx_word' id='word_1_524' title='bbox 2032 957 2125 1010; x_wconf 88' lang='lat' dir='ltr'><strong>stis</strong></span> <span class='ocrx_word' id='word_1_525' title='bbox 2169 968 2346 1011; x_wconf 86' lang='lat' dir='ltr'><strong>contra</strong></span> <span class='ocrx_word' id='word_1_526' title='bbox 2385 975 2464 1013; x_wconf 89' lang='lat' dir='ltr'><strong>me</strong></span> <span class='ocrx_word' id='word_1_527' title='bbox 2504 962 2643 1014; x_wconf 88' lang='lat' dir='ltr'><strong>mala</strong></span> <span class='ocrx_word' id='word_1_528' title='bbox 2671 977 2689 1025; x_wconf 89' lang='lat'><strong><em>;</em></strong></span> <span class='ocrx_word' id='word_1_529' title='bbox 2720 960 2861 1017; x_wconf 92' lang='lat' dir='ltr'><strong>Deus</strong></span> <span class='ocrx_word' id='word_1_530' title='bbox 2890 972 3060 1018; x_wconf 88' lang='lat' dir='ltr'><strong>autem</strong></span> <span class='ocrx_word' id='word_1_531' title='bbox 3098 966 3338 1035; x_wconf 81' lang='lat' dir='ltr'><strong>cogitavit</strong></span> <span class='ocrx_word' id='word_1_532' title='bbox 3361 983 3456 1037; x_wconf 89' lang='lat' dir='ltr'><strong>pro</strong></span> <span class='ocrx_word' id='word_1_533' title='bbox 3482 983 3563 1020; x_wconf 89' lang='lat' dir='ltr'><strong>me</strong></span> <span class='ocrx_word' id='word_1_534' title='bbox 3592 968 3648 1023; x_wconf 85' lang='lat' dir='ltr'><strong>in</strong></span> 
     </span>
    </p>
   </div>
   <div class='ocr_carea' id='block_1_63' title="bbox 2031 1047 3647 1128">
    <p class='ocr_par' dir='ltr' id='par_1_63' title="bbox 2031 1047 3647 1128">
     <span class='ocr_line' id='line_1_67' title="bbox 2031 1047 3647 1128; baseline 0.009 -28"><span class='ocrx_word' id='word_1_535' title='bbox 2031 1047 2163 1101; x_wconf 89' lang='lat' dir='ltr'><strong>bona</strong></span> <span class='ocrx_word' id='word_1_536' title='bbox 2185 1090 2198 1112; x_wconf 94' lang='lat'><strong>,</strong></span> <span class='ocrx_word' id='word_1_537' title='bbox 2224 1051 2480 1120; x_wconf 83' lang='lat' dir='ltr'><strong>quomodo</strong></span> <span class='ocrx_word' id='word_1_538' title='bbox 2506 1056 2718 1122; x_wconf 87' lang='lat' dir='ltr'><strong>factum,</strong></span> <span class='ocrx_word' id='word_1_539' title='bbox 2752 1054 2883 1107; x_wconf 89' lang='lat' dir='ltr'><strong>sicut</strong></span> <span class='ocrx_word' id='word_1_540' title='bbox 2915 1056 3067 1109; x_wconf 82' lang='lat' dir='ltr'><strong>hodie</strong></span> <span class='ocrx_word' id='word_1_541' title='bbox 3087 1057 3279 1122; x_wconf 84' lang='lat' dir='ltr'><strong>videtis,</strong></span> <span class='ocrx_word' id='word_1_542' title='bbox 3317 1068 3371 1111; x_wconf 86' lang='lat' dir='ltr'><strong>ut</strong></span> <span class='ocrx_word' id='word_1_543' title='bbox 3402 1069 3647 1128; x_wconf 76' lang='lat' dir='ltr'><strong>pascatur</strong></span> 
     </span>
    </p>
   </div>
   <div class='ocr_carea' id='block_1_64' title="bbox 2030 1140 3638 1219">
    <p class='ocr_par' dir='ltr' id='par_1_64' title="bbox 2030 1140 3638 1219">
     <span class='ocr_line' id='line_1_68' title="bbox 2030 1140 3638 1219; baseline 0.012 -28"><span class='ocrx_word' id='word_1_544' title='bbox 2030 1140 2251 1211; x_wconf 82' lang='lat' dir='ltr'><strong>populus</strong></span> <span class='ocrx_word' id='word_1_545' title='bbox 2283 1143 2488 1196; x_wconf 85' lang='lat' dir='ltr'><strong>multus.</strong></span> <span class='ocrx_word' id='word_1_546' title='bbox 2510 1142 2587 1197; x_wconf 86' lang='lat' dir='ltr'><strong>Ne</strong></span> <span class='ocrx_word' id='word_1_547' title='bbox 2610 1144 2864 1213; x_wconf 82' lang='lat' dir='ltr'><strong>timeatis,</strong></span> <span class='ocrx_word' id='word_1_548' title='bbox 2895 1147 3087 1217; x_wconf 83' lang='lat' dir='ltr'><strong>inquit,</strong></span> <span class='ocrx_word' id='word_1_549' title='bbox 3120 1163 3295 1219; x_wconf 90' lang='lat' dir='ltr'><strong>neque</strong></span> <span class='ocrx_word' id='word_1_550' title='bbox 3322 1150 3468 1206; x_wconf 79' lang='lat' dir='ltr'><strong>anxii</strong></span> <span class='ocrx_word' id='word_1_551' title='bbox 3494 1152 3638 1211; x_wconf 80' lang='lat' dir='ltr'><strong>sitis:</strong></span> 
     </span>
    </p>
   </div>
   <div class='ocr_carea' id='block_1_65' title="bbox 2033 1229 3646 1310">
    <p class='ocr_par' dir='ltr' id='par_1_65' title="bbox 2033 1229 3646 1310">
     <span class='ocr_line' id='line_1_69' title="bbox 2033 1229 3646 1310; baseline 0.014 -27"><span class='ocrx_word' id='word_1_552' title='bbox 2033 1229 2127 1285; x_wconf 87' lang='lat' dir='ltr'><strong>Dei</strong></span> <span class='ocrx_word' id='word_1_553' title='bbox 2152 1234 2285 1287; x_wconf 87' lang='lat' dir='ltr'><strong>enim</strong></span> <span class='ocrx_word' id='word_1_554' title='bbox 2310 1251 2423 1289; x_wconf 89' lang='lat' dir='ltr'><strong>sum</strong></span> <span class='ocrx_word' id='word_1_555' title='bbox 2448 1252 2561 1306; x_wconf 87' lang='lat' dir='ltr'><strong>ego,</strong></span> <span class='ocrx_word' id='word_1_556' title='bbox 2591 1245 2645 1291; x_wconf 86' lang='lat' dir='ltr'><strong>et</strong></span> <span class='ocrx_word' id='word_1_557' title='bbox 2668 1237 2949 1293; x_wconf 89' lang='lat' dir='ltr'><strong>Dominum</strong></span> <span class='ocrx_word' id='word_1_558' title='bbox 2983 1256 3160 1296; x_wconf 88' lang='lat' dir='ltr'><strong>meum</strong></span> <span class='ocrx_word' id='word_1_559' title='bbox 3191 1242 3373 1298; x_wconf 91' lang='lat' dir='ltr'><strong>imitor</strong></span> <span class='ocrx_word' id='word_1_560' title='bbox 3396 1286 3411 1310; x_wconf 96' lang='lat'><strong>,</strong></span> <span class='ocrx_word' id='word_1_561' title='bbox 3444 1260 3508 1301; x_wconf 87' lang='lat' dir='ltr'><strong>ac</strong></span> <span class='ocrx_word' id='word_1_562' title='bbox 3544 1246 3646 1305; x_wconf 80' lang='lat' dir='ltr'><strong>be-</strong></span> 
     </span>
    </p>
   </div>
   <div class='ocr_carea' id='block_1_66' title="bbox 2028 1324 3643 1403">
    <p class='ocr_par' dir='ltr' id='par_1_66' title="bbox 2028 1324 3643 1403">
     <span class='ocr_line' id='line_1_70' title="bbox 2028 1324 3643 1403; baseline 0.012 -24"><span class='ocrx_word' id='word_1_563' title='bbox 2028 1324 2219 1380; x_wconf 85' lang='lat' dir='ltr'><strong>neficia</strong></span> <span class='ocrx_word' id='word_1_564' title='bbox 2264 1328 2564 1396; x_wconf 89' lang='lat' dir='ltr'><strong>rependere</strong></span> <span class='ocrx_word' id='word_1_565' title='bbox 2607 1329 2799 1385; x_wconf 88' lang='lat' dir='ltr'><strong>studeo</strong></span> <span class='ocrx_word' id='word_1_566' title='bbox 2845 1330 2910 1386; x_wconf 88' lang='lat' dir='ltr'><strong>iis</strong></span> <span class='ocrx_word' id='word_1_567' title='bbox 2946 1333 3037 1403; x_wconf 88' lang='lat' dir='ltr'><strong>qui</strong></span> <span class='ocrx_word' id='word_1_568' title='bbox 3066 1349 3172 1388; x_wconf 90' lang='lat' dir='ltr'><strong>non</strong></span> <span class='ocrx_word' id='word_1_569' title='bbox 3203 1334 3423 1393; x_wconf 84' lang='lat' dir='ltr'><strong>ferenda</strong></span> <span class='ocrx_word' id='word_1_570' title='bbox 3452 1348 3643 1399; x_wconf 73' lang='lat' dir='ltr'><strong>contra</strong></span> 
     </span>
    </p>
   </div>
   <div class='ocr_carea' id='block_1_67' title="bbox 2026 1418 3642 1497">
    <p class='ocr_par' dir='ltr' id='par_1_67' title="bbox 2026 1418 3642 1497">
     <span class='ocr_line' id='line_1_71' title="bbox 2026 1418 3642 1497; baseline 0.01 -25"><span class='ocrx_word' id='word_1_571' title='bbox 2026 1433 2115 1474; x_wconf 89' lang='lat' dir='ltr'><strong>me</strong></span> <span class='ocrx_word' id='word_1_572' title='bbox 2144 1418 2424 1474; x_wconf 86' lang='lat' dir='ltr'><strong>fecerunt:</strong></span> <span class='ocrx_word' id='word_1_573' title='bbox 2454 1420 2551 1474; x_wconf 86' lang='lat' dir='ltr'><strong>Dei</strong></span> <span class='ocrx_word' id='word_1_574' title='bbox 2592 1423 2727 1476; x_wconf 88' lang='lat' dir='ltr'><strong>enim</strong></span> <span class='ocrx_word' id='word_1_575' title='bbox 2762 1441 2878 1479; x_wconf 89' lang='lat' dir='ltr'><strong>sum</strong></span> <span class='ocrx_word' id='word_1_576' title='bbox 2919 1441 3031 1497; x_wconf 89' lang='lat' dir='ltr'><strong>ego.</strong></span> <span class='ocrx_word' id='word_1_577' title='bbox 3078 1427 3286 1484; x_wconf 89' lang='lat' dir='ltr'><strong>Deinde</strong></span> <span class='ocrx_word' id='word_1_578' title='bbox 3314 1444 3437 1485; x_wconf 92' lang='lat' dir='ltr'><strong>cum</strong></span> <span class='ocrx_word' id='word_1_579' title='bbox 3481 1448 3642 1488; x_wconf 87' lang='lat' dir='ltr'><strong>mon-</strong></span> 
     </span>
    </p>
   </div>
   <div class='ocr_carea' id='block_1_68' title="bbox 2024 1515 3636 1592">
    <p class='ocr_par' dir='ltr' id='par_1_68' title="bbox 2024 1515 3636 1592">
     <span class='ocr_line' id='line_1_72' title="bbox 2024 1515 3636 1592; baseline 0.011 -29"><span class='ocrx_word' id='word_1_580' title='bbox 2024 1519 2248 1567; x_wconf 82' lang='lat' dir='ltr'><strong>strasset</strong></span> <span class='ocrx_word' id='word_1_581' title='bbox 2274 1522 2473 1583; x_wconf 85' lang='lat' dir='ltr'><strong>quanta</strong></span> <span class='ocrx_word' id='word_1_582' title='bbox 2499 1529 2622 1569; x_wconf 91' lang='lat' dir='ltr'><strong>eum</strong></span> <span class='ocrx_word' id='word_1_583' title='bbox 2652 1515 3028 1572; x_wconf 86' lang='lat' dir='ltr'><strong>benevolentia</strong></span> <span class='ocrx_word' id='word_1_584' title='bbox 3056 1531 3415 1592; x_wconf 87' lang='lat' dir='ltr'><strong>prosequutus</strong></span> <span class='ocrx_word' id='word_1_585' title='bbox 3443 1534 3590 1582; x_wconf 91' lang='lat' dir='ltr'><strong>esset</strong></span> <span class='ocrx_word' id='word_1_586' title='bbox 3618 1568 3636 1591; x_wconf 92' lang='lat'><strong>,</strong></span> 
     </span>
    </p>
   </div>
   <div class='ocr_carea' id='block_1_69' title="bbox 2024 1600 3628 1680">
    <p class='ocr_par' dir='ltr' id='par_1_69' title="bbox 2024 1600 3628 1680">
     <span class='ocr_line' id='line_1_73' title="bbox 2024 1600 3628 1680; baseline 0.012 -26"><span class='ocrx_word' id='word_1_587' title='bbox 2024 1600 2181 1655; x_wconf 90' lang='lat' dir='ltr'><strong>dicit:</strong></span> <span class='ocrx_word' id='word_1_588' title='bbox 2211 1603 2314 1657; x_wconf 78' lang='lat' dir='ltr'><strong>Vos</strong></span> <span class='ocrx_word' id='word_1_589' title='bbox 2345 1604 2482 1659; x_wconf 88' lang='lat' dir='ltr'><strong>mala</strong></span> <span class='ocrx_word' id='word_1_590' title='bbox 2513 1618 2695 1662; x_wconf 88' lang='lat' dir='ltr'><strong>mente</strong></span> <span class='ocrx_word' id='word_1_591' title='bbox 2716 1606 2831 1662; x_wconf 80' lang='lat' dir='ltr'><strong>hzee</strong></span> <span class='ocrx_word' id='word_1_592' title='bbox 2856 1618 3044 1663; x_wconf 88' lang='lat' dir='ltr'><strong>contra</strong></span> <span class='ocrx_word' id='word_1_593' title='bbox 3080 1625 3166 1666; x_wconf 92' lang='lat' dir='ltr'><strong>me</strong></span> <span class='ocrx_word' id='word_1_594' title='bbox 3210 1612 3411 1670; x_wconf 80' lang='lat' dir='ltr'><strong>fecistis</strong></span> <span class='ocrx_word' id='word_1_595' title='bbox 3440 1658 3455 1680; x_wconf 92' lang='lat'><strong>,</strong></span> <span class='ocrx_word' id='word_1_596' title='bbox 3484 1616 3628 1675; x_wconf 84' lang='lat' dir='ltr'><strong>Deus</strong></span> 
     </span>
    </p>
   </div>
   <div class='ocr_carea' id='block_1_70' title="bbox 2022 1695 3638 1765">
    <p class='ocr_par' dir='ltr' id='par_1_70' title="bbox 2022 1695 3638 1765">
     <span class='ocr_line' id='line_1_74' title="bbox 2022 1695 3638 1765; baseline 0.011 -19"><span class='ocrx_word' id='word_1_597' title='bbox 2022 1701 2205 1749; x_wconf 88' lang='lat' dir='ltr'><strong>autem</strong></span> <span class='ocrx_word' id='word_1_598' title='bbox 2234 1695 2286 1750; x_wconf 91' lang='lat' dir='ltr'><strong>in</strong></span> <span class='ocrx_word' id='word_1_599' title='bbox 2325 1696 2523 1751; x_wconf 89' lang='lat' dir='ltr'><strong>bonum</strong></span> <span class='ocrx_word' id='word_1_600' title='bbox 2557 1698 2687 1753; x_wconf 87' lang='lat' dir='ltr'><strong>mihi</strong></span> <span class='ocrx_word' id='word_1_601' title='bbox 2715 1700 2894 1755; x_wconf 87' lang='lat' dir='ltr'><strong>omnia</strong></span> <span class='ocrx_word' id='word_1_602' title='bbox 2922 1701 3100 1757; x_wconf 84' lang='lat' dir='ltr'><strong>vertit.</strong></span> <span class='ocrx_word' id='word_1_603' title='bbox 3130 1702 3335 1759; x_wconf 84' lang='lat' dir='ltr'><strong>Idcirco</strong></span> <span class='ocrx_word' id='word_1_604' title='bbox 3365 1714 3421 1761; x_wconf 88' lang='lat' dir='ltr'><strong>et</strong></span> <span class='ocrx_word' id='word_1_605' title='bbox 3441 1706 3638 1765; x_wconf 80' lang='lat' dir='ltr'><strong>Paulus</strong></span> 
     </span>
    </p>
   </div>
   <div class='ocr_carea' id='block_1_71' title="bbox 2022 1785 3633 1867">
    <p class='ocr_par' dir='ltr' id='par_1_71' title="bbox 2022 1785 3633 1867">
     <span class='ocr_line' id='line_1_75' title="bbox 2022 1785 3633 1867; baseline 0.011 -27"><span class='ocrx_word' id='word_1_606' title='bbox 2022 1785 2265 1842; x_wconf 84' lang='lat' dir='ltr'><strong>diccbat:</strong></span> <span class='ocrx_word' id='word_1_607' title='bbox 2294 1787 2639 1861; x_wconf 83' lang='lat' dir='ltr'><strong>Diligentibus</strong></span> <span class='ocrx_word' id='word_1_608' title='bbox 2679 1791 2845 1846; x_wconf 89' lang='lat' dir='ltr'><strong>Deum</strong></span> <span class='ocrx_word' id='word_1_609' title='bbox 2872 1794 3047 1848; x_wconf 88' lang='lat' dir='ltr'><strong>omnia</strong></span> <span class='ocrx_word' id='word_1_610' title='bbox 3073 1808 3418 1867; x_wconf 88' lang='lat' dir='ltr'><strong>coaperantur</strong></span> <span class='ocrx_word' id='word_1_611' title='bbox 3460 1802 3514 1855; x_wconf 87' lang='lat' dir='ltr'><strong>in</strong></span> <span class='ocrx_word' id='word_1_612' title='bbox 3542 1804 3633 1858; x_wconf 84' lang='lat' dir='ltr'><strong>bo-</strong></span> 
     </span>
    </p>
   </div>
   <div class='ocr_carea' id='block_1_72' title="bbox 2021 1880 3638 1958">
    <p class='ocr_par' dir='ltr' id='par_1_72' title="bbox 2021 1880 3638 1958">
     <span class='ocr_line' id='line_1_76' title="bbox 2021 1880 3638 1958; baseline 0.012 -25"><span class='ocrx_word' id='word_1_613' title='bbox 2021 1895 2141 1933; x_wconf 90' lang='lat' dir='ltr'><strong>num</strong></span> <span class='ocrx_word' id='word_1_614' title='bbox 2170 1880 2349 1951; x_wconf 83' lang='lat' dir='ltr'><strong>(Rom.</strong></span> <span class='ocrx_word' id='word_1_615' title='bbox 2378 1884 2434 1938; x_wconf 85' lang='lat'><strong>8.</strong></span> <span class='ocrx_word' id='word_1_616' title='bbox 2466 1883 2581 1955; x_wconf 73' lang='lat'><strong>28).</strong></span> <span class='ocrx_word' id='word_1_617' title='bbox 2615 1884 2823 1952; x_wconf 87' lang='lat' dir='ltr'><strong>Omnia,</strong></span> <span class='ocrx_word' id='word_1_618' title='bbox 2860 1887 3054 1958; x_wconf 89' lang='lat' dir='ltr'><strong>inquit.</strong></span> <span class='ocrx_word' id='word_1_619' title='bbox 3083 1889 3221 1957; x_wconf 85' lang='lat' dir='ltr'><strong>Quid</strong></span> <span class='ocrx_word' id='word_1_620' title='bbox 3251 1902 3355 1958; x_wconf 88' lang='lat' dir='ltr'><strong>est,</strong></span> <span class='ocrx_word' id='word_1_621' title='bbox 3389 1893 3579 1950; x_wconf 83' lang='lat' dir='ltr'><strong>Omnia</strong></span> <span class='ocrx_word' id='word_1_622' title='bbox 3609 1898 3638 1952; x_wconf 79' lang='lat'><strong>.’</strong></span> 
     </span>
    </p>
   </div>
   <div class='ocr_carea' id='block_1_73' title="bbox 2020 1971 3637 2052">
    <p class='ocr_par' dir='ltr' id='par_1_73' title="bbox 2020 1971 3637 2052">
     <span class='ocr_line' id='line_1_77' title="bbox 2020 1971 3637 2052; baseline 0.014 -26"><span class='ocrx_word' id='word_1_623' title='bbox 2020 1971 2087 2027; x_wconf 86' lang='lat' dir='ltr'><strong>Et</strong></span> <span class='ocrx_word' id='word_1_624' title='bbox 2114 1972 2363 2041; x_wconf 84' lang='lat' dir='ltr'><strong>adversa,</strong></span> <span class='ocrx_word' id='word_1_625' title='bbox 2392 1986 2445 2031; x_wconf 88' lang='lat' dir='ltr'><strong>et</strong></span> <span class='ocrx_word' id='word_1_626' title='bbox 2472 1993 2591 2047; x_wconf 70' lang='lat' dir='ltr'><strong>quse</strong></span> <span class='ocrx_word' id='word_1_627' title='bbox 2610 1980 2931 2036; x_wconf 90' lang='lat' dir='ltr'><strong>contristare</strong></span> <span class='ocrx_word' id='word_1_628' title='bbox 2962 1982 3234 2052; x_wconf 88' lang='lat' dir='ltr'><strong>videntur,</strong></span> <span class='ocrx_word' id='word_1_629' title='bbox 3264 1986 3426 2042; x_wconf 91' lang='lat' dir='ltr'><strong>etiam</strong></span> <span class='ocrx_word' id='word_1_630' title='bbox 3457 1990 3555 2046; x_wconf 86' lang='lat' dir='ltr'><strong>ista</strong></span> <span class='ocrx_word' id='word_1_631' title='bbox 3580 1992 3637 2049; x_wconf 91' lang='lat' dir='ltr'><strong>in</strong></span> 
     </span>
    </p>
   </div>
   <div class='ocr_carea' id='block_1_74' title="bbox 2018 2060 3632 2146">
    <p class='ocr_par' dir='ltr' id='par_1_74' title="bbox 2018 2060 3632 2146">
     <span class='ocr_line' id='line_1_78' title="bbox 2018 2060 3632 2146; baseline 0.014 -31"><span class='ocrx_word' id='word_1_632' title='bbox 2018 2060 2217 2118; x_wconf 88' lang='lat' dir='ltr'><strong>bonum</strong></span> <span class='ocrx_word' id='word_1_633' title='bbox 2245 2076 2431 2122; x_wconf 90' lang='lat' dir='ltr'><strong>mutat.</strong></span> <span class='ocrx_word' id='word_1_634' title='bbox 2478 2068 2591 2123; x_wconf 87' lang='lat' dir='ltr'><strong>Hoc</strong></span> <span class='ocrx_word' id='word_1_635' title='bbox 2629 2071 2815 2141; x_wconf 86' lang='lat' dir='ltr'><strong>utique</strong></span> <span class='ocrx_word' id='word_1_636' title='bbox 2839 2081 2895 2128; x_wconf 88' lang='lat' dir='ltr'><strong>et</strong></span> <span class='ocrx_word' id='word_1_637' title='bbox 2919 2072 2970 2126; x_wconf 92' lang='lat' dir='ltr'><strong>in</strong></span> <span class='ocrx_word' id='word_1_638' title='bbox 3001 2071 3103 2130; x_wconf 89' lang='lat' dir='ltr'><strong>hoc</strong></span> <span class='ocrx_word' id='word_1_639' title='bbox 3124 2074 3271 2146; x_wconf 86' lang='lat' dir='ltr'><strong>justo</strong></span> <span class='ocrx_word' id='word_1_640' title='bbox 3299 2077 3496 2135; x_wconf 90' lang='lat' dir='ltr'><strong>factum</strong></span> <span class='ocrx_word' id='word_1_641' title='bbox 3526 2093 3632 2140; x_wconf 91' lang='lat' dir='ltr'><strong>est.</strong></span> 
     </span>
    </p>
   </div>
   <div class='ocr_carea' id='block_1_75' title="bbox 2016 2154 3633 2248">
    <p class='ocr_par' dir='ltr' id='par_1_75' title="bbox 2016 2154 3633 2248">
     <span class='ocr_line' id='line_1_79' title="bbox 2016 2154 3633 2248; baseline 0.015 -38"><span class='ocrx_word' id='word_1_642' title='bbox 2016 2154 2149 2212; x_wconf 85' lang='lat' dir='ltr'><strong>Nam</strong></span> <span class='ocrx_word' id='word_1_643' title='bbox 2176 2174 2295 2230; x_wconf 64' lang='lat' dir='ltr'><strong>quas</strong></span> <span class='ocrx_word' id='word_1_644' title='bbox 2335 2176 2366 2215; x_wconf 89' lang='lat' dir='ltr'><strong>a</strong></span> <span class='ocrx_word' id='word_1_645' title='bbox 2409 2161 2665 2221; x_wconf 89' lang='lat' dir='ltr'><strong>fratribus</strong></span> <span class='ocrx_word' id='word_1_646' title='bbox 2691 2165 2828 2222; x_wconf 86' lang='lat' dir='ltr'><strong>facta</strong></span> <span class='ocrx_word' id='word_1_647' title='bbox 2856 2178 2982 2224; x_wconf 91' lang='lat' dir='ltr'><strong>sunt</strong></span> <span class='ocrx_word' id='word_1_648' title='bbox 3003 2212 3021 2237; x_wconf 90' lang='lat'><strong>,</strong></span> <span class='ocrx_word' id='word_1_649' title='bbox 3053 2185 3115 2227; x_wconf 88' lang='lat' dir='ltr'><strong>ea</strong></span> <span class='ocrx_word' id='word_1_650' title='bbox 3144 2173 3378 2230; x_wconf 82' lang='lat' dir='ltr'><strong>maxime</strong></span> <span class='ocrx_word' id='word_1_651' title='bbox 3404 2192 3633 2248; x_wconf 83' lang='lat' dir='ltr'><strong>regnum</strong></span> 
     </span>
    </p>
   </div>
   <div class='ocr_carea' id='block_1_76' title="bbox 2015 2247 3627 2339">
    <p class='ocr_par' dir='ltr' id='par_1_76' title="bbox 2015 2247 3627 2339">
     <span class='ocr_line' id='line_1_80' title="bbox 2015 2247 3627 2339; baseline 0.016 -37"><span class='ocrx_word' id='word_1_652' title='bbox 2015 2247 2065 2302; x_wconf 87' lang='lat' dir='ltr'><strong>ei</strong></span> <span class='ocrx_word' id='word_1_653' title='bbox 2108 2251 2467 2309; x_wconf 89' lang='lat' dir='ltr'><strong>conciliarunt</strong></span> <span class='ocrx_word' id='word_1_654' title='bbox 2513 2266 2732 2327; x_wconf 89' lang='lat' dir='ltr'><strong>propter</strong></span> <span class='ocrx_word' id='word_1_655' title='bbox 2760 2258 2853 2331; x_wconf 79' lang='lat' dir='ltr'><strong>Det</strong></span> <span class='ocrx_word' id='word_1_656' title='bbox 2885 2263 3203 2332; x_wconf 86' lang='lat' dir='ltr'><strong>sapientiam</strong></span> <span class='ocrx_word' id='word_1_657' title='bbox 3236 2306 3252 2331; x_wconf 91' lang='lat'><strong>,</strong></span> <span class='ocrx_word' id='word_1_658' title='bbox 3293 2283 3415 2339; x_wconf 75' lang='lat' dir='ltr'><strong>qua:</strong></span> <span class='ocrx_word' id='word_1_659' title='bbox 3444 2271 3627 2328; x_wconf 85' lang='lat' dir='ltr'><strong>omnia</strong></span> 
     </span>
    </p>
   </div>
   <div class='ocr_carea' id='block_1_77' title="bbox 2014 2339 3627 2432">
    <p class='ocr_par' dir='ltr' id='par_1_77' title="bbox 2014 2339 3627 2432">
     <span class='ocr_line' id='line_1_81' title="bbox 2014 2339 3627 2432; baseline 0.015 -39"><span class='ocrx_word' id='word_1_660' title='bbox 2014 2339 2152 2395; x_wconf 77' lang='lat' dir='ltr'><strong>mala</strong></span> <span class='ocrx_word' id='word_1_661' title='bbox 2183 2341 2237 2395; x_wconf 93' lang='lat' dir='ltr'><strong>in</strong></span> <span class='ocrx_word' id='word_1_662' title='bbox 2260 2342 2459 2399; x_wconf 89' lang='lat' dir='ltr'><strong>bonum</strong></span> <span class='ocrx_word' id='word_1_663' title='bbox 2485 2358 2802 2405; x_wconf 88' lang='lat' dir='ltr'><strong>commutat.</strong></span> <span class='ocrx_word' id='word_1_664' title='bbox 2836 2350 2903 2407; x_wconf 84' lang='lat' dir='ltr'><strong>Ut</strong></span> <span class='ocrx_word' id='word_1_665' title='bbox 2932 2364 3193 2423; x_wconf 87' lang='lat' dir='ltr'><strong>pascatur,</strong></span> <span class='ocrx_word' id='word_1_666' title='bbox 3226 2358 3417 2429; x_wconf 89' lang='lat' dir='ltr'><strong>inquit,</strong></span> <span class='ocrx_word' id='word_1_667' title='bbox 3456 2378 3627 2432; x_wconf 84' lang='lat' dir='ltr'><strong>popu-</strong></span> 
     </span>
    </p>
   </div>
   <div class='ocr_carea' id='block_1_78' title="bbox 2012 2432 3626 2515">
    <p class='ocr_par' dir='ltr' id='par_1_78' title="bbox 2012 2432 3626 2515">
     <span class='ocr_line' id='line_1_82' title="bbox 2012 2432 3626 2515; baseline 0.017 -27"><span class='ocrx_word' id='word_1_668' title='bbox 2012 2432 2093 2489; x_wconf 84' lang='lat' dir='ltr'><strong>lus</strong></span> <span class='ocrx_word' id='word_1_669' title='bbox 2119 2436 2333 2492; x_wconf 85' lang='lat' dir='ltr'><strong>multus.</strong></span> <span class='ocrx_word' id='word_1_670' title='bbox 2376 2438 2494 2496; x_wconf 87' lang='lat' dir='ltr'><strong>Non</strong></span> <span class='ocrx_word' id='word_1_671' title='bbox 2530 2442 2704 2499; x_wconf 88' lang='lat' dir='ltr'><strong>solum</strong></span> <span class='ocrx_word' id='word_1_672' title='bbox 2757 2456 2934 2503; x_wconf 83' lang='lat' dir='ltr'><strong>vestra</strong></span> <span class='ocrx_word' id='word_1_673' title='bbox 2964 2464 3125 2507; x_wconf 81' lang='lat' dir='ltr'><strong>causa</strong></span> <span class='ocrx_word' id='word_1_674' title='bbox 3156 2452 3271 2508; x_wconf 74' lang='lat' dir='ltr'><strong>lucc</strong></span> <span class='ocrx_word' id='word_1_675' title='bbox 3316 2455 3368 2510; x_wconf 88' lang='lat' dir='ltr'><strong>in</strong></span> <span class='ocrx_word' id='word_1_676' title='bbox 3424 2456 3626 2515; x_wconf 77' lang='lat' dir='ltr'><strong>bonum</strong></span> 
     </span>
    </p>
   </div>
   <div class='ocr_carea' id='block_1_79' title="bbox 2010 2525 3623 2618">
    <p class='ocr_par' dir='ltr' id='par_1_79' title="bbox 2010 2525 3623 2618">
     <span class='ocr_line' id='line_1_83' title="bbox 2010 2525 3623 2618; baseline 0.019 -40"><span class='ocrx_word' id='word_1_677' title='bbox 2010 2525 2169 2581; x_wconf 87' lang='lat' dir='ltr'><strong>vertit</strong></span> <span class='ocrx_word' id='word_1_678' title='bbox 2198 2568 2214 2594; x_wconf 95' lang='lat'><strong>,</strong></span> <span class='ocrx_word' id='word_1_679' title='bbox 2256 2529 2351 2585; x_wconf 87' lang='lat' dir='ltr'><strong>sed</strong></span> <span class='ocrx_word' id='word_1_680' title='bbox 2381 2541 2438 2587; x_wconf 88' lang='lat' dir='ltr'><strong>ut</strong></span> <span class='ocrx_word' id='word_1_681' title='bbox 2462 2542 2516 2589; x_wconf 90' lang='lat' dir='ltr'><strong>et</strong></span> <span class='ocrx_word' id='word_1_682' title='bbox 2541 2536 2718 2592; x_wconf 89' lang='lat' dir='ltr'><strong>omnis</strong></span> <span class='ocrx_word' id='word_1_683' title='bbox 2746 2538 2835 2594; x_wconf 90' lang='lat' dir='ltr'><strong>ille</strong></span> <span class='ocrx_word' id='word_1_684' title='bbox 2861 2540 3092 2611; x_wconf 89' lang='lat' dir='ltr'><strong>populus</strong></span> <span class='ocrx_word' id='word_1_685' title='bbox 3121 2544 3269 2615; x_wconf 84' lang='lat' dir='ltr'><strong>pasci</strong></span> <span class='ocrx_word' id='word_1_686' title='bbox 3299 2549 3491 2618; x_wconf 86' lang='lat' dir='ltr'><strong>possit.</strong></span> <span class='ocrx_word' id='word_1_687' title='bbox 3526 2549 3623 2607; x_wconf 77' lang='lat'><strong>2|.</strong></span> 
     </span>
    </p>
   </div>
   <div class='ocr_carea' id='block_1_80' title="bbox 2012 2614 3626 2702">
    <p class='ocr_par' dir='ltr' id='par_1_80' title="bbox 2012 2614 3626 2702">
     <span class='ocr_line' id='line_1_84' title="bbox 2012 2614 3626 2702; baseline 0.019 -33"><span class='ocrx_word' id='word_1_688' title='bbox 2012 2614 2079 2670; x_wconf 82' lang='lat' dir='ltr'><strong>Et</strong></span> <span class='ocrx_word' id='word_1_689' title='bbox 2100 2619 2229 2673; x_wconf 78' lang='lat' dir='ltr'><strong>dixit</strong></span> <span class='ocrx_word' id='word_1_690' title='bbox 2254 2623 2325 2676; x_wconf 88' lang='lat' dir='ltr'><strong>eis</strong></span> <span class='ocrx_word' id='word_1_691' title='bbox 2351 2640 2369 2677; x_wconf 93' lang='lat'><strong><em>:</em></strong></span> <span class='ocrx_word' id='word_1_692' title='bbox 2386 2623 2439 2678; x_wconf 86' lang='grc' dir='ltr'><strong><em>Ν</em></strong></span> <span class='ocrx_word' id='word_1_693' title='bbox 2444 2643 2471 2679; x_wconf 90' lang='lat' dir='ltr'><strong>e</strong></span> <span class='ocrx_word' id='word_1_694' title='bbox 2491 2627 2709 2683; x_wconf 88' lang='lat' dir='ltr'><strong>timeatis</strong></span> <span class='ocrx_word' id='word_1_695' title='bbox 2730 2644 2749 2683; x_wconf 93' lang='lat'><strong><em>:</em></strong></span> <span class='ocrx_word' id='word_1_696' title='bbox 2770 2647 2861 2702; x_wconf 90' lang='lat' dir='ltr'><strong>ego</strong></span> <span class='ocrx_word' id='word_1_697' title='bbox 2884 2649 3091 2702; x_wconf 86' lang='lat' dir='ltr'><strong>pascam</strong></span> <span class='ocrx_word' id='word_1_698' title='bbox 3121 2614 3228 2702; x_wconf 64' lang='lat' dir='ltr'><strong>eos,</strong></span> <span class='ocrx_word' id='word_1_699' title='bbox 3253 2650 3299 2692; x_wconf 86' lang='lat' dir='ltr'><strong>et</strong></span> <span class='ocrx_word' id='word_1_700' title='bbox 3328 2640 3511 2697; x_wconf 89' lang='lat' dir='ltr'><strong>domus</strong></span> <span class='ocrx_word' id='word_1_701' title='bbox 3537 2658 3626 2699; x_wconf 77' lang='lat' dir='ltr'><strong>ve-</strong></span> 
     </span>
    </p>
   </div>
   <div class='ocr_carea' id='block_1_81' title="bbox 2007 2709 3621 2792">
    <p class='ocr_par' dir='ltr' id='par_1_81' title="bbox 2007 2709 3621 2792">
     <span class='ocr_line' id='line_1_85' title="bbox 2007 2709 3621 2792; baseline 0.019 -32"><span class='ocrx_word' id='word_1_702' title='bbox 2007 2716 2160 2764; x_wconf 75' lang='lat' dir='ltr'><strong>stras.</strong></span> <span class='ocrx_word' id='word_1_703' title='bbox 2192 2709 2261 2765; x_wconf 84' lang='lat' dir='ltr'><strong>Et</strong></span> <span class='ocrx_word' id='word_1_704' title='bbox 2277 2716 2569 2772; x_wconf 88' lang='lat' dir='ltr'><strong>consolatus</strong></span> <span class='ocrx_word' id='word_1_705' title='bbox 2591 2731 2662 2774; x_wconf 83' lang='lat' dir='ltr'><strong>est</strong></span> <span class='ocrx_word' id='word_1_706' title='bbox 2687 2738 2791 2787; x_wconf 90' lang='lat' dir='ltr'><strong>eos,</strong></span> <span class='ocrx_word' id='word_1_707' title='bbox 2818 2734 2865 2778; x_wconf 91' lang='lat' dir='ltr'><strong>et</strong></span> <span class='ocrx_word' id='word_1_708' title='bbox 2889 2724 3128 2792; x_wconf 87' lang='lat' dir='ltr'><strong>loquutus</strong></span> <span class='ocrx_word' id='word_1_709' title='bbox 3149 2739 3222 2782; x_wconf 87' lang='lat' dir='ltr'><strong>est</strong></span> <span class='ocrx_word' id='word_1_710' title='bbox 3243 2730 3296 2784; x_wconf 89' lang='lat' dir='ltr'><strong>iu</strong></span> <span class='ocrx_word' id='word_1_711' title='bbox 3317 2747 3407 2784; x_wconf 87' lang='lat' dir='ltr'><strong>cor</strong></span> <span class='ocrx_word' id='word_1_712' title='bbox 3425 2750 3621 2790; x_wconf 85' lang='lat' dir='ltr'><strong>eorum.</strong></span> 
     </span>
    </p>
   </div>
   <div class='ocr_carea' id='block_1_82' title="bbox 2007 2801 3623 2890">
    <p class='ocr_par' dir='ltr' id='par_1_82' title="bbox 2007 2801 3623 2890">
     <span class='ocr_line' id='line_1_86' title="bbox 2007 2801 3623 2890; baseline 0.017 -35"><span class='ocrx_word' id='word_1_713' title='bbox 2007 2801 2145 2869; x_wconf 87' lang='lat' dir='ltr'><strong>Quid</strong></span> <span class='ocrx_word' id='word_1_714' title='bbox 2169 2805 2348 2875; x_wconf 80' lang='lat' dir='ltr'><strong>igitur,</strong></span> <span class='ocrx_word' id='word_1_715' title='bbox 2376 2808 2564 2881; x_wconf 86' lang='lat' dir='ltr'><strong>inquit,</strong></span> <span class='ocrx_word' id='word_1_716' title='bbox 2595 2812 2796 2870; x_wconf 89' lang='lat' dir='ltr'><strong>timetis</strong></span> <span class='ocrx_word' id='word_1_717' title='bbox 2821 2816 2844 2868; x_wconf 66' lang='grc' dir='ltr'><strong>ἲ</strong></span> <span class='ocrx_word' id='word_1_718' title='bbox 2874 2817 2986 2889; x_wconf 80' lang='lat' dir='ltr'><strong>Ego</strong></span> <span class='ocrx_word' id='word_1_719' title='bbox 3014 2820 3371 2890; x_wconf 86' lang='lat' dir='ltr'><strong>suppeditabo</strong></span> <span class='ocrx_word' id='word_1_720' title='bbox 3388 2825 3623 2882; x_wconf 83' lang='lat' dir='ltr'><strong>alimen-</strong></span> 
     </span>
    </p>
   </div>
   <div class='ocr_carea' id='block_1_83' title="bbox 2008 2897 3617 2975">
    <p class='ocr_par' dir='ltr' id='par_1_83' title="bbox 2008 2897 3617 2975">
     <span class='ocr_line' id='line_1_87' title="bbox 2008 2897 3617 2975; baseline 0.014 -26"><span class='ocrx_word' id='word_1_721' title='bbox 2008 2902 2059 2949; x_wconf 87' lang='lat' dir='ltr'><strong>ta</strong></span> <span class='ocrx_word' id='word_1_722' title='bbox 2089 2897 2243 2952; x_wconf 85' lang='lat' dir='ltr'><strong>vobis</strong></span> <span class='ocrx_word' id='word_1_723' title='bbox 2275 2941 2291 2966; x_wconf 94' lang='lat'><strong>,</strong></span> <span class='ocrx_word' id='word_1_724' title='bbox 2324 2908 2378 2955; x_wconf 92' lang='lat' dir='ltr'><strong>et</strong></span> <span class='ocrx_word' id='word_1_725' title='bbox 2398 2904 2649 2959; x_wconf 90' lang='lat' dir='ltr'><strong>omnibus</strong></span> <span class='ocrx_word' id='word_1_726' title='bbox 2680 2906 2767 2975; x_wconf 92' lang='lat' dir='ltr'><strong>qui</strong></span> <span class='ocrx_word' id='word_1_727' title='bbox 2800 2908 3076 2965; x_wconf 84' lang='lat' dir='ltr'><strong>vobiscum</strong></span> <span class='ocrx_word' id='word_1_728' title='bbox 3099 2922 3242 2967; x_wconf 90' lang='lat' dir='ltr'><strong>sunt.</strong></span> <span class='ocrx_word' id='word_1_729' title='bbox 3271 2912 3339 2968; x_wconf 87' lang='lat' dir='ltr'><strong>Et</strong></span> <span class='ocrx_word' id='word_1_730' title='bbox 3371 2920 3617 2973; x_wconf 86' lang='lat' dir='ltr'><strong>consola-</strong></span> 
     </span>
    </p>
   </div>
   <div class='ocr_carea' id='block_1_84' title="bbox 2008 2991 3619 3082">
    <p class='ocr_par' dir='ltr' id='par_1_84' title="bbox 2008 2991 3619 3082">
     <span class='ocr_line' id='line_1_88' title="bbox 2008 2991 3619 3082; baseline 0.017 -43"><span class='ocrx_word' id='word_1_731' title='bbox 2008 2995 2088 3040; x_wconf 90' lang='lat' dir='ltr'><strong>tus</strong></span> <span class='ocrx_word' id='word_1_732' title='bbox 2112 2998 2186 3042; x_wconf 89' lang='lat' dir='ltr'><strong>est</strong></span> <span class='ocrx_word' id='word_1_733' title='bbox 2212 3005 2315 3054; x_wconf 88' lang='lat' dir='ltr'><strong>cos,</strong></span> <span class='ocrx_word' id='word_1_734' title='bbox 2349 3001 2396 3045; x_wconf 89' lang='lat' dir='ltr'><strong>et</strong></span> <span class='ocrx_word' id='word_1_735' title='bbox 2425 2991 2665 3064; x_wconf 87' lang='lat' dir='ltr'><strong>loquutus</strong></span> <span class='ocrx_word' id='word_1_736' title='bbox 2685 3008 2760 3051; x_wconf 90' lang='lat' dir='ltr'><strong>est</strong></span> <span class='ocrx_word' id='word_1_737' title='bbox 2787 2999 2840 3053; x_wconf 91' lang='lat' dir='ltr'><strong>in</strong></span> <span class='ocrx_word' id='word_1_738' title='bbox 2866 3016 2955 3054; x_wconf 87' lang='lat' dir='ltr'><strong>cor</strong></span> <span class='ocrx_word' id='word_1_739' title='bbox 2976 3018 3173 3057; x_wconf 88' lang='lat' dir='ltr'><strong>eorum.</strong></span> <span class='ocrx_word' id='word_1_740' title='bbox 3202 3004 3318 3061; x_wconf 84' lang='lat' dir='ltr'><strong>Non</strong></span> <span class='ocrx_word' id='word_1_741' title='bbox 3352 3008 3619 3082; x_wconf 85' lang='lat' dir='ltr'><strong>simplici-</strong></span> 
     </span>
    </p>
   </div>
   <div class='ocr_carea' id='block_1_85' title="bbox 2006 3079 3616 3173">
    <p class='ocr_par' dir='ltr' id='par_1_85' title="bbox 2006 3079 3616 3173">
     <span class='ocr_line' id='line_1_89' title="bbox 2006 3079 3616 3173; baseline 0.017 -39"><span class='ocrx_word' id='word_1_742' title='bbox 2006 3079 2141 3135; x_wconf 91' lang='lat' dir='ltr'><strong>citer</strong></span> <span class='ocrx_word' id='word_1_743' title='bbox 2171 3097 2266 3137; x_wconf 89' lang='lat' dir='ltr'><strong>eos</strong></span> <span class='ocrx_word' id='word_1_744' title='bbox 2292 3087 2603 3143; x_wconf 73' lang='lat' dir='ltr'><strong>consolatus</strong></span> <span class='ocrx_word' id='word_1_745' title='bbox 2624 3100 2725 3157; x_wconf 89' lang='lat' dir='ltr'><strong>est,</strong></span> <span class='ocrx_word' id='word_1_746' title='bbox 2753 3093 2847 3148; x_wconf 89' lang='lat' dir='ltr'><strong>sed</strong></span> <span class='ocrx_word' id='word_1_747' title='bbox 2883 3103 3031 3151; x_wconf 82' lang='lat' dir='ltr'><strong>tanto</strong></span> <span class='ocrx_word' id='word_1_748' title='bbox 3056 3114 3186 3155; x_wconf 90' lang='lat' dir='ltr'><strong>usus</strong></span> <span class='ocrx_word' id='word_1_749' title='bbox 3212 3110 3294 3155; x_wconf 76' lang='lat' dir='ltr'><strong>est</strong></span> <span class='ocrx_word' id='word_1_750' title='bbox 3319 3103 3523 3173; x_wconf 85' lang='lat' dir='ltr'><strong>officio,</strong></span> <span class='ocrx_word' id='word_1_751' title='bbox 3555 3116 3616 3163; x_wconf 87' lang='lat' dir='ltr'><strong>ut</strong></span> 
     </span>
    </p>
   </div>
   <div class='ocr_carea' id='block_1_86' title="bbox 2004 3172 3621 3256">
    <p class='ocr_par' dir='ltr' id='par_1_86' title="bbox 2004 3172 3621 3256">
     <span class='ocr_line' id='line_1_90' title="bbox 2004 3172 3621 3256; baseline 0.019 -29"><span class='ocrx_word' id='word_1_752' title='bbox 2004 3172 2083 3228; x_wconf 92' lang='lat' dir='ltr'><strong>eis</strong></span> <span class='ocrx_word' id='word_1_753' title='bbox 2109 3189 2323 3231; x_wconf 88' lang='lat' dir='ltr'><strong>omnem</strong></span> <span class='ocrx_word' id='word_1_754' title='bbox 2365 3180 2639 3236; x_wconf 89' lang='lat' dir='ltr'><strong>tristitiam</strong></span> <span class='ocrx_word' id='word_1_755' title='bbox 2665 3199 2695 3238; x_wconf 91' lang='lat' dir='ltr'><strong>e</strong></span> <span class='ocrx_word' id='word_1_756' title='bbox 2722 3186 2887 3242; x_wconf 89' lang='lat' dir='ltr'><strong>corde</strong></span> <span class='ocrx_word' id='word_1_757' title='bbox 2912 3189 3197 3249; x_wconf 82' lang='lat' dir='ltr'><strong>eximeret.</strong></span> <span class='ocrx_word' id='word_1_758' title='bbox 3244 3195 3337 3251; x_wconf 62' lang='grc' dir='ltr'><strong>εξ.</strong></span> <span class='ocrx_word' id='word_1_759' title='bbox 3375 3196 3441 3251; x_wconf 83' lang='lat' dir='ltr'><strong>Et</strong></span> <span class='ocrx_word' id='word_1_760' title='bbox 3471 3202 3621 3256; x_wconf 80' lang='lat' dir='ltr'><strong>habi-</strong></span> 
     </span>
    </p>
   </div>
   <div class='ocr_carea' id='block_1_87' title="bbox 1980 3256 3617 3355">
    <p class='ocr_par' dir='ltr' id='par_1_87' title="bbox 1980 3256 3617 3355">
     <span class='ocr_line' id='line_1_91' title="bbox 1980 3256 3617 3355; baseline 0.02 -40"><span class='ocrx_word' id='word_1_761' title='bbox 1980 3256 2129 3322; x_wconf 70' lang='lat' dir='ltr'><strong>Javit</strong></span> <span class='ocrx_word' id='word_1_762' title='bbox 2155 3266 2349 3337; x_wconf 82' lang='lat' dir='ltr'><strong>Ioseph</strong></span> <span class='ocrx_word' id='word_1_763' title='bbox 2377 3271 2429 3323; x_wconf 89' lang='lat' dir='ltr'><strong>in</strong></span> <span class='ocrx_word' id='word_1_764' title='bbox 2460 3270 2717 3346; x_wconf 55' lang='lat' dir='ltr'><strong>XEgypto;</strong></span> <span class='ocrx_word' id='word_1_765' title='bbox 2746 3276 2855 3348; x_wconf 87' lang='lat' dir='ltr'><strong>ipse</strong></span> <span class='ocrx_word' id='word_1_766' title='bbox 2882 3288 2931 3333; x_wconf 87' lang='lat' dir='ltr'><strong>et</strong></span> <span class='ocrx_word' id='word_1_767' title='bbox 2960 3279 3147 3350; x_wconf 81' lang='lat' dir='ltr'><strong>fratres</strong></span> <span class='ocrx_word' id='word_1_768' title='bbox 3172 3287 3303 3355; x_wconf 83' lang='lat' dir='ltr'><strong>ejus,</strong></span> <span class='ocrx_word' id='word_1_769' title='bbox 3331 3305 3447 3344; x_wconf 90' lang='lat' dir='ltr'><strong>cum</strong></span> <span class='ocrx_word' id='word_1_770' title='bbox 3475 3295 3617 3348; x_wconf 89' lang='lat' dir='ltr'><strong>omni</strong></span> 
     </span>
    </p>
   </div>
   <div class='ocr_carea' id='block_1_88' title="bbox 2002 3355 3619 3453">
    <p class='ocr_par' dir='ltr' id='par_1_88' title="bbox 2002 3355 3619 3453">
     <span class='ocr_line' id='line_1_92' title="bbox 2002 3355 3619 3453; baseline 0.019 -45"><span class='ocrx_word' id='word_1_771' title='bbox 2002 3355 2155 3410; x_wconf 89' lang='lat' dir='ltr'><strong>domo</strong></span> <span class='ocrx_word' id='word_1_772' title='bbox 2200 3360 2361 3429; x_wconf 87' lang='lat' dir='ltr'><strong>patris</strong></span> <span class='ocrx_word' id='word_1_773' title='bbox 2395 3363 2492 3416; x_wconf 89' lang='lat' dir='ltr'><strong>sui.</strong></span> <span class='ocrx_word' id='word_1_774' title='bbox 2538 3364 2626 3420; x_wconf 62' lang='lat'><strong>33.</strong></span> <span class='ocrx_word' id='word_1_775' title='bbox 2668 3366 2738 3421; x_wconf 86' lang='lat' dir='ltr'><strong>Et</strong></span> <span class='ocrx_word' id='word_1_776' title='bbox 2774 3368 2900 3424; x_wconf 80' lang='lat' dir='ltr'><strong>vidit</strong></span> <span class='ocrx_word' id='word_1_777' title='bbox 2954 3372 3151 3446; x_wconf 84' lang='lat' dir='ltr'><strong>Ioseph</strong></span> <span class='ocrx_word' id='word_1_778' title='bbox 3192 3376 3328 3445; x_wconf 86' lang='lat' dir='ltr'><strong>filios</strong></span> <span class='ocrx_word' id='word_1_779' title='bbox 3364 3380 3619 3453; x_wconf 75' lang='lat' dir='ltr'><strong>Ephreim</strong></span> 
     </span>
    </p>
   </div>
   <div class='ocr_carea' id='block_1_89' title="bbox 2002 3454 3612 3544">
    <p class='ocr_par' dir='ltr' id='par_1_89' title="bbox 2002 3454 3612 3544">
     <span class='ocr_line' id='line_1_93' title="bbox 2002 3454 3612 3544; baseline 0.021 -43"><span class='ocrx_word' id='word_1_780' title='bbox 2002 3466 2159 3520; x_wconf 89' lang='lat' dir='ltr'><strong>usque</strong></span> <span class='ocrx_word' id='word_1_781' title='bbox 2212 3454 2265 3506; x_wconf 88' lang='lat' dir='ltr'><strong>in</strong></span> <span class='ocrx_word' id='word_1_782' title='bbox 2315 3458 2513 3510; x_wconf 85' lang='lat' dir='ltr'><strong>tertiam</strong></span> <span class='ocrx_word' id='word_1_783' title='bbox 2554 3463 2951 3529; x_wconf 87' lang='lat' dir='ltr'><strong>generationem.</strong></span> <span class='ocrx_word' id='word_1_784' title='bbox 2998 3464 3093 3523; x_wconf 70' lang='grc'><strong>24.</strong></span> <span class='ocrx_word' id='word_1_785' title='bbox 3137 3468 3204 3523; x_wconf 83' lang='lat' dir='ltr'><strong>Et</strong></span> <span class='ocrx_word' id='word_1_786' title='bbox 3244 3473 3486 3544; x_wconf 85' lang='lat' dir='ltr'><strong>loquutus</strong></span> <span class='ocrx_word' id='word_1_787' title='bbox 3538 3490 3612 3535; x_wconf 85' lang='lat' dir='ltr'><strong>est</strong></span> 
     </span>
    </p>
   </div>
   <div class='ocr_carea' id='block_1_90' title="bbox 1999 3542 3607 3628">
    <p class='ocr_par' dir='ltr' id='par_1_90' title="bbox 1999 3542 3607 3628">
     <span class='ocr_line' id='line_1_94' title="bbox 1999 3542 3607 3628; baseline 0.022 -35"><span class='ocrx_word' id='word_1_788' title='bbox 1999 3542 2193 3613; x_wconf 85' lang='lat' dir='ltr'><strong>Ioseph</strong></span> <span class='ocrx_word' id='word_1_789' title='bbox 2227 3548 2473 3615; x_wconf 73' lang='lat' dir='ltr'><strong>fratribus</strong></span> <span class='ocrx_word' id='word_1_790' title='bbox 2494 3552 2620 3619; x_wconf 88' lang='lat' dir='ltr'><strong>suis,</strong></span> <span class='ocrx_word' id='word_1_791' title='bbox 2648 3555 2820 3611; x_wconf 86' lang='lat' dir='ltr'><strong>dicens</strong></span> <span class='ocrx_word' id='word_1_792' title='bbox 2848 3572 2867 3610; x_wconf 88' lang='lat'><strong><em>:</em></strong></span> <span class='ocrx_word' id='word_1_793' title='bbox 2896 3556 3030 3614; x_wconf 71' lang='lat' dir='ltr'><strong>Ecce</strong></span> <span class='ocrx_word' id='word_1_794' title='bbox 3058 3564 3265 3619; x_wconf 54' lang='lat' dir='ltr'><strong>morior.</strong></span> <span class='ocrx_word' id='word_1_795' title='bbox 3300 3566 3607 3628; x_wconf 84' lang='lat' dir='ltr'><strong>Visitatioue</strong></span> 
     </span>
    </p>
   </div>
   <div class='ocr_carea' id='block_1_91' title="bbox 2001 3642 3611 3729">
    <p class='ocr_par' dir='ltr' id='par_1_91' title="bbox 2001 3642 3611 3729">
     <span class='ocr_line' id='line_1_95' title="bbox 2001 3642 3611 3729; baseline 0.02 -40"><span class='ocrx_word' id='word_1_796' title='bbox 2001 3648 2173 3692; x_wconf 69' lang='lat' dir='ltr'><strong>atatem</strong></span> <span class='ocrx_word' id='word_1_797' title='bbox 2206 3642 2425 3698; x_wconf 75' lang='lat' dir='ltr'><strong>t&#39;isilabit</strong></span> <span class='ocrx_word' id='word_1_798' title='bbox 2454 3662 2539 3701; x_wconf 82' lang='lat' dir='ltr'><strong>vos</strong></span> <span class='ocrx_word' id='word_1_799' title='bbox 2570 3647 2841 3719; x_wconf 87' lang='lat' dir='ltr'><strong>Dominus,</strong></span> <span class='ocrx_word' id='word_1_800' title='bbox 2874 3663 2920 3707; x_wconf 92' lang='lat' dir='ltr'><strong>et</strong></span> <span class='ocrx_word' id='word_1_801' title='bbox 2944 3656 3101 3710; x_wconf 88' lang='lat' dir='ltr'><strong>simul</strong></span> <span class='ocrx_word' id='word_1_802' title='bbox 3130 3659 3463 3729; x_wconf 87' lang='lat' dir='ltr'><strong>deportabitis</strong></span> <span class='ocrx_word' id='word_1_803' title='bbox 3492 3683 3611 3722; x_wconf 87' lang='lat' dir='ltr'><strong>ossa</strong></span> 
     </span>
    </p>
   </div>
   <div class='ocr_carea' id='block_1_92' title="bbox 1998 3734 3613 3826">
    <p class='ocr_par' dir='ltr' id='par_1_92' title="bbox 1998 3734 3613 3826">
     <span class='ocr_line' id='line_1_96' title="bbox 1998 3734 3613 3826; baseline 0.022 -47"><span class='ocrx_word' id='word_1_804' title='bbox 1998 3745 2110 3782; x_wconf 85' lang='lat' dir='ltr'><strong>mea</strong></span> <span class='ocrx_word' id='word_1_805' title='bbox 2159 3734 2296 3786; x_wconf 83' lang='lat' dir='ltr'><strong>hinc.</strong></span> <span class='ocrx_word' id='word_1_806' title='bbox 2354 3735 2485 3792; x_wconf 76' lang='lat' dir='ltr'><strong>Vide</strong></span> <span class='ocrx_word' id='word_1_807' title='bbox 2529 3742 2800 3809; x_wconf 88' lang='lat' dir='ltr'><strong>quomodo</strong></span> <span class='ocrx_word' id='word_1_808' title='bbox 2830 3753 2883 3799; x_wconf 91' lang='lat' dir='ltr'><strong>et</strong></span> <span class='ocrx_word' id='word_1_809' title='bbox 2928 3746 3015 3802; x_wconf 90' lang='lat' dir='ltr'><strong>ille</strong></span> <span class='ocrx_word' id='word_1_810' title='bbox 3044 3748 3233 3806; x_wconf 90' lang='lat' dir='ltr'><strong>eadem</strong></span> <span class='ocrx_word' id='word_1_811' title='bbox 3280 3770 3401 3824; x_wconf 62' lang='lat' dir='ltr'><strong>quas</strong></span> <span class='ocrx_word' id='word_1_812' title='bbox 3458 3769 3613 3826; x_wconf 87' lang='lat' dir='ltr'><strong>pater</strong></span> 
     </span>
    </p>
   </div>
   <div class='ocr_carea' id='block_1_93' title="bbox 1997 3824 3606 3916">
    <p class='ocr_par' dir='ltr' id='par_1_93' title="bbox 1997 3824 3606 3916">
     <span class='ocr_line' id='line_1_97' title="bbox 1997 3824 3606 3916; baseline 0.021 -45"><span class='ocrx_word' id='word_1_813' title='bbox 1997 3829 2176 3875; x_wconf 79' lang='lat' dir='ltr'><strong>curat:</strong></span> <span class='ocrx_word' id='word_1_814' title='bbox 2207 3824 2393 3879; x_wconf 85' lang='lat' dir='ltr'><strong>volens</strong></span> <span class='ocrx_word' id='word_1_815' title='bbox 2450 3836 2507 3881; x_wconf 92' lang='lat' dir='ltr'><strong>ut</strong></span> <span class='ocrx_word' id='word_1_816' title='bbox 2551 3832 2711 3885; x_wconf 80' lang='lat' dir='ltr'><strong>sxmul</strong></span> <span class='ocrx_word' id='word_1_817' title='bbox 2738 3833 3080 3893; x_wconf 86' lang='lat' dir='ltr'><strong>auferrentur</strong></span> <span class='ocrx_word' id='word_1_818' title='bbox 3112 3840 3233 3897; x_wconf 89' lang='lat' dir='ltr'><strong>inde</strong></span> <span class='ocrx_word' id='word_1_819' title='bbox 3264 3844 3433 3914; x_wconf 83' lang='lat' dir='ltr'><strong>ipsius</strong></span> <span class='ocrx_word' id='word_1_820' title='bbox 3458 3864 3606 3916; x_wconf 86' lang='lat' dir='ltr'><strong>ossa,</strong></span> 
     </span>
    </p>
   </div>
   <div class='ocr_carea' id='block_1_94' title="bbox 1995 3916 3607 4012">
    <p class='ocr_par' dir='ltr' id='par_1_94' title="bbox 1995 3916 3607 4012">
     <span class='ocr_line' id='line_1_98' title="bbox 1995 3916 3607 4012; baseline 0.023 -47"><span class='ocrx_word' id='word_1_821' title='bbox 1995 3929 2100 3980; x_wconf 89' lang='lat' dir='ltr'><strong>quo</strong></span> <span class='ocrx_word' id='word_1_822' title='bbox 2116 3916 2285 3984; x_wconf 80' lang='lat' dir='ltr'><strong>magis</strong></span> <span class='ocrx_word' id='word_1_823' title='bbox 2307 3933 2494 3975; x_wconf 88' lang='lat' dir='ltr'><strong>eorum</strong></span> <span class='ocrx_word' id='word_1_824' title='bbox 2516 3923 2929 3982; x_wconf 86' lang='lat' dir='ltr'><strong>confirmaretur</strong></span> <span class='ocrx_word' id='word_1_825' title='bbox 2950 3944 3204 3998; x_wconf 88' lang='lat' dir='ltr'><strong>mens,.ct</strong></span> <span class='ocrx_word' id='word_1_826' title='bbox 3227 3937 3423 3993; x_wconf 88' lang='lat' dir='ltr'><strong>bonam</strong></span> <span class='ocrx_word' id='word_1_827' title='bbox 3448 3956 3607 4012; x_wconf 87' lang='lat' dir='ltr'><strong>spem</strong></span> 
     </span>
    </p>
   </div>
   <div class='ocr_carea' id='block_1_95' title="bbox 1995 4004 3608 4095">
    <p class='ocr_par' dir='ltr' id='par_1_95' title="bbox 1995 4004 3608 4095">
     <span class='ocr_line' id='line_1_99' title="bbox 1995 4004 3608 4095; baseline 0.022 -40"><span class='ocrx_word' id='word_1_828' title='bbox 1995 4004 2254 4061; x_wconf 85' lang='lat' dir='ltr'><strong>haberent</strong></span> <span class='ocrx_word' id='word_1_829' title='bbox 2273 4009 2339 4063; x_wconf 92' lang='lat' dir='ltr'><strong>de</strong></span> <span class='ocrx_word' id='word_1_830' title='bbox 2367 4012 2539 4068; x_wconf 89' lang='lat' dir='ltr'><strong>reditu</strong></span> <span class='ocrx_word' id='word_1_831' title='bbox 2562 4028 2682 4083; x_wconf 88' lang='lat' dir='ltr'><strong>suo,</strong></span> <span class='ocrx_word' id='word_1_832' title='bbox 2715 4017 2943 4087; x_wconf 87' lang='lat' dir='ltr'><strong>primum</strong></span> <span class='ocrx_word' id='word_1_833' title='bbox 2968 4020 3071 4078; x_wconf 83' lang='lat' dir='ltr'><strong>ltoc</strong></span> <span class='ocrx_word' id='word_1_834' title='bbox 3099 4027 3360 4095; x_wconf 66' lang='lat' dir='ltr'><strong>prmdieit,</strong></span> <span class='ocrx_word' id='word_1_835' title='bbox 3397 4004 3608 4090; x_wconf 85' lang='lat' dir='ltr'><strong>reditu-</strong></span> 
     </span>
    </p>
   </div>
   <div class='ocr_carea' id='block_1_96' title="bbox 1993 4096 3607 4187">
    <p class='ocr_par' dir='ltr' id='par_1_96' title="bbox 1993 4096 3607 4187">
     <span class='ocr_line' id='line_1_100' title="bbox 1993 4096 3607 4187; baseline 0.022 -41"><span class='ocrx_word' id='word_1_836' title='bbox 1993 4109 2083 4148; x_wconf 84' lang='lat' dir='ltr'><strong>ros</strong></span> <span class='ocrx_word' id='word_1_837' title='bbox 2110 4096 2230 4151; x_wconf 91' lang='lat' dir='ltr'><strong>illos</strong></span> <span class='ocrx_word' id='word_1_838' title='bbox 2264 4113 2387 4155; x_wconf 90' lang='lat' dir='ltr'><strong>esse</strong></span> <span class='ocrx_word' id='word_1_839' title='bbox 2412 4142 2425 4167; x_wconf 91' lang='lat'><strong>,</strong></span> <span class='ocrx_word' id='word_1_840' title='bbox 2457 4116 2509 4156; x_wconf 90' lang='lat' dir='ltr'><strong>et</strong></span> <span class='ocrx_word' id='word_1_841' title='bbox 2540 4112 2665 4160; x_wconf 88' lang='lat' dir='ltr'><strong>tunc</strong></span> <span class='ocrx_word' id='word_1_842' title='bbox 2710 4107 2840 4164; x_wconf 91' lang='lat' dir='ltr'><strong>dicit</strong></span> <span class='ocrx_word' id='word_1_843' title='bbox 2872 4128 2886 4165; x_wconf 90' lang='lat'><em>:</em></span> <span class='ocrx_word' id='word_1_844' title='bbox 2932 4111 3110 4167; x_wconf 88' lang='lat' dir='ltr'><strong>Simul</strong></span> <span class='ocrx_word' id='word_1_845' title='bbox 3154 4120 3325 4187; x_wconf 84' lang='lat' dir='ltr'><strong>feretis</strong></span> <span class='ocrx_word' id='word_1_846' title='bbox 3350 4138 3468 4177; x_wconf 89' lang='lat' dir='ltr'><strong>ossa</strong></span> <span class='ocrx_word' id='word_1_847' title='bbox 3494 4144 3607 4182; x_wconf 87' lang='lat' dir='ltr'><strong>mea</strong></span> 
     </span>
    </p>
   </div>
   <div class='ocr_carea' id='block_1_97' title="bbox 1992 4186 3597 4281">
    <p class='ocr_par' dir='ltr' id='par_1_97' title="bbox 1992 4186 3597 4281">
     <span class='ocr_line' id='line_1_101' title="bbox 1992 4186 3597 4281; baseline 0.022 -43"><span class='ocrx_word' id='word_1_848' title='bbox 1992 4186 2109 4240; x_wconf 89' lang='lat' dir='ltr'><strong>hinc</strong></span> <span class='ocrx_word' id='word_1_849' title='bbox 2152 4190 2423 4246; x_wconf 86' lang='lat' dir='ltr'><strong>vobiscum.</strong></span> <span class='ocrx_word' id='word_1_850' title='bbox 2459 4195 2573 4251; x_wconf 86' lang='lat' dir='ltr'><strong>lloc</strong></span> <span class='ocrx_word' id='word_1_851' title='bbox 2599 4207 2781 4255; x_wconf 90' lang='lat' dir='ltr'><strong>autem</strong></span> <span class='ocrx_word' id='word_1_852' title='bbox 2811 4217 2918 4256; x_wconf 87' lang='lat' dir='ltr'><strong>non</strong></span> <span class='ocrx_word' id='word_1_853' title='bbox 2953 4214 3159 4263; x_wconf 89' lang='lat' dir='ltr'><strong>temere</strong></span> <span class='ocrx_word' id='word_1_854' title='bbox 3188 4225 3361 4281; x_wconf 90' lang='lat' dir='ltr'><strong>neque</strong></span> <span class='ocrx_word' id='word_1_855' title='bbox 3394 4214 3597 4274; x_wconf 86' lang='lat' dir='ltr'><strong>frustra</strong></span> 
     </span>
    </p>
   </div>
   <div class='ocr_carea' id='block_1_98' title="bbox 1992 4278 3595 4379">
    <p class='ocr_par' dir='ltr' id='par_1_98' title="bbox 1992 4278 3595 4379">
     <span class='ocr_line' id='line_1_102' title="bbox 1992 4278 3595 4379; baseline 0.024 -48"><span class='ocrx_word' id='word_1_856' title='bbox 1992 4278 2215 4335; x_wconf 82' lang='lat' dir='ltr'><strong>faciebat</strong></span> <span class='ocrx_word' id='word_1_857' title='bbox 2250 4302 2263 4338; x_wconf 90' lang='lat'>:</span> <span class='ocrx_word' id='word_1_858' title='bbox 2298 4285 2405 4340; x_wconf 89' lang='lat' dir='ltr'><strong>duo</strong></span> <span class='ocrx_word' id='word_1_859' title='bbox 2435 4290 2580 4343; x_wconf 89' lang='lat' dir='ltr'><strong>enim</strong></span> <span class='ocrx_word' id='word_1_860' title='bbox 2598 4293 2785 4361; x_wconf 81' lang='lat' dir='ltr'><strong>agebat</strong></span> <span class='ocrx_word' id='word_1_861' title='bbox 2814 4312 2827 4349; x_wconf 90' lang='lat'>:</span> <span class='ocrx_word' id='word_1_862' title='bbox 2863 4313 3027 4353; x_wconf 91' lang='lat' dir='ltr'><strong>unum</strong></span> <span class='ocrx_word' id='word_1_863' title='bbox 3059 4342 3072 4365; x_wconf 92' lang='lat'><strong>,</strong></span> <span class='ocrx_word' id='word_1_864' title='bbox 3111 4318 3177 4356; x_wconf 87' lang='lat' dir='ltr'><strong>ne</strong></span> <span class='ocrx_word' id='word_1_865' title='bbox 3200 4278 3443 4379; x_wconf 54' lang='lat' dir='ltr'><strong>Egyptii</strong></span> <span class='ocrx_word' id='word_1_866' title='bbox 3476 4328 3595 4369; x_wconf 85' lang='lat' dir='ltr'><strong>me-</strong></span> 
     </span>
    </p>
   </div>
   <div class='ocr_carea' id='block_1_99' title="bbox 1987 4376 3598 4462">
    <p class='ocr_par' dir='ltr' id='par_1_99' title="bbox 1987 4376 3598 4462">
     <span class='ocr_line' id='line_1_103' title="bbox 1987 4376 3598 4462; baseline 0.025 -39"><span class='ocrx_word' id='word_1_867' title='bbox 1987 4386 2167 4427; x_wconf 81' lang='lat' dir='ltr'><strong>mores</strong></span> <span class='ocrx_word' id='word_1_868' title='bbox 2198 4376 2574 4435; x_wconf 83' lang='lat' dir='ltr'><strong>beneficiorum</strong></span> <span class='ocrx_word' id='word_1_869' title='bbox 2605 4384 2742 4452; x_wconf 80' lang='lat' dir='ltr'><strong>ejus,</strong></span> <span class='ocrx_word' id='word_1_870' title='bbox 2766 4401 2889 4442; x_wconf 89' lang='lat' dir='ltr'><strong>eum</strong></span> <span class='ocrx_word' id='word_1_871' title='bbox 2919 4404 3015 4458; x_wconf 87' lang='lat' dir='ltr'><strong>pro</strong></span> <span class='ocrx_word' id='word_1_872' title='bbox 3045 4407 3195 4449; x_wconf 89' lang='lat' dir='ltr'><strong>more</strong></span> <span class='ocrx_word' id='word_1_873' title='bbox 3222 4411 3321 4451; x_wconf 88' lang='lat' dir='ltr'><strong>suo</strong></span> <span class='ocrx_word' id='word_1_874' title='bbox 3353 4401 3504 4458; x_wconf 83' lang='lat' dir='ltr'><strong>facile</strong></span> <span class='ocrx_word' id='word_1_875' title='bbox 3532 4420 3598 4462; x_wconf 77' lang='lat' dir='ltr'><strong>cx</strong></span> 
     </span>
    </p>
   </div>
   <div class='ocr_carea' id='block_1_100' title="bbox 1987 4462 3592 4554">
    <p class='ocr_par' dir='ltr' id='par_1_100' title="bbox 1987 4462 3592 4554">
     <span class='ocr_line' id='line_1_104' title="bbox 1987 4462 3592 4554; baseline 0.024 -38"><span class='ocrx_word' id='word_1_876' title='bbox 1987 4462 2293 4523; x_wconf 76' lang='lat' dir='ltr'><strong>hominibus</strong></span> <span class='ocrx_word' id='word_1_877' title='bbox 2322 4470 2453 4526; x_wconf 91' lang='lat' dir='ltr'><strong>deos</strong></span> <span class='ocrx_word' id='word_1_878' title='bbox 2483 4476 2832 4545; x_wconf 87' lang='lat' dir='ltr'><strong>appellarent,</strong></span> <span class='ocrx_word' id='word_1_879' title='bbox 2862 4496 3062 4553; x_wconf 87' lang='lat' dir='ltr'><strong>corpus</strong></span> <span class='ocrx_word' id='word_1_880' title='bbox 3081 4484 3214 4554; x_wconf 85' lang='lat' dir='ltr'><strong>justi</strong></span> <span class='ocrx_word' id='word_1_881' title='bbox 3246 4489 3508 4551; x_wconf 85' lang='lat' dir='ltr'><strong>baberent</strong></span> <span class='ocrx_word' id='word_1_882' title='bbox 3541 4500 3592 4553; x_wconf 88' lang='lat' dir='ltr'><strong>in</strong></span> 
     </span>
    </p>
   </div>
   <div class='ocr_carea' id='block_1_101' title="bbox 1985 4556 3593 4645">
    <p class='ocr_par' dir='ltr' id='par_1_101' title="bbox 1985 4556 3593 4645">
     <span class='ocr_line' id='line_1_105' title="bbox 1985 4556 3593 4645; baseline 0.023 -37"><span class='ocrx_word' id='word_1_883' title='bbox 1985 4556 2275 4625; x_wconf 81' lang='lat' dir='ltr'><strong>impietatis</strong></span> <span class='ocrx_word' id='word_1_884' title='bbox 2314 4566 2694 4621; x_wconf 85' lang='lat' dir='ltr'><strong>occasionem:</strong></span> <span class='ocrx_word' id='word_1_885' title='bbox 2726 4571 2956 4627; x_wconf 87' lang='lat' dir='ltr'><strong>alterum</strong></span> <span class='ocrx_word' id='word_1_886' title='bbox 2987 4615 3001 4638; x_wconf 95' lang='lat'><strong>,</strong></span> <span class='ocrx_word' id='word_1_887' title='bbox 3047 4586 3105 4630; x_wconf 92' lang='lat' dir='ltr'><strong>ut</strong></span> <span class='ocrx_word' id='word_1_888' title='bbox 3142 4583 3317 4636; x_wconf 88' lang='lat' dir='ltr'><strong>securi</strong></span> <span class='ocrx_word' id='word_1_889' title='bbox 3359 4596 3413 4639; x_wconf 90' lang='lat' dir='ltr'><strong>ct</strong></span> <span class='ocrx_word' id='word_1_890' title='bbox 3457 4592 3593 4645; x_wconf 88' lang='lat' dir='ltr'><strong>certi</strong></span> 
     </span>
    </p>
   </div>
   <div class='ocr_carea' id='block_1_102' title="bbox 1983 4651 3590 4737">
    <p class='ocr_par' dir='ltr' id='par_1_102' title="bbox 1983 4651 3590 4737">
     <span class='ocr_line' id='line_1_106' title="bbox 1983 4651 3590 4737; baseline 0.024 -40"><span class='ocrx_word' id='word_1_891' title='bbox 1983 4651 2203 4703; x_wconf 89' lang='lat' dir='ltr'><strong>omnino</strong></span> <span class='ocrx_word' id='word_1_892' title='bbox 2248 4664 2430 4709; x_wconf 87' lang='lat' dir='ltr'><strong>essent</strong></span> <span class='ocrx_word' id='word_1_893' title='bbox 2478 4672 2536 4711; x_wconf 88' lang='lat' dir='ltr'><strong>se</strong></span> <span class='ocrx_word' id='word_1_894' title='bbox 2586 4659 2875 4715; x_wconf 74' lang='lat' dir='ltr'><strong>redituros.</strong></span> <span class='ocrx_word' id='word_1_895' title='bbox 2913 4664 3045 4719; x_wconf 79' lang='lat' dir='ltr'><strong>Nam</strong></span> <span class='ocrx_word' id='word_1_896' title='bbox 3091 4669 3193 4723; x_wconf 88' lang='lat' dir='ltr'><strong>nisi</strong></span> <span class='ocrx_word' id='word_1_897' title='bbox 3242 4671 3343 4727; x_wconf 89' lang='lat' dir='ltr'><strong>hoc</strong></span> <span class='ocrx_word' id='word_1_898' title='bbox 3384 4688 3590 4737; x_wconf 86' lang='lat' dir='ltr'><strong>certum</strong></span> 
     </span>
    </p>
   </div>
   <div class='ocr_carea' id='block_1_103' title="bbox 1982 4738 3590 4830">
    <p class='ocr_par' dir='ltr' id='par_1_103' title="bbox 1982 4738 3590 4830">
     <span class='ocr_line' id='line_1_107' title="bbox 1982 4738 3590 4830; baseline 0.024 -39"><span class='ocrx_word' id='word_1_899' title='bbox 1982 4738 2187 4809; x_wconf 88' lang='lat' dir='ltr'><strong>fuisset,</strong></span> <span class='ocrx_word' id='word_1_900' title='bbox 2216 4759 2320 4798; x_wconf 93' lang='lat' dir='ltr'><strong>non</strong></span> <span class='ocrx_word' id='word_1_901' title='bbox 2343 4745 2590 4813; x_wconf 90' lang='lat' dir='ltr'><strong>jussisset</strong></span> <span class='ocrx_word' id='word_1_902' title='bbox 2622 4765 2803 4806; x_wconf 89' lang='lat' dir='ltr'><strong>secum</strong></span> <span class='ocrx_word' id='word_1_903' title='bbox 2836 4764 3113 4824; x_wconf 90' lang='lat' dir='ltr'><strong>reportare</strong></span> <span class='ocrx_word' id='word_1_904' title='bbox 3144 4776 3283 4819; x_wconf 87' lang='lat' dir='ltr'><strong>ossa.</strong></span> <span class='ocrx_word' id='word_1_905' title='bbox 3318 4766 3382 4821; x_wconf 87' lang='lat' dir='ltr'><strong>Et</strong></span> <span class='ocrx_word' id='word_1_906' title='bbox 3405 4770 3590 4830; x_wconf 76' lang='lat' dir='ltr'><strong>videro</strong></span> 
     </span>
    </p>
   </div>
   <div class='ocr_carea' id='block_1_104' title="bbox 1982 4828 3585 4926">
    <p class='ocr_par' dir='ltr' id='par_1_104' title="bbox 1982 4828 3585 4926">
     <span class='ocr_line' id='line_1_108' title="bbox 1982 4828 3585 4926; baseline 0.024 -44"><span class='ocrx_word' id='word_1_907' title='bbox 1982 4828 2175 4885; x_wconf 86' lang='lat' dir='ltr'><strong>licebat</strong></span> <span class='ocrx_word' id='word_1_908' title='bbox 2208 4850 2319 4889; x_wconf 89' lang='lat' dir='ltr'><strong>rem</strong></span> <span class='ocrx_word' id='word_1_909' title='bbox 2358 4854 2551 4893; x_wconf 86' lang='lat' dir='ltr'><strong>novam</strong></span> <span class='ocrx_word' id='word_1_910' title='bbox 2583 4852 2635 4895; x_wconf 89' lang='lat' dir='ltr'><strong>et</strong></span> <span class='ocrx_word' id='word_1_911' title='bbox 2660 4843 3071 4917; x_wconf 88' lang='lat' dir='ltr'><strong>admirabilem,</strong></span> <span class='ocrx_word' id='word_1_912' title='bbox 3098 4868 3225 4909; x_wconf 89' lang='lat' dir='ltr'><strong>eum</strong></span> <span class='ocrx_word' id='word_1_913' title='bbox 3248 4859 3335 4926; x_wconf 87' lang='lat' dir='ltr'><strong>qui</strong></span> <span class='ocrx_word' id='word_1_914' title='bbox 3364 4874 3585 4920; x_wconf 86' lang='lat' dir='ltr'><strong>omnem</strong></span> 
     </span>
    </p>
   </div>
   <div class='ocr_carea' id='block_1_105' title="bbox 1978 4920 3585 5019">
    <p class='ocr_par' dir='ltr' id='par_1_105' title="bbox 1978 4920 3585 5019">
     <span class='ocr_line' id='line_1_109' title="bbox 1978 4920 3585 5019; baseline 0.022 -44"><span class='ocrx_word' id='word_1_915' title='bbox 1978 4920 2227 4979; x_wconf 86' lang='lat' dir='ltr'><strong>lsraelem</strong></span> <span class='ocrx_word' id='word_1_916' title='bbox 2253 4927 2303 4979; x_wconf 90' lang='lat' dir='ltr'><strong>in</strong></span> <span class='ocrx_word' id='word_1_917' title='bbox 2328 4928 2562 5002; x_wconf 68' lang='lat' dir='ltr'><strong>Egypto</strong></span> <span class='ocrx_word' id='word_1_918' title='bbox 2583 4936 2853 5004; x_wconf 84' lang='lat' dir='ltr'><strong>pascebat,</strong></span> <span class='ocrx_word' id='word_1_919' title='bbox 2882 4940 3028 4997; x_wconf 78' lang='lat' dir='ltr'><strong>illum</strong></span> <span class='ocrx_word' id='word_1_920' title='bbox 3060 4954 3111 4997; x_wconf 91' lang='lat' dir='ltr'><strong>et</strong></span> <span class='ocrx_word' id='word_1_921' title='bbox 3136 4946 3329 5005; x_wconf 88' lang='lat' dir='ltr'><strong>ducem</strong></span> <span class='ocrx_word' id='word_1_922' title='bbox 3359 4954 3585 5019; x_wconf 85' lang='lat' dir='ltr'><strong>reditus.</strong></span> 
     </span>
    </p>
   </div>
   <div class='ocr_carea' id='block_1_106' title="bbox 1977 5014 3583 5105">
    <p class='ocr_par' dir='ltr' id='par_1_106' title="bbox 1977 5014 3583 5105">
     <span class='ocr_line' id='line_1_110' title="bbox 1977 5014 3583 5105; baseline 0.023 -39"><span class='ocrx_word' id='word_1_923' title='bbox 1977 5022 2030 5066; x_wconf 90' lang='lat' dir='ltr'><strong>et</strong></span> <span class='ocrx_word' id='word_1_924' title='bbox 2072 5014 2122 5066; x_wconf 93' lang='lat' dir='ltr'><strong>in</strong></span> <span class='ocrx_word' id='word_1_925' title='bbox 2157 5025 2353 5072; x_wconf 89' lang='lat' dir='ltr'><strong>terram</strong></span> <span class='ocrx_word' id='word_1_926' title='bbox 2388 5025 2765 5091; x_wconf 84' lang='lat' dir='ltr'><strong>promissionis</strong></span> <span class='ocrx_word' id='word_1_927' title='bbox 2806 5032 2953 5099; x_wconf 83' lang='lat' dir='ltr'><strong>ipsos</strong></span> <span class='ocrx_word' id='word_1_928' title='bbox 3003 5034 3453 5099; x_wconf 83' lang='lat' dir='ltr'><strong>introducentem.</strong></span> <span class='ocrx_word' id='word_1_929' title='bbox 3488 5048 3583 5105; x_wconf 75' lang='lat'><strong>25.</strong></span> 
     </span>
    </p>
   </div>
   <div class='ocr_carea' id='block_1_107' title="bbox 1975 5100 3579 5197">
    <p class='ocr_par' dir='ltr' id='par_1_107' title="bbox 1975 5100 3579 5197">
     <span class='ocr_line' id='line_1_111' title="bbox 1975 5100 3579 5197; baseline 0.026 -44"><span class='ocrx_word' id='word_1_930' title='bbox 1975 5100 2042 5155; x_wconf 84' lang='lat' dir='ltr'><strong>Et</strong></span> <span class='ocrx_word' id='word_1_931' title='bbox 2073 5116 2299 5162; x_wconf 84' lang='lat' dir='ltr'><strong>mortuus</strong></span> <span class='ocrx_word' id='word_1_932' title='bbox 2326 5121 2399 5163; x_wconf 84' lang='lat' dir='ltr'><strong>est</strong></span> <span class='ocrx_word' id='word_1_933' title='bbox 2428 5112 2623 5182; x_wconf 82' lang='lat' dir='ltr'><strong>Ioseph</strong></span> <span class='ocrx_word' id='word_1_934' title='bbox 2654 5135 2817 5174; x_wconf 88' lang='lat' dir='ltr'><strong>annos</strong></span> <span class='ocrx_word' id='word_1_935' title='bbox 2857 5123 3046 5181; x_wconf 85' lang='lat' dir='ltr'><strong>habens</strong></span> <span class='ocrx_word' id='word_1_936' title='bbox 3073 5141 3274 5185; x_wconf 86' lang='lat' dir='ltr'><strong>centum</strong></span> <span class='ocrx_word' id='word_1_937' title='bbox 3305 5146 3352 5188; x_wconf 89' lang='lat' dir='ltr'><strong>et</strong></span> <span class='ocrx_word' id='word_1_938' title='bbox 3382 5138 3579 5197; x_wconf 84' lang='lat' dir='ltr'><strong>decem.</strong></span> 
     </span>
    </p>
   </div>
   <div class='ocr_carea' id='block_1_108' title="bbox 1973 5194 3581 5287">
    <p class='ocr_par' dir='ltr' id='par_1_108' title="bbox 1973 5194 3581 5287">
     <span class='ocr_line' id='line_1_112' title="bbox 1973 5194 3581 5287; baseline 0.027 -42"><span class='ocrx_word' id='word_1_939' title='bbox 1973 5194 2149 5259; x_wconf 78' lang='lat' dir='ltr'><strong>Quare</strong></span> <span class='ocrx_word' id='word_1_940' title='bbox 2195 5200 2351 5256; x_wconf 84' lang='lat' dir='ltr'><strong>nobis</strong></span> <span class='ocrx_word' id='word_1_941' title='bbox 2394 5214 2448 5257; x_wconf 87' lang='lat' dir='ltr'><strong>et</strong></span> <span class='ocrx_word' id='word_1_942' title='bbox 2496 5204 2637 5264; x_wconf 88' lang='lat' dir='ltr'><strong>illius</strong></span> <span class='ocrx_word' id='word_1_943' title='bbox 2673 5225 2845 5267; x_wconf 84' lang='lat' dir='ltr'><strong>annos</strong></span> <span class='ocrx_word' id='word_1_944' title='bbox 2890 5218 3211 5285; x_wconf 76' lang='lat' dir='ltr'><strong>significavit</strong></span> <span class='ocrx_word' id='word_1_945' title='bbox 3250 5225 3273 5277; x_wconf 88' lang='lat'><strong>?</strong></span> <span class='ocrx_word' id='word_1_946' title='bbox 3306 5226 3371 5282; x_wconf 90' lang='lat' dir='ltr'><strong>Ut</strong></span> <span class='ocrx_word' id='word_1_947' title='bbox 3402 5230 3581 5287; x_wconf 73' lang='lat' dir='ltr'><strong>discas</strong></span> 
     </span>
    </p>
   </div>
   <div class='ocr_carea' id='block_1_109' title="bbox 1971 5292 3581 5389">
    <p class='ocr_par' dir='ltr' id='par_1_109' title="bbox 1971 5292 3581 5389">
     <span class='ocr_line' id='line_1_113' title="bbox 1971 5292 3581 5389; baseline 0.022 -52"><span class='ocrx_word' id='word_1_948' title='bbox 1971 5297 2099 5355; x_wconf 89' lang='lat' dir='ltr'><strong>quot</strong></span> <span class='ocrx_word' id='word_1_949' title='bbox 2141 5292 2297 5346; x_wconf 90' lang='lat' dir='ltr'><strong>annis</strong></span> <span class='ocrx_word' id='word_1_950' title='bbox 2344 5293 2561 5366; x_wconf 67' lang='lat' dir='ltr'><strong>Egypti</strong></span> <span class='ocrx_word' id='word_1_951' title='bbox 2602 5300 2958 5371; x_wconf 89' lang='lat' dir='ltr'><strong>principatum</strong></span> <span class='ocrx_word' id='word_1_952' title='bbox 2992 5314 3485 5389; x_wconf 82' lang='lat' dir='ltr'><strong>tenuerit.septcm</strong></span> <span class='ocrx_word' id='word_1_953' title='bbox 3525 5333 3581 5378; x_wconf 78' lang='lat' dir='ltr'><strong>ct</strong></span> 
     </span>
    </p>
   </div>
   <div class='ocr_carea' id='block_1_110' title="bbox 1968 5377 3578 5479">
    <p class='ocr_par' dir='ltr' id='par_1_110' title="bbox 1968 5377 3578 5479">
     <span class='ocr_line' id='line_1_114' title="bbox 1968 5377 3578 5479; baseline 0.025 -48"><span class='ocrx_word' id='word_1_954' title='bbox 1968 5377 2154 5435; x_wconf 85' lang='lat' dir='ltr'><strong>decem</strong></span> <span class='ocrx_word' id='word_1_955' title='bbox 2184 5397 2448 5442; x_wconf 88' lang='lat' dir='ltr'><strong>annorum</strong></span> <span class='ocrx_word' id='word_1_956' title='bbox 2479 5400 2594 5444; x_wconf 84' lang='lat' dir='ltr'><strong>erat</strong></span> <span class='ocrx_word' id='word_1_957' title='bbox 2620 5434 2634 5457; x_wconf 90' lang='lat'><strong>,</strong></span> <span class='ocrx_word' id='word_1_958' title='bbox 2664 5407 2785 5447; x_wconf 90' lang='lat' dir='ltr'><strong>cum</strong></span> <span class='ocrx_word' id='word_1_959' title='bbox 2814 5399 3024 5454; x_wconf 89' lang='lat' dir='ltr'><strong>veniret</strong></span> <span class='ocrx_word' id='word_1_960' title='bbox 3072 5403 3122 5456; x_wconf 92' lang='lat' dir='ltr'><strong>in</strong></span> <span class='ocrx_word' id='word_1_961' title='bbox 3166 5405 3457 5479; x_wconf 64' lang='lat' dir='ltr'><strong>Aigyptum</strong></span> <span class='ocrx_word' id='word_1_962' title='bbox 3482 5432 3496 5471; x_wconf 85' lang='lat'><strong>;</strong></span> <span class='ocrx_word' id='word_1_963' title='bbox 3523 5429 3578 5471; x_wconf 88' lang='lat' dir='ltr'><strong>et</strong></span> 
     </span>
    </p>
   </div>
   <div class='ocr_carea' id='block_1_111' title="bbox 1970 5472 3566 5571">
    <p class='ocr_par' dir='ltr' id='par_1_111' title="bbox 1970 5472 3566 5571">
     <span class='ocr_line' id='line_1_115' title="bbox 1970 5472 3566 5571; baseline 0.026 -50"><span class='ocrx_word' id='word_1_964' title='bbox 1970 5472 2181 5541; x_wconf 79' lang='lat' dir='ltr'><strong>triginta</strong></span> <span class='ocrx_word' id='word_1_965' title='bbox 2208 5490 2469 5534; x_wconf 88' lang='lat' dir='ltr'><strong>annorum</strong></span> <span class='ocrx_word' id='word_1_966' title='bbox 2500 5482 2670 5540; x_wconf 87' lang='lat' dir='ltr'><strong>factus</strong></span> <span class='ocrx_word' id='word_1_967' title='bbox 2700 5494 3000 5558; x_wconf 89' lang='lat' dir='ltr'><strong>comparuit</strong></span> <span class='ocrx_word' id='word_1_968' title='bbox 3028 5511 3208 5551; x_wconf 73' lang='lat' dir='ltr'><strong>eorum</strong></span> <span class='ocrx_word' id='word_1_969' title='bbox 3240 5500 3521 5562; x_wconf 82' lang='lat' dir='ltr'><strong>Pharaone</strong></span> <span class='ocrx_word' id='word_1_970' title='bbox 3551 5552 3566 5571; x_wconf 87' lang='lat'><strong>,</strong></span> 
     </span>
    </p>
   </div>
   <div class='ocr_carea' id='block_1_112' title="bbox 1965 5565 3567 5662">
    <p class='ocr_par' dir='ltr' id='par_1_112' title="bbox 1965 5565 3567 5662">
     <span class='ocr_line' id='line_1_116' title="bbox 1965 5565 3567 5662; baseline 0.026 -48"><span class='ocrx_word' id='word_1_971' title='bbox 1965 5573 2019 5617; x_wconf 79' lang='lat' dir='ltr'><strong>rt</strong></span> <span class='ocrx_word' id='word_1_972' title='bbox 2049 5565 2430 5636; x_wconf 78' lang='lat' dir='ltr'><strong>interpretatus</strong></span> <span class='ocrx_word' id='word_1_973' title='bbox 2474 5583 2557 5628; x_wconf 90' lang='lat' dir='ltr'><strong>est</strong></span> <span class='ocrx_word' id='word_1_974' title='bbox 2596 5580 2825 5633; x_wconf 88' lang='lat' dir='ltr'><strong>somnia.</strong></span> <span class='ocrx_word' id='word_1_975' title='bbox 2869 5582 3067 5641; x_wconf 88' lang='lat' dir='ltr'><strong>Deinde</strong></span> <span class='ocrx_word' id='word_1_976' title='bbox 3111 5594 3381 5662; x_wconf 80' lang='lat' dir='ltr'><strong>octoginta</strong></span> <span class='ocrx_word' id='word_1_977' title='bbox 3413 5600 3567 5655; x_wconf 83' lang='lat' dir='ltr'><strong>annis</strong></span> 
     </span>
    </p>
   </div>
   <div class='ocr_carea' id='block_1_113' title="bbox 1966 5655 3567 5756">
    <p class='ocr_par' dir='ltr' id='par_1_113' title="bbox 1966 5655 3567 5756">
     <span class='ocr_line' id='line_1_117' title="bbox 1966 5655 3567 5756; baseline 0.024 -51"><span class='ocrx_word' id='word_1_978' title='bbox 1966 5655 2173 5723; x_wconf 71' lang='lat' dir='ltr'><strong>[moluit</strong></span> <span class='ocrx_word' id='word_1_979' title='bbox 2214 5660 2307 5713; x_wconf 92' lang='lat' dir='ltr'><strong>toti</strong></span> <span class='ocrx_word' id='word_1_980' title='bbox 2362 5673 2518 5719; x_wconf 80' lang='lat' dir='ltr'><strong>terra:</strong></span> <span class='ocrx_word' id='word_1_981' title='bbox 2544 5665 2783 5738; x_wconf 56' lang='lat' dir='ltr'><strong>Egypti.</strong></span> <span class='ocrx_word' id='word_1_982' title='bbox 2830 5671 3020 5729; x_wconf 84' lang='lat' dir='ltr'><strong>Vidisti</strong></span> <span class='ocrx_word' id='word_1_983' title='bbox 3062 5655 3335 5748; x_wconf 70' lang='lat' dir='ltr'><strong>quomodo</strong></span> <span class='ocrx_word' id='word_1_984' title='bbox 3363 5690 3567 5756; x_wconf 84' lang='lat' dir='ltr'><strong>majora</strong></span> 
     </span>
    </p>
   </div>
   <div class='ocr_carea' id='block_1_114' title="bbox 1961 5747 3569 5844">
    <p class='ocr_par' dir='ltr' id='par_1_114' title="bbox 1961 5747 3569 5844">
     <span class='ocr_line' id='line_1_118' title="bbox 1961 5747 3569 5844; baseline 0.024 -47"><span class='ocrx_word' id='word_1_985' title='bbox 1961 5747 2070 5799; x_wconf 91' lang='lat' dir='ltr'><strong>sint</strong></span> <span class='ocrx_word' id='word_1_986' title='bbox 2117 5752 2329 5816; x_wconf 73' lang='lat' dir='ltr'><strong>prmmia</strong></span> <span class='ocrx_word' id='word_1_987' title='bbox 2376 5770 2537 5824; x_wconf 89' lang='lat' dir='ltr'><strong>quam</strong></span> <span class='ocrx_word' id='word_1_988' title='bbox 2567 5758 2779 5817; x_wconf 88' lang='lat' dir='ltr'><strong>labores</strong></span> <span class='ocrx_word' id='word_1_989' title='bbox 2806 5804 2819 5823; x_wconf 76' lang='lat'><strong>.</strong></span> <span class='ocrx_word' id='word_1_990' title='bbox 2853 5768 3343 5844; x_wconf 85' lang='lat' dir='ltr'><strong>retrlhutionesquc</strong></span> <span class='ocrx_word' id='word_1_991' title='bbox 3384 5780 3569 5837; x_wconf 87' lang='lat' dir='ltr'><strong>multi-</strong></span> 
     </span>
    </p>
   </div>
   <div class='ocr_carea' id='block_1_115' title="bbox 1962 5838 3564 5933">
    <p class='ocr_par' dir='ltr' id='par_1_115' title="bbox 1962 5838 3564 5933">
     <span class='ocr_line' id='line_1_119' title="bbox 1962 5838 3564 5933; baseline 0.024 -43"><span class='ocrx_word' id='word_1_992' title='bbox 1962 5838 2125 5906; x_wconf 80' lang='lat' dir='ltr'><strong>plices</strong></span> <span class='ocrx_word' id='word_1_993' title='bbox 2154 5840 2178 5894; x_wconf 82' lang='lat'><strong>?</strong></span> <span class='ocrx_word' id='word_1_994' title='bbox 2204 5842 2483 5900; x_wconf 83' lang='lat' dir='ltr'><strong>Trcdeeim</strong></span> <span class='ocrx_word' id='word_1_995' title='bbox 2510 5851 2667 5905; x_wconf 90' lang='lat' dir='ltr'><strong>annis</strong></span> <span class='ocrx_word' id='word_1_996' title='bbox 2693 5860 2916 5909; x_wconf 84' lang='lat' dir='ltr'><strong>certavit</strong></span> <span class='ocrx_word' id='word_1_997' title='bbox 2951 5857 3000 5911; x_wconf 93' lang='lat' dir='ltr'><strong>in</strong></span> <span class='ocrx_word' id='word_1_998' title='bbox 3036 5838 3421 5925; x_wconf 38' lang='lat' dir='ltr'><strong>tentatio&#39;nibus</strong></span> <span class='ocrx_word' id='word_1_999' title='bbox 3440 5912 3455 5933; x_wconf 92' lang='lat'><strong>,</strong></span> <span class='ocrx_word' id='word_1_1000' title='bbox 3483 5872 3564 5928; x_wconf 84' lang='lat' dir='ltr'><strong>fe-</strong></span> 
     </span>
    </p>
   </div>
   <div class='ocr_carea' id='block_1_116' title="bbox 1959 5938 3565 6033">
    <p class='ocr_par' dir='ltr' id='par_1_116' title="bbox 1959 5938 3565 6033">
     <span class='ocr_line' id='line_1_120' title="bbox 1959 5938 3565 6033; baseline 0.024 -49"><span class='ocrx_word' id='word_1_1001' title='bbox 1959 5946 2081 5984; x_wconf 80' lang='lat' dir='ltr'><strong>rens</strong></span> <span class='ocrx_word' id='word_1_1002' title='bbox 2106 5938 2416 5993; x_wconf 81' lang='lat' dir='ltr'><strong>servitutem</strong></span> <span class='ocrx_word' id='word_1_1003' title='bbox 2439 5982 2452 6009; x_wconf 91' lang='lat'><strong>,</strong></span> <span class='ocrx_word' id='word_1_1004' title='bbox 2485 5953 2535 5996; x_wconf 91' lang='lat' dir='ltr'><strong>et</strong></span> <span class='ocrx_word' id='word_1_1005' title='bbox 2568 5945 2891 6003; x_wconf 83' lang='lat' dir='ltr'><strong>calumniam</strong></span> <span class='ocrx_word' id='word_1_1006' title='bbox 2916 5952 3057 6008; x_wconf 87' lang='lat' dir='ltr'><strong>illam</strong></span> <span class='ocrx_word' id='word_1_1007' title='bbox 3083 5957 3565 6033; x_wconf 83' lang='lat' dir='ltr'><strong>iniquam,etami-</strong></span> 
     </span>
    </p>
   </div>
  </div>
