4180 6492
664 466 768 523 579

657 581 891 636 ctionem
910 579 960 632 in
982 587 1215 639 carcere,
1228 581 1281 629 et
1293 572 1417 643 quia
1443 584 1696 644 generose
1716 577 1908 626 etcum
1933 568 2218 638 gratiarum

661 670 869 723 actione
894 667 1010 722 tulit
1040 664 1215 719 omnia
1241 703 1257 726 .
1285 672 1565 733 propterea
1604 661 1749 730 larga
1774 658 1990 731 prazmia
2015 657 2220 729 accepit

659 760 819 816 etiam
841 760 890 813 in
912 756 1009 811 hac
1034 755 1159 809 vita.
1180 753 1471 809 Considera
1490 751 1654 819 enim,
1681 766 1802 808 eum
1827 765 1924 822 pro
1948 748 2097 805 brevi
2127 748 2218 803 illo

659 860 919 920 tempore,
946 862 1053 917 quo
1079 847 1384 902 servitutem
1412 853 1465 899 et
1487 857 1758 899 carcerem
1781 841 2049 909 sustinuit,
2071 848 2219 895 octo-

660 941 799 1010 ginta
840 930 996 994 annis
1033 950 1254 1008 regnum
1283 933 1755 992 administravisse.
1790 930 1942 1000 Quod
1964 943 2093 986 vero
2113 927 2219 983 ﬁde

657 1028 833 1083 omnia
870 1027 1205 1096 disposuerit,
1228 1033 1282 1081 et
1307 1031 1524 1096 propter
1550 1023 1651 1080 hoc
1675 1025 1833 1077 etiam
1880 1019 1949 1075 de
1976 1026 2219 1075 transve-

655 1118 833 1174 ctione
848 1118 1053 1172 ossium
1079 1114 1360 1182 mandarit,
1375 1113 1497 1173 audi
1521 1112 1743 1169 Paulum
1767 1109 2031 1166 dicentem
2052 1124 2068 1165 :
2088 1106 2220 1162 Fide

650 1209 842 1279 Ioseph
864 1210 1107 1271 moriens,
1135 1208 1198 1261 de
1231 1205 1513 1277 egressione
1538 1202 1765 1272 ﬁliorum
1789 1200 1958 1256 Israel
1994 1198 2218 1254 meminit

658 1297 843 1366 (Hebr.
863 1298 946 1352 ll.
969 1294 1085 1368 εἰ).
1114 1296 1180 1350 Et
1204 1309 1307 1349 non
1336 1293 1433 1348 fuit
1458 1292 1542 1348 bis
1564 1298 1848 1347 contentus
1865 1330 1884 1356 ,
1905 1287 2001 1345 sed
2043 1295 2101 1343 ut
2137 1286 2221 1342 di-

654 1399 776 1441 scas
804 1400 1038 1451 causam,
1063 1393 1277 1455 propter
1304 1397 1461 1453 quam
1501 1380 1789 1451 injunaerit
1818 1380 2017 1435 ossium
2043 1386 2217 1433 trans-

652 1475 945 1531 rectionem
973 1513 990 1540 ,
1017 1472 1196 1539 addit,
1229 1471 1297 1527 Et
1324 1472 1389 1528 de
1415 1472 1607 1527 ossibus
1633 1470 1741 1526 suis
1757 1468 2032 1524 mandavit.

723 1564 991 1619 Conclusio
1015 1579 1130 1618 cum
1154 1562 1336 1617 morali
1359 1557 1962 1616 abeuntium—Forte
1978 1553 2218 1628 pluribus

653 1655 770 1710 haec
787 1654 924 1711 dicta
944 1662 1088 1721 sunt,
1113 1652 1205 1709 sed
1236 1652 1504 1722 ignoscite.
1533 1650 1665 1704 Nam
1683 1649 1932 1720 quoniam
1959 1646 2026 1702 ad
2056 1646 2216 1702 ﬁnem

657 1745 779 1802 libri
806 1744 1143 1816 pervenimus
1161 1784 1178 1810 ,
1210 1742 1469 1798 voluimus
1496 1756 1618 1797 cum
1644 1740 1759 1811 ejus
1787 1739 1894 1795 line
1915 1738 2057 1794 hunc
2087 1751 2219 1807 quo-

1323 460 1382 517 S.
1420 456 1696 517 JOANNIS
1731 451 2192 511 CHRYSOSTOMI
2232 450 2548 508 ARCHIEP.
2589 448 3118 507 CONS'I‘ANTINOP.
3799 450 3895 507 ωδ

2327 565 2560 636 adjicere
2581 606 2599 634 ,
2626 574 2684 647 ut
2718 564 2922 622 scilicet
2943 564 3206 620 dictorum
3229 562 3582 619 recordamini
3600 605 3618 630 ,
3644 574 3701 620 et
3728 565 3903 625 imite-

2276 662 2283 668 '
2320 674 2442 715 mur
2459 659 2721 730 iustorum
2736 657 2955 717 illorum
2980 657 3247 723 viﬂutem,
3269 663 3323 712 et
3343 656 3657 726 iniuriarum
3682 656 3902 712 oblivio-

2320 766 2447 810 nem
2472 766 2601 824 erga
2626 766 2720 808 eos
2747 749 2837 822 qui
2858 763 2957 806 nos
2981 748 3178 804 damno
3196 746 3487 803 affecerunt
3515 786 3532 813 ,
3560 747 3898 817 patientiam-

2318 858 2423 915 que
2442 858 2567 914 erga
2591 856 2686 900 eos
2710 842 2803 914 qui
2828 840 2984 897 nobis
3007 838 3306 895 molestiam
3328 838 3581 901 inierunt,
3605 837 3893 892 intemera-

2320 914 2532 1004 tamque
2557 931 2959 990 continentiam.
2999 929 3135 984 Hinc
3181 928 3326 985 enim
3348 926 3527 998 justus
3554 914 3767 982 tantam“
3784 926 3885 980 sibi

2323 1022 2414 1078 Dei
2450 1022 2672 1092 gratiam
2696 1020 3014 1077 conciliavit.
3056 1017 3114 1075 Si
3141 1032 3269 1088 ergo
3292 1017 3536 1072 volumus
3565 1030 3665 1071 nos
3690 1028 3903 1086 quoque

2321 1112 2538 1169 caeleste
2578 1112 2834 1168 auxilium
2876 1111 3153 1175 obtinere,
3181 1123 3444 1164 summam
3472 1106 3686 1162 virtutis
3710 1105 3895 1161 habea-

2318 1217 2439 1258 mus
2480 1201 2763 1257 rationem.
2808 1199 2898 1257 Sic
2928 1199 3071 1255 enim
3115 1206 3169 1254 et
3206 1197 3441 1271 Spiritus
3481 1198 3708 1269 gratiam
3747 1196 3897 1252 nobis

2318 1290 2668 1357 attrabemus,
2702 1299 2756 1346 et
2793 1298 3109 1361 presentem
3148 1288 3309 1344 vitam
3345 1302 3535 1360 magna
3566 1287 3898 1358 iucunditate

2319 1382 2692 1453 transigemus,
2715 1391 2772 1437 et
2797 1381 2968 1438 futura
2989 1381 3127 1437 bona
3146 1394 3571 1449 consequemur:
3599 1393 3720 1449 qua:
3743 1377 3898 1433 nobis

2319 1472 2568 1551 omnibus
2607 1471 2865 1529 concedat
2909 1471 3164 1528 Dominus
3199 1479 3381 1527 noster
3417 1469 3574 1527 Jesus
3601 1468 3848 1528 Christus
3876 1508 3896 1532 ,

2319 1562 2532 1632 quicum
2559 1562 2702 1619 Patri
2729 1571 2785 1618 et
2807 1570 2992 1617 sancto
3020 1560 3237 1631 Spiritui
3276 1560 3347 1617 sit
3386 1559 3557 1630 gloria
3576 1598 3592 1621 .
3621 1552 3901 1627 imperium

2320 1662 2374 1707 et
2395 1652 2605 1717 honor,
2636 1666 2777 1707 nunc
2799 1661 2856 1706 ct
2880 1664 3127 1721 semper,
3171 1657 3225 1705 et
3254 1650 3308 1703 in
3337 1649 3530 1703 saecula
3562 1648 3899 1703 saeculorum.

2327 1745 2519 1800 Amen.

655 1852 759 1908 que
773 1848 1076 1893 sermonem
1101 1833 1259 1890 hodie
1279 1832 1451 1901 ﬁnire,
1473 1840 1528 1889 et
1554 1831 1764 1887 solitam
1793 1828 2217 1883 exhortationem

1649 1984 1865 2041 FINIS
1906 1976 2388 2039 HOHIIJARUN
2430 1976 2517 2032 IN
2554 1975 2913 2034 GENESUI.

1622 2871 1722 2931 AD
1766 2870 2169 2933 SERMONES
2223 2870 2420 2931 OCTO
2463 2870 2542 2931 IN
2590 2869 2924 2933 GENESIM

714 3198 931 3270 Optime
952 3197 1182 3271 coniicit
1205 3195 1609 3264 Tillemontius,
1642 3210 1767 3254 cum
1792 3197 1870 3253 ait
1895 3196 2112 3269 opinari
2140 3211 2201 3255 se
2246 3198 2471 3256 ineunte
2513 3197 2937 3272 Quadragesima
2992 3200 3123 3256 anni
3173 3197 3280 3256 586
3324 3198 3782 3273 Chrysostomnm
3809 3202 3915 3259 hos

650 3337 913 3396 habuisse
942 3335 1268 3408 Sermones;
1296 3337 1446 3409 quod
1486 3344 1670 3394 autem
1711 3333 1918 3408 adjicit,
1966 3335 2206 3406 primum
2260 3333 2583 3391 Sermonem
2614 3335 2821 3391 dictum
2867 3334 3039 3393 fuisse
3074 3326 3253 3409 prima
3298 3321 3748 3409 Quadragesimz
3792 3338 3913 3403 die,

644 3474 779 3530 teris
808 3488 1003 3545 nempe
1032 3472 1295 3541 «cunde,
1326 3486 1434 3545 qna
1471 3470 1837 3544 incipiebatur
1864 3470 2170 3527 Antiochiae
2198 3470 2647 3543 Quadrsgesima,
2672 3480 2730 3529 et
2759 3472 2866 3529 hoc
2910 3486 3055 3550 anno
3098 3471 3372 3530 incidebat
3402 3471 3459 3528 in
3496 3470 3565 3528 {6
3598 3471 3911 3539 Februarii,

643 3614 797 3685 illud,
829 3616 1075 3689 inquam,
1100 3625 1331 3676 eatenus
1358 3616 1699 3690 exploratum
1723 3630 1848 3675 esse
1873 3623 2079 3686 potest,
2105 3621 2378 3684 quatenus
2425 3613 2651 3672 Tabulis
2680 3613 3044 3672 Paschalibus
3086 3616 3256 3673 tidere
3290 3628 3602 3687 possumus,
3645 3630 3772 3687 qua:
3807 3614 3915 3671 hoc

644 3771 790 3814 anno
814 3755 1027 3815 Pascha
1058 3757 1115 3815 in
1139 3757 1387 3830 quintam
1415 3758 1621 3832 Aprilis
1649 3758 1892 3817 incidere
1911 3755 2293 3815 testiﬁcantur.
2320 3755 2428 3813 Sed
2460 3770 2586 3814 cum
2612 3755 2723 3813 illa:
2745 3754 2968 3814 Tabula:
2998 3754 3291 3815 Paschales
3317 3772 3428 3815 non
3459 3756 3690 3815 omnino
3719 3766 3918 3814 vacent

645 3894 980 3966 suspicione,
1013 3904 1076 3953 ut
1102 3894 1350 3968 pluribus
1376 3894 1617 3953 diximus
1650 3895 1704 3952 in
1733 3894 1940 3953 Ποιηιο
1975 3895 2044 3952 ad
2082 3893 2375 3953 Orationes
2415 3902 2604 3950 contra
2636 3892 2854 3953 Judcos
2878 3893 3052 3952 Tomo
3089 3894 3307 3967 primo:
3339 3894 3408 3954 iis
3443 3910 3554 3953 non
3597 3898 3919 3958 omnimoda

647 4036 781 4094 ﬁdes
810 4035 1079 4093 habenda.
1110 4034 1299 4109 Itaque
1323 4043 1537 4093 certum
1565 4004 1908 4107 estprimum
1930 4044 1986 4094 in
2014 4022 2271 4095 Genesim
2302 4035 2624 4094 Sermonem
2657 4036 2904 4093 habitum
2932 4034 3102 4093 fuisse
3124 4035 3304 4108 prima
3323 4034 3414 4092 die
3443 4033 3920 4107 Quadrageslmse,

634 4182 770 4245 qua
806 4168 941 4227 teris
972 4166 1233 4234 secunda,
1261 4164 1432 4223 biduo
1461 4180 1659 4239 nempe
1691 4175 1819 4224 ante
1849 4168 2338 4240 Quadragesimam
2381 4181 2646 4234 nostram.
2676 4184 2890 4243 semper
2921 4171 3225 4228 Antiochia
3253 4170 3589 4244 incipiebat;
3636 4188 3747 4232 non
3793 4189 3927 4249 per-

587 4398 593 4403 '
649 4308 775 4365 inde
798 4321 928 4365 vero
961 4316 1171 4365 certum
1198 4315 1284 4365 est
1307 4322 1413 4379 qua
1443 4286 1784 4375 mensis'die,
1810 4315 1877 4365 ut
1909 4308 1965 4364 in
1998 4308 2190 4367 eodem
2226 4308 2430 4366 Ionito
2458 4309 2666 4365 videas.

719 4443 951 4502 ﬂabitos
977 4453 1159 4502 antem
1194 4459 1341 4501 anno
1379 4444 1483 4502 386
1527 4446 1646 4519 ipse
1690 4449 1976 4521 perspicue
2022 4460 2420 4508 commonstrat
2462 4451 2894 4523 Chrysostomus
2934 4467 3062 4507 cum
3110 4452 3413 4509 secundum
3466 4450 3788 4511 Sermonem
3830 4454 3923 4514 his

650 4581 832 4639 verbis
868 4580 1080 4637 orditur
1107 4596 1124 4637 :
1152 4574 1303 4651 ’Δρα
1330 4577 1612 4650 μέμνησθε
1634 4583 1744 4637 τῶν
1767 4582 2106 4654 ζητημάτων
2130 4583 2218 4639 τῶ·

2316 4583 2487 4658 πρώην
2535 4586 2913 4660 προτεθέντων
2960 4585 3093 4659 ὑμῖν
3138 4587 3279 4656 ςεῑς
3333 4586 3589 4644 τοσοῦτον
3618 4590 3730 4662 γὰρ
3758 4592 3915 4664 ἡμᾶς

648 4724 909 4789 ἀπονοίας
936 4725 1030 4779 και
1056 4725 1263 4795 τόλμης
1293 4725 1557 4796 inﬁgere,
1590 4726 1668 4789 ὡς
1690 4726 1786 4781 καὶ
1810 4726 2138 4797 ζητημάτων
2168 4726 2270 4798 ἤδη
2301 4724 2647 4798 κατατολμᾷν
2665 4740 2679 4754 ·
2716 4726 2918 4798 μᾶλλον
2944 4727 3002 4781 δὲ
3028 4729 3131 4783 οὐκ
3160 4728 3229 4783 ἃν
3258 4729 3347 4801 atq
3373 4728 3581 4802 τόλμης
3607 4729 3731 4786 om
3776 4730 3925 4788 dm-

649 4866 797 4930 νοῐας
824 4864 1002 4920 τοῦτο.
1032 4862 1108 4918 οὐ
1137 4860 1248 4935 γὰρ
1277 4860 1457 4935 οἰκείᾳ
1484 4861 1711 4933 δυνάμει
1751 4861 2145 4936 θαρρήσαντες,
2176 4862 2316 4917 ἀλλὰ
2355 4866 2478 4927 ταῖς
2506 4863 2690 4937 εὐχαῖς
2726 4863 2840 4918 τῶν
2897 4866 3182 4938 προέδρων
3216 4865 3313 4921 καὶ
3339 4869 3463 4930 ταῖς
3500 4866 3805 4940 ὑμετέραις
3856 4871 3930 4925 τὸ

651 5002 758 5055 πᾶν
786 4997 1196 5073 ἑπιῤῥίψαντες,
1231 4997 1623 5070 ἀπεδυσάμεθα
1652 4997 1790 5070 πρὸς
1816 4996 1880 5051 τὸ
1909 4995 2140 5051 στάδιον.
2174 4999 2218 5055 Id

2316 5009 2337 5055 t
2368 5019 2382 5056 :
2406 4998 2677 5071 Numquid
2711 5002 3021 5056 meministis
3050 5002 3420 5073 questionum,
3445 5019 3560 5073 qua:
3588 5003 3733 5059 vobis
3756 5021 3932 5071 nuper

651 5147 774 5193 sunt
803 5138 1125 5209 proposita?
1165 5136 1228 5193 In
1258 5147 1464 5194 tantum
1485 5140 1625 5194 enirn
1654 5138 2021 5209 arrogantiam
2050 5148 2099 5193 et
2126 5140 2408 5194 audaciam
2438 5158 2531 5195 nos
2582 5142 2918 5211 prouexistis,
2970 5153 3025 5197 ut
3068 5143 3383 5214 quaestiones
3428 5144 3689 5212 intrepide
3737 5161 3934 5216 aggre-

658 5280 872 5332 diamur
897 5294 917 5333 :
947 5278 1055 5333 imo
1082 5294 1173 5333 nec
1197 5278 1438 5333 audacia:
1467 5294 1558 5333 nec
1588 5280 1913 5350 arrogantia:
1944 5280 2000 5335 id
2032 5279 2242 5350 [acinus
2269 5292 2366 5337 est.
2396 5280 2520 5337 Non
2551 5282 2688 5337 enim
2724 5282 2925 5336 uiribus
2964 5282 3158 5336 nostris
3199 5281 3542 5350 conﬁdentes,
3580 5280 3675 5335 sed
3710 5280 3932 5335 antisti-

652 5426 761 5468 tam
790 5416 1029 5485 precibus
1059 5432 1120 5470 ac
1148 5417 1335 5471 vestris
1369 5417 1549 5472 omnia
1581 5419 1978 5489 committentes,
2010 5421 2081 5475 rd
2114 5419 2353 5476 stadium
2404 5438 2497 5477 nos
2550 5424 2906 5480 accinximtts.
2953 5422 3054 5481 Hic
3092 5423 3238 5481 clare
3280 5424 3435 5482 vides
3470 5422 3935 5493 Chrysostomuns

654 5558 719 5615 ad
746 5559 979 5616 stadium
1018 5575 1077 5616 se
1106 5560 1500 5632 accingentem,
1527 5570 1582 5617 et
1613 5559 2053 5633 Quadragesimte
2081 5576 2365 5620 sermones
2399 5565 2634 5635 primum
2677 5566 2975 5633 ineuntem,
3005 5581 3173 5636 seque
3207 5581 3349 5638 pene
3390 5564 3633 5621 audacia
3668 5563 3938 5620 incusan-

658 5710 787 5764 tem,
812 5699 955 5769 quod
990 5714 1104 5756 rem
1131 5709 1335 5757 tantam
1360 5700 1744 5773 aggrederetur
1770 5717 1785 5769 ;
1813 5717 1933 5772 qua
1964 5712 2112 5759 certe
2140 5702 2321 5759 omnia
2346 5702 2850 5776 quadragesimales
2876 5672 3161 5760 sermones
3202 5700 3379 5773 prima
3406 5700 3522 5755 rice
3573 5698 3935 5772 incipientem

657 5841 934 5901 indicant.
964 5856 1072 5902 non
1099 5840 1245 5903 enim
1280 5857 1343 5902 ea
1365 5856 1498 5904 usus
1529 5853 1615 5902 est
1645 5842 1893 5903 ordiendi
1914 5842 2130 5902 ratione
2158 5858 2303 5901 anno
2337 5844 2655 5916 insequente
2682 5844 2813 5913 587,
2841 5859 2964 5903 cum
3007 5845 3301 5904 Sermones
3334 5842 3401 5903 de
3440 5841 3650 5900 Statuis
3698 5857 3795 5915 per
3849 5857 3936 5901 to-
