4180 6520
303 386 405 446 581

824 493 1052 553 εειιδιο
1106 490 1381 559 PRIMUS,

311 634 534 690 Habitus
563 626 633 689 in
661 632 917 704 principio
953 625 1379 700 Quadragesimte
1412 626 1467 679 in
1492 622 1646 687 illud,
1681 621 1736 676 In
1765 618 1911 690 prin-

377 725 523 797 cipio
553 721 852 779 fecit-Deus
888 719 1079 775 caelum
1107 727 1164 774 et
1201 726 1397 774 terram
1422 712 1573 787 (Gen.
1628 714 1680 768 l.
1711 711 1807 783 l);
1851 724 1911 763 ac

380 818 445 872 de
459 815 738 890 jejunio-et
767 814 1084 882 clamosgna
1116 808 1214 882 (α).

387 948 442 1004 1'.
470 945 740 1018 Jejuniunt
786 944 889 1000 veri
917 950 1265 1013 comparatur.
1312 971 1384 983 —-
1407 934 1711 997 Iucundum
1739 934 1915 991 nautis

306 1048 508 1097 est‘ver
535 1080 551 1106 ,
574 1036 870 1108 jucundum
902 1035 1187 1106 agricolis;
1212 1032 1307 1090 sed
1339 1048 1513 1103 neque
1541 1030 1717 1087 nautis
1743 1042 1917 1097 neque

307 1129 558 1202 agricolis
579 1130 651 1184 ita
675 1126 970 1197 jucundum
997 1140 1091 1180 ver
1127 1133 1232 1192 est,
1258 1132 1316 1179 ut
1339 1123 1643 1179 volentibus
1672 1119 1915 1191 philom-

312 1223 465 1293 phari
504 1221 800 1293 jucundum
846 1230 929 1275 est
967 1218 1157 1289 jejunii
1210 1226 1442 1287 tempus,
1481 1215 1783 1270 animarum
1827 1228 1920 1263 ιϊι⁵

310 1315 631 1385 spirituale,
686 1312 1073 1384 cogitationum
1120 1326 1245 1367 vera
1295 1306 1723 1379 tranquillitas“.
1782 1303 1914 1358 Nam

311 1406 563 1477 agricolis
591 1420 684 1460 ver
735 1402 1176 1473 ideojucundum
1218 1410 1322 1465 est,
1378 1400 1501 1470 quia
1534 1408 1660 1452 tunc
1688 1409 1918 1451 corona-

313 1507 425 1553 tam
446 1497 629 1553 vident
657 1494 881 1551 acribus
908 1504 1104 1551 terram
1120 1519 1148 1559 3
1172 1502 1228 1549 et
1258 1492 1548 1548 herbarum
1584 1488 1756 1544 comis
1779 1486 1924 1541 velut

313 1589 513 1643 amictu
547 1585 781 1657 undique
805 1594 1052 1641 ornatam
1083 1602 1096 1638 :
1129 1584 1306 1638 nautis
1326 1583 1454 1637 item
1485 1596 1581 1637 ver
1602 1577 1919 1650 jucundum,

313 1678 439 1750 quia
471 1678 696 1732 marium
736 1677 891 1732 darsa
922 1684 1036 1731 tuto
1065 1682 1289 1745 possunt
1318 1671 1543 1727 navibus
1573 1671 1804 1733 sulcare,
1835 1682 1925 1722 se-

314 1770 457 1825 datis
484 1783 678 1839 nempe
704 1767 970 1833 ll'uctibus,
996 1766 1266 1836 delphinis
1288 1764 1573 1835 tranquille
1593 1761 1923 1827 ludentibus,

315 1873 372 1918 et
394 1862 460 1917 ad
507 1862 621 1932 ipsa
652 1862 802 1916 navis
845 1861 1013 1916 latera
1044 1860 1361 1929 plerumque
1391 1854 1789 1911 exsilientibus.
1822 1851 1926 1907 No-

319 1951 406 2009 bis
433 1962 614 2007 autem
645 1951 943 2021 jucundum
969 1949 1264 2021 est‘jejunii
1306 1964 1418 2011 ver,
1447 1947 1574 2017 quia
1604 1943 1799 2000 ﬂuctus
1840 1958 1929 1995 no~

319 2042 427 2107 his,
459 2057 566 2097 non
604 2041 886 2106 undarum,
933 2040 1029 2095 sed
1061 2039 1419 2093 ahsurdorutu
1453 2046 1695 2090 motuum
1727 2049 1928 2089 concu-

324 2135 818 2206 piscentiarumque
853 2133 1064 2197 sedare,
1098 2143 1152 2186 et
1182 2146 1439 2187 coronam
1482 2129 1659 2194 nobis,
1690 2140 1796 2181 non
1827 2124 1929 2179 lio-

325 2244 468 2295 rum,
517 2229 612 2284 sed
644 2227 941 2298 spiritualis
988 2227 1175 2297 gratia:
1233 2239 1414 2280 texere
1460 2225 1642 2280 solet:
1673 2221 1926 2277 Coronam

329 2322 617 2392 gratiarum
644 2364 658 2385 ,
707 2322 898 2391 inquit,
939 2322 1155 2391 accipies
1210 2321 1365 2391 capiti
1420 2331 1507 2373 tuo
1559 2318 1739 2389 (Prov.
1768 2318 1818 2371 l.
1850 2317 1930 2385 6).

327 2411 445 2468 Non
476 2414 555 2468 sic
579 2413 881 2468 adventans
908 2413 1139 2466 hirundo
1170 2410 1402 2466 hiemem
1430 2412 1571 2465 solet
1614 2411 1886 2480 depellere
1916 2450 1931 2473 ,

330 2513 399 2559 ut‘
413 2503 712 2559 adventans
742 2503 1005 2573 jejunium
1035 2503 1465 2558 turbulentorum
1494 2501 1659 2556 animi
1694 2512 1935 2554 motuum

334 2593 567 2649 hiemem
596 2610 624 2646 a
656 2594 812 2649 nobis
863 2593 1029 2662 ejicit.
1074 2592 1189 2646 Non
1217 2593 1354 2646 ultra
1387 2607 1558 2662 pugna
1591 2592 1785 2646 animae
1815 2604 1938 2645 cum

332 2700 520 2750 carne,
554 2700 662 2740 non
710 2686 939 2755 insurgit
966 2685 1226 2740 adversus
1270 2684 1542 2739 dominam
1573 2682 1810 2748 ancilla;
1843 2681 1939 2739 sed

335 2774 643 2853 httjusmodi
676 2776 727 2830 in
775 2791 1004 2845 corpore
1029 2785 1233 2830 motum
1260 2776 1456 2831 bellum
1484 2785 1654 2832 totum
1690 2776 1938 2846 solvitur.

332 2866 782 2936 Quandoquidem
812 2866 975 2937 igitur
1029 2880 1221 2937 magna
1252 2865 1480 2921 fruimur
1506 2880 1636 2937 pace
1661 2908 1677 2934 ,
1708 2865 1943 2937 ingenti.

334 2975 443 3030 que
494 2959 922 3029 tranquillitate,
977 2973 1116 3029 age,
1167 2969 1222 3013 et
1278 2973 1378 3012 nos
1428 2975 1640 3027 quoque
1683 2958 1945 3013 doctrina:

336 3053 594 3125 scapham
627 3046 903 3108 trahamus
929 3095 944 3121 ,
1000 3062 1161 3121 atque
1187 3067 1253 3107 ex
1286 3061 1445 3119 portu
1472 3052 1528 3105 in
1557 3052 1694 3106 bene
1726 3051 1943 3107 affecta-

339 3161 461 3201 rum
492 3146 702 3200 aurium
725 3154 1027 3198 vestrarum
1058 3152 1273 3213 portum
1298 3142 1749 3196 tmnsmittamus.
1798 3141 1946 3211 Age,

339 3238 619 3294 subtiliora
659 3236 954 3307 Scriptura:
984 3250 1140 3291 sensa
1169 3234 1566 3305 aggrediamur,
1617 3249 1679 3288 ac
1698 3233 1765 3288 de
1790 3233 1945 3297 caelo,

342 3330 413 3384 de
441 3341 618 3401 terna,
650 3329 720 3383 de
748 3328 907 3393 mari,
932 3327 1106 3397 deque
1130 3334 1237 3381 tota
1261 3340 1443 3380 rerum
1488 3334 1681 3379 natura
1706 3325 1949 3394 philoso-

347 3424 614 3494 pbemur:
646 3420 761 3475 bmc
809 3422 1005 3489 quippe
1056 3418 1214 3473 nobis
1262 3417 1424 3473 hodie
1476 3418 1618 3472 lecta
1666 3426 1814 3471 sunt.
1843 3415 1949 3472 Sed

344 3514 475 3586 quid
501 3512 568 3567 ad
599 3528 718 3575 nos,
752 3510 984 3581 inquies,
1010 3509 1299 3564 creationis
1324 3508 1501 3563 ratio?
1528 3508 1610 3563 Ad
1641 3523 1742 3562 nos
1768 3509 1953 3577 utique

349 3606 600 3678 pertinet.
625 3605 829 3660 dilecti.
859 3602 991 3658 Nam
1021 3603 1066 3657 si
1088 3618 1154 3657 ex
1186 3602 1553 3670 magnitudine
1577 3612 1631 3656 et
1654 3602 1955 3672 pulchritu-

349 3698 477 3753 dine
504 3708 871 3754 creaturarum
907 3697 1256 3767 proportione
1278 3694 1512 3766 quadam
1533 3694 1761 3750 Creator
1790 3710 1959 3766 agno~

352 3792 541 3855 scitur,
574 3799 775 3859 quanto
805 3790 977 3861 magis
1007 3798 1308 3844 creatarum
1361 3803 1543 3843 rerum
1597 3788 1957 3858 pulchritudi-

353 3896 477 3938 nem
519 3881 1049 3952 magnitudinemque
1074 3880 1584 3951 contemplabimur,
1616 3882 1957 3951 tantomagis

352 3973 421 4029 ad
450 3974 618 4044 ipsius
640 3973 862 4043 Opiﬁcis
893 3973 1138 4027 notitiam
1160 3971 1513 4027 adducemur.

430 4066 841 4121 Maniclneorum
864 4075 910 4120 et
932 4064 1209 4119 Gentilium
1239 4080 1455 4117 errores.
1486 4093 1559 4102 —
1586 4062 1833 4133 Magnum
1863 4064 1959 4115 bo-

358 4174 485 4215 num
506 4167 588 4213 est
614 4170 777 4211 nosse
821 4156 947 4227 quid
976 4156 1051 4211 sit
1068 4164 1335 4220 creatura,
1364 4153 1494 4225 quid
1525 4153 1786 4219 Creator;
1833 4154 1959 4224 quid

356 4264 516 4322 Opus,
550 4247 679 4319 quid
696 4245 911 4318 Opifex.
939 4246 1073 4301 Nam
1100 4248 1146 4301 si
1178 4247 1293 4301 hinc
1341 4255 1591 4302 accurate
1628 4247 1961 4318 distinguere

358 4343 565 4399 scirent
592 4342 834 4397 veritatis
861 4340 1047 4397 hostes
1068 4383 1082 4408 ,
1115 4355 1221 4395 non
1251 4340 1432 4394 omnia
1462 4340 1878 4406 confunderent,
1902 4357 1963 4394 ac

358 4451 453 4492 sus
474 4434 647 4506 deque
679 4442 954 4489 verterent
987 4452 998 4487 :
1029 4448 1134 4487 non
1165 4432 1310 4503 quod
1337 4433 1524 4488 stellas
1550 4442 1603 4487 et
1647 4432 1837 4487 ctelutn
1864 4431 1963 4487 de-

358 4526 638 4593 duxerint,
663 4535 719 4581 et
747 4534 944 4580 terram
971 4524 1261 4581 sublimem
1293 4525 1550 4587 fecerint;
1576 4524 1669 4579 sed
1707 4525 1963 4579 extorum

360 4622 561 4693 Regem
608 4620 821 4691 a-regio
869 4618 1010 4674 solio
1045 4619 1386 4673 deturbatum
1413 4634 1534 4672 cum
1561 4617 1758 4672 creatis
1803 4617 1967 4672 rebus

361 4700 769 4775 collocaverint,
801 4721 1110 4765 creaturam
1132 4724 1259 4765 vero
1284 4708 1583 4764 divinitatis
1613 4709 1832 4763 sedibus
1872 4708 1965 4762 ho-

364 4804 625 4859 norat-int.
655 4803 713 4859 Si
759 4803 827 4858 de
854 4811 1040 4857 natura
1064 4818 1245 4858 rerum
1274 4812 1422 4858 recte
1464 4801 1696 4857 scissent
1727 4800 1966 4872 philoso-

365 4895 519 4965 phari
549 4896 831 4951 Mauichmi
861 4937 876 4962 ,
923 4910 1217 4965 numquam
1257 4910 1397 4956 eam.
1428 4911 1552 4967 qua:
1582 4910 1649 4950 ex
1694 4896 1865 4950 nihilo
1894 4894 1971 4948 fa.

364 4996 471 5053 cta,
503 4988 810 5058 coruptioni
836 4990 1090 5055 obnoxia,
1120 4987 1261 5043 ﬂuxa
1290 4998 1344 5043 et
1363 4987 1637 5042 mutabilis
1662 4995 1798 5053 erat,
1818 4986 1969 5057 quasi

364 5096 479 5138 non.
515 5080 708 5137 iactam
752 5083 1135 5137 Ιιοηθιδςιεεθηι.
1259 5080 1328 5135 de
1387 5096 1568 5134 rerum
1604 5091 1793 5134 natura
1822 5089 1971 5135 recte

365 5176 601 5231 scissent
631 5174 940 5229 ratiocinari
969 5174 1219 5243 gentiles,
1246 5189 1352 5227 non
1381 5188 1410 5227 a
1441 5189 1571 5228 vero
1602 5173 1971 5228 aberrasscnt.

365 5282 541 5338 neque
561 5267 855 5325 coluissent
869 5266 1289 5335 adorassentque
1304 5275 1601 5321 creaturam
1622 5266 1798 5335 potius
1812 5282 1973 5336 quam

366 5360 698 5416 Creatorem.
743 5360 1031 5414 Pulchrum
1062 5367 1146 5413 est
1172 5359 1385 5424 malum,
1443 5360 1537 5414 scd
1581 5359 1702 5414 ideo
1729 5372 1971 5415 creatum

370 5462 456 5511 est
481 5463 539 5509 ut
568 5454 826 5511 adorares
853 5452 1114 5527 Opiﬁecm
1149 5473 1162 5507 :
1193 5452 1420 5524 pulcher
1444 5453 1546 5517 sol,
1575 5453 1671 5509 sed
1705 5453 1825 5508 ideo
1868 5456 1972 5524 pul-

435 5629 455 5662 ί
492 5631 1012 5703 ιιιξς.,,τηυιηιιίιιὶιω,
1034 5644 1215 5683 ancora
1236 5628 1475 5696 ﬁdelium,
1500 5636 1546 5682 et
1568 5644 1688 5695 pons
1710 5632 1779 5685 ad
1805 5640 1970 5688 Dawn.

371 5696 429 5742 Et
448 5692 693 5742 (uncatis.
722 5703 818 5742 etc.

371 5703 429 5742 ει
448 5704 497 5740 ιν
514 5703 693 5753 mons,
722 5703 818 5745 etc,

370 5704 524 5866 {militio
541 5752 711 5882 ἓξὲιί
745 5766 860 5809 sunt
903 5757 951 5808 hi
990 5765 1253 5809 Sermones
1296 5771 1404 5806 cum
1443 5756 1614 5808 Codice
1661 5758 1805 5821 Regio
1840 5757 1964 5809 ᾔδεε),

1576 372 1645 431 IN
1682 369 1985 433 GENESN
2021 366 2251 428 SERMO
2270 396 2271 399 η
2292 367 2330 422 l.

3523 364 3635 420 591

2028 483 2159 540 cher
2189 492 2247 539 ut
2270 481 2421 537 colas
2442 478 2726 538 Factorem
2755 496 2769 534 :
2794 477 2889 535 sed
2917 477 2962 533 si
2994 477 3047 533 in
3078 475 3215 533 mira
3249 491 3432 532 rerum
3456 473 3627 531 forma

2020 572 2307 639 consistas,
2349 581 2404 628 et
2434 586 2623 628 earum
2672 568 3064 643 pulchritudini
3093 569 3385 633 inhmreas,
3418 567 3509 623 lux
3537 566 3632 622 tibi

2022 677 2181 720 versa
2210 671 2295 718 est
2339 662 2392 717 in
2420 661 2671 718 tenebras
2692 702 2708 727 ,
2737 662 2850 716 imo
2895 657 3079 731 potius
3119 656 3241 714 luce
3269 656 3338 713 ad
3372 656 3627 712 tenebras

2024 771 2155 812 usus
2174 770 2256 812 es.
2280 754 2450 811 Vides
2480 763 2741 825 quantum
2772 753 2973 809 bonum
3013 752 3086 807 sit
3111 766 3297 809 rerum
3323 759 3630 807 ereatarum

2025 863 2189 905 nosse
2250 848 2529 913 rationes?
2564 847 2643 903 Ne
2708 848 2890 917 itaque
2936 846 3143 901 lucrum
3178 854 3510 915 prmtereas,
3537 844 3641 900 sed

2024 942 2187 997 dictis
2216 948 2468 997 accurate
2488 940 2733 995 animum
2784 937 2982 994 adhibe
3006 955 3021 992 :
3056 954 3163 993 non
3190 938 3336 994 enim
3356 936 3425 992 de
3455 937 3591 993 caalo
3612 978 3636 1001 ,

2024 1034 2092 1089 de
2120 1042 2283 1098 terra,
2310 1034 2379 1088 de
2403 1032 2547 1087 mari
2565 1039 2770 1086 tantum
2798 1030 2994 1087 dicturi
3022 1041 3230 1094 sumus,
3260 1027 3357 1085 sed
3383 1029 3544 1084 etiam
3572 1027 3638 1083 de

2026 1125 2235 1196 origine
2283 1134 2489 1188 nostra,
2521 1132 2682 1194 atque
2711 1122 2854 1178 unde
2884 1136 3033 1177 mors
3060 1132 3179 1176 orta
3210 1121 3320 1188 sit,
3351 1120 3495 1175 unde
3530 1120 3638 1173 vita

2029 1211 2318 1281 laboriosa,
2351 1217 2495 1271 unde
2527 1216 2743 1271 tristitia
2775 1225 2831 1272 et
2857 1213 3270 1271 sollicitudines.
3306 1212 3439 1269 Nam
3468 1223 3526 1268 ut
3571 1212 3641 1268 de

2031 1310 2117 1365 his
2144 1309 2316 1381 deque
2360 1309 2545 1365 multis
2581 1308 2702 1364 aliis
2733 1321 2853 1363 sese
2882 1316 3133 1378 purgaret
3170 1306 3333 1370 Deus,
3377 1306 3521 1361 hunc
3568 1304 3636 1359 ad

2031 1417 2130 1457 nos
2161 1402 2354 1457 librum
2382 1403 2528 1458 misit
2557 1419 2571 1457 :
2599 1416 2774 1472 neque
2804 1401 2949 1456 enim
2997 1411 3118 1455 sese
3144 1398 3441 1456 defendere
3492 1400 3634 1454 Deus

2030 1494 2369 1566 dedignatur.
2393 1495 2487 1550 sed
2510 1510 2606 1564 per
2623 1494 2939 1566 prophetam
2970 1493 3165 1548 clamat
3192 1512 3205 1548 :
3240 1491 3437 1558 Venite,
3466 1502 3513 1548 et
3536 1493 3617 1548 dis

2034 1602 2286 1660 putemus,
2317 1591 2439 1643 dicit
2468 1588 2718 1644 Dominus
2764 1588 2914 1660 (Isai.
2944 1591 2993 1643 1.
3044 1588 3152 1658 l8).
3190 1587 3298 1642 Nec
3339 1586 3502 1642 modo
3518 1600 3642 1642 sese

2034 1682 2275 1738 defendit
2303 1699 2367 1737 ac
2415 1681 2621 1751 judicio
2658 1680 2972 1747 contendit,
3007 1679 3101 1734 sed
3151 1680 3312 1734 etiam
3360 1677 3655 1749 quomodo-

2033 1775 2539 1831 condcmnationem
2574 1772 2759 1843 fugere
2788 1772 3057 1843 possimus
3083 1770 3244 1826 docet
3277 1789 3289 1825 :
3340 1786 3449 1826 non
3496 1770 3657 1825 enim.

2038 1869 2209 1924 solum
2236 1867 2392 1930 dixit,
2430 1866 2626 1932 Venite,
2652 1877 2700 1921 et
2735 1867 3069 1937 disputemus,
3105 1864 3200 1920 sed
3232 1875 3516 1936 postquam
3539 1864 3643 1917 du-

2035 1963 2148 2018 cuit
2175 1961 2299 2032 quid
2329 1960 2615 2015 dicendum
2634 2003 2648 2027 ,
2680 1960 2807 2031 quid
2856 1958 3125 2030 agendum
3155 1967 3320 2024 esset,
3347 1957 3425 2012 sic
3451 1956 3519 2012 ad
3549 1958 3649 2011 tri‘o

2037 2055 2201 2109 bunal
2238 2055 2415 2107 traxit.
2442 2053 2580 2108 Audi
2606 2055 2785 2124 itaque
2820 2051 3195 2123 propheticum
3223 2065 3530 2105 sermonem
3556 2064 3651 2104 su-

2039 2145 2222 2215 perius
2263 2145 2528 2214 prolatum
2559 2162 2573 2196 :
2601 2138 2891 2209 Lavamini,
2928 2143 3106 2198 mundi
3126 2152 3300 2207 estote,
3334 2146 3537 2213 auferte
3562 2160 3624 2197 ne

2041 2236 2229 2307 qnitias
2272 2238 2335 2290 ab
2363 2235 2630 2291 animabus
2669 2237 2849 2291 vestris
2874 2252 2893 2290 :
2917 2236 3098 2290 discite
3127 2236 3250 2313 bene
3281 2233 3452 2307 facere
3473 2278 3485 2299 ,
3512 2235 3657 2305 judi-

2042 2341 2153 2384 cate
2180 2332 2378 2401 pupillo
2403 2374 2417 2397 ,
2469 2339 2518 2384 et
2536 2331 2823 2403 justiﬁcate
2875 2331 3081 2383 viduam
3122 2328 3283 2402 (Ibid.
3334 2346 3383 2383 υ.
3428 2328 3561 2398 16);
3603 2338 3660 2383 et

2046 2431 2174 2477 tunc
2200 2424 2312 2476 ait:
2352 2420 2551 2490 Venite,
2590 2430 2637 2476 et
2662 2422 2981 2492 disputemus
3004 2462 3019 2486 ,
3050 2422 3171 2476 dicit
3204 2420 3478 2477 Dominus.
3520 2419 3658 2475 Nolo

2046 2531 2165 2580 vos,
2209 2516 2402 2583 inquit,
2435 2513 2608 2568 nudos
2638 2522 2695 2569 et
2725 2512 3043 2569 defensione
3062 2528 3263 2568 vacuos
3285 2527 3524 2578 sumere,
3556 2511 3656 2566 sed

2048 2606 2341 2660 instructos
2364 2604 2649 2659 ratiocinio
2674 2612 2729 2659 et
2755 2602 3071 2659 defensione
3109 2602 3179 2657 ad
3214 2604 3482 2658 rationem
3536 2603 3665 2657 red-

2049 2698 2281 2755 dcndam
2309 2713 2442 2753 voco
2474 2715 2487 2752 :
2522 2696 2790 2768 siquidem
2841 2696 3122 2751 vobiscum
3151 2695 3459 2765 disceptare
3501 2695 3623 2748 volo
3646 2737 3660 2760 ,

2050 2794 2160 2847 itou
2194 2800 2247 2846 ut
2271 2791 2652 2856 condemnem,
2687 2788 2782 2845 sed
2817 2798 2875 2845 ut
2904 2804 3142 2859 parcam.
3174 2787 3265 2845 Sic
3308 2796 3362 2843 et
3392 2788 3502 2842 alio
3540 2788 3666 2843 loro

2053 2884 2181 2939 dicit
2214 2902 2226 2937 :
2258 2881 2357 2936 Dic
2404 2892 2459 2936 tu
2523 2883 2665 2953 prior
2717 2882 3007 2950 iniquitates
3059 2890 3206 2945 tuas,
3253 2890 3311 2934 ut
3365 2880 3672 2952 justiﬁccris

2055 2974 2217 3045 (Ibid.
2256 2976 2344 3029 45.
2386 2974 2501 3047 26).
2558 2973 2736 3029 llabes
2764 2974 3029 3031 acerbum
3053 2983 3107 3029 et
3160 2974 3422 3029 immitem
3453 2988 3678 3029 arcuat-

2057 3064 2227 3118 torcm
2257 3082 2270 3117 :
2304 3063 2541 3133 pran'eni
2569 3078 2715 3131 eum,
2746 3062 2923 3119 locum
2956 3064 3105 3133 prius
3136 3077 3362 3134 occupa,
3396 3076 3459 3118 os
3487 3062 3662 3136 impu-

2060 3156 2197 3213 dens
2236 3157 2447 3212 OblUt‘u.

2129 3250 2184 3304 Ξ.
2210 3250 2351 3305 Deus
2377 3268 2468 3321 per
2489 3252 2663 3305 literas
2680 3251 2783 3323 agit
2806 3267 2919 3304 cum
2941 3249 3321 3321 homine.—(a)
3343 3248 3499 3305 Initio
3523 3259 3672 3307 certe

2062 3345 2205 3401 Deus
2246 3362 2341 3415 per
2380 3360 2437 3399 se
2466 3345 2779 3399 hominibus
2810 3344 3153 3415 loquebatur,
3187 3354 3444 3415 quantum
3466 3347 3674 3401 scilicet

2064 3438 2373 3492 hominibus
2393 3435 2580 3490 audire
2614 3434 2692 3489 fas
2722 3444 2824 3489 est.
2855 3435 2942 3491 Sic
2970 3436 3235 3490 Adamum
3265 3437 3417 3499 adiit,
3444 3438 3522 3491 sic
3546 3437 3672 3492 Cai-

2064 3545 2191 3583 num
2242 3527 2573 3598 increpavit;
2606 3528 2685 3582 sic
2714 3542 2840 3583 cum
2882 3528 2993 3585 Noe
3037 3529 3292 3599 loquutus
3318 3537 3400 3584 est
3428 3530 3557 3595 ;sic
3603 3531 3673 3585 ab

2065 3622 2374 3675 Abrahamb
2420 3621 2656 3690 hospitio
2704 3632 3007 3692 susceptus.
3043 3620 3243 3677 Verum
3296 3624 3419 3692 quia
3483 3633 3685 3677 natura

2067 3722 2247 3766 nostra
2272 3712 2338 3767 ad
2364 3713 2559 3766 malum
2587 3711 2896 3779 declinavit,
2929 3722 2983 3768 et
3029 3713 3184 3784 quasi
3206 3714 3267 3777 in
3320 3714 3675 3783 longinquum

2066 3804 2317 3860 exsilium
2338 3804 2576 3874 seipsam
2609 3805 2887 3862 transtulit
2914 3822 2929 3869 ;
2960 3804 3179 3860 demum
3203 3804 3294 3859 ille
3322 3806 3501 3871 nobis,
3526 3806 3682 3874 quasi

2067 3896 2281 3967 longam
2312 3897 2806 3966 peregrinationem
2828 3896 3251 3965 susceperimus,
3283 3897 3468 3953 literas
3494 3898 3680 3960 mittit,
3705 3944 3724 3960 .

2069 3988 2222 4058 quasi
2249 4003 2348 4058 per
2373 3988 2659 4057 epistolam
2691 3988 2971 4042 nobiscum
2998 3997 3236 4043 veterem
3262 4004 3528 4044 renovans
3552 3991 3688 4043 ami-

2070 4079 2272 4133 citiam.
2302 4079 2617 4147 ilujusmodi
2652 4080 2836 4134 literas
2862 4080 3006 4133 misit
3042 4080 3204 4142 Deus,
3236 4080 3414 4134 attulit
3445 4080 3661 4153 Moyses

2070 4170 2211 4238 Quid
2241 4172 2421 4226 ierunt
2470 4172 2640 4226 literae
2661 4174 2684 4225 ?
2706 4170 2774 4225 In
2797 4173 3051 4244 principio
3103 4174 3223 4243 fecit
3257 4171 3393 4228 Deus
3414 4176 3601 4229 etclam
3639 4187 3687 4229 ct

2072 4273 2260 4319 terram
2316 4262 2483 4338 (Gen.
2541 4266 2591 4319 l.
2629 4264 2726 4335 1).
2771 4264 2882 4320 Cur
2935 4280 3041 4319 non
3100 4266 3168 4323 de
3216 4267 3424 4337 angelis
3481 4268 3566 4323 vel
3616 4269 3687 4323 de

2074 4360 2416 4430 archangelis
2466 4358 2703 4429 loquitur
2752 4359 2954 4414 nobis?
3003 4358 3137 4414 Nam
3193 4360 3237 4414 si
3293 4377 3357 4415 ex
3416 4364 3685 4417 creaturis

2075 4451 2302 4508 Creator
2359 4454 2731 4525 conspicitur,
2791 4453 2959 4508 multo
3016 4455 3186 4525 magis
3243 4471 3308 4511 ex
3364 4455 3471 4511 illis
3531 4459 3683 4512 nosci

2080 4544 2272 4614 potuit.
2305 4544 2597 4601 Pulchrum
2630 4555 2713 4601 est
2738 4548 2952 4612 emtum,
2979 4546 3075 4601 sed
3114 4564 3221 4602 non
3277 4549 3348 4603 ita
3396 4550 3686 4618 pulchrum

2080 4648 2135 4691 ut
2164 4638 2421 4706 angelus;
2453 4639 2770 4708 splendidus
2804 4640 2907 4707 sol,
2935 4640 3029 4695 sed
3054 4655 3161 4695 non
3192 4641 3259 4695 ita
3294 4643 3611 4712 Splendidus
3636 4656 3696 4700 ut

2079 4732 2459 4803 archangelus.
2485 4734 2594 4788 Cur
2647 4735 2823 4805 itaque
2843 4736 3163 4792 sublimiore
3190 4736 3423 4794 dimissa
3446 4736 3525 4792 via
3545 4780 3562 4805 ,
3598 4754 3699 4809 per

2082 4825 2422 4880 humiliorem
2457 4841 2554 4881 nos
2586 4828 2752 4881 ducit.
2776 4828 2906 4893 Quia
2936 4843 3059 4883 cum
3086 4827 3289 4883 Judteis
3320 4830 3577 4901 loquitur,
3597 4834 3691 4901 qui

2082 4918 2360 4973 intellbctu
2390 4920 2569 4974 minus
2600 4920 2847 4974 instructi
2875 4928 3049 4985 erant,
3074 4922 3164 4991 qui
3197 4921 3490 4977 sensilibus
3522 4923 3694 4979 lucre-

2080 5013 2238 5078 bant,
2268 5013 2358 5084 qui
2406 5027 2473 5068 ex
2517 5011 2756 5085 Egypto
2788 5029 2961 5083 nuper
2986 5014 3229 5085 egressi,
3267 5014 3357 5069 ubi
3386 5016 3651 5071 crocodili
3680 5062 3694 5084 ,

2081 5123 2267 5173 canes,
2312 5108 2482 5162 simitu
2509 5108 2578 5163 ab
2618 5098 2929 5163 hominibus
2979 5107 3316 5174 colebantur,
3352 5124 3454 5164 nec
3500 5110 3701 5167 licebat

2082 5200 2399 5256 sublimiore
2452 5204 2536 5255 via
2582 5201 2703 5257 illos
2768 5201 2833 5256 ad
2875 5201 3191 5257 Creatorem
3244 5202 3466 5257 ducere.
3507 5202 3696 5259 Subli-

2084 5292 2224 5346 tnior
2278 5293 2462 5363 utique
2513 5294 2595 5346 via
2638 5292 2728 5346 illa
2772 5302 2909 5359 erat,
2961 5295 3055 5349 Sed
3106 5296 3390 5363 aSperior,
3426 5310 3700 5367 praerupta

2082 5394 2137 5440 et
2159 5384 2322 5439 ardua
2354 5384 2761 5440 infirmioribus.
2791 5384 2913 5439 Ideo
2943 5387 3059 5441 illos
3083 5402 3177 5454 per
3202 5386 3495 5440 faciliorem
3531 5388 3677 5442 tlurit

2085 5492 2182 5548 per
2211 5478 2399 5531 caelum
2471 5488 2888 5543 terram,sntarc,
2919 5488 3220 5548 cmltraque
3249 5478 3477 5533 visibilia
3498 5492 3699 5534 creata.

2147 5632 2221 5693 (tt)
2258 5638 2367 5695 Παῖς
2385 5630 2557 5695 iisdem
2582 5643 2711 5693 pene
2738 5634 2904 5681 verbis
2924 5632 3079 5681 habes
3094 5646 3241 5695 supra
3268 5634 3468 5683 ttomilia
3488 5635 3519 5682 2
3540 5635 3588 5681 in
3607 5637 3701 5684 tit-.-

2083 5692 2241 5744 nesitn
2264 5693 2357 5759 col.
2384 5692 2446 5741 ‘28
2481 5700 2531 5742 et
2554 5692 2697 5759 suqq.
2723 5708 2735 5743 :
2762 5702 2877 5743 sunt
2902 5695 3050 5759 etiam
3075 5692 3169 5744 alia
3186 5698 3335 5746 multa
3353 5700 3531 5759 passim
3561 5700 3614 5747 in
3631 5706 3704 5747 tus

2083 5708 2241 5744 ῖιυδιιιι
2264 5708 2357 5741 CUI.
2384 5708 2446 5741 εδ
2481 5708 2531 5742 οι
2554 5708 2697 5808 sum.
2723 5708 2735 5743 ἒ
2762 5708 2877 5743 διιιιι
2902 5708 3050 5744 etiam
3075 5708 3166 5744 3H8
3186 5708 3335 5746 ῐηιιιιξι
3353 5709 3531 5759 [⁸³55111]
3561 5711 3614 5747 ιιι
3631 5708 3704 5747 ηις

2082 5757 2414 5828 sermonibus.
2440 5770 2551 5819 qum
2594 5772 2632 5808 ρ’
2688 5769 2768 5807 em
2787 5759 2889 5820 ipsa
2923 5757 3171 5810 habeatur
3212 5762 3259 5809 iu
3295 5758 3531 5809 ttemiliis.
3586 5764 3709 5810 tice

2087 5824 2312 5869 Montium
2336 5831 2500 5883 supra.
