4180 6478
561 415 669 473 585

558 534 714 606 Quod
744 540 924 587 autem
950 527 1064 584 hac
1088 539 1214 581 vera
1234 524 1304 580 sit
1329 537 1517 590 causa,
1537 518 1665 576 audi
1684 517 1977 589 quomodo,
2006 525 2146 588 ροιιρ

560 640 722 701 quam
760 619 974 694 paulum
1011 615 1353 689 profecerant
1376 615 1417 682 ⁸,
1459 609 1717 701 propheta
1741 609 1809 666 de
1835 606 1943 701 illis
1963 621 2152 701 super-

566 695 649 774 nis
678 712 959 771 virtutibus
987 711 1252 781 loquatur.
1280 704 1513 761 Laudato
1541 700 1842 767 Dominum,
1866 698 2056 771 inquit,
2086 695 2152 751 de

563 806 704 865 stetis
726 845 743 871 ,
771 804 977 860 laudate
1027 816 1141 857 eunt
1180 799 1235 853 in
1286 795 1536 853 excelsis:
1572 792 1780 849 laudate
1822 807 1940 846 eunt
1980 805 2153 847 omnes

559 897 728 968 an'cli
766 897 900 964 eius,
931 892 1137 950 laudate
1162 906 1277 947 eum
1304 904 1474 943 omnes
1502 888 1711 942 virtutes
1731 885 1843 956 ejus
1867 900 1887 939 :
1914 883 2155 953 quoniam

561 993 672 1061 ipse
698 988 849 1052 dixit,
877 995 923 1043 et
950 988 1087 1058 [acta
1110 992 1268 1047 sunt;
1292 981 1397 1052 ipse
1424 978 1685 1052 mandavit
1705 1017 1721 1043 ,
1750 987 1798 1031 et
1840 984 2010 1030 creata
2036 983 2155 1030 sunt

562 1083 583 1151 (
615 1079 762 1137 Ptol.
789 1078 912 1135 M8.
946 1077 998 1132 l.
1021 1073 1078 1129 2.
1110 1074 1145 1130 5
1165 1072 1208 1147 ).
1238 1071 1309 1127 Et
1324 1069 1450 1143 quid
1475 1070 1666 1125 mirum
1689 1068 1735 1122 si
1763 1067 1816 1122 itt
1846 1064 2029 1123 Veteri
2054 1064 2156 1123 Teo

562 1180 832 1230 stamento
865 1169 953 1224 hic
976 1167 1240 1224 doctrinm
1288 1163 1483 1224 modus
1508 1162 1776 1233 reperitur
1799 1202 1814 1227 ,
1842 1174 1968 1215 eum
1992 1157 2153 1214 etiam

564 1268 619 1322 in
643 1262 792 1320 Novo
821 1303 838 1328 ,
860 1259 1077 1332 quando
1100 1257 1475 1315 sublimiorem
1502 1253 1943 1310 documentorum
1962 1251 1984 1284 ³
2015 1257 2154 1304 tem-

564 1335 665 1425 pus
694 1362 831 1421 erat,
859 1366 984 1408 cum
1019 1346 1438 1407 Atheniensibus
1483 1345 1709 1416 loquens
1733 1342 1934 1399 Paulus
1956 1382 1974 1407 ,
2002 1355 2153 1397 eam-

564 1452 688 1503 dem
719 1444 949 1504 tenuerit
972 1443 1140 1507 viam,
1162 1454 1329 1512 quam
1366 1434 1581 1513 Moyses
1608 1450 1728 1491 cum
1759 1432 1974 1490 ludaeos
2007 1430 2157 1486 insti-

507 1529 513 1533 ’
566 1539 785 1596 tueret?
814 1536 997 1606 Neque
1027 1532 1172 1590 enim
1215 1530 1285 1586 de
1337 1528 1540 1600 angelis
1594 1526 1771 1597 deque
1820 1522 2156 1593 archangelis

565 1643 868 1688 sertnonem
893 1626 1050 1682 iecit:
1077 1622 1173 1680 sed
1191 1623 1259 1678 de
1286 1619 1440 1684 eazlo,
1462 1618 1531 1675 de
1560 1627 1724 1684 terra,
1740 1624 1795 1672 et
1812 1614 1881 1671 de
1902 1614 2057 1680 mari,
2083 1612 2155 1667 ita

566 1720 913 1779 concinnatus
938 1734 953 1773 :
984 1715 1127 1770 Deus
1152 1714 1240 1785 qui
1263 1711 1383 1782 fecit
1411 1708 1677 1774 mundum,
1702 1717 1752 1761 et
1780 1705 1952 1762 omnia
1971 1717 2085 1775 qute
2103 1703 2158 1757 in

565 1828 624 1865 eo
650 1817 805 1864 sunt:
830 1807 912 1863 hic
940 1805 1052 1860 casti
1076 1813 1124 1859 et
1147 1814 1294 1859 terra:
1313 1817 1431 1857 cum
1455 1800 1520 1856 sit
1544 1797 1812 1864 Dominus,
1834 1812 1937 1851 non
1959 1796 2014 1849 in
2042 1810 2158 1847 nta-

568 1900 792 1975 nufactis
817 1897 1017 1970 templis
1043 1896 1236 1951 habitat
1291 1895 1312 1965 (
1344 1892 1574 1947 Acta”.
1603 1890 1675 1947 24
1696 1890 1737 1961 ).
1786 1889 1857 1945 At
1884 1902 2004 1944 cum
2036 1886 2161 1941 Plri-

568 1995 840 2064 lippenses
861 1989 940 2061 (a)
966 1986 1339 2058 alloquebatur
1358 2025 1375 2050 ,
1420 2000 1528 2039 tton
1560 1982 1663 2037 liae
1703 1981 1824 2035 illos
1853 1979 1937 2034 via
1964 1977 2157 2044 duxit;

567 2084 663 2141 sed
683 2083 753 2141 ad
781 2082 1149 2139 sublimiorem
1177 2079 1297 2135 illos
1323 2077 1638 2133 concionem
1662 2070 1913 2143 provehit
1942 2069 2027 2125 his
2041 2084 2163 2125 ver-

567 2175 650 2231 bis
676 2190 693 2229 :
730 2174 986 2243 Quoniam
1008 2171 1065 2226 in
1087 2170 1200 2241 ipso
1217 2177 1389 2224 creata
1436 2174 1553 2220 sunt
1577 2163 1809 2219 universa
1833 2174 1950 2229 quis
1972 2166 2029 2214 tn
2057 2175 2161 2214 cte-

571 2266 636 2320 tis
658 2273 705 2319 et
725 2278 838 2335 quas
858 2263 913 2318 in
934 2271 1067 2318 terra
1086 2302 1101 2327 ,
1126 2261 1228 2316 sive
1250 2258 1420 2314 throni
1444 2298 1460 2323 ,
1488 2257 1593 2311 sive
1630 2253 2024 2321 dominationes,
2060 2251 2165 2306 sive

570 2356 909 2425 principatus,
932 2353 1034 2407 sive
1060 2359 1362 2423 potestates:
1382 2346 1559 2402 omnia
1584 2360 1674 2416 per
1698 2345 1866 2414 ipsum
1894 2351 1942 2398 et
1971 2343 2027 2397 in
2049 2343 2162 2413 ipso

567 2455 738 2501 creata
763 2455 883 2499 sunt
908 2441 928 2515 (
955 2441 1151 2515 C_oloss.
1185 2439 1328 2497 1.16
1354 2440 1397 2511 ).
1430 2437 1522 2494 Sic
1544 2445 1599 2493 et
1622 2435 1858 2492 Joannes
1884 2434 2010 2505 quia
2035 2449 2160 2504 per-

579 2535 830 2591 fectiores
858 2507 1044 2589 habuit
1085 2507 1395 2601 discipulos,
1416 2528 1718 2584 universam
1748 2525 1909 2581 simul
1934 2524 2166 2581 creatio-

577 2641 700 2682 nem
722 2624 1182 2682 commemoravit.
1235 2621 1356 2677 Non
1385 2619 1530 2676 enim
1559 2617 1715 2685 dixit,
1741 2617 1932 2673 ctelum
1959 2622 2016 2673 et
2056 2625 2164 2672 ter—

574 2729 681 2771 tam
707 2727 762 2773 et
782 2730 950 2783 mare,
982 2715 1101 2782 sed,
1129 2711 1314 2769 Omnia
1340 2729 1429 2783 per
1452 2711 1623 2781 ipsum
1649 2712 1787 2780 facta
1806 2717 1959 2775 sunt,
1988 2715 2036 2763 et
2056 2708 2170 2763 sine

572 2810 687 2877 ipso
734 2807 929 2878 factum
974 2816 1047 2861 est
1090 2805 1225 2861 nihil
1252 2802 1388 2875 quod
1414 2806 1606 2874 factum
1634 2798 1744 2871 est(
1768 2797 1930 2853 Joan.
1954 2798 2007 2853 l.
2032 2798 2069 2854 ὅ
2092 2797 2112 2869 )
2139 2816 2153 2863 ;

578 2899 695 2956 sive
723 2897 935 2953 visibile
960 2939 977 2965 ,
1000 2896 1207 2967 inquit,
1250 2894 1320 2951 sit
1346 2933 1364 2958 ,
1390 2894 1503 2949 sive
1530 2890 1817 2946 invisibile.
1844 2889 1995 2945 Sicut
2019 2890 2165 2945 enim

579 2988 720 3061 apud
744 2988 1165 3059 ludimagistros,
1195 2986 1333 3041 alius
1357 2983 1595 3055 puellum
1620 2999 1652 3038 a
1677 2991 1849 3039 matre
1877 2981 2165 3053 accipiens,

579 3080 747 3150 prima
787 3076 959 3149 ipsum
983 3077 1143 3133 docet
1164 3076 1466 3139 elementa;
1495 3074 1633 3130 alios
1656 3073 1851 3130 deinde
1872 3072 2165 3145 excipiens,

572 3169 894 3241 discipulum
919 3168 989 3224 ad
1009 3168 1321 3228 sublimiora
1348 3168 1671 3223 documenta
1712 3165 1957 3237 provehit
1983 3182 1999 3222 :
2042 3165 2114 3221 ita
2137 3181 2169 3220 a

580 3262 760 3333 Moyse
788 3259 1026 3317 etPaulo
1058 3268 1113 3316 et
1138 3259 1345 3315 Joanne
1391 3267 1567 3314 actum
1609 3268 1711 3312 est.
1766 3256 1974 3328 Moyses
2023 3256 2167 3311 enim

581 3360 821 3427 ignaram
850 3357 1085 3413 omnium
1116 3363 1173 3412 et
1210 3369 1381 3425 nuper
1422 3354 1739 3409 ablactatam
1780 3361 2020 3407 naturam
2068 3366 2168 3405 no.

576 3459 740 3508 stram
768 3446 1152 3520 prima‘divinte
1170 3444 1488 3517 cognitionis
1504 3444 1767 3501 elementa
1782 3441 1982 3498 docuit.
2002 3441 2166 3498 Joan-

578 3555 674 3594 nes
693 3548 872 3594 autem
902 3546 957 3594 et
991 3537 1209 3605 Paulus,
1233 3538 1384 3608 quasi
1411 3552 1442 3591 a
1471 3534 1839 3607 ludimagistro
1868 3545 2116 3604 acceptos
2137 3550 2166 3589 a

577 3630 777 3703 Moyse,
800 3628 1055 3685 homines
1079 3628 1146 3683 ad
1175 3629 1481 3685 sublimiora
1509 3627 1827 3683 documenta
1874 3626 2166 3693 deducunt,

582 3723 757 3797 priora
803 3731 983 3777 tamen
1038 3722 1219 3793 paucis
1251 3729 1754 3777 commemorantes.
1796 3719 1986 3775 Vidisti
2034 3719 2168 3773 utri-

582 3832 750 3886 usque
773 3815 1108 3871 Testamenti
1158 3814 1471 3871 affinitatem
1500 3814 1524 3867 ’ἒ
1559 3812 1737 3868 vidisti
1765 3826 2083 3867 consensum
2114 3812 2168 3868 in

583 3908 963 3968 documentis?
1014 3908 1223 3963 Audisti
1276 3906 1330 3962 in
1384 3906 1567 3965 Veteei
1620 3905 1949 3962 sensibilium
1990 3919 2167 3961 rerum

578 4004 930 4067 creationem,
959 4008 1015 4057 et
1042 4000 1111 4056 de
1155 3996 1524 4069 spiritualibus
1566 3996 1820 4051 Davidem
1860 3996 2166 4051 dicentem:

583 4093 704 4161 Ipse
724 4093 882 4156 dixit,
912 4101 957 4145 et
990 4094 1123 4162 facta
1151 4098 1267 4143 sunt
1296 4089 1316 4159 (
1352 4087 1497 4143 Psal.
1529 4088 1615 4145 52.
1645 4087 1680 4143 9
1706 4088 1723 4156 )
1746 4088 1770 4140 'i
1790 4087 1879 4142 Sic
1907 4088 2095 4143 iterum
2118 4093 2167 4143 in

582 4184 754 4252 Novo,
786 4192 1065 4254 postquam
1085 4181 1283 4236 dictum
1312 4190 1393 4236 est
1421 4180 1487 4233 de
1510 4180 1861 4238 invisibilibus
1888 4183 2171 4250 potestati-

581 4280 701 4343 bus,
733 4278 894 4332 etiam
922 4276 989 4333 de
1020 4283 1265 4332 creatura
1314 4272 1552 4329 sensibili
1607 4288 1787 4328 sermo
1826 4273 2072 4330 habetur.
2104 4274 2172 4329 In

578 4352 839 4443 principio
868 4368 982 4438 fecit
1024 4365 1159 4421 Deus
1186 4365 1368 4419 ctutum
1400 4373 1450 4419 et
1488 4373 1695 4423 terram.
1729 4362 1918 4419 Sermo
1957 4365 2170 4435 quidem

582 4460 768 4516 brevis
792 4468 847 4513 et
867 4458 1117 4528 simplex,
1138 4471 1203 4511 ac
1231 4455 1428 4511 dictum
1458 4470 1621 4509 unum
1649 4494 1665 4521 ,
1695 4454 1788 4508 sed
1820 4455 1957 4524 quod
1980 4470 2172 4510 omnes

587 4551 1015 4611 adversariorum
1057 4560 1230 4605 turres
1282 4549 1596 4605 subvertere
1645 4550 1833 4619 possit.
1888 4548 1983 4605 llic
2014 4564 2169 4607 men-

590 4654 697 4701 tem
724 4643 937 4699 adhibe.

658 4735 932 4792 lanichtei
979 4734 1237 4787 veritatem
1265 4731 1513 4786 mendacii
1552 4741 1815 4784 accusant.
1842 4761 1913 4770 —
1944 4731 2163 4786 Accedit

585 4828 910 4886 Manichqu
936 4826 1142 4890 dicens,
1172 4824 1387 4878 Materia
1422 4840 1529 4877 non
1564 4822 1703 4877 facta
1750 4822 1878 4875 fuit:
1902 4822 2168 4890 responde

588 4918 664 4971 illi
696 4935 709 4973 :
742 4916 806 4969 in
839 4915 1086 4986 principio
1119 4915 1235 4985 fecit
1263 4913 1399 4967 Deus
1446 4913 1626 4968 cretum
1667 4923 1714 4967 et
1757 4921 1941 4967 terram
1970 4929 1987 4966 :
2018 4922 2069 4967 ct
2093 4921 2173 4965 to-

588 5020 692 5063 tam
736 5007 854 5075 ejus
892 5005 1248 5077 arrogantiam
1299 5004 1478 5059 statim
1530 5003 1854 5059 subvenisti.
1909 5002 2015 5059 Sed
2069 5019 2173 5059 non

586 5098 755 5155 credit
777 5098 1069 5166 Scriptum
1091 5096 1270 5162 dictis,
1295 5094 1484 5164 inquit.
1510 5095 1648 5164 Ergo
1664 5111 1723 5148 ea
1753 5094 1821 5150 de
1842 5110 2002 5149 causa
2024 5096 2172 5163 quasi

586 5190 931 5246 furibundum
983 5186 1133 5242 illum
1159 5186 1363 5257 repelle
1391 5195 1447 5242 et
1488 5201 1757 5241 aversare.
1780 5186 1909 5241 Nam
1938 5188 2031 5257 qui
2067 5188 2176 5243 Deo

585 5296 693 5335 non
730 5278 903 5334 credit
937 5277 1113 5347 palam
1163 5277 1445 5346 loquenti,
1486 5285 1541 5330 et
1581 5278 1669 5347 qui
1696 5277 1977 5332 veritatem
2021 5294 2173 5333 meu—

586 5370 725 5429 dacii
754 5378 994 5434 accusat,
1040 5385 1146 5440 quo
1192 5378 1351 5439 pacto
1407 5368 1627 5423 insania:
1657 5380 2024 5437 argumentum
2069 5387 2172 5424 non

587 5461 743 5525 ferat,
774 5476 971 5529 nempe
995 5459 1469 5516 incredulitatem?
1493 5461 1560 5513 At
1578 5460 1866 5528 quomodo,
1896 5462 2084 5532 inquit,
2108 5478 2175 5521 ex

588 5552 761 5613 nihilo
779 5552 891 5607 ﬁeri
923 5552 1049 5621 quid
1085 5552 1290 5621 possit?
1320 5551 1401 5607 Tu
1434 5566 1560 5606 vero
1588 5552 1717 5605 mihi
1752 5553 1921 5618 dicas,
1948 5570 2173 5625 quomo.

650 5644 668 5706 ξ
703 5649 841 5705 tteg.,
865 5650 1113 5706 postquam
1136 5643 1330 5706 paulum
1354 5657 1404 5694 se
1428 5642 1593 5703 pietati
1614 5643 1923 5695 addixerunt.

650 5704 673 5777 ξ
704 5703 842 5777 tte_g__.,
866 5703 1251 5777 pltitOsopho'rum
1273 5712 1638 5777 prwceptornm.

653 5763 741 5831 (a)_
761 5763 843 5831 Hic
866 5763 1095 5831 memoria
1143 5763 1315 5817 labitur
1338 5763 1710 5831 Cbr'ysostomus.
1754 5775 1902 5831 Locus
1925 5769 2053 5816 enim
2077 5784 2169 5821 non

601 5836 648 5883 ne
665 5826 867 5893 mustela
890 5827 948 5883 ad
972 5828 1319 5895 PhliiprnScs,
1346 5826 1445 5881 sed'
1458 5830 1518 5882 ad
1540 5829 1853 5883 colossenses
1874 5830 2067 5894 legitur.

1320 390 1377 445 s.
1417 384 1694 445 JOANNIS
1725 347 2207 440 cunvsosrout
2244 363 2567 432 Ακοιιιερ.
2606 371 3141 431 consummes.

3746 371 3853 428 58‘

2258 504 2330 562 do
2357 523 2422 564 ex
2448 508 2597 580 prius
2617 506 3002 565 essistentibus
3020 505 3145 585 ﬁeri
3164 507 3292 579 quid
3320 506 3531 579 possit?
3553 507 3689 564 Nam
3708 510 3853 581 quod

2257 613 2325 656 ex
2364 614 2473 656 non
2502 600 2885 658 assistentibus
2939 609 3084 657 terra
3125 600 3264 657 facta
3305 601 3399 669 sit,
3429 616 3532 673 ego
3557 601 3760 667 credo.
3797 612 3855 659 tu

2257 700 2438 747 autem
2460 691 2712 760 dubitas;
2738 691 2883 763 quod
2908 700 3088 747 autem
3108 706 3177 750 ex
3204 701 3345 748 terra
3371 691 3546 749 factus
3566 692 3638 748 sit
3667 691 3854 757 homo,

2257 780 2418 837 ambo
2437 782 2777 841 conﬁtemur.
2813 782 2907 839 Dic
2954 782 3116 854 igitur
3156 781 3291 838 illud
3318 783 3463 854 quod
3511 786 3565 839 in
3602 783 3859 840 confesso

2257 879 2316 928 et
2341 870 2553 929 facilius
2572 882 2679 943 est,
2710 872 2985 945 quomodo
3006 888 3076 930 ex
3098 882 3241 931 terra
3266 872 3407 933 facta
3434 874 3507 930 sit
3541 874 3725 931 carnis
3761 889 3860 931 na-

2261 972 2404 1020 tura.
2446 964 2528 1021 Ex
2556 977 2700 1022 terra
2726 965 2874 1024 enim
2900 966 3094 1035 lutum,
3138 965 3276 1023 later
3296 1008 3315 1035 ,
3346 980 3444 1023 vas
3478 965 3665 1035 ﬁctile,
3693 975 3750 1023 et
3774 976 3856 1022 te-

2260 1066 2341 1113 sta
2369 1054 2485 1115 ﬁeri
2543 1059 2681 1116 solet
2710 1073 2966 1131 :carnem
2995 1075 3129 1117 vero
3155 1076 3225 1116 ex
3273 1067 3415 1116 terra
3460 1058 3654 1116 factam
3697 1075 3861 1118 nemo

2262 1163 2515 1220 umquam
2533 1148 2751 1207 viderit.
2771 1149 3060 1220 Quomodo
3085 1151 3249 1223 igitur
3270 1151 3411 1209 facta
3430 1162 3515 1208 est
3538 1152 3727 1209 carnis
3751 1167 3857 1209 ua-

2263 1249 2379 1294 tura
2397 1239 2423 1293 t
2446 1239 2719 1311 quomodo
2740 1254 2866 1297 ossa
2886 1240 3169 1299 eﬁ’ormata
3194 1242 3355 1298 sunt?
3379 1242 3653 1314 quomodo
3681 1245 3857 1310 nervi,

2260 1347 2415 1387 vena:
2434 1332 2760 1389 ctarterize?
2788 1333 3067 1404 quomodo
3112 1334 3468 1403 membranae,
3498 1333 3691 1405 adeps,
3736 1348 3861 1390 ear-

2260 1439 2381 1491 nes,
2413 1426 2573 1492 cutis,
2598 1440 2829 1498 ungues,
2861 1425 3065 1496 capilli,
3094 1434 3151 1482 et
3180 1434 3324 1481 tanta
3359 1424 3646 1482 diversitas
3684 1426 3861 1482 varia—

2258 1528 2380 1569 rum
2412 1516 2838 1573 substantiarum
2863 1530 2931 1571 ex
2956 1530 3063 1571 una
3097 1512 3413 1586 subjaeente
3432 1517 3622 1573 terra?
3659 1516 3857 1574 Verum

2264 1605 2380 1661 luce
2401 1606 2584 1664 dicere
2610 1609 2834 1666 minime
2870 1610 3063 1681 possis.
3092 1608 3377 1679 Quomodo
3402 1625 3533 1684 ergo
3561 1610 3855 1670 absurdum

2265 1712 2370 1752 non
2410 1696 2571 1754 fuerit
2605 1714 2728 1755 eum
2758 1700 2851 1770 qui
2892 1700 2947 1756 id
2988 1700 3135 1772 quod
3188 1701 3388 1757 clarius
3440 1711 3497 1759 et
3538 1702 3751 1759 facilius
3777 1711 3861 1761 est

2265 1788 2492 1859 ignorat,
2522 1788 2825 1847 difﬁciliora
2856 1800 2911 1847 et
2933 1805 3132 1847 arcana
3161 1792 3376 1849 curiose
3407 1795 3635 1849 scrutari
3658 1796 3684 1849 τ

2335 1906 2390 1960 3.
2432 1903 2623 1961 Rerum
2674 1906 2987 1963 naturalium
3036 1908 3286 1964 rationem
3337 1924 3440 1964 non
3484 1908 3820 1981 intelligimus
3839 1953 3854 1975 ,

2265 2005 2454 2070 quanto
2481 1997 2648 2053 minus
2668 1997 2859 2053 divina.
2891 2028 2965 2040 ——
2988 1998 3081 2065 Vis
3112 2007 3165 2055 te
3188 1999 3366 2055 adhuc
3391 2000 3461 2055 ad
3492 2000 3732 2057 facilium
3762 2001 3861 2058 duo

2266 2104 2408 2157 eam,
2434 2105 2554 2161 qua:
2578 2091 2817 2163 quotidie
2853 2091 2967 2148 ﬁeri
3010 2092 3227 2150 solent?
3256 2094 3510 2149 Attamen
3554 2110 3624 2150 ne
3665 2094 3737 2151 de
3779 2095 3862 2153 his

2267 2181 2482 2252 quidem
2509 2183 2769 2239 rationem
2791 2184 3005 2240 reddes.
3026 2184 3224 2240 Panem
3250 2183 3489 2256 quotidie
3506 2186 3857 2247 comedimus.

2267 2270 2552 2339 Quomodo
2580 2272 2760 2345 igitur,
2791 2289 2996 2346 quaeso,
3026 2274 3182 2346 panis
3211 2275 3326 2348 ipsa
3354 2285 3543 2333 natura
3572 2278 3624 2333 in
3646 2280 3861 2349 sangui-

2269 2376 2393 2418 nem
2419 2365 2663 2431 vertitur,
2694 2366 2747 2421 in
2778 2366 3045 2436 pituitam,
3083 2367 3137 2422 in
3158 2367 3321 2424 bilem
3342 2369 3471 2424 etin
3499 2369 3737 2442 reliquos
3764 2371 3862 2427 huc

2269 2455 2487 2510 mores?
2543 2455 2677 2510 Nam
2721 2456 2875 2527 panis
2917 2456 3135 2529 quidem
3183 2457 3388 2515 densus
3433 2458 3711 2533 durusque
3760 2471 3861 2525 est.

2270 2545 2486 2617 sanguis
2511 2562 2639 2603 vero
2662 2548 2841 2603 mollis
2865 2558 2921 2605 et
2948 2546 3178 2615 fluidus;
3206 2551 3363 2623 panis
3390 2552 3473 2607 vel
3496 2552 3759 2609 candidus
3784 2554 3864 2609 vol

2272 2633 2522 2692 frumenti
2548 2638 2752 2705 colore,
2786 2639 3004 2710 sanguis
3033 2641 3196 2697 ruber
3217 2651 3273 2697 et
3312 2642 3487 2713 niger.
3532 2642 3865 2701 Ceterarum

2272 2725 2400 2783 item
2454 2730 2768 2799 qualitatum
2816 2731 3175 2789 differentiam
3217 2735 3262 2790 si
3316 2736 3441 2806 quis
3480 2748 3865 2811 persequatur,

2271 2818 2497 2877 multum
2534 2820 2766 2878 inveniet
2807 2837 3001 2893 partem
3044 2824 3187 2881 inter
3227 2834 3284 2882 et
3321 2830 3635 2901 sanguinem
3679 2829 3872 2889 discri-

2272 2923 2416 2965 men.
2456 2910 2738 2978 Quomodo
2760 2914 2922 2984 igitur
2942 2913 3060 2971 brec
3086 2913 3245 2981 ﬁunt,
3269 2918 3531 2976 rationem
3552 2921 3750 2980 reddas
3776 2938 3869 2980 ve-

2273 2999 2386 3055 lim.
2412 3000 2517 3057 Sed
2540 3019 2832 3073 numquam
2859 3006 3050 3077 possis.
3072 3007 3286 3081 Ergone
3308 3020 3363 3065 tu
3383 3011 3474 3082 qui
3497 3012 3603 3069 cibi
3629 3016 3873 3085 quotidie

2276 3093 2539 3151 immutati
2586 3098 2850 3153 rationem
2878 3099 3109 3158 reddere
3153 3104 3373 3175 nequis,
3404 3119 3436 3160 a
3485 3105 3597 3163 Deo
3640 3118 3873 3179 peracta:

2274 3186 2563 3242 creationis
2584 3188 2820 3245 rationes
2840 3204 2872 3244 a
2892 3205 2981 3247 mc
3003 3194 3255 3262 repetes?
3273 3194 3467 3251 Annon
3486 3195 3589 3255 hoc
3613 3210 3874 3257 extremm

2273 3275 2558 3333 dementiae
2587 3278 2786 3334 fuerit?
2812 3280 2869 3335 Si
2896 3282 3067 3338 nostri
3092 3284 3288 3340 simills
3302 3294 3384 3341 est
3411 3286 3571 3357 Deus,
3605 3292 3871 3352 rationem

2273 3371 2425 3441 exige
2451 3386 2710 3440 operum;
2745 3373 2852 3428 imo
2881 3389 2947 3429 ne
2974 3375 3024 3429 id
3051 3376 3269 3447 quidem
3294 3379 3626 3437 concedatur
3655 3360 3870 3441 {multa

2271 3463 2472 3534 quippe
2498 3464 2727 3520 luunana
2755 3454 2902 3522 certe
2929 3465 3064 3522 facta
3108 3468 3200 3538 qui
3230 3468 3364 3525 ﬁant
3404 3469 3586 3528 dicere
3613 3488 3724 3529 non
3753 3490 3875 3545 pos-

2275 3568 2494 3617 sumus;
2525 3557 2759 3627 exempli
2788 3572 2972 3625 causa,
3019 3560 3290 3631 quomodo
3336 3578 3403 3618 ex
3433 3566 3701 3623 metalliea
3729 3576 3870 3625 terra

2274 3658 2463 3700 aurum
2493 3646 2614 3713 ﬁat;
2644 3648 2913 3718 quomodo
2934 3665 3098 3706 arena
3128 3650 3183 3706 in
3210 3653 3333 3709 vitri
3361 3655 3649 3724 puritatem
3698 3670 3873 3717 mutcv

2278 3746 2382 3791 tur.
2409 3736 2677 3809 Multoque
2703 3740 2853 3811 plura
2884 3741 2989 3800 dici
3029 3752 3252 3813 possent
3282 3746 3518 3803 humano
3539 3748 3771 3806 artiﬁcio
3797 3754 3873 3808 ta-

2274 3838 2381 3897 cta,
2418 3846 2644 3902 quorum
2697 3833 2961 3889 rationem
3014 3835 3342 3906 ignoramus.
3392 3836 3781 3898 Verumtamen
3827 3844 3873 3900 si

2277 3922 2444 3975 nostri
2472 3922 2660 3977 similis
2677 3924 2747 3977 sit
2771 3924 2932 3991 Deus,
2962 3940 3058 3995 per
3082 3940 3166 3981 me
3187 3926 3315 3984 licet
3334 3929 3597 3985 rationem
3620 3943 3871 4001 repetas;

2275 4012 2359 4066 sin
2389 4012 2650 4069 immenso
2677 4015 2850 4084 spatio
2886 4031 2916 4070 a
2952 4017 3105 4072 nobis
3148 4017 3335 4087 distat,
3362 4029 3416 4076 et
3438 4036 3606 4092 supra
3652 4023 3871 4080 modum

2275 4102 2568 4170 antecellit,
2605 4118 2782 4158 annon
2810 4112 3069 4162 extremm
3120 4107 3277 4164 fuerit
3324 4110 3550 4167 insania
3603 4126 3723 4181 eos,
3782 4114 3873 4186 qui

2276 4196 2594 4253 immensam
2622 4198 2764 4254 illius
2788 4200 3105 4272 sapientiam
3135 4211 3191 4257 et
3226 4203 3482 4259 virtutem
3520 4206 3870 4272 conﬁtentur,

2276 4306 2503 4361 eamque
2549 4292 2779 4347 divinant
2824 4302 2879 4347 et
2922 4293 3541 4363 incomprehensibilem,
3598 4299 3756 4368 quasi
3806 4300 3875 4355 de

2278 4384 2509 4439 humana
2539 4386 2768 4455 quadam
2798 4393 2914 4440 arte
2939 4426 2953 4452 ,
2990 4386 3069 4440 sic
3094 4400 3193 4455 per
3228 4386 3438 4457 singula
3485 4387 3750 4444 factorum
3789 4406 3878 4447 ra-

2279 4480 2477 4536 tionem
2520 4480 2815 4550 expetere?
2846 4479 3046 4536 Verum
3095 4480 3179 4534 his
3222 4482 3401 4536 missis
3440 4482 3759 4551 ratiociniis,
3806 4484 3873 4540 ad

2277 4581 2484 4642 petram
2512 4573 2657 4626 illam
2694 4572 2919 4627 solidam
2965 4572 3285 4628 redeamus:
3338 4572 3406 4627 In
3454 4574 3708 4646 principio
3757 4578 3875 4648 fecit

2276 4666 2418 4721 Deus
2449 4667 2628 4720 erctum
2655 4677 2700 4719 et
2728 4677 2932 4721 terram.
2965 4665 3137 4736 Supra
3179 4666 3309 4721 illud
3332 4666 3737 4724 fundamentum
3768 4679 3870 4737 sta,

2279 4772 2347 4811 ne
2376 4759 2494 4827 quis
2523 4758 2574 4813 in
2608 4766 2660 4812 te
2687 4758 3039 4813 humanarum
3080 4758 3465 4828 cogitationum
3513 4758 3707 4817 ﬂuctus
3757 4777 3874 4817 mo-

2280 4859 2403 4904 veat
2436 4868 2447 4903 :
2481 4850 2819 4920 Cogitationes
2854 4851 2988 4904 enim
3030 4851 3323 4905 mortalium
3350 4852 3563 4917 timide,
3596 4862 3643 4908 et
3669 4854 3873 4911 incertat

2280 4944 2855 4997 adinventiones'eorum
2889 4941 3158 5016 (Sap._,~9,
3189 4942 3251 4997 ιι
3271 4941 3316 5013 ).
3347 4942 3427 4998 Ne
3469 4943 3627 5013 igitur
3652 4944 3704 5000 id
3732 4946 3871 5016 quod

2282 5038 2489 5091 ﬁrmum
2518 5046 2600 5092 est
2630 5037 2870 5101 deseras,
2902 5045 2957 5091 ut
2998 5014 3193 5090 adimat
3215 5046 3322 5091 tua:
3370 5037 3598 5093 salutem
3648 5014 3873 5095 inﬁrmis

2279 5139 2333 5183 et
2380 5128 2655 5184 fallacibus
2691 5127 2984 5183 ratiociniis
3018 5126 3326 5182 committas
3356 5144 3369 5180 :
3402 5128 3497 5183 sed
3528 5144 3687 5184 mane
3728 5130 3780 5185 in
3812 5131 3873 5185 iis

2279 5236 2397 5290 qua:
2426 5220 2677 5285 didicisti,
2707 5230 2762 5274 et
2798 5235 2917 5288 qua:
2948 5218 3040 5274 tibi
3063 5219 3368 5275 concredita
3394 5228 3539 5284 sunt,
3569 5230 3625 5275 et
3648 5221 3737 5278 die
3766 5242 3781 5278 :
3807 5222 3868 5277 ιη

2287 5316 2538 5385 principio
2567 5316 2683 5386 fecit
2709 5314 2843 5368 Deus
2865 5315 3047 5368 cadunt
3067 5325 3110 5368 et
3139 5322 3343 5368 terram.
3367 5313 3421 5369 Si
3456 5314 3781 5372 Manicltzrus
3799 5316 3875 5389 (tt)

2280 5408 2583 5471 accesserit,
2614 5407 2667 5459 si
2686 5405 2940 5469 Marcion,
2969 5409 3013 5460 si
3041 5405 3303 5467 Valentini
3331 5407 3519 5461 morbo
3542 5407 3870 5478 laborantes,

2282 5502 2324 5554 si
2354 5500 2532 5577 quivis
2564 5500 2726 5567 alios,
2761 5499 2863 5555 hoc
2889 5501 3090 5556 dictum
3120 5500 3329 5571 objice;
3358 5501 3402 5557 si
3432 5500 3699 5559 ridentem
3727 5498 3875 5559 vitio-

2340 5704 2411 5763 (a)
2431 5704 2733 5759 Manicha'us,
2753 5703 2971 5761 Marcion,
2990 5701 3273 5752 Valentinus
3288 5711 3439 5752 neum
3457 5712 3738 5753 creatorem
3763 5714 3871 5751 esse

2277 5767 2521 5828 negabant
2566 5767 2962 5816 ttaniehmussive
2977 5772 3142 5828 Manes
3158 5765 3620 5828 dicebatt'natet'tam
3634 5775 3869 5828 afterttgm

2282 5822 2412 5881 esse.
2436 5829 2543 5891 Ejus
2558 5829 2681 5879 liber
2702 5832 2770 5879 sic
2795 5826 3074 5887 incipiebat,
3096 5834 3224 5877 teste
3246 5826 3517 5890 Epiphanio,
3554 5840 3599 5889 ιι,
3625 5824 3745 5873 6-30:
3772 5822 3882 5873 L'ttzt
