4180 6506
356 393 477 454 685.

355 512 453 577 ris,
480 516 538 564 tu
571 520 693 562 eum
723 514 781 560 ut
817 502 1083 559 furentem
1114 496 1358 569 deplora.
1391 495 1633 551 Buxeum
1661 493 1738 547 illi
1764 490 1964 544 habent

353 602 591 658 colorem
619 640 635 667 ,
689 596 987 654 demissum
1019 590 1395 663 supercilium,
1439 586 1724 644 verborum
1772 582 1956 638 mode-

350 693 510 749 stiam
557 688 850 762 praeferunt
879 705 893 740 :
927 697 983 741 tu
1012 686 1133 756 fuge
1178 683 1462 739 illecebras
1485 720 1502 747 ,
1532 691 1587 734 et
1634 678 1817 748 lupum
1862 675 1963 729 sub

350 784 472 839 ovis
524 782 666 853 pelle
717 777 988 836 occultum
1035 774 1408 846 deprchende.
1460 772 1755 840 Propterea
1808 768 1957 822 illum

348 874 585 931 maxime
626 871 753 928 odio
788 869 1011 934 habeas,
1038 869 1161 939 quia
1200 866 1327 921 dum
1371 878 1496 935 erga
1539 872 1591 919 te
1637 873 1959 917 conservum

346 965 495 1022 mitis
522 973 573 1019 et
602 972 913 1017 mansuetus
935 975 1060 1017 esse
1076 957 1311 1021 videtur,
1335 954 1595 1011 adversus
1616 965 1958 1008 conuuuncm

347 1068 590 1116 nostrum
618 1058 862 1113 omnium
884 1054 1168 1110 Dominum
1204 1066 1338 1108 cane
1369 1048 1555 1105 rabido
1595 1046 1827 1103 ferocior
1851 1052 1955 1110 est,

348 1149 685 1222 implacabile
706 1147 910 1203 bellum
938 1154 1007 1201 et
1021 1144 1267 1215 prazlium
1293 1154 1488 1211 gerens
1509 1149 1698 1194 contra
1743 1136 1956 1200 ca'lum,

344 1249 402 1296 et
427 1248 746 1311 potestatem
786 1235 1073 1308 quamdam
1122 1234 1233 1288 Deo
1282 1244 1584 1301 opponens.
1630 1228 1778 1297 Fuge
1812 1227 1960 1280 virus

342 1331 668 1403 iniquitatis,
700 1329 1001 1401 perniciosa
1030 1326 1313 1396 pbarmaca
1346 1323 1470 1378 odio
1501 1319 1639 1375 habe
1672 1338 1685 1375 :
1717 1328 1771 1374 et
1798 1332 1957 1387 quam

341 1437 375 1478 ι
419 1423 660 1493 patribus
714 1420 965 1489 accepisti
1023 1416 1426 1479 hereditatem,
1482 1426 1680 1480 nempe
1750 1410 1960 1463 divina-

343 1532 463 1574 rum
490 1515 885 1584 Scripturarum
928 1510 1263 1578 ﬁdematque
1291 1505 1592 1561 doctrinam
1613 1544 1628 1565 ,
1661 1502 1799 1555 hanc
1834 1515 1957 1553 eum

342 1608 509 1664 multa
548 1607 760 1662 cautela
792 1604 986 1660 retine.
1027 1601 1090 1655 In
1114 1600 1365 1670 principio
1390 1598 1508 1668 fecit
1536 1594 1680 1650 Deus
1703 1593 1886 1648 ωιωη
1909 1601 1959 1645 et

341 1711 549 1755 terram.
577 1697 717 1765 Quid
750 1696 855 1752 hoc
880 1694 1012 1751 est?
1040 1694 1215 1764 primo
1240 1691 1434 1746 emtum
1468 1729 1481 1751 ,
1512 1697 1695 1759 postea
1719 1683 1958 1741 terram?

342 1792 518 1863 primo
574 1799 771 1845 tectum
802 1830 817 1852 ,
878 1796 1065 1856 postea
1118 1782 1337 1839 solum?
1386 1779 1505 1835 Non
1551 1780 1696 1835 enim
1751 1786 1957 1833 natura:

339 1883 649 1941 necessitati
694 1880 938 1936 subditus
983 1887 1104 1944 est,
1161 1890 1266 1931 non
1326 1874 1463 1929 artis
1521 1872 1718 1944 regulis
1763 1870 1952 1925 servit.

340 1978 549 2034 Etenim
577 1984 631 2030 et
659 1983 865 2029 naturae
893 1981 948 2027 et
971 1971 1127 2035 artis,
1155 1978 1209 2023 et
1230 1982 1409 2025 rerum
1439 1965 1681 2021 omnium
1706 1963 1956 2018 voluntas

342 2071 435 2126 Dei
464 2068 645 2140 opifex
685 2065 986 2135 artifexque
1009 2072 1113 2119 est.
1143 2060 1305 2115 Terra
1358 2068 1529 2113 autem
1558 2066 1663 2111 erat
1689 2055 1957 2110 invisibilis

338 2174 384 2219 et
406 2159 766 2230 incomposita.
797 2156 907 2211 Cur
954 2156 1145 2210 caelum
1201 2152 1496 2223 perfectum
1528 2150 1801 2220 produxit,
1848 2160 1956 2202 ter-

335 2268 452 2308 ram
502 2260 686 2306 autem
737 2248 990 2320 paulatim
1041 2244 1367 2300 fabricatum
1423 2258 1547 2298 eum
1594 2255 1718 2296 esse
1765 2247 1953 2294 narrat

334 2341 589 2415 Moyses?
622 2340 693 2399 Ut
716 2351 999 2411 postquam
1044 2338 1095 2392 in
1125 2335 1487 2408 pra‘stantiori
1519 2332 1789 2388 elemento
1834 2330 1953 2401 ejus

340 2436 595 2491 virtutem
633 2433 903 2489 didiceras
924 2472 940 2497 ,
986 2430 1187 2485 certior
1222 2428 1380 2483 lieres
1409 2425 1561 2481 illum
1605 2422 1830 2494 perinde
1857 2437 1951 2492 po-

336 2528 503 2583 tuisse
544 2536 740 2581 terram
770 2522 1058 2594 perfectam
1094 2519 1411 2591 producere,
1438 2515 1705 2572 utcmlum
1730 2515 1946 2569 fecerat.

340 2621 445 2678 Sed
479 2630 697 2691 propter
730 2628 780 2672 te
809 2629 861 2671 et
891 2626 1110 2686 propter
1131 2615 1359 2669 salutem
1387 2621 1529 2665 tuam
1551 2624 1656 2664 non
1688 2609 1768 2663 sic
1798 2606 1946 2662 fecit.

334 2712 640 2780 Quomodo,
702 2708 931 2780 inquies,
986 2716 1203 2776 propter
1260 2719 1348 2758 me
1404 2712 1458 2758 et
1500 2710 1718 2771 propter
1774 2714 1949 2753 meam

332 2804 610 2862 salutem?
638 2802 954 2859 Communis
979 2814 1163 2854 mensa
1196 2807 1248 2852 et
1276 2797 1447 2867 patria
1474 2804 1529 2849 et
1560 2795 1736 2848 nutrix
1762 2803 1813 2847 et
1838 2807 1951 2846 ma-

334 2908 415 2954 ter
457 2897 699 2953 omnium
728 2904 813 2949 est
840 2905 999 2953 terra,
1035 2891 1164 2946 urbs
1193 2899 1247 2944 et
1299 2888 1607 2957 sepulcrum
1636 2898 1943 2941 commune.

332 2988 540 3045 Etenim
575 3000 803 3054 corpora
844 2994 1026 3038 nostra
1072 2996 1139 3036 ex
1169 2982 1281 3050 ipsa
1318 3020 1333 3042 ,
1368 2978 1597 3047 indeque
1627 2976 1947 3045 corporibus

330 3082 530 3138 nostris
557 3080 789 3135 sumitur
805 3078 1141 3141 alimentum,
1174 3074 1228 3128 in
1264 3075 1377 3142 ipsa
1407 3071 1712 3125 habitamus
1738 3079 1792 3123 et
1824 3083 1947 3123 vero

330 3188 536 3238 samur,
564 3182 618 3227 et
651 3180 773 3242 post
798 3178 1026 3225 mortem
1068 3168 1264 3222 iterum
1310 3164 1364 3219 in
1398 3164 1570 3233 ipsam
1600 3160 1943 3216 revertimur.

328 3264 411 3321 Ne
459 3266 640 3335 itaque
680 3278 745 3318 ex
788 3260 1110 3316 necessariis
1161 3258 1345 3311 usibus
1393 3257 1562 3325 ipsam
1612 3255 1731 3324 plus
1783 3269 1943 3323 quam

332 3372 431 3429 par
460 3365 579 3411 erat
623 3354 922 3416 mirareris,
971 3366 1108 3404 neve
1155 3346 1543 3403 beneficiorum
1595 3345 1751 3415 capia
1807 3355 1857 3399 te
1888 3344 1941 3398 in

330 3449 663 3518 impietatem
700 3442 1040 3515 pertraheret
1070 3454 1133 3495 ac
1167 3438 1539 3507 supplautaret
1562 3477 1575 3499 ,
1617 3436 1788 3504 ipsam
1847 3434 1942 3488 tibi

330 3540 481 3611 prius
504 3536 788 3591 informem
817 3543 871 3589 et
898 3531 1309 3601 incompositam
1336 3527 1593 3591 declarat,
1628 3536 1686 3580 ut
1713 3526 1830 3595 ejus
1860 3527 1943 3579 in-

330 3630 580 3683 llrmitate
610 3634 920 3695 conspecta,
972 3623 1187 3677 mireris
1242 3636 1365 3676 eum
1422 3618 1511 3689 qui
1564 3617 1836 3687 produxit,
1888 3628 1943 3673 et

327 3722 467 3778 hanc
496 3722 571 3777 illi
619 3727 785 3775 totam
827 3718 1077 3772 virtutem
1131 3714 1345 3779 indidit,
1389 3712 1744 3783 celebresque
1792 3726 1937 3777 eum,

326 3818 417 3886 qui
446 3830 535 3869 res
562 3822 735 3867 tantas
760 3811 826 3866 ad
866 3808 1211 3866 commodum
1262 3816 1507 3862 nostrum
1538 3806 1762 3875 paravit.
1799 3804 1941 3858 Deus

325 3917 505 3963 autem
529 3906 857 3977 glorilleatur
883 3920 989 3958 non
1023 3902 1184 3957 modo
1241 3916 1335 3971 per
1361 3910 1506 3956 recta
1545 3899 1815 3967 dogmata,
1842 3897 1937 3952 sed

326 3998 491 4055 etiam
520 4013 616 4069 per
645 3998 912 4067 optimum
944 3995 1068 4049 vitae
1115 3994 1422 4047 institutum
1475 4008 1489 4043 :
1534 3989 1728 4043 Luceat
1769 3989 1933 4056 enim,

328 4091 521 4163 inquit,
572 4089 664 4145 tua:
704 4099 869 4143 vestra
897 4103 1072 4142 coram
1093 4084 1408 4149 hominibus,
1466 4091 1521 4135 ut
1550 4082 1751 4135 videant
1780 4097 1940 4151 opera

324 4193 489 4241 vestra
514 4185 675 4250 bona,
703 4192 749 4238 et
775 4182 1059 4255 gloriﬁcent
1083 4178 1293 4234 Patrem
1322 4186 1561 4241 uestrum,
1588 4176 1673 4245 qui
1702 4175 1755 4228 in
1798 4174 1937 4228 uelis

324 4289 400 4334 est
424 4276 644 4351 (Matth.
668 4277 722 4333 5.
754 4274 867 4347 10).

397 4373 453 4429 ι.
488 4370 729 4427 Flaviani
754 4368 982 4441 episcopi
1015 4365 1316 4422 Antiocltcni
1342 4363 1544 4417 laudes.
1575 4392 1646 4402 —
1673 4358 1932 4416 Volebam

326 4466 397 4523 de
426 4467 773 4535 eleemosyna
819 4474 1126 4517 sermonem
1154 4458 1391 4528 adjicere
1421 4474 1433 4507 :
1463 4464 1519 4509 at
1563 4452 1695 4508 mihi
1745 4466 1936 4522 super-

326 4560 492 4617 ﬂuum
514 4573 636 4614 esse
658 4556 870 4612 videtur
897 4568 993 4610 vos
1024 4553 1188 4608 verbo
1218 4552 1416 4607 dueere
1437 4592 1451 4614 ,
1492 4564 1613 4604 cum
1671 4548 1717 4603 is
1745 4546 1833 4616 qui
1880 4547 1933 4601 in

327 4651 508 4708 medio
534 4632 688 4704 setﬁt
711 4645 1013 4703 communis
1058 4653 1209 4713 pater
1235 4655 1289 4696 et
1328 4642 1519 4695 doctor
1559 4650 1740 4693 uoster
1767 4637 1936 4705 possit

326 4759 424 4800 vos
452 4742 706 4813 operibus
730 4750 786 4797 et
832 4737 1087 4807 exemplo
1128 4735 1350 4791 erudire
1374 4776 1387 4799 _.
1419 4733 1509 4803 qui
1540 4747 1603 4787 ac
1644 4733 1686 4786 si
1713 4730 1933 4785 domum

328 4847 605 4907 paternam
636 4834 701 4889 ad
741 4834 842 4888 hoc
874 4832 1047 4887 solum
1101 4846 1130 4883 a
1162 4828 1458 4897 majoribus
1509 4826 1829 4894 accepisset,
1878 4832 1937 4879 ut

322 4942 445 4984 eam
476 4926 531 4981 lu
598 4925 775 4979 titibus
796 4921 1127 4993 excipiendis
1144 4922 1434 4992 praeberet,
1460 4918 1538 4972 sic
1567 4932 1685 4971 eam
1718 4931 1936 4987 semper

326 5018 397 5077 iis
424 5019 514 5090 qui
538 5032 633 5087 pro
660 5015 883 5071 veritate
907 5015 1182 5085 pelluntur
1198 5012 1520 5083 recipiendis
1541 5010 1848 5075 destinavit,
1878 5018 1937 5064 ut

327 5128 422 5171 cos
464 5112 713 5167 omnibus
757 5108 929 5164 modis
980 5108 1213 5170 foveret;
1242 5107 1315 5160 ita
1358 5116 1417 5159 ut
1470 5105 1705 5159 nesciam
1746 5112 1930 5157 utrum

326 5219 446 5261 cum
470 5203 609 5275 ejus,
631 5203 696 5257 ad
720 5200 1129 5272 peregrinorum
1158 5198 1376 5252 domum
1404 5195 1676 5267 appellare
1705 5208 1801 5263 par
1826 5195 1929 5261 sit;

328 5296 440 5354 imo
470 5297 649 5367 potius
678 5310 854 5349 annon
881 5308 945 5349 ea
975 5292 1118 5347 illius
1145 5306 1267 5346 esse
1297 5290 1419 5346 ideo
1444 5287 1804 5345 existimanda
1835 5287 1927 5356 sit,

325 5510 457 5554 Deus
475 5506 520 5553 et
543 5500 765 5559 materia,
792 5501 881 5551 lux
903 5507 947 5551 et
970 5499 1199 5550 tenebris.
1234 5498 1439 5547 Marcion
1464 5495 1824 5559 duopriucipia
1848 5494 1934 5559 ad-

324 5564 570 5621 mittebat,
594 5557 774 5613 bonum
800 5570 853 5613 et
875 5563 1074 5612 malum.
1122 5569 1302 5611 Bonum
1326 5566 1478 5621 Deum
1504 5557 1633 5621 nihil
1661 5558 1933 5621 in_mundo

322 5618 575 5678 creavisse
616 5625 839 5683 dicebat,
881 5625 1049 5687 Epipb.
1088 5639 1133 5687 ιι.
1174 5622 1285 5687 5047.
1324 5618 1648 5687 Valentiniani
1695 5619 1935 5687 ligonibus

323 5688 487 5740 omnia
508 5679 867 5737 adscribebaui.
895 5679 1039 5749 liauglo
1238 5686 1468 5749 Altuxeum
1494 5679 1669 5749 habent
1690 5682 1778 5749 illi
1801 5680 1933 5749 colo—

324 5762 461 5810 rem;
486 5750 578 5800 hoc
598 5759 675 5799 est
699 5750 893 5807 flavum,
921 5743 1148 5810 pallidum
1191 5746 1308 5795 ltln'l
1350 5746 1530 5810 instar:
1561 5743 1652 5794 hoc
1672 5745 1847 5810 dicitur
1865 5744 1931 5793 de

326 5814 387 5863 lis
410 5808 492 5874 qui
524 5811 771 5874 simulate.
798 5818 849 5860 et
872 5808 1068 5874 utalios
1102 5808 1505 5866 circumveniant,
1547 5808 1927 5864 macet-attonuit

325 5882 379 5928 et
398 5869 630 5937 pallidum
656 5870 843 5926 vultum
868 5872 1114 5923 aﬂ‘ectant.

1595 374 1661 438 l.\'
1702 373 1996 435 CENESISI
2027 371 2261 432 εειωυ
2298 374 2365 432 ιι.

3580 387 3689 443 58⁷5

2073 493 2201 560 quia
2231 487 2637 561 peregrinorum
2658 501 2761 549 est.
2794 492 3005 550 Etenim
3022 492 3309 552 facultates
3333 504 3533 566 nostra
3558 509 3693 555 tunc

2074 584 2307 636 maxime
2337 589 2537 637 nostra:
2558 582 2713 651 fiunt,
2743 583 2961 655 quando
2987 600 3095 640 non
3122 584 3302 652 nobis,
3320 584 3417 641 sed
3436 589 3693 657 pauperi-

2072 672 2174 728 bus
2199 688 2293 730 eas
2323 674 2663 746 possidemus
2692 685 2747 732 et
2767 677 3165 748 dispensamus.
3196 677 3482 747 Quomodo
3504 690 3688 735 autem

2072 762 2176 820 hoc
2200 765 2293 831 sit,
2322 780 2424 837 ego
2450 766 2651 822 dicam.
2684 768 2739 825 Si
2789 768 2855 825 ad
2894 769 3175 826 dexteram
3208 771 3462 841 pauperis
3487 786 3688 841 argen-

2072 866 2184 913 tum
2214 858 2477 930 deponas,
2514 877 2623 916 non
2668 864 3001 935 syc0pltanta
3036 864 3261 933 invadit,
3310 879 3418 919 non
3472 864 3687 919 invidus

2068 949 2261 1005 oculus
2290 953 2528 1023 respicit,
2563 969 2669 1009 non
2700 954 2807 1021 fur,
2841 971 2946 1010 non
2988 956 3251 1026 parietum
3284 956 3513 1011 elfossor
3541 958 3689 1012 abri-

2070 1042 2166 1111 pit,
2202 1058 2309 1098 non
2351 1059 2544 1100 servus
2572 1062 2639 1102 eo
2674 1047 2857 1103 ablato
2882 1047 3062 1119 fugam
3093 1047 3257 1104 facit:
3294 1065 3417 1103 nam
3449 1050 3539 1104 illa
3595 1068 3691 1118 pc-

2068 1151 2171 1191 nus
2210 1152 2338 1193 vere
2367 1140 2576 1211 asylum
2615 1148 2720 1195 est.
2762 1140 2819 1197 Si
2865 1151 3044 1197 autem
3078 1141 3225 1196 domi
3254 1140 3521 1209 defudias,
3553 1142 3687 1206 furi,

2067 1243 2346 1283 murorum
2374 1228 2641 1298 eliossori,
2662 1232 2867 1301 invido,
2894 1233 3264 1304 sycophanta,
3291 1248 3471 1299 servo,
3496 1242 3550 1288 et
3573 1235 3686 1288 cui-

2068 1320 2200 1376 libet
2244 1323 2501 1391 peruiciei
2559 1340 2751 1380 aurum
2798 1336 2948 1381 tuum
3000 1328 3293 1382 obnoxium
3339 1328 3490 1383 facis.
3527 1327 3685 1397 Saepe

2066 1413 2283 1480 accidit,
2318 1424 2375 1468 ut
2397 1415 2578 1484 januis
2608 1426 2663 1471 et
2694 1407 2939 1473 vectibus
2984 1420 3172 1474 multis
3198 1420 3466 1490 oppositis
3494 1429 3684 1475 exter-

2065 1519 2258 1558 norum
2308 1506 2502 1559 damna
2552 1509 2795 1578 pecunia:
2852 1511 3093 1576 vitarint,
3143 1511 3239 1565 sed
3297 1511 3682 1580 penuariorum

2065 1612 2259 1651 manus
2292 1614 2399 1652 non
2428 1598 2749 1670 effugerint,
2782 1603 2912 1673 ipsis
2943 1618 3065 1657 cum
3094 1604 3322 1674 pecunia
3357 1604 3683 1674 aufugientio

2065 1691 2166 1744 bus
2224 1689 2386 1746 Vides
2436 1700 2561 1747 tunc
2594 1708 2693 1749 nos
2736 1711 2864 1751 vere
2903 1693 3217 1753 facultatum
3250 1706 3554 1752 nostrarum
3584 1696 3686 1751 du-

2064 1783 2241 1837 minos
2271 1798 2412 1849 esse,
2437 1799 2559 1839 cum
2592 1800 2687 1841 eas
2715 1786 2858 1857 apud
2907 1802 3171 1857 pauperes
3200 1787 3545 1858 deponimus.
3571 1787 3680 1845 Ne-

2063 1890 2166 1944 que
2195 1876 2456 1930 custodiae
2476 1877 2652 1931 solum
2678 1879 2847 1948 gratia
2873 1878 2959 1932 hic
2984 1878 3316 1933 tutiorlocus
3343 1888 3449 1945 est,
3482 1878 3577 1935 sed
3596 1890 3681 1935 est

2062 1968 2225 2021 etiam
2272 1968 2494 2038 majoris
2524 1968 2655 2023 lucri
2704 1978 2757 2023 et
2795 1979 3090 2038 proventus
3129 1984 3311 2025 causa.
3344 1968 3476 2023 Nam
3504 1970 3548 2024 si
3580 1972 3680 2025 lto-

2064 2057 2197 2111 miui
2246 2056 2558 2123 fmnereris,
2592 2060 2947 2113 centesimam
2975 2060 3214 2129 accipis:
3265 2060 3310 2114 si
3354 2068 3536 2115 autem
3567 2060 3681 2115 Dea

2062 2164 2159 2220 per
2183 2164 2472 2219 pauperem
2526 2150 2835 2216 fmnereris,
2865 2152 2978 2220 jam
3012 2168 3119 2206 non
3162 2152 3545 2215 centesimam.
3578 2154 3675 2209 sed

2059 2240 2370 2309 centuplum
2400 2240 2655 2310 accipies.
2690 2240 2745 2296 Si
2770 2240 2823 2295 iu
2855 2242 3016 2297 feraci
3058 2257 3208 2297 seras
3240 2258 3371 2314 agro
3392 2284 3405 2305 .
3450 2253 3502 2298 et
3529 2242 3673 2310 larga

2060 2347 2218 2401 seges
2246 2330 2428 2397 fuerit,
2463 2331 2754 2401 decuplum
2780 2334 3007 2387 seminis
3032 2333 3047 2364 ⁸
3092 2331 3337 2399 referas;
3369 2334 3416 2388 si
3455 2333 3507 2387 in
3539 2335 3677 2389 etc-lo

2058 2440 2231 2490 seras,
2278 2436 2563 2496 postquam
2588 2428 2927 2497 ccentuplum
2987 2428 3285 2496 acceperis,
3321 2428 3483 2493 vitam
3512 2428 3675 2482 etiam

2057 2529 2339 2587 aeternam,
2371 2533 2712 2590 perpetuam,
2747 2520 3109 2575 immortalem
3131 2518 3455 2589 possidebis.
3490 2519 3558 2574 Et
3588 2518 3677 2575 hic

2056 2610 2278 2691 quidem
2321 2612 2525 2667 multus
2554 2614 2708 2668 labor
2748 2614 2813 2667 iis
2854 2610 3167 2668 subeundus
3207 2620 3291 2666 est
3329 2611 3417 2681 qui
3468 2610 3675 2666 semina

2054 2705 2303 2775 jaciunt;
2340 2705 2451 2759 illic
2480 2722 2612 2760 vero
2652 2706 2771 2761 sine
2823 2715 3027 2769 aratro,
3070 2703 3266 2769 bobus,
3299 2704 3572 2775 agricolis,
3620 2714 3677 2758 et

2054 2798 2273 2869 reliquis
2301 2797 2594 2863 laboribus,
2624 2798 2766 2868 jacta
2794 2799 3000 2853 semina
3022 2797 3316 2867 pullulant;
3340 2811 3447 2851 non
3471 2806 3659 2862 :t:stus,

2055 2905 2163 2944 non
2194 2890 2387 2959 pluvia:
2412 2890 2614 2957 nimim,
2641 2906 2747 2945 non
2782 2905 2969 2955 eruca,
3002 2890 3083 2943 vel
3132 2890 3365 2960 grando,
3400 2889 3485 2943 vel
3518 2890 3666 2944 locu-

2053 2991 2259 3035 starum
2290 2997 2505 3053 agmen,
2534 2982 2620 3036 vel
2671 2982 2957 3036 ﬂuviorum
2991 2981 3375 3035 inundationes
3401 3023 3415 3045 ,
3448 2980 3533 3035 vel
3565 2998 3673 3035 ca:-

2055 3084 2167 3129 tera
2209 3073 2517 3144 bujusnmdi
2565 3074 2853 3127 metuenda
2884 3082 3010 3127 sunt
3060 3073 3302 3137 serenti;
3332 3071 3427 3127 sed
3454 3088 3573 3143 qua:
3599 3072 3669 3128 ibi

2045 3165 2189 3235 jacta
2219 3175 2347 3219 sunt
2387 3164 2617 3231 semina,
2646 3164 2777 3218 nulli
2808 3162 3068 3234 perniciei
3095 3171 3223 3217 sunt
3250 3163 3502 3218 obnoxia.
3534 3162 3669 3219 Cum

2050 3257 2212 3327 igitur
2241 3273 2340 3312 nec
2371 3257 2523 3311 labor
2548 3300 2563 3324 ,
2590 3271 2689 3313 nec
2718 3255 3038 3327 periculum,
3071 3271 3170 3311 nec
3200 3255 3459 3325 suSpieio,
3494 3271 3669 3326 neque

2044 3346 2254 3418 jactura
2277 3350 2545 3418 qumpiam
2578 3347 2755 3413 adsit,
2786 3347 2881 3403 sed
2906 3347 3056 3417 jacto
3080 3347 3289 3401 semine
3318 3346 3479 3418 longe
3510 3347 3666 3418 plura

2050 3450 2360 3506 nascantur,
2410 3450 2465 3494 et
2522 3450 2669 3496 tanta
2720 3441 2845 3496 hinc
2898 3440 3161 3509 pullulent
3204 3438 3369 3505 bona,
3427 3439 3554 3505 Quae
3577 3458 3669 3495 nec

2048 3532 2227 3587 oculus
2268 3534 2429 3599 vidit,
2468 3550 2559 3586 nec
2604 3534 2745 3587 auris
2796 3532 3015 3596 audiuit,
3054 3548 3168 3589 nec.
3202 3531 3255 3584 in
3292 3547 3381 3584 cor
3438 3532 3662 3586 hominis

2047 3626 2386 3680 ascenderunt
2420 3628 2497 3696 (1.
2528 3625 2648 3681 Cur.
2678 3626 2733 3680 2.
2778 3626 2835 3697 9)
2873 3644 2887 3679 :
2917 3642 3100 3681 annon
3151 3635 3410 3681 extrema:
3439 3624 3667 3695 ignavia:

2049 3717 2228 3783 fuerit,
2271 3718 2466 3772 relicto
2512 3718 2745 3789 majore,
2781 3717 2832 3772 id
2862 3717 3007 3789 quod
3064 3718 3245 3772 minus
3273 3726 3357 3773 est
3389 3719 3663 3787 persequi,

2046 3821 2194 3866 eteo
2238 3810 2383 3879 quod
2438 3820 2613 3867 tuttun
2646 3820 2763 3867 erat
2818 3812 3065 3876 deserto,
3125 3810 3353 3875 incerta,
3410 3810 3665 3879 periculis

2047 3903 2224 3971 plena,
2257 3912 2310 3956 et
2337 3901 2647 3957 infortuniis
2678 3902 2864 3957 multis
2908 3902 3141 3958 obnoxia
3170 3902 3364 3957 adire?
3390 3902 3522 3969 Qua:
3565 3919 3662 3957 no-

2045 3994 2127 4049 bis
2156 3994 2309 4048 venia
2339 3994 2393 4049 id
2422 3994 2729 4065 agentibus,
2773 4010 2893 4065 qua:
2931 3996 3209 4051 excusatio
3230 3994 3256 4049 .9
3281 3995 3659 4067 Paupertatem

2043 4087 2389 4143 obtendimus
2437 4106 2449 4141 :
2492 4096 2549 4143 at
2597 4089 2952 4160 pauperiores
2980 4104 3089 4144 non
3133 4102 3323 4143 sumus
3352 4088 3513 4143 vidua
3544 4087 3659 4155 illa,

2041 4198 2163 4253 quae
2186 4197 2311 4237 cum
2339 4181 2447 4237 duo
2488 4182 2665 4237 solum
2699 4184 2910 4238 minuta
2964 4182 3214 4249 haberet,
3246 4182 3364 4245 haec
3410 4181 3661 4253 deposuit

2043 4274 2195 4348 (Luc.
2222 4273 2316 4329 21.
2346 4274 2439 4345 9.).
2474 4273 2628 4329 illius
2658 4274 2845 4345 itaque
2890 4273 3108 4330 divitias
3153 4273 3494 4334 aemulentur.
3538 4275 3662 4329 imi-

2043 4380 2221 4425 temur
2240 4368 2503 4440 propositi
2534 4366 2992 4439 magnificentiam
3017 4409 3032 4429 .
3063 4375 3120 4422 ut
3147 4366 3384 4437 reposita
3408 4366 3484 4421 illi
3513 4366 3655 4421 bona

2039 4477 2480 4533 consequamur:
2512 4477 2633 4533 qua:
2688 4475 2787 4516 nos
2829 4474 3023 4515 omnes
3062 4459 3293 4529 adipisci
3344 4460 3649 4529 contingat,

2037 4556 2209 4628 gratia
2240 4563 2297 4610 et
2319 4553 2651 4625 benignitate
2682 4552 2897 4607 Domini
2925 4551 3097 4607 nostri
3121 4550 3251 4607 Jesu
3276 4549 3501 4617 Christi,
3531 4566 3655 4606 cum

2040 4665 2147 4720 quo
2183 4646 2351 4714 Patri,
2405 4646 2676 4716 simulque
2720 4656 2911 4699 sancto
2941 4642 3190 4715 Spiritui,
3242 4641 3437 4713 gloria,
3487 4642 3659 4713 impe-

2039 4746 2400 4811 rium,honor,
2431 4758 2573 4798 nunc
2594 4750 2649 4798 et
2672 4755 2910 4811 semper,
2933 4739 3055 4795 etin
3078 4736 3281 4793 saecula
3302 4736 3652 4792 smcnlorum.

2039 4841 2235 4897 Alite".

2678 4946 2907 5005 SERMO
2945 4946 3007 5002 ll.

2039 5065 2143 5122 Cur
2171 5066 2223 5117 in
2248 5064 2355 5119 sole
2386 5073 2431 5117 et
2460 5064 2582 5116 luna
2611 5073 2655 5116 et
2684 5063 2809 5117 calo
2830 5076 2876 5116 et
2907 5060 3029 5115 aliis
3057 5059 3241 5113 dixerit
3272 5074 3289 5112 :
3321 5058 3457 5121 Fiat,
3484 5060 3534 5111 iu
3560 5060 3653 5113 ha»

2112 5158 2248 5211 mine
2296 5166 2485 5220 autem,
2535 5154 2855 5219 Faciamus;
2901 5164 2950 5208 el
2977 5152 3226 5223 quidnam
3270 5152 3334 5207 sit
3380 5152 3532 5219 illud,
3566 5152 3648 5208 Ad

2114 5254 2400 5323 imaginem
2434 5250 2586 5321 (Gen.
2626 5250 2677 5304 1.
2702 5250 2755 5304 5.
2788 5249 2840 5303 6.
2871 5247 2942 5302 26
2965 5246 3008 5320 ).

2116 5371 2168 5425 1.
2211 5367 2298 5422 Vis
2329 5365 2577 5422 arationis
2625 5362 2892 5418 Ecclesia.
2921 5391 2991 5401 --
3020 5359 3289 5430 Numquid
3330 5362 3597 5413 memimu
3627 5377 3653 5415 s

2039 5463 2421 5535 quaestionum,
2454 5475 2577 5530 qua:
2622 5457 2777 5512 vobis
2829 5470 3002 5525 nuper
3039 5463 3163 5507 sunt
3209 5452 3544 5523 propositae?
3594 5456 3647 5508 In

2041 5565 2243 5612 tantam
2300 5553 2445 5609 enim
2473 5552 2836 5623 arrogantiam
2863 5559 2918 5605 et
2944 5547 3222 5603 audaciam
3264 5562 3365 5602 nos
3404 5548 3654 5617 provexi-

2039 5652 2157 5718 stis,
2193 5660 2249 5705 ut
2274 5648 2603 5721 quaastiones
2629 5642 2903 5717 intrepide
2932 5643 3314 5716 aggrediamur
3344 5658 3359 5695 :
3396 5642 3503 5695 imo
3547 5654 3650 5695 nec

2040 5745 2282 5801 audacia:
2314 5757 2413 5799 nec
2440 5739 2772 5813 arrogantia:
2799 5737 2853 5794 id
2886 5736 3096 5793 facinus
3123 5744 3227 5793 est.
3258 5732 3376 5790 Non
3408 5731 3553 5790 enim
3574 5731 3648 5788 vi-

2111 5868 2125 5897 t
2164 5872 2301 5928 urg,
2322 5857 2581 5923 deruptum
2596 5854 2813 5922 seminis,
2826 5854 2907 5908 vel
2931 5853 3001 5909 bl;
3024 5852 3200 5919 decvpl
