4134 6484
598 383 702 442 687

604 502 754 556 ribus
777 491 974 550 nostris
998 486 1330 544 conﬁdentes
1354 525 1368 548 ,
1402 481 1498 536 sed
1524 478 1820 556 antistitum
1848 469 2099 546 precibus
2119 479 2182 522 ac

602 589 791 649 vestris
833 583 1013 641 omnia
1039 579 1436 637 committentes
1461 574 1530 628 ad
1553 570 1783 628 stadium
1815 579 1915 622 nos
1945 559 2185 619 accinxi-

600 697 738 739 tuus.
765 665 1130 746 Tantaporro
1157 674 1237 728 vis
1265 679 1346 726 est
1374 681 1592 741 precum
1625 662 1882 719 Ecclesia:
1906 699 1920 724 ,
1955 664 2014 712 ut
2061 653 2186 709 licet

598 773 766 841 magis
789 771 919 827 muti
945 783 1105 841 quam
1152 765 1354 833 lapides
1380 771 1642 823 essemus,
1677 767 1851 825 penna
1881 748 2072 841 quavis
2111 746 2187 801 le-

601 840 809 936 vioiem
831 840 1066 933 linguam
1101 864 1338 912 nostram
1369 851 1626 908 efﬁciant.
1659 845 1790 902 Nam
1831 843 1968 936 sicut
1992 840 2044 895 in
2074 850 2187 893 me-

598 934 686 1014 dia
714 955 836 1012 navi
865 952 1106 1009 incidens
1125 948 1238 1003 vela
1263 943 1530 1015 zephyros
1561 938 1750 1010 sagitta
1777 934 2013 990 velocius
2031 943 2184 1000 cym-

610 1051 732 1106 bam
761 1053 1037 1118 promovet
1069 1061 1084 1098 :
1112 1042 1190 1098 sic
1221 1049 1277 1094 et
1322 1040 1374 1093 in
1427 1037 1661 1106 linguam
1687 1027 1916 1086 dicentis
1944 1023 2185 1080 incidens

602 1140 773 1196 oratio
805 1135 1079 1200 Ecclesia,
1108 1127 1477 1186 vehementius
1501 1139 1659 1196 quam
1686 1120 1952 1191 zephyrus
1974 1128 2184 1171 sermo-

607 1246 729 1286 nem
755 1235 1051 1300 promovet.
1085 1223 1371 1291 Propterea
1421 1232 1520 1272 nos
1548 1216 1708 1270 etiam
1739 1209 1976 1282 quotidie
2006 1205 2181 1300 confl-

600 1295 789 1376 denter
837 1316 903 1371 ad
962 1321 1233 1370 certamen
1273 1324 1371 1364 nos
1423 1305 1768 1376 accingimus.
1819 1301 1876 1356 Si
1933 1297 2074 1353 enim
2129 1295 2182 1348 in

596 1409 834 1467 externis
885 1403 1262 1461 certaminibus
1291 1400 1552 1470 quispiam
1585 1437 1599 1462 ,
1628 1395 1713 1450 cui
1744 1393 1931 1448 decem
1978 1396 2182 1444 tantum

595 1509 690 1557 aut
711 1499 892 1570 viginti
921 1495 1116 1551 fuerint
1143 1493 1297 1546 amici
1327 1492 1378 1544 in
1428 1498 1580 1544 tanto
1602 1486 1817 1558 populo,
1864 1482 2110 1538 alacriter
2130 1479 2182 1534 in

596 1608 814 1650 arenam
840 1588 1111 1646 descendit
1145 1603 1158 1640 :
1189 1585 1356 1640 multo
1382 1583 1549 1652 magis
1575 1595 1693 1647 nos,
1743 1578 1835 1648 qui
1862 1590 1968 1631 non
1995 1574 2183 1630 decem

595 1695 686 1739 aut
713 1681 920 1753 viginti,
978 1677 1073 1734 sed
1106 1684 1275 1733 totum
1303 1675 1570 1730 theatrum
1618 1686 1685 1725 ex
1725 1667 1973 1724 fratribus
2022 1665 2186 1735 patri-

596 1775 800 1844 basque
850 1771 1138 1827 conflatum
1179 1767 1457 1828 habemus,
1487 1761 1818 1819 conﬁdenter
1863 1758 1915 1813 id
1940 1769 2180 1827 agemus.

596 1863 830 1920 Tametsi
851 1863 902 1918 in
929 1861 1169 1918 externis
1185 1855 1569 1914 certaminibus
1587 1868 1691 1908 non
1716 1851 1943 1905 multum
1969 1847 2186 1918 prodest

599 1955 814 2010 athleta:
866 1951 1092 2008 certanti
1149 1957 1438 2020 spectator,
1485 1945 1585 2000 nisi
1636 1943 1775 1998 forte
1801 1950 1862 1996 ut
1889 1940 2085 1995 clamet
2130 1947 2186 1992 et

600 2044 780 2102 laudet
831 2057 950 2113 quas
995 2050 1274 2112 geruntur,
1319 2047 1374 2093 et
1417 2038 1469 2092 in
1513 2033 1774 2106 superiori
1829 2033 1946 2087 loco
1992 2028 2187 2084 sedens

597 2152 718 2192 cum
773 2134 878 2188 illis
921 2130 1230 2194 contendat,
1274 2129 1364 2198 qui
1401 2125 1772 2182 contradicunt
1805 2141 1818 2176 :
1848 2122 1900 2176 in
1955 2119 2185 2175 stadium

595 2242 724 2282 vero
766 2223 1113 2288 descendere,
1145 2233 1468 2288 manumque
1495 2216 1786 2288 porrigere,
1815 2213 1901 2269 vel
1928 2211 2184 2266 adversa-

597 2317 660 2373 rii
709 2315 897 2388 pedem
952 2313 1197 2378 trahere,
1246 2310 1332 2365 vel
1383 2307 1528 2363 aliud
1579 2303 1843 2375 ejusmodi
1912 2300 2183 2371 quidpiam

596 2423 776 2478 agere,
808 2405 1028 2460 minime
1055 2404 1197 2458 licet.
1248 2401 1349 2470 Qui
1393 2400 1537 2456 enim
1580 2398 1649 2453 ab
1698 2396 1848 2451 initio
1891 2393 2183 2449 certamina

595 2500 687 2554 illa
711 2498 1121 2559 constituerunt,
1149 2493 1320 2549 acutis
1362 2492 1496 2563 palis
1523 2489 1738 2552 deﬁxis,
1771 2502 1835 2542 ac
1884 2486 2096 2541 funibus
2126 2485 2178 2537 in

595 2605 784 2662 gyrum
809 2587 1046 2644 extensis
1072 2592 1437 2656 spectatorum
1484 2579 1746 2636 insaniam
1790 2585 1995 2631 arcent.
2047 2574 2185 2642 Quid

599 2693 729 2734 vero
755 2679 971 2743 mirum,
1004 2677 1048 2732 si
1076 2674 1404 2732 descendere
1429 2670 1713 2742 spectatori
1743 2686 1847 2723 non
1884 2669 2027 2732 licet,
2060 2682 2181 2721 cum

601 2780 656 2827 ct
683 2773 946 2840 palaestra:
992 2769 1304 2838 magistrum
1327 2765 1551 2835 jubeant
1575 2763 1704 2816 foris
1730 2761 2006 2816 sedentem
2031 2758 2180 2827 juxta

599 2874 818 2914 arenam
846 2900 860 2923 ,
917 2873 947 2912 a
999 2859 1154 2927 longe
1202 2855 1531 2911 certantibus
1574 2852 1832 2908 doctrinm
1881 2850 2179 2905 subsidium

591 2951 855 3022 praebere,
885 2965 1051 3021 prepe
1091 2963 1221 3004 vero
1250 2963 1354 3003 non
1382 2947 1563 3002 sinant
1588 2944 1883 3001 accedere?
1929 2943 2027 2998 llic
2057 2957 2185 2997 vero

594 3059 702 3099 non
733 3043 803 3098 ita
852 3042 945 3107 ﬁt;
977 3040 1073 3096 sed
1101 3050 1158 3096 et
1197 3040 1402 3095 doctori
1431 3049 1485 3094 et
1524 3036 1812 3108 spectatori
1843 3036 1968 3091 licet
1991 3035 2058 3089 ad
2089 3050 2186 3088 nos

594 3134 947 3200 descendere,
999 3142 1157 3204 atque
1186 3131 1380 3188 aﬁ‘ectu
1423 3145 1589 3202 pmpe
1628 3130 1861 3194 adstare,
1912 3128 2186 3198 precibus-

594 3244 698 3299 que
725 3228 866 3282 vires
889 3226 1106 3281 addere.
1144 3227 1256 3296 Age
1281 3239 1414 3294 ergo
1443 3238 1593 3278 more
1618 3223 1940 3277 athletarum
1973 3220 2183 3275 illorum

592 3315 966 3388 aggrediamur
1018 3315 1330 3370 certamina.
1362 3313 1636 3384 Siquidem
1682 3313 1757 3367 illi
1789 3328 1908 3367 cum
1951 3327 2008 3366 se
2053 3312 2185 3366 invi-

593 3426 709 3466 cem
742 3409 946 3465 mcdios
974 3408 1377 3479 prehenderint,
1430 3422 1494 3462 ac
1546 3407 1598 3461 vi
1627 3422 1859 3460 nexuum
1890 3405 2088 3460 fuerint
2117 3405 2183 3459 ad

593 3503 1030 3557 circumstantem
1081 3514 1142 3554 se
1163 3503 1312 3554 -foris
1344 3499 1550 3554 turbam
1599 3499 1812 3568 impulsi
1843 3508 2060 3568 propter
2089 3514 2184 3551 an-

599 3594 804 3663 gustias
836 3593 957 3658 loci,
1013 3592 1235 3647 nexibus
1282 3592 1474 3646 solutis
1525 3592 1591 3646 ad
1643 3592 1956 3646 certaminis
2004 3591 2182 3645 locum

592 3698 780 3739 rursus
802 3692 1144 3739 revertuntur
1177 3683 1407 3738 :deinde
1440 3683 1722 3737 redeuntes
1751 3698 1856 3737 non
1887 3683 2021 3737 recti
2053 3697 2185 3736 con-

593 3775 906 3845 grediuntur
936 3787 1142 3839 rursus,
1162 3789 1346 3829 verum
1367 3775 1420 3828 in
1447 3774 1696 3829 eumdem
1723 3790 1782 3829 se
1805 3790 2036 3828 nexuum
2066 3789 2183 3828 mo-

594 3865 720 3919 dutn
748 3873 1051 3933 statumque
1081 3865 1384 3930 restituunt,
1418 3865 1469 3918 in
1494 3881 1598 3934 quo
1643 3873 1799 3920 antea
1835 3875 1960 3919 sunt
2003 3866 2181 3918 divisi.

593 3953 819 4022 Quando
850 3954 1010 4023 igitur
1037 3968 1134 4007 nos
1161 3969 1374 4024 quoque
1413 3970 1716 4009 sermonem
1747 3955 2026 4010 absolvere
2083 3957 2184 4009 loci

593 4045 838 4116 angustia
867 4045 1062 4114 coegit,
1092 4059 1188 4114 age
1225 4045 1290 4099 ad
1344 4046 1512 4114 ipsum
1543 4046 1716 4100 locum
1759 4047 2068 4100 certaminis
2097 4062 2184 4100 re-

595 4145 907 4200 vertentes,
971 4152 1139 4190 nexus
1195 4137 1261 4191 ab
1315 4138 1380 4191 iis
1429 4153 1546 4206 qua:
1601 4137 1859 4194 hodierno
1889 4140 1974 4195 die
2033 4142 2183 4196 nobis

593 4236 720 4281 sunt
745 4227 875 4282 lecta
903 4227 1188 4281 solvamus.
1231 4227 1296 4281 Et
1317 4231 1442 4282 dixit
1474 4229 1608 4283 Deus
1638 4273 1652 4294 ,
1690 4233 1878 4302 inquit,
1911 4234 2184 4289 Faciamus

595 4319 846 4371 hominem
907 4317 975 4370 ad
1049 4319 1321 4387 imaginth
1387 4333 1432 4373 et
1499 4321 1882 4378 similitudinem

597 4408 748 4475 (Gen.
780 4409 974 4478 1.*25).

665 4499 768 4554 Cur
811 4499 951 4554 Deus
999 4503 1213 4568 dixerit,
1270 4503 1547 4558 Faciamus
1579 4504 1871 4573 hominem,
1916 4524 2038 4576 non,
2068 4509 2185 4564 Fiat

595 4591 958 4661 bomo.-—(a)
978 4592 1150 4647 Unum
1181 4595 1282 4650 hoc
1313 4598 1539 4665 primum
1567 4602 1788 4666 quaesita
1819 4601 2057 4670 dignum,
2091 4619 2184 4656 cur

596 4680 830 4745 tandem,
859 4697 979 4736 cum
1011 4684 1196 4737 cmlum
1228 4683 1396 4749 ﬁeret,
1429 4702 1686 4756 nusquam
1713 4691 1905 4744 dictum
1941 4694 2040 4757 sit,
2079 4692 2185 4745 Fa-

591 4773 804 4838 ciamus,
835 4772 946 4836 sed,
981 4773 1100 4827 Fiat
1126 4775 1328 4840 cretum,
1353 4775 1474 4829 Fiat
1500 4778 1609 4843 lux,
1639 4789 1796 4849 atque
1828 4782 1896 4834 ita
1925 4783 1976 4835 in
2007 4783 2184 4852 singu-

593 4861 658 4916 lis
687 4872 1050 4917 creaturarum
1095 4864 1414 4934 generibus:
1461 4866 1545 4920 hic
1589 4884 1714 4923 vero
1744 4872 1914 4925 solum
1947 4873 2183 4928 additum

591 4953 661 5006 sit
689 4954 836 5019 illud,
863 4954 1155 5021 Faciamus,
1180 4965 1234 5011 et
1257 4959 1537 5013 consilium
1563 4976 1624 5014 ac
1651 4961 1965 5018 deliberatio
1989 4974 2183 5020 etcum

592 5046 764 5102 altero
785 5051 1030 5118 quopiam
1055 5050 1271 5106 honoris
1296 5063 1541 5108 consorte
1563 5057 2009 5112 communicatio?
2027 5060 2186 5127 Quis-

594 5154 717 5193 nam
749 5141 905 5209 igitur
935 5141 1022 5196 ille
1067 5142 1278 5198 tandem
1311 5155 1390 5198 eet
1415 5146 1502 5213 qui
1535 5147 1792 5201 creandus
1815 5191 1828 5214 ,
1860 5149 1944 5204 cui
1977 5160 2179 5204 tantum

595 5229 814 5286 honoris
842 5231 1152 5287 deferatur?
1179 5233 1350 5288 Homo
1378 5245 1460 5288 est
1484 5277 1498 5300 ,
1532 5251 1776 5306 magnum
1820 5240 1945 5293 illud
1987 5242 2182 5294 animal

585 5328 648 5372 et
666 5319 979 5378 admirabile
998 5364 1012 5386 ,
1043 5323 1290 5394 quodque
1317 5325 1460 5378 omni
1480 5336 1719 5380 creatura
1747 5331 2083 5396 prmstantius
2104 5341 2187 5385 est

596 5409 734 5477 apud
767 5409 930 5466 Deum
953 5453 966 5477 ,
997 5423 1214 5484 propter
1251 5431 1406 5486 quem
1438 5418 1625 5472 czclnm
1670 5429 1724 5474 et
1753 5430 1892 5476 terra
1939 5432 1989 5477 et
2039 5439 2185 5478 mare

596 5512 659 5553 ac
698 5501 958 5570 reliquum
1004 5518 1162 5560 omne
1211 5516 1471 5562 creatura:
1509 5523 1697 5579 corpus
1745 5521 1828 5566 est
1869 5513 2180 5569 conditum:

1960 4335 2185 4379 nostram

663 5630 1056 5713 initiis-proram
1079 5639 1248 5713 similia
1271 5642 1418 5713 habet
1435 5651 1567 5694 Hom.
1591 5647 1621 5695 8
1646 5649 1692 5696 in
1715 5650 1959 5708 Genesim,
1984 5651 2075 5701 col.
2102 5652 2181 5713 70,

600 5691 813 5774 ivqr
821 5770 830 5774 _
842 5691 989 5774 totam
1008 5714 1145 5774 .pene
1179 5691 1442 5771 Homiham.
1481 5691 2075 5774 iiiiséqii‘eiiniiiﬂitiﬁi'
2089 5691 2184 5765 liciti

602 5763 747 5809 rauca
770 5755 1038 5819 huiusmodi
1062 5767 1302 5824 reperies.

1364 365 1419 422 S.
1459 360 1735 420 JOANNIS
1760 348 2235 413 CHRYSOSTOMI
2279 348 2594 405 ARCIIIEP.
2635 347 3168 407 CONSTANTINOP.

2293 463 2473 532 homo,
2501 465 2653 535 cujus
2673 465 2742 521 ita
2775 465 2916 524 Deus
2943 467 3167 524 salutem
3191 468 3481 537 adamavit,
3505 479 3564 526 ut
3594 487 3663 530 ne
3692 473 3877 545 linige-

2291 556 2402 612 nite
2440 555 2654 628 quidem
2684 572 2784 612 suo
2812 568 3031 628 propter
3057 574 3180 616 eum
3211 570 3491 630 parceret:
3537 577 3716 632 neque
3740 566 3880 618 anim

2289 647 2466 701 omnia
2503 655 2760 717 prestare
2798 648 3080 719 molirique
3128 649 3351 716 destitit,
3395 650 3572 707 donec
3616 652 3672 706 in
3719 651 3880 706 altum

2289 747 2529 794 evectum
2559 738 2612 794 in
2645 752 2741 794 sua
2765 739 2986 797 dextera
3027 740 3328 798 collocavit.
3362 742 3650 799 Enimvero
3689 741 3884 798 clamat

2291 829 2343 884 id
2370 830 2568 886 Paulus
2589 831 2776 888 dicens
2800 850 2813 886 :
2839 832 3262 889 Conresuscitaeit
3284 845 3332 888 et
3359 837 3630 892 consedere
3653 838 3771 908 fecit
3793 853 3884 892 nos

2290 921 2344 974 in
2369 923 2646 978 caelestibus
2670 925 2724 978 in
2761 924 2963 979 Christo
2986 925 3113 980 Jesu
3145 924 3362 997 (Epha.
3389 927 3445 982 2.
3477 928 3557 996 6).
3589 927 3882 999 Propterea

2288 1013 2574 1068 consilium
2607 1023 2662 1070 et
2689 1013 3005 1070 deliberatio
3032 1025 3086 1072 et
3112 1018 3560 1083 communicatio,
3601 1033 3710 1072 non
3741 1019 3884 1088 quod

2289 1100 2523 1172 indigeat
2566 1105 2788 1160 consilio
2848 1105 3028 1172 Deus;
3077 1107 3218 1162 absit
3251 1125 3267 1162 :
3296 1107 3390 1163 sed
3436 1108 3550 1178 ipsa
3597 1109 3884 1164 verborum

2290 1193 2455 1262 ﬁgura
2495 1211 2603 1264 prae
2641 1211 2702 1252 se
2748 1195 2852 1252 fert
2895 1197 3179 1264 honorem,
3217 1199 3308 1270 qui
3339 1202 3580 1256 nascenti
3623 1200 3881 1258 defertur.

2288 1283 2389 1350 Qui
2448 1284 2510 1339 ﬁt
2554 1296 2732 1341 autem
2760 1326 2777 1352 ,
2829 1286 2971 1344 dicet
3034 1289 3268 1360 aliquis,
3324 1290 3371 1346 si
3422 1293 3764 1360 praestantior
3804 1303 3888 1349 est

2291 1383 2402 1429 toto
2442 1377 2661 1445 mundo,
2697 1389 2754 1434 ut
2791 1389 2914 1451 post
2955 1381 3211 1437 mundum
3241 1383 3612 1453 producatur?
3655 1385 3738 1441 0b
3785 1386 3886 1443 hoc

2288 1467 2462 1536 ipsum
2508 1470 2794 1538 nimirum,
2833 1473 2977 1543 quod
3006 1475 3210 1530 mundo
3249 1477 3591 1545 praestantior
3629 1479 3719 1534 sit.
3753 1479 3884 1535 Nam

2288 1558 2736 1627 quemadmodum
2760 1563 3068 1634 ingressum
3096 1566 3149 1620 in
3178 1566 3367 1623 urbem
3387 1569 3676 1638 quamdam
3708 1570 3881 1642 Impe-

2288 1656 2502 1716 ratore,
2547 1649 2748 1720 duces,
2776 1652 3052 1722 praefecti,
3085 1657 3372 1722 satellites.
3401 1674 3699 1731 omnesque
3741 1663 3890 1718 servi

2289 1739 2629 1808 praicedunt,
2662 1751 2722 1798 ut
2750 1744 2946 1814 palatio
2982 1747 3262 1814 adornata,
3300 1759 3354 1805 et
3389 1751 3536 1805 omni
3579 1752 3687 1806 alio
3727 1754 3884 1808 mini-

2290 1832 2454 1885 sterio
2492 1845 2827 1903 praeparato,
2871 1853 3065 1909 magno
3101 1854 3223 1895 cum
3269 1839 3472 1897 honore
3497 1841 3893 1913 Imperatorem

2290 1924 2558 1993 excipiant
2598 1943 2611 1978 :
2645 1927 2721 1982 sic
2749 1929 3000 1985 nimirum
3031 1941 3084 1987 et
3114 1933 3233 1999 hic,
3276 1936 3424 2003 quasi
3463 1936 3886 1994 introducendns

2289 2027 2384 2068 rex
2416 2023 2594 2081 esset,
2626 2017 2706 2072 sol
2749 2022 3023 2088 prmcessit
3048 2063 3061 2083 .
3091 2022 3278 2078 cadum
3324 2028 3709 2094 praecucurrit,
3741 2029 3885 2098 prius

2291 2103 2590 2173 ingressum
2611 2117 2694 2163 est
2715 2108 2914 2172 lumen.
2942 2123 3120 2168 creata
3147 2125 3271 2168 sunt
3292 2119 3470 2170 omnia
3495 2107 3548 2173 ἐι
3577 2119 3837 2173 adornata
3866 2163 3883 2187 ,

2293 2203 2512 2267 tumque
2538 2199 2710 2254 multo
2733 2215 2855 2256 cum
2885 2204 3089 2260 honore
3115 2205 3278 2262 homo
3308 2208 3664 2264 introducitur
3689 2212 3789 2282 (ο).

2373 2287 2573 2358 Vocem,
2602 2288 2883 2348 Faciamus
2905 2335 2922 2362 ,
2951 2295 3187 2362 discutit,
3230 2308 3284 2350 ut
3321 2300 3389 2351 ad
3416 2298 3747 2371 Uuigenitunt
3794 2303 3890 2358 Dei

2290 2378 2455 2445 ﬁlium
2493 2385 2870 2451 agnoscendum
2922 2387 3086 2442 hostes
3126 2390 3346 2445 ueritatis
3377 2393 3619 2446 adducat.
3656 2395 3883 2449 Anthro-

2291 2476 2641 2544 pontorphitas
2682 2479 2962 2549 redarguit.
2981 2510 3050 2520 —
3091 2481 3363 2538 Faciamus
3390 2485 3642 2540 hominem
3665 2488 3736 2539 ad
3759 2489 3885 2540 inut-

2291 2560 2478 2631 ginem.
2524 2565 2719 2623 Audiat
2765 2567 3001 2626 Judmus.
3049 2571 3128 2626 Ad
3157 2587 3317 2642 quem
3346 2574 3479 2632 dicit
3504 2575 3667 2642 Deus,
3698 2575 3884 2632 Facia-

2291 2672 2404 2710 mus
2421 2657 2626 2714 tMosis
2653 2671 2778 2716 sunt
2806 2661 2994 2729 literae,
3024 2663 3205 2733 Hosis,
3232 2668 3319 2721 cui
3348 2683 3407 2724 se
3430 2668 3656 2724 credere
3679 2669 3880 2734 dicunt,

2289 2756 2343 2802 et
2385 2750 2736 2806 mentiuntur.
2785 2753 2855 2810 Ut
2895 2756 3038 2811 enim
3077 2759 3217 2813 scias
3256 2758 3375 2816 illos
3417 2762 3632 2816 mentiri
3677 2772 3732 2817 et
3780 2777 3888 2817 non

2289 2841 2530 2909 credere,
2557 2842 2828 2903 Christum
2859 2849 2980 2906 illos
3007 2853 3414 2908 convincentem
3442 2854 3586 2918 audi,
3609 2870 3676 2910 ac
3703 2855 3885 2910 dicen-

2291 2944 2397 2990 tem
2428 2955 2441 2991 :
2487 2936 2548 2992 Si
2572 2940 2840 2995 crederetis
2870 2940 3069 3013 Moysi,
3099 2945 3368 3000 crederetis
3391 2957 3438 3000 et
3468 2948 3591 3000 mihi
3617 2948 3760 3017 (λοσ-
3786 2992 3798 3002 .
3829 2951 3880 3005 5.

2292 3027 2405 3095 46).
2435 3027 2553 3083 iam
2584 3045 2712 3086 vero
2739 3033 2881 3102 apud
2908 3034 3027 3090 illos
3053 3037 3267 3106 quidem
3294 3049 3416 3093 sunt
3447 3039 3589 3107 libri,
3617 3047 3762 3110 apud
3791 3058 3884 3098 nos

2291 3131 2468 3177 autem
2520 3125 2779 3182 librorum
2829 3128 3146 3186 thesaurus:
3175 3132 3314 3202 apud
3361 3133 3482 3190 illos
3511 3135 3698 3200 Iiterm,
3746 3138 3884 3209 apud

2291 3231 2390 3271 nos
2436 3228 2490 3272 et
2530 3218 2720 3285 literzc,
2765 3229 2820 3276 et
2862 3224 3166 3278 sentcntiae.
3203 3224 3287 3278 Ad
3326 3240 3485 3294 quem
3535 3227 3698 3296 igitur
3735 3230 3884 3296 dicit,

2291 3305 2567 3363 Faciamus
2592 3311 2845 3366 hominem
2862 3311 2888 3363 .9
2915 3312 2994 3366 Ad
3023 3313 3269 3383 angelum
3289 3356 3306 3379 ,
3337 3315 3510 3384 inquit
3528 3358 3544 3382 ,
3574 3317 3658 3372 vel
3686 3319 3756 3374 ad
3796 3336 3884 3375 ar-

2290 3398 2604 3470 changelum
2648 3402 2962 3472 simpliciter
3009 3403 3168 3459 verba
3218 3405 3367 3461 facit.
3404 3406 3472 3463 Ut
3510 3410 3654 3464 enim
3698 3412 3886 3466 verbe-

2289 3506 2452 3546 rones
2480 3491 2690 3557 famuli,
2722 3493 2848 3548 dum
2878 3494 2946 3550 ab
2977 3494 3122 3550 heris
3162 3507 3516 3566 accusantur,
3551 3514 3654 3555 nec
3689 3503 3884 3560 habent

2290 3584 2430 3651 quod
2458 3585 2537 3638 eis
2565 3594 2748 3653 aperte
2777 3587 3158 3656 respondeant,
3186 3589 3444 3662 quidquid
3471 3593 3524 3646 in
3552 3593 3774 3649 bucctm
3798 3612 3884 3652 ve-

2291 3676 2430 3728 nerit
2459 3675 2769 3743 proferunt:
2801 3679 2879 3732 sic
2902 3688 2956 3733 ct
2996 3694 3090 3734 vos
3115 3680 3181 3734 ad
3221 3681 3469 3751 angelum
3498 3693 3557 3738 et
3593 3685 3885 3759 archange-

2292 3767 2398 3819 lum
2431 3766 2545 3821 haac
2583 3782 2703 3824 esse
2739 3769 2877 3824 dicta
2923 3771 3098 3826 vultis.
3128 3771 3298 3838 Quem
3339 3774 3555 3829 tandem
3593 3779 3884 3848 angelum?

2289 3873 2448 3927 quem
2466 3859 2875 3931 archangelum?
2897 3863 3077 3932 Neque
3093 3867 3236 3920 enim
3254 3868 3563 3937 angelorum
3581 3880 3665 3925 est
3678 3886 3880 3937 creare,

2293 3965 2466 4018 neque
2495 3952 2937 4024 archangelorum
2983 3956 3098 4012 inec
3123 3962 3355 4027 operari.
3400 3963 3579 4028 Quare
3605 3979 3735 4018 vero
3761 3980 3880 4019 cum

2290 4041 2479 4094 cazlum
2509 4043 2726 4112 quidem
2755 4046 3028 4113 conderet,
3063 4063 3170 4103 non
3200 4049 3335 4105 dixit
3359 4056 3552 4122 angelo
3578 4064 3633 4110 et
3658 4057 3883 4111 archan-

2287 4132 2428 4200 gelo,
2457 4133 2552 4188 sed
2586 4150 2679 4203 per
2706 4151 2766 4192 se
2793 4137 2941 4192 illum
2966 4139 3252 4210 produxit:
3282 4159 3403 4199 cum
3435 4161 3569 4202 vero
3589 4149 3724 4204 caelo
3752 4159 3882 4204 toto-

2290 4238 2394 4301 que
2436 4225 2634 4279 mundo
2667 4231 3008 4296 priestantitts
3047 4235 3245 4288 animal
3295 4237 3544 4305 produxit
3572 4239 3842 4297 hominem
3865 4285 3881 4309 ,

2293 4321 2403 4367 tum
2429 4330 2620 4371 servos
2649 4319 2749 4372 sibi
2778 4323 2954 4377 socios
2979 4326 3268 4380 creationis
3294 4327 3588 4385 adsciscit?

2362 4407 2418 4460 2.
2458 4409 2572 4475 Non
2617 4413 2688 4465 ita
2720 4423 2832 4480 est,
2867 4417 3023 4485 plane
3055 4433 3158 4472 non
3185 4421 3255 4474 ita
3285 4430 3409 4487 est;
3441 4424 3641 4494 quippe
3667 4430 3879 4500 angelo,

2290 4516 2406 4553 rum
2446 4512 2529 4557 est
2570 4506 2842 4570 assistere,
2887 4524 2991 4563 non
3042 4526 3262 4567 creare:
3311 4514 3758 4586 archangelorum
3806 4532 3883 4576 est

2290 4592 2612 4656 ministrare.
2645 4613 2750 4652 non
2775 4602 3086 4672 participem
3111 4619 3233 4661 esse
3262 4612 3544 4666 sententia:
3566 4599 3628 4667 'ét
3650 4616 3879 4670 consilii.

2291 4684 2428 4738 Audi
2456 4687 2582 4755 quid
2619 4690 2687 4743 de
2727 4693 3010 4748 virtutibus
3052 4695 3372 4766 Seraphim,
3411 4715 3531 4770 qua
3552 4705 3884 4777 archangelis

2294 4786 2415 4829 sunt
2444 4779 2715 4848 celsiores,
2749 4783 2890 4838 dicat
2923 4787 3081 4840 Isaias
3125 4807 3137 4840 :
3173 4787 3288 4843 Vidi
3322 4790 3598 4850 Dominum
3635 4800 3884 4853 sedentem

2291 4882 2445 4936 super
2469 4871 2652 4923 solium
2681 4875 2932 4930 excelsum
2957 4887 3004 4930 et
3032 4880 3298 4948 eleuatum,
3329 4895 3378 4938 et
3405 4885 3684 4954 Seraphin:
3708 4892 3881 4945 adsta-

2292 4965 2408 5014 bant
2439 4963 2489 5014 in
2511 4965 2722 5017 circuitu
2752 4969 2864 5035 ejus
2886 4985 2904 5021 :
2928 4987 3016 5023 sea:
3039 4972 3137 5024 ala:
3161 4975 3270 5036 uni,
3305 4987 3351 5029 et
3375 4992 3462 5030 se:
3490 4981 3588 5032 ala
3624 4983 3774 5036 alteri
3797 5001 3816 5047 ;
3839 4994 3884 5037 et

2292 5055 2486 5109 duabus
2510 5059 2708 5126 quidem
2727 5062 2823 5114 alis
2840 5066 3126 5132 aperiebant
3153 5069 3308 5136 facies
3331 5087 3452 5125 suas
3468 5071 3623 5141 (Isai.
3649 5077 3702 5129 6.
3736 5078 3788 5131 1.
3806 5079 3880 5145 2),

2293 5155 2350 5199 ut
2374 5149 2577 5204 scilicet
2617 5153 2803 5207 oculos
2831 5169 2955 5208 suos
2985 5158 3252 5214 munirent
3276 5203 3290 5222 ,
3320 5165 3461 5232 quod
3488 5168 3824 5222 exsilientem
3855 5186 3884 5224 c

2291 5239 2424 5292 solio
2454 5239 2711 5310 fulgorem
2757 5246 3026 5302 sustinere
3054 5263 3158 5303 non
3188 5262 3425 5321 possent.
3455 5256 3592 5322 Quid
3637 5259 3758 5312 ais?
3785 5259 3879 5313 Se-

2292 5333 2498 5400 raphim
2526 5334 2760 5400 adstant,
2791 5347 2842 5391 et
2868 5348 3008 5392 tanta
3041 5351 3162 5396 sunt
3194 5344 3547 5402 admiratione
3576 5363 3640 5403 ac
3668 5359 3879 5419 stupore

2291 5435 2557 5495 correpta,
2584 5427 2740 5498 idque
2762 5445 2883 5486 cum
2913 5433 3005 5487 Dei
3029 5434 3242 5490 videant
3270 5438 3648 5510 indulgentiam
3675 5463 3689 5510 ;
3711 5445 3873 5516 angeli

2292 5530 2419 5570 vero
2467 5527 2522 5571 et
2568 5521 2774 5576 consilii
2818 5537 2941 5580 sunt
2992 5527 3320 5598 participes,
3371 5534 3874 5608 consultationisque

2362 5782 2432 5844 (σι)
2469 5781 2579 5833 Vide
2604 5781 2810 5833 Similem
2836 5789 3128 5837 sententiam
3160 5795 3291 5839 Hom.
3321 5789 3350 5838 8
3374 5805 3423 5841 tn
3447 5798 3564 5842 Gen.
