4180 6498
344 474 452 533 539

345 591 671 649 consortes?
697 588 754 645 ld
785 588 930 644 nullo
956 584 1119 642 modo
1151 594 1234 643 est
1270 584 1473 642 rationi
1502 593 1946 642 consentanea.

344 682 453 741 Sed
478 683 600 754 quis
640 682 731 736 ille
755 689 838 736 est
866 678 931 733 ad
961 694 1119 749 quem
1160 676 1311 743 dicit,
1344 674 1619 733 Faciamus
1659 675 1914 728 hominem
1934 673 1959 725 ?

344 771 713 836 Admirabilis,
737 769 1324 840 consiliarius,potcn's,
1346 768 1481 822 Deus
1506 767 1679 832 fortis,
1707 766 1957 836 princeps

346 865 517 936 pacis,
546 876 699 935 pater
723 862 886 916 futuri
922 861 1103 915 smcnli
1138 858 1290 931 (lsai.
1321 859 1373 914 9.
1400 858 1480 928 6),
1516 858 1632 927 ipse
1662 866 1747 916 est
1773 855 1957 925 unige-

346 959 491 1013 nitus
514 958 605 1012 Dei
636 954 821 1009 Filius.
856 954 934 1009 Ad
958 970 1079 1009 eum
1102 954 1266 1026 igitur
1291 953 1456 1016 dicit,
1490 950 1765 1005 Faciamus
1791 948 1958 1003 Itami-

344 1067 463 1105 nem
482 1050 550 1103 ad
566 1049 837 1117 imaginem
858 1059 903 1101 et
926 1046 1313 1100 similitudinem
1338 1053 1584 1099 nostram.
1610 1042 1793 1113 Neque
1809 1040 1955 1096 enim

341 1144 478 1199 dixit
507 1159 679 1198 meam
711 1152 766 1197 ct
796 1152 938 1196 tuam
961 1184 974 1203 ,
1004 1140 1088 1196 vel
1117 1154 1293 1194 meam
1321 1148 1377 1193 et
1407 1146 1639 1193 vestram
1661 1178 1677 1203 ,
1709 1135 1808 1191 sed
1827 1178 1843 1202 ,
1872 1136 1955 1189 Ad

332 1236 615 1307 imaginem
640 1243 868 1287 nostram
888 1276 903 1299 ,
932 1231 1175 1287 indicans
1202 1229 1491 1300 imaginem
1524 1242 1686 1282 unam
1715 1235 1771 1281 et
1789 1242 1953 1281 unam

340 1326 748 1382 siilitndinem
772 1344 789 1379 :
814 1335 874 1378 at
912 1325 1009 1378 Dei
1045 1331 1103 1377 et
1133 1322 1449 1393 angelorum
1468 1330 1599 1403 οι
1635 1319 1814 1390 imago
1843 1334 1951 1373 non

338 1427 458 1483 σι,
486 1432 661 1489 neque
690 1432 794 1471 una
826 1414 1142 1470 similitudo.
1175 1414 1276 1482 Qui
1311 1412 1455 1469 enim
1490 1422 1675 1482 posset
1710 1426 1814 1465 una
1848 1411 1954 1464 Do-

338 1509 471 1566 mini
498 1518 552 1563 et
580 1509 903 1564 famulorum
941 1522 1065 1562 esse
1103 1507 1278 1577 imago
1317 1516 1371 1560 et
1398 1504 1739 1561 similitudo?
1768 1504 1952 1574 Itaque

337 1601 485 1654 omni
519 1616 581 1655 ex
611 1609 778 1670 'parte
813 1598 1153 1654 convincitur
1205 1597 1324 1650 falsi
1370 1610 1551 1651 sermo
1579 1605 1798 1651 vester:
1825 1610 1947 1649 nam

335 1694 647 1748 dominatus
674 1693 958 1763 imaginem
991 1692 1077 1745 hic
1106 1690 1390 1761 significat,
1421 1698 1478 1743 ut
1509 1689 1709 1744 indicat
1729 1688 1949 1759 etquod

344 1788 597 1857 sequitur.
649 1784 786 1840 Cum
819 1783 965 1839 enim
1005 1783 1265 1863 dixisset,
1298 1782 1378 1836 Ad
1412 1782 1684 1853 imaginem
1723 1791 1770 1835 et
1802 1781 1948 1835 simi-

335 1877 641 1939 litudinem,
698 1874 890 1945 adjecit
937 1891 951 1928 :
1015 1872 1081 1927 Et
1135 1873 1463 1928 dominentur
1516 1873 1735 1945 piscibus
1791 1872 1948 1926 maris

335 1967 489 2037 (Gen.
531 1984 583 2023 ι.
628 1966 767 2037 26):
806 1965 1113 2020 dominatus
1153 1973 1331 2020 autem
1380 1964 1474 2020 Dei
1525 1973 1579 2019 et
1628 1962 1945 2033 angelorum

335 2076 477 2116 unus
498 2075 617 2116 esse
656 2059 861 2131 nequit.
894 2059 1177 2129 Quomodo
1219 2060 1364 2114 enim
1407 2074 1528 2115 esse
1558 2068 1779 2128 posset,
1821 2074 1944 2113 cum

333 2167 473 2207 unus
529 2166 809 2207 servorum
867 2151 936 2206 sit
1000 2160 1055 2205 et
1109 2151 1245 2205 alter
1302 2150 1556 2215 Domini,
1621 2149 1942 2204 famulorum

332 2260 473 2300 unus
511 2252 563 2299 et
604 2244 744 2299 alter
778 2243 1125 2313 imperantis?
1155 2240 1261 2297 Sed
1294 2250 1349 2296 et
1383 2241 1471 2295 alii
1511 2240 1729 2311 quidam
1756 2256 1945 2295 rursus

331 2335 387 2389 in
426 2349 525 2389 nos
562 2335 840 2405 insurgunt
867 2333 1109 2389 dicentes
1134 2375 1148 2398 ,
1180 2332 1347 2388 Deum
1374 2332 1534 2387 talem
1578 2330 1779 2387 habere
1806 2333 1942 2386 ima-

329 2427 509 2497 ginem
559 2425 771 2495 qualem
821 2432 877 2480 et
923 2439 1061 2490 nos,
1107 2423 1247 2479 male
1290 2423 1650 2494 intelligentes
1680 2421 1822 2492 quod
1862 2423 1943 2475 di-

328 2523 476 2571 ctum
522 2524 625 2571 est.
667 2514 852 2587 Neque
894 2516 1039 2570 enim
1071 2514 1385 2569 substantia:
1429 2512 1564 2567 dixit
1616 2514 1934 2582 imaginem,

328 2608 423 2663 sed
471 2606 781 2662 dominatus
839 2606 1165 2677 imaginem,
1223 2616 1280 2659 ut
1342 2620 1406 2660 ex
1466 2605 1532 2659 iis
1588 2619 1709 2676 qua:
1743 2604 1941 2660 deinde

328 2699 690 2770 adjiciuntur,
744 2699 1111 2755 ostendemus.
1169 2696 1240 2753 Ut
1296 2696 1439 2751 enim
1506 2696 1645 2751 scias
1704 2696 1938 2751 humana

324 2790 500 2847 forma
543 2790 827 2861 prmditom
855 2806 962 2844 non
1002 2805 1124 2845 esse
1162 2788 1394 2854 Numen,
1436 2787 1560 2843 audi
1596 2787 1819 2843 Paulum
1858 2789 1939 2843 di-

326 2892 540 2939 centeni
572 2900 587 2937 :
628 2878 718 2934 Vir
741 2878 945 2952 quidem
985 2896 1088 2935 non
1117 2880 1261 2934 debet
1300 2878 1458 2933 velari
1481 2918 1497 2944 ,
1523 2895 1639 2931 cum
1676 2879 1741 2933 sit
1766 2878 1936 2947 imago

325 2985 372 3030 et
391 2975 555 3047 gloria
574 2972 668 3028 Dei
689 2990 707 3026 :
732 2972 913 3027 mulier
934 2983 1100 3027 autem
1122 2972 1403 3043 gloria'viri
1422 2980 1495 3025 est
1519 2970 1593 3043 (1.
1613 2970 1732 3027 Cor.
1754 2972 1843 3026 11.
1858 2972 1931 3042 7);

326 3075 595 3137 propterea
642 3066 819 3129 debet,
871 3065 1072 3135 inquit,
1126 3064 1291 3118 uelum
1337 3065 1522 3117 habere
1570 3080 1729 3132 supra
1779 3074 1935 3135 caput

328 3160 490 3232 (Ibid.
532 3177 581 3213 υ.
614 3156 725 3229 10).
766 3157 1052 3213 Enimvero
1077 3158 1120 3211 si
1163 3155 1268 3211 hoe
1291 3156 1411 3211 loco
1437 3155 1724 3225 imaginem
1751 3154 1801 3209 id
1834 3170 1931 3224 ap-

326 3251 564 3319 pellavit,
596 3249 859 3319 tequalem
889 3247 1085 3302 divinae
1113 3248 1259 3301 omni
1290 3262 1357 3301 ex
1388 3257 1541 3316 parte
1567 3246 1753 3300 forma:
1783 3246 1935 3301 simi-

325 3341 607 3396 litudinem
643 3338 971 3409 significans,
1019 3348 1075 3394 et
1116 3338 1319 3394 idcirco
1365 3338 1459 3393 Dei
1505 3338 1681 3409 imago
1709 3346 1935 3393 vocatur

324 3433 509 3497 homo,
531 3433 651 3503 quia
678 3430 939 3492 Deusboe
956 3440 1112 3500 pacto
1135 3431 1389 3500 ﬁguratus
1413 3439 1497 3484 est
1520 3448 1531 3481 :
1563 3431 1718 3501 igitur
1740 3446 1932 3485 secun-

321 3524 452 3581 dum
480 3525 598 3579 illos
625 3537 731 3578 non
759 3521 929 3576 virum
961 3530 1168 3576 tantum
1188 3522 1254 3575 ad
1283 3521 1571 3591 imaginem
1599 3521 1797 3577 factum
1825 3521 1928 3576 dici

320 3617 628 3689 oportebat,
654 3614 747 3671 sed
771 3614 932 3670 etiam
964 3613 1263 3667 mulierem.
1284 3612 1523 3667 Mulieris
1552 3614 1695 3668 enim
1722 3614 1931 3683 virique

323 3711 491 3782 ﬁgura
522 3716 577 3764 et
604 3706 773 3762 forma
798 3713 853 3761 et
880 3703 1174 3759 similitudo
1202 3712 1285 3758 est
1312 3718 1436 3757 una.
1472 3703 1643 3769 Quam
1674 3705 1833 3774 igitur
1860 3704 1929 3760 ob

319 3817 540 3859 causam
568 3802 742 3871 imago
770 3800 862 3854 Dei
891 3800 972 3852 vir
1000 3798 1215 3863 dicitur,
1247 3798 1446 3851 mulier
1465 3812 1594 3852 vero
1622 3812 1726 3851 non
1756 3798 1881 3853 item
1905 3798 1929 3852 ?

318 3893 454 3963 Quia
483 3893 735 3948 nimirum
761 3906 867 3945 non
897 3890 964 3945 de
995 3889 1227 3960 imagine
1257 3889 1587 3944 mentionem
1615 3889 1778 3954 facit,
1807 3906 1929 3959 quae

319 3988 377 4043 in
404 3986 575 4041 forma
615 3984 717 4040 sita
756 3983 847 4047 sit,
876 3982 969 4037 sed
1000 3982 1068 4037 de
1105 3980 1336 4051 imagine
1375 3995 1495 4050 qua:
1538 3980 1592 4034 in
1624 3980 1922 4043 dominatu,

317 4093 475 4149 quam
504 4077 652 4131 solus
678 4074 843 4130 homo
870 4071 1053 4140 habet,
1086 4055 1191 4126 non
1219 4080 1400 4125 autem
1430 4071 1643 4124 mulier.
1674 4070 1807 4124 Nam
1840 4070 1926 4123 hie

316 4169 535 4242 quidem
563 4166 765 4222 nemini
788 4164 1031 4219 subditus
1060 4171 1171 4225 est,
1202 4162 1289 4215 illa
1321 4162 1447 4216 huic
1475 4160 1709 4227 subdita,
1741 4177 1927 4230 quem-

317 4262 607 4318 admodum
665 4259 836 4329 inquit
879 4258 1068 4311 Deus:
1126 4256 1205 4308 Ad
1261 4255 1425 4308 virum
1469 4264 1609 4307 tuum
1667 4255 1925 4308 conversio

319 4364 441 4420 tua,
488 4364 532 4408 et
575 4355 684 4422 ipse
725 4351 799 4403 tui
841 4349 1182 4424 domjnabitur
1215 4349 1231 4416 (
1259 4347 1386 4401 Gen.
1440 4349 1492 4401 5.
1543 4344 1673 4417 16).
1723 4346 1925 4401 Idcirco

320 4446 415 4501 Dei
450 4446 664 4516 quidem
710 4444 886 4513 imago
929 4452 1011 4497 est
1062 4444 1163 4505 vir,
1216 4442 1337 4511 quia
1388 4441 1758 4495 sublimiorem
1806 4441 1925 4494 nul-

316 4541 427 4595 lum
462 4536 659 4602 habet,
691 4536 1141 4607 quemadmodum
1174 4536 1283 4589 Deo
1309 4534 1591 4589 sublimior
1612 4543 1695 4587 est
1723 4533 1920 4601 nullus,

316 4633 415 4690 sed
465 4632 713 4686 omnibus
760 4631 1109 4684 dominatur:
1168 4628 1366 4682 mulier
1421 4641 1548 4680 vero
1598 4626 1764 4696 gloria
1818 4626 1922 4679 viri

316 4733 437 4788 est,
492 4723 613 4792 quia
672 4721 785 4775 viro
838 4718 1077 4787 subjecta
1134 4728 1233 4773 est.
1280 4718 1343 4771 Et
1390 4717 1515 4771 alibi
1573 4733 1760 4771 rursus
1801 4717 1920 4771 ait:

318 4814 442 4869 Non
497 4813 731 4867 debemus
778 4811 1029 4865 atslimare
1075 4826 1230 4874 auro,
1279 4818 1365 4861 aut
1412 4820 1656 4876 argento,
1704 4818 1791 4862 aut
1840 4810 1920 4863 la-

316 4907 459 4977 ptdi,
511 4906 588 4959 vel
631 4904 908 4973 sculptura:
944 4903 1099 4967 artis,
1150 4910 1237 4953 aut
1293 4900 1614 4969 c0gitationis
1662 4900 1917 4966 hominis,

320 4997 645 5051 Divinilatem
689 5012 793 5051 esse
834 4996 1049 5049 similem
1099 4993 1232 5064 (εἱσι.
1266 4993 1351 5047 17.
1385 4991 1492 5061 16).
1538 4992 1689 5060 Quod
1739 5004 1918 5048 autem

313 5089 468 5153 dicit,
501 5090 638 5141 hanc
668 5086 989 5141 sententiam
1018 5085 1179 5138 habet
1205 5106 1217 5139 :
1252 5099 1356 5138 non
1387 5083 1547 5138 modo
1577 5085 1772 5153 ﬁguras
1802 5101 1921 5154 quce

316 5188 609 5238 cernuntur
633 5181 843 5234 excedit
871 5179 1101 5242 Numen,
1133 5177 1228 5233 sed
1257 5193 1429 5247 neque
1454 5193 1607 5231 mens
1636 5178 1920 5234 cfiormare

317 5276 425 5332 tale
450 5272 700 5345 quiddam
728 5280 901 5341 potest
926 5314 939 5339 ,
971 5272 1145 5340 qualis
1172 5279 1255 5325 est
1282 5272 1441 5325 Deus.
1469 5270 1568 5338 Qui
1600 5271 1712 5325 ﬁeri
1747 5281 1916 5342 potest

314 5382 467 5438 ergo,
491 5376 547 5420 ut
578 5365 810 5420 hominis
839 5364 1061 5433 figuram
1094 5361 1291 5417 habeat
1325 5363 1485 5426 Deus,
1518 5378 1639 5417 eum
1674 5380 1739 5418 ne
1769 5381 1919 5419 men-

316 5473 424 5518 tem
452 5460 668 5533 quidem
698 5460 862 5515 ullam
890 5474 1046 5530 posse
1085 5460 1229 5515 dicat
1263 5459 1462 5514 Paulus
1502 5462 1790 5515 essentiam
1827 5460 1917 5514 Dei

314 5552 459 5623 apud
501 5569 561 5608 se
608 5554 932 5625 cogitatione
982 5551 1313 5607 informare?
1356 5551 1634 5621 Siquidem
1693 5552 1918 5606 fortnam

316 5656 555 5700 nostram
581 5660 644 5700 ac
672 5647 891 5716 figuram
919 5660 1107 5700 omnes
1133 5644 1270 5713 apud
1302 5658 1397 5697 nos
1420 5644 1743 5713 cogitatione
1769 5645 1921 5701 facile

315 5740 586 5813 possimus
616 5738 926 5795 informare.
974 5739 1183 5794 Rursus
1225 5737 1294 5793 de
1332 5738 1675 5809 clcemosyna
1717 5754 1922 5793 serum-

316 5846 439 5887 netn
469 5829 665 5886 inferre
688 5840 1000 5896 statueram,
1033 5829 1127 5885 sed
1158 5829 1313 5885 nobis
1343 5840 1553 5897 tempus
1586 5830 1636 5884 id
1668 5847 1773 5884 non
1801 5848 1922 5900 pcr-

316 5924 517 5979 mittit:
568 5932 886 6001 quaproptet
939 5922 1099 5978 ﬁnem
1147 5921 1235 5977 hic
1280 5921 1493 5977 dicendi
1539 5920 1817 5988 faciamus,
1873 5925 1916 5977 si

1590 467 1660 526 IN
1696 465 1994 525 GENESIM
2036 464 2266 523 δεκΜο
2302 466 2393 523 Ill.

2071 582 2219 652 prius
2247 580 2317 637 ad
2358 579 2488 637 illud
2532 596 2628 639 vos
2658 583 2924 641 cohortati
2970 585 3257 656 fuerimus,
3302 598 3360 645 ut
3398 589 3658 663 diligente
3685 610 3713 647 r

2068 674 2249 728 omnia
2275 688 2396 744 qua:
2418 673 2561 731 dicta
2582 685 2709 732 sunt
2732 678 3010 733 memoriae
3038 679 3326 748 mandetis,
3355 682 3692 754 multamque

2070 776 2231 821 rectm
2256 768 2684 824 conversationis
2702 784 2886 825 curam
2912 772 3135 842 geratis,
3172 786 3241 827 ne
3269 772 3463 828 frustra
3495 782 3552 830 et
3571 775 3691 831 sine

2068 858 2243 913 fructu
2285 860 2542 915 collectas
2583 875 2827 933 agamus.
2879 864 3138 931 Quamvis
3180 867 3325 925 enim
3372 867 3688 937 dogmatum

2067 951 2441 1008 reetitudiuem
2472 968 2859 1012 conservemus
2882 998 2897 1023 ,
2931 958 3036 1012 nisi
3067 973 3293 1028 operum
3320 961 3494 1014 virtus
3532 974 3686 1016 acce-

2063 1041 2191 1111 dat,
2238 1046 2458 1101 omnino
2505 1062 2536 1101 a
2579 1047 2685 1102 vita
2724 1057 2925 1105 aeterna
2980 1051 3313 1107 excidemus.
3368 1051 3491 1107 Non
3535 1054 3687 1110 enim

2065 1137 2252 1200 omnis,
2280 1136 2489 1208 inquit,
2513 1138 2601 1208 qui
2620 1138 2743 1192 dicit
2765 1140 2909 1205 mihi,
2940 1139 3177 1208 Domine,
3203 1141 3447 1209 Domine,
3473 1143 3684 1197 intrabit

2062 1226 2116 1279 in
2159 1242 2371 1298 regnum
2410 1230 2654 1283 calorum
2674 1245 2696 1285 .°
2731 1230 2823 1285 sed
2864 1232 2956 1301 qui
2998 1234 3120 1302 facit
3166 1234 3481 1288 uoluntatem
3507 1232 3685 1290 Patris

2061 1318 2194 1384 mei,
2222 1320 2316 1390 qui
2334 1330 2409 1374 est
2431 1321 2485 1375 in
2514 1322 2655 1377 cretis
2675 1322 2893 1394 (lant.
2916 1322 2973 1379 'L
2995 1322 3121 1397 Si).
3142 1322 3493 1380 Voluntatem
3520 1326 3685 1396 igitur

2062 1408 2157 1464 Dei
2189 1427 2310 1465 cum
2350 1412 2498 1467 omni
2528 1414 2709 1470 studio
2746 1414 3039 1479 faciamus,
3069 1423 3131 1470 ut
3157 1416 3213 1471 in
3238 1416 3403 1471 caries
3434 1416 3640 1474 intrare
3663 1459 3684 1485 ,

2060 1515 2123 1555 ac
2149 1501 2285 1556 bona
2317 1518 2436 1573 qua:
2465 1513 2762 1573 praeparata
2792 1514 2919 1560 sunt
2949 1504 3047 1573 iis,
3079 1507 3168 1577 qui
3215 1507 3383 1563 Deum
3411 1507 3680 1577 diligunt,

2059 1594 2281 1664 adipisci
2308 1596 2580 1666 possimus
2604 1616 2617 1651 :
2644 1612 2874 1668 quorum
2898 1600 3104 1654 utinam
3129 1615 3229 1655 nos
3251 1600 3540 1671 participes
3561 1598 3679 1656 ﬁeri

2059 1702 2252 1743 omnes
2278 1690 2583 1760 contingat,
2612 1690 2783 1760 gratia
2812 1700 2868 1747 et
2897 1690 3231 1762 benignitate
3260 1693 3474 1749 Domini
3507 1694 3679 1751 nostri

2056 1779 2185 1836 Jesu
2222 1781 2459 1848 Christi,
2491 1797 2615 1838 cum
2640 1798 2749 1854 quo
2778 1783 2958 1851 Patri,
2999 1786 3269 1856 simulque
3316 1796 3504 1841 sancto
3550 1786 3677 1856 Spi-

2057 1871 2182 1925 ritui
2210 1873 2402 1943 gloria,
2432 1873 2717 1943 imperium
2737 1916 2752 1942 ,
2787 1872 2988 1943 honor,
3022 1891 3165 1932 nunc
3193 1887 3247 1933 et
3268 1892 3502 1948 semper,
3536 1886 3591 1933 et
3622 1876 3675 1932 in

2054 1963 2255 2018 smcula
2285 1963 2627 2018 szeculorum.
2660 1967 2852 2019 Amen.

2677 2206 2914 2265 SERMO
2946 2208 3033 2265 lll.

2054 2402 2192 2469 Quid
2219 2403 2280 2456 sit
2304 2401 2455 2469 illud,
2505 2404 2586 2459 Ad
2626 2405 3036 2463 similitudinem
3068 2405 3225 2477 (Gen.
3259 2408 3311 2463 1.
3342 2408 3457 2481 26),
3490 2419 3538 2464 et
3567 2426 3668 2481 qua

2122 2497 2187 2548 de
2214 2511 2369 2548 causa
2390 2536 2404 2558 ,
2446 2514 2563 2549 cum
2587 2498 2771 2552 dixerit
2805 2498 2943 2553 Deus
2979 2516 3071 2554 nos
3108 2500 3366 2555 dominari
3394 2502 3447 2555 in
3484 2501 3621 2571 feras
3648 2543 3666 2569 ,

2122 2602 2221 2639 non
2258 2586 2580 2641 dominentur
2598 2632 2611 2654 ,
2645 2599 2690 2643 et
2717 2589 2813 2644 Itoc
2845 2608 3046 2662 magna:
3080 2609 3201 2664 erga
3229 2610 3321 2649 nos
3348 2609 3486 2649 cura:
3508 2612 3667 2668 argu-

2120 2686 2341 2730 mentum
2370 2695 2495 2733 esse.

2120 2896 2170 2949 1.
2212 2895 2515 2951 Accuratam
2536 2896 2820 2969 Scriptum
2843 2901 3106 2957 lectione»:
3132 2906 3489 2968 commendat;
3519 2904 3663 2960 Scri-

2044 2997 2249 3058 pturam
2280 2993 2477 3059 confert
2516 3006 2631 3042 cum
2658 2992 2889 3060 gemmis.
2926 3024 2997 3033 —
3024 2992 3490 3061 Quemadmodum
3523 2995 3661 3051 nihil

2042 3079 2331 3149 proficiunt
2351 3081 2439 3149 qui
2467 3082 2755 3148 seminant,
2779 3098 2901 3139 cum
2924 3099 3083 3139 secus
3107 3087 3247 3141 viam
3277 3088 3484 3143 semina
3511 3090 3657 3157 jacta

2044 3168 2238 3224 fuerint
2269 3187 2283 3223 :
2313 3171 2391 3226 sic
2422 3187 2595 3241 neque
2626 3174 2865 3241 proderit
2891 3174 2936 3229 is
2963 3176 3054 3245 qui
3080 3176 3230 3241 dicit,
3260 3178 3305 3231 si
3326 3178 3393 3231 ad
3421 3190 3657 3236 mentem

2040 3262 2343 3316 auditorum
2376 3263 2551 3317 oratio
2586 3278 2695 3319 non
2735 3265 2957 3330 feratur,
2990 3266 3083 3321 sed
3112 3282 3280 3321 sonus
3308 3269 3457 3323 vocis
3484 3270 3537 3323 in
3568 3286 3660 3326 ae-

2039 3369 2155 3408 rem
2179 3362 2382 3410 temere
2410 3354 2635 3411 difl‘usus
2660 3356 2963 3412 auditorem
2994 3358 3137 3412 nulla
3171 3371 3419 3431 percepta
3453 3362 3657 3418 utilita-

2042 3456 2093 3499 te
2132 3446 2420 3516 relinquat.
2468 3447 2593 3502 llxce
2638 3458 2818 3503 autem
2845 3465 2873 3502 a
2905 3466 2991 3505 me
3032 3468 3137 3505 non
3168 3453 3285 3508 sine
3312 3470 3471 3510 causa
3513 3456 3656 3513 dicta

2038 3548 2161 3593 sunt
2185 3539 2355 3606 vobis,
2386 3539 2479 3595 sed
2508 3557 2573 3595 ne
2597 3542 2864 3598 faciliores
2891 3552 3095 3598 tantum
3121 3549 3419 3605 sententias
3444 3563 3659 3621 appeta-

2040 3632 2127 3695 tis,
2152 3647 2338 3687 verum
2366 3630 2741 3704 profundiores
2758 3638 2917 3691 etiam
2946 3640 3351 3709 aggrediamini.
3374 3642 3485 3697 Nisi
3505 3646 3653 3699 enim

2032 3721 2144 3793 jam
2171 3722 2239 3777 ad
2267 3723 2664 3793 Scripturarum
2694 3728 2949 3783 interiora
2981 3731 3399 3801 descendamus,
3428 3735 3555 3790 dum
3583 3738 3652 3792 ad

2038 3816 2327 3871 natandum
2371 3819 2621 3888 expedita
2654 3820 2808 3876 nobis
2832 3830 2959 3876 sunt
2989 3824 3252 3891 membra,
3284 3824 3411 3881 dum
3443 3831 3655 3884 acutius

2036 3916 2264 3962 cernunt
2292 3909 2456 3976 oculi,
2494 3926 2668 3981 neque
2710 3911 3023 3967 deliciarum
3074 3915 3390 3973 humoribus
3433 3930 3654 3976 contur-

2035 3997 2247 4063 bantur,
2292 3999 2421 4054 dum
2452 4003 2783 4057 constantior
2815 4011 2896 4059 est
2933 4005 3181 4074 spiritus,
3229 4018 3285 4062 ut
3314 4024 3381 4064 ne
3415 4010 3651 4068 suffece-

2035 4106 2177 4157 tnur,
2225 4093 2439 4161 quando
2476 4093 2906 4150 descendemus?
2936 4100 3016 4151 An
3059 4114 3179 4153 cum
3218 4099 3426 4156 deliciae
3465 4103 3653 4159 adfue-

2034 4184 2160 4247 rint,
2192 4185 2364 4254 epula:
2386 4226 2401 4249 .
2432 4186 2687 4254 ebrietas,
2721 4198 2774 4243 et
2803 4190 3036 4260 ingluvie
3065 4192 3375 4249 redundans
3420 4211 3605 4252 mensa
3629 4198 3653 4251 ?

2034 4277 2192 4345 Atqui
2222 4287 2331 4330 tum
2357 4293 2421 4329 ne
2446 4280 2645 4333 moveri
2674 4282 2888 4349 quidem
2918 4284 3071 4337 facile
3091 4300 3377 4353 possumus
3402 4306 3413 4339 :
3443 4297 3648 4343 tantum

2034 4367 2348 4422 deliciarum
2381 4384 2518 4424 onus
2544 4372 2777 4425 animam
2807 4385 3015 4443 gravat.
3061 4375 3254 4432 Nonne
3280 4378 3476 4434 videtis
3502 4390 3559 4433 ut
3589 4381 3646 4446 ii,

2034 4457 2121 4524 qui
2150 4459 2418 4526 pretiosos
2449 4462 2688 4529 reperire
2733 4462 2940 4533 lapides
2973 4466 3228 4537 cupiunt,
3260 4483 3366 4523 non
3398 4470 3449 4524 in
3490 4470 3651 4527 litore

2033 4563 2247 4601 sursum
2281 4549 2531 4605 sedentes
2584 4551 2886 4624 fluctusque
2919 4568 3266 4615 numerantes
3318 4560 3447 4614 illud
3496 4560 3648 4619 inve-

2034 4638 2185 4691 niant
2204 4639 2344 4707 quod
2374 4651 2640 4708 quzcrunt,
2666 4643 2761 4699 sed
2788 4645 2837 4699 in
2858 4647 3179 4715 profundum
3205 4652 3375 4720 ipsum
3400 4652 3650 4708 delaban-

2034 4738 2121 4782 tur
2148 4745 2160 4791 ;
2195 4731 2402 4783 tametsi
2430 4732 2628 4786 multus
2654 4744 2737 4787 est
2788 4736 2838 4789 in
2870 4740 3165 4805 quaerendo
3193 4730 3377 4808 labor,
3398 4744 3649 4799 multum-

2033 4833 2135 4888 que
2166 4819 2216 4871 in
2243 4820 2564 4876 inveniendo
2593 4822 2904 4890 diserimcu,
2931 4836 2984 4881 et
3012 4838 3295 4899 postquam
3319 4830 3642 4903 invenerint,

2033 4909 2240 4964 lucrum
2275 4912 2523 4967 nullum?
2550 4914 2717 4981 Quam
2748 4918 2893 4971 enim
2944 4935 3190 4989 magnam
3227 4924 3277 4977 in
3323 4927 3487 4981 vitam
3541 4945 3645 4984 no-

2032 5013 2199 5058 stram
2249 5005 2504 5061 invehere
2547 5017 2722 5075 potest
2780 5011 3061 5067 utilitatem
3115 5015 3349 5085 lapidum
3406 5021 3646 5080 inventio

2030 5096 2427 5165 pretiosorum?
2462 5098 2671 5153 Utinam
2696 5117 2761 5155 ne
2792 5101 2987 5157 multas
3014 5106 3346 5165 calamitates
3388 5112 3640 5184 impertit.

2028 5191 2149 5243 ret!
2181 5189 2322 5243 Nihil
2373 5192 2515 5245 enim
2544 5192 2686 5246 abud
2714 5193 2876 5247 vitam
2925 5198 3208 5266 subvertit,
3240 5210 3295 5257 et
3336 5217 3550 5259 sursum
3581 5223 3646 5263 ac

2029 5281 2284 5337 deorsum
2315 5292 2501 5338 cuneta
2525 5285 2713 5340 miscet
2741 5297 2938 5357 praeter
2960 5289 3098 5346 hane
3119 5294 3466 5363 pecuniarum
3498 5298 3644 5353 insa-

2030 5375 2193 5429 niam.
2227 5374 2607 5431 Verumtamen
2634 5378 2704 5433 illi
2727 5388 2781 5434 et
2806 5381 3039 5436 animam
3062 5395 3117 5440 et
3142 5401 3339 5458 corpus
3366 5405 3646 5460 exponunt

2029 5467 2325 5537 quotidiani
2349 5469 2520 5525 victus
2540 5485 2722 5538 causa,
2750 5486 2918 5543 seque
2945 5473 3195 5531 fluctibus
3215 5480 3471 5537 audacter
3490 5498 3611 5538 com
3627 5516 3645 5528 -

2032 5564 2249 5617 mittunt
2280 5578 2292 5614 :
2329 5562 2415 5618 hic
2444 5578 2574 5620 vero
2599 5579 2773 5635 neque
2802 5567 3115 5635 discrimen,
3149 5589 3325 5644 neque
3356 5586 3536 5631 tantus
3564 5580 3647 5632 la-

2031 5653 2130 5708 bor
2159 5664 2262 5716 est,
2296 5670 2481 5709 verum
2510 5656 2755 5727 exiguus,
2785 5667 2840 5714 et
2871 5660 2915 5714 is
2946 5672 3166 5732 propter
3192 5679 3379 5721 eorum
3407 5685 3527 5739 qua:
3558 5673 3643 5725 in-

2030 5758 2186 5803 venta
2228 5759 2353 5804 sunt
2378 5752 2845 5808 conservationem
2868 5756 3177 5825 suscipitur.
3212 5759 3344 5815 Nam
3370 5779 3491 5833 quae
3518 5780 3641 5821 cum

2032 5838 2281 5895 facilitate
2312 5848 2523 5910 reperta
2556 5852 2699 5907 sunt,
2743 5844 2941 5900 nullius
2968 5848 3125 5916 pretii
3156 5852 3339 5907 multis
3370 5854 3640 5912 videntur.

2036 5928 2151 5982 Non
2179 5942 2258 5987 e,t
2309 5931 2361 5984 in
2396 5932 2583 6004 pelago
2623 5934 2912 6006 Scriptum
2942 5940 3180 6010 procella
3210 5941 3466 6000 fluctuum
3488 5988 3505 6014 ,
3548 5951 3645 6005 sed
