4180 6486
563 445 663 506 5'9!
1052 484 1055 488 .
1304 427 1362 486 S.
1407 420 1685 484 JOANNIS
1721 410 2073 474 CiillYSOST
2082 404 2198 464 0M]

561 551 759 626 quovis
794 555 949 621 portu
992 542 1326 614 tranquillius
1365 548 1449 596 est
1494 537 1598 591 hoc
1636 531 1854 626 pelagus
1884 545 1897 580 :
1929 536 2153 581 necesse

568 624 676 702 non
701 651 784 700 est
810 641 865 698 in
902 639 1160 696 obscuros
1185 635 1334 690 sinus
1357 631 1535 702 abyssi
1564 643 1623 684 se
1649 624 1952 685 demittere,
1981 629 2156 686 neque

571 736 797 792 rationis
841 731 1138 802 expertium
1166 740 1423 798 aquarum
1446 720 1709 778 violentia
1733 717 1960 773 salutem

572 798 941 887 committere;
973 819 1068 876 sed
1105 816 1272 873 multa
1297 816 1383 871 lux
1413 813 1500 868 hic
1539 809 1757 883 affuiget
1799 808 1968 861 multo
1997 798 2160 856 radiis

573 913 835 973 solaribus
882 911 1010 979 ipsis
1054 904 1402 977 splendidior,
1454 900 1619 956 multa
1666 896 1960 956 serenitas;
1987 887 2162 946 omnis

575 1001 806 1074 procella
833 999 1078 1054 submota
1108 1006 1211 1062 est,
1247 1005 1298 1052 et
1321 1005 1505 1050 eorum
1533 1004 1652 1060 qua:
1679 986 2018 1058 reperiuntur
2045 993 2165 1038 tan-

577 1102 689 1146 tum
718 1101 800 1144 est
830 1089 1057 1152 lucrum,
1088 1095 1140 1141 ut
1166 1101 1232 1142 ne
1259 1084 1498 1140 oratione
1519 1079 1731 1150 quidem
1755 1079 1858 1132 ulla
1887 1077 2168 1148 possitex-

578 1180 784 1249 plicari.
823 1177 902 1233 Ne
930 1178 1088 1245 igitur
1111 1175 1486 1245 defatigemur,
1522 1171 1616 1227 sed
1648 1169 2044 1242 inquisitionem
2068 1181 2166 1238 ag-

574 1269 902 1340 grediamur.
937 1267 1172 1322 Audistis
1199 1265 1364 1320 Deum
1394 1261 1460 1320 ad
1487 1261 1770 1333 imaginem
1807 1273 1960 1314 suam
1991 1257 2168 1315 homi-

579 1375 704 1414 nent
730 1358 1051 1422 condidisse,
1076 1365 1130 1411 et
1156 1355 1280 1428 quid
1302 1356 1373 1411 sit
1397 1354 1547 1421 illud,
1571 1353 1652 1410 Ad
1675 1352 1947 1424 uitliginem
1968 1360 2016 1406 et
2033 1350 2174 1405 sinti-

582 1450 864 1512 litudinem,
890 1447 1142 1511 diximus,
1171 1461 1363 1516 nempe
1388 1461 1494 1502 non
1518 1459 1636 1502 esse
1681 1443 1994 1499 substantiae
2021 1455 2173 1495 eom-

583 1540 957 1610 parationem,
1013 1539 1104 1593 sed
1157 1537 1462 1595 dominatus
1517 1535 1917 1591 similitudinem
1975 1552 1988 1587 :
2043 1532 2174 1588 illud

585 1643 764 1687 autem
784 1673 801 1698 ,
833 1631 914 1685 Ad
940 1630 1314 1686 similitudinem
1338 1671 1354 1695 ,
1383 1628 1583 1684 indicat
1622 1627 1808 1682 mitem
1835 1641 1899 1682 ac
1923 1637 2176 1682 manaue-

592 1736 702 1777 tum
724 1737 845 1779 esse
863 1731 1129 1791 oportere,
1160 1719 1376 1789 Deoque
1401 1734 1499 1789 pro
1520 1719 1724 1774 viribus
1742 1719 1950 1774 ratione
1971 1717 2178 1772 virtutis

591 1813 871 1868 nssimilari
895 1853 910 1875 ,
943 1819 1102 1882 prout
1148 1811 1222 1865 ait
1260 1809 1508 1866 Christus
1537 1826 1549 1861 :
1581 1809 1756 1864 Estote
1801 1808 1990 1863 similes
2028 1806 2179 1862 Patri

590 1919 738 1968 meo,
777 1903 862 1973 qui
886 1903 939 1956 in
966 1901 1103 1957 caelis
1131 1911 1202 1956 est
1234 1899 1460 1972 (Matth.
1492 1902 1546 1956 5.
1576 1900 1649 1956 45
1668 1901 1706 1968 ).
1734 1898 1804 1955 Ut
1831 1899 1973 1954 enim
2004 1899 2055 1952 itt
2084 1890 2182 1952 hac

593 1998 699 2051 lata
720 2004 775 2052 et
797 1996 1030 2065 spatiosa
1054 2004 1196 2050 terra
1221 1993 1466 2065 quaedam
1494 1992 1739 2047 animalia
1761 1993 1929 2063 magis
1955 2000 2079 2046 sunt
2100 2006 2185 2046 ra-

595 2087 760 2142 tionis
788 2085 1046 2154 expertia,
1077 2083 1323 2155 quaedam
1356 2082 1614 2138 ferociora
1639 2098 1652 2135 :
1681 2083 1760 2138 sic
1785 2083 1835 2136 in
1862 2081 2055 2136 anima:
2082 2095 2183 2135 no-

595 2187 725 2236 Strat
749 2175 1026 2232 latitudine
1051 2175 1294 2247 qumdam
1325 2184 1452 2231 sunt
1487 2190 1518 2229 a
1561 2175 1768 2231 ratione
1807 2160 1976 2244 magis
2000 2173 2186 2228 aliena:

600 2284 664 2325 ac
682 2267 931 2326 belininte
946 2268 1314 2338 cogitationes,
1338 2267 1581 2338 quaedam
1613 2265 1899 2322 ferociores
1918 2275 1972 2320 et
2001 2266 2189 2320 imma-

600 2360 798 2417 niores.
825 2358 1142 2430 Subigendte
1173 2359 1330 2430 igitttr
1356 2372 1420 2414 ac
1462 2357 1744 2414 domanda:
1777 2365 1934 2423 sunt,
1976 2370 2190 2412 earum-

599 2466 702 2522 que
725 2451 1031 2507 dominatus
1058 2449 1250 2505 rationi
1274 2447 1710 2504 committendus.
1747 2447 1810 2502 Et
1837 2448 1926 2516 qui
1954 2444 2066 2501 fieri
2097 2459 2192 2516 po-

605 2551 742 2607 test,
798 2540 942 2596 dicet
989 2539 1180 2610 aliquis
1202 2581 1218 2604 ,
1248 2548 1308 2594 ut
1333 2539 1622 2595 beliuinam
1649 2536 2025 2609 cogitationem
2071 2536 2190 2605 quis

605 2631 854 2703 subigat?
889 2629 1028 2699 Quid
1053 2629 1154 2693 ais,
1183 2629 1255 2683 mi
1281 2627 1476 2683 homo?
1502 2628 1713 2684 Leones
1749 2625 2064 2698 subigimus,
2093 2641 2193 2682 eo-

611 2738 835 2797 rumque
861 2723 1070 2778 animas
1094 2722 1304 2778 cicures
1327 2720 1623 2785 reddimus,
1647 2727 1701 2775 et
1720 2718 1933 2774 dubitas
1961 2733 2028 2773 an
2050 2718 2194 2789 cogi-

609 2813 865 2868 tationum
899 2811 1160 2866 feritatem
1181 2809 1248 2864 ad
1276 2807 1734 2864 mansuetudinem
1761 2809 1933 2877 possis
1956 2807 2196 2863 traduce-

609 2917 669 2958 re
687 2903 712 2955 ἲ
739 2901 973 2957 Tametsi
1003 2899 1146 2956 leoni
1177 2899 1432 2955 naturalis
1466 2907 1549 2954 est
1577 2895 1793 2962 feritas,
1826 2906 2020 2968 praeter
2044 2905 2198 2953 natu-

610 3006 724 3046 ram
760 2999 938 3046 autem
965 2987 1357 3054 mansuetudo;
1402 2988 1495 3044 tibi
1537 3002 1666 3044 vero
1705 2996 1892 3044 contra
1943 2987 2198 3043 naturalis

610 3093 692 3137 est
717 3081 1048 3152 benignitas,
1080 3079 1259 3135 feritas
1287 3093 1417 3136 vero
1457 3087 1654 3149 pneter
1689 3087 1952 3134 naturam.
1985 3076 2199 3149 Ergone

612 3171 703 3242 qui
731 3171 783 3225 id
801 3168 1028 3241 expellis
1052 3169 1193 3240 quod
1213 3180 1292 3224 est
1321 3168 1583 3233 naturale,
1612 3177 1669 3225 et
1689 3169 1881 3224 animat
1907 3167 2094 3224 bellua:
2121 3168 2201 3224 in-

621 3263 756 3318 seris
784 3260 928 3332 quod
965 3270 1162 3331 praeter
1196 3271 1440 3316 naturam
1469 3268 1579 3326 est,
1627 3260 1681 3314 in
1709 3269 1798 3315 tua
1825 3259 1991 3331 ipsius
2025 3259 2202 3314 anima

624 3351 766 3423 quod
802 3359 885 3407 est
921 3349 1163 3406 naturale
1191 3365 1298 3405 non
1334 3349 1534 3420 poteris
1560 3348 1918 3405 conservare?
1944 3353 2068 3420 quis
2102 3347 2208 3403 hoc

616 3458 839 3500 summa:
875 3457 982 3500 non
1013 3440 1212 3498 tribuat
1234 3440 1607 3512 negligentia?
1643 3439 1777 3496 Nam
1807 3440 1861 3496 in
1887 3441 2059 3496 leonis
2081 3439 2203 3510 qui-

616 3535 738 3592 dem
768 3534 944 3589 anima
989 3541 1186 3604 prarter
1225 3531 1363 3588 hanc
1394 3530 1687 3591 «difﬁcultas
1733 3540 1817 3588 est
1842 3531 2012 3587 altera
2058 3547 2073 3584 :
2123 3540 2208 3587 est

619 3628 763 3683 enim
785 3641 979 3697 expers
1003 3624 1468 3684 ratiocinationum
1492 3625 1668 3680 anima
1692 3623 1904 3680 bellum.
1934 3623 2003 3679 Et
2027 3633 2206 3680 tamen

621 3719 804 3776 leones
829 3731 974 3789 stepe
1001 3717 1208 3772 vidistis
1244 3715 1433 3772 ovibus
1471 3715 1860 3772 mansuetiores
1897 3730 1991 3787 per
2032 3715 2207 3770 forum

618 3810 764 3876 duci,
795 3819 851 3865 et
879 3809 1030 3865 multi
1052 3809 1142 3880 qui
1173 3809 1224 3863 in
1249 3806 1478 3864 ollicinis
1506 3817 1786 3864 versantur
1811 3807 2089 3880 pecuniam
2109 3822 2207 3863 eo-

621 3916 740 3957 rum
769 3900 976 3957 custodi
1017 3910 1298 3956 numerant
1335 3908 1603 3972 tamquam
1632 3900 1763 3954 artis
1806 3898 2106 3956 mercedem
2149 3911 2213 3953 ac

623 3992 830 4063 peritize
853 4035 869 4060 ,
913 4007 1016 4062 qua
1041 3991 1271 4047 belluam
1298 3992 1532 4047 cicurem
1570 3989 1801 4046 reddidit
1829 4005 1845 4043 :
1875 3997 1930 4044 at
1959 3989 2012 4043 in
2035 3988 2213 4043 anima

625 4093 712 4137 tua
756 4091 811 4136 et
850 4082 988 4136 ratio
1035 4091 1116 4136 est
1161 4091 1216 4136 et
1261 4081 1353 4136 Dei
1393 4081 1570 4145 timor,
1601 4080 1934 4152 multumque
1983 4080 2216 4151 undique

624 4172 882 4227 auxilium
925 4170 1244 4227 ostenditur.
1289 4169 1366 4227 Ne
1393 4170 1552 4243 igitur
1579 4179 1874 4241 prattextus
1899 4180 1954 4228 et
1988 4185 2214 4226 excusa-

629 4265 803 4319 tiones
830 4261 1110 4318 obtundas.
1135 4262 1294 4319 Putes
1317 4263 1482 4328 enim,
1513 4263 1557 4317 si
1583 4262 1738 4326 velis,
1763 4261 1876 4318 lie'ri
1903 4273 2217 4318 mansuetus

630 4363 684 4406 et
710 4351 867 4407 lenis.
901 4350 1177 4406 Faciamus
1204 4351 1454 4405 hominem
1471 4352 1540 4404 ad
1565 4351 1836 4423 imaginem
1858 4361 1904 4406 et
1923 4351 2216 4406 similitudi-

633 4461 746 4501 nem
773 4453 1017 4510 nostram,
1039 4453 1086 4499 et
1113 4445 1402 4499 dominetur
1424 4442 1614 4499 bestiis.

699 4538 755 4592 9.
788 4535 1063 4592 Gentilium
1105 4536 1373 4605 objectioni
1409 4535 1696 4605 respondet.
1729 4533 1888 4590 Initio
1913 4537 2047 4608 [eras
2070 4536 2221 4590 homo

633 4645 733 4684 non
755 4627 978 4681 timebat.
1010 4656 1080 4667 ——
1105 4624 1217 4680 Hoc
1245 4624 1362 4680 loco
1387 4624 1665 4695 insurgunt
1685 4626 1737 4680 in
1765 4638 1866 4680 nos
1890 4625 2132 4696 gentiles,
2165 4635 2222 4681 et

639 4717 692 4773 id
719 4717 853 4772 falso
877 4715 981 4772 dici
1011 4713 1370 4781 contendunt;
1403 4729 1506 4770 non
1544 4715 1686 4769 enint
1717 4729 1818 4769 nos
1841 4715 2027 4771 bestiis
2053 4715 2223 4772 domi-

637 4825 865 4873 namur;
915 4808 1042 4878 ipsa:
1091 4807 1244 4862 nobis
1288 4807 1464 4876 potius
1513 4805 1852 4862 dominantur
1893 4808 2224 4878 multumque

639 4909 840 4957 metum
876 4898 1134 4969 injiciunt.
1170 4896 1312 4952 Sane
1348 4894 1560 4966 quidem
1587 4895 1691 4951 hoc
1732 4911 1921 4952 verum
1964 4911 2071 4952 non
2098 4907 2220 4951 est:

637 4991 838 5047 sufﬁcit
862 4991 998 5046 enim
1029 4989 1096 5044 ad
1125 4987 1349 5044 bestiam
1379 4985 1694 5056 abigendam
1725 4987 1769 5042 si
1795 4986 1956 5041 facies
1997 4984 2224 5040 humana

639 5093 944 5154 compareat
982 5103 995 5136 :
1048 5091 1224 5136 tantus
1263 5081 1316 5135 in
1357 5095 1448 5134 eas
1499 5095 1530 5134 a
1573 5079 1728 5134 nobis
1768 5080 1926 5135 timor
1967 5080 2223 5134 dimanat.

641 5174 796 5241 Quod
839 5172 1004 5228 sicubi
1033 5173 1097 5226 ad
1137 5187 1196 5227 se
1226 5170 1557 5226 ulciscendas
1586 5171 1838 5239 impetum
1868 5171 2082 5238 faciant,
2116 5173 2229 5227 sive

643 5268 780 5321 fame
813 5271 1052 5334 cogente,
1085 5263 1197 5317 sive
1219 5262 1358 5331 quod
1378 5263 1587 5332 nosipsi
1613 5277 1704 5316 eas
1726 5263 1777 5316 in
1807 5264 2072 5332 angustias
2103 5264 2228 5320 rcd~

644 5357 870 5426 igamus,
909 5354 1091 5423 eisque
1121 5353 1227 5406 vim
1271 5354 1590 5414 inferamus,
1640 5355 1740 5407 hoc
1795 5370 1920 5409 vero
1964 5357 2230 5426 perfectus

644 5464 749 5500 non
779 5455 861 5500 est
883 5444 1209 5500 dominatus.
1236 5443 1416 5512 Neque
1439 5445 1649 5499 enimsi
1689 5448 1806 5515 quis
1837 5459 2074 5502 nostrum
2104 5450 2229 5506 visis

648 5534 942 5591 latronibus
969 5535 1221 5604 impetum
1252 5531 1566 5589 facientibus
1592 5548 1846 5604 armetur,
1887 5549 1940 5593 et
1969 5541 2034 5594 ad
2062 5557 2118 5596 se
2148 5544 2228 5594 ui-

645 5628 951 5684 cisceudum
978 5645 1034 5683 se
1066 5640 1373 5700 comparet,
1417 5631 1718 5687 dominatus
1743 5634 1994 5701 appellari
2025 5650 2109 5690 res
2143 5637 2226 5691 illa

651 5731 819 5788 potest
847 5763 859 5786 ,
893 5722 983 5774 sed
1018 5721 1241 5788 propria!
1271 5722 1460 5775 salutis
1489 5722 1696 5777 tuenda:
1722 5723 2020 5779 sollicitudo
2050 5745 2062 5780 :
2092 5737 2227 5780 atta-

650 5833 766 5871 tnen
799 5831 902 5870 non
937 5815 1055 5870 inde
1081 5831 1260 5884 «puero
1285 5816 1669 5888 detensionem,
1694 5817 1786 5875 sed
1813 5819 2042 5888 aliunde,
2068 5837 2224 5892 quam

2264 403 2585 458 ARCIIIEP.
2627 401 3168 459 CONSTANTINOP.
3757 401 3858 458 593

2267 518 2416 575 vobis
2445 517 2574 573 utile
2602 517 2762 573 fuerit
2788 515 3042 572 audiisse.
3076 516 3350 572 Timemus
3379 514 3578 570 bestias
3606 530 3672 572 ac
3699 516 3859 572 refor-

2266 609 2547 675 midamus,
2575 617 2734 678 atque
2758 607 3032 663 dominatu
3055 606 3388 663 excidimus:
3415 622 3522 661 non
3553 622 3726 678 nego;
3753 608 3864 663 into

2268 713 2460 771 sponte
2485 700 2744 756 confiteor
2770 716 2786 754 :
2815 715 2921 756 non
2966 710 3144 758 tamen
3184 699 3236 755 id
3276 699 3588 755 mendacem
3621 713 3743 754 esse
3775 699 3863 754 Dei

2269 793 2440 864 legem
2467 793 2720 849 ostendit.
2744 791 2862 847 Non
2888 793 3030 847 enim
3062 794 3134 846 ita
3163 806 3222 846 se
3247 806 3334 847 res
3365 789 3634 846 habebant
3661 805 3692 843 a
3719 790 3868 860 prin-

2270 885 2445 955 cipio,
2491 884 2586 940 sed
2632 883 2937 939 metuebant
2974 892 3030 938 et
3067 883 3409 949 tremebant,
3455 897 3620 953 seque
3663 880 3870 936 homini

2274 983 2543 1046 tamquam
2590 975 2808 1030 domino
2849 974 3234 1029 submittebunt
3265 991 3278 1028 :
3308 973 3562 1044 quoniam
3591 982 3773 1034 autem
3804 969 3866 1026 li-

2274 1067 2429 1123 ducia
2476 1078 2532 1123 et
2573 1067 2776 1123 honore
2814 1066 3149 1132 excidimus,
3190 1065 3391 1120 ideirco
3435 1064 3555 1119 illas
3599 1065 3869 1120 timemus.

2277 1157 2430 1215 Unde
2456 1174 2584 1221 vero
2608 1158 2659 1213 id
2686 1157 2936 1212 constat?
2962 1157 3188 1210 Adduxit
3216 1156 3402 1210 bestias
3429 1155 3498 1207 ad
3521 1155 3688 1208 Adam
3708 1153 3874 1220 Deus.

2279 1259 2335 1302 ut
2360 1249 2553 1303 uideret
2580 1248 2923 1320 quﬁvocaret
2950 1261 3039 1302 eas
3064 1245 3219 1315 (Gen.
3242 1245 3296 1299 2.
3329 1245 3419 1316 i9)
3445 1261 3459 1299 :
3483 1259 3658 1315 neque
3690 1243 3882 1301 resiliit

2281 1338 2449 1393 Adam
2477 1335 2853 1408 quasi‘nore
2880 1345 3160 1406 correptus
3184 1376 3198 1400 ,
3231 1335 3325 1390 sed
3353 1343 3622 1407 tamquam
3649 1335 3884 1392 subditis

2281 1427 2383 1481 sibi
2417 1427 2588 1482 servis
2615 1428 2830 1481 nomina
2866 1429 3072 1482 cunrtis
3100 1424 3373 1496 imposuit.
3409 1426 3522 1482 Hoc
3548 1441 3679 1482 vero
3703 1426 3882 1488 domi-

2284 1527 2439 1570 natus
2481 1528 2563 1571 cst
2609 1517 2879 1571 indicium.
2927 1516 3286 1585 Quamobrem
3325 1517 3512 1572 volens
3545 1518 3707 1572 etiam
3742 1516 3885 1572 Deus

2284 1622 2380 1677 per
2410 1607 2511 1661 hoc
2540 1607 2614 1660 illi
2642 1622 2754 1660 sum
2783 1609 3060 1676 potestatis
3087 1607 3372 1662 ostendere
3402 1608 3715 1678 dignitatem
3738 1649 3754 1674 ,
3782 1621 3886 1662 nos

2289 1700 2490 1752 minttm
2537 1697 2931 1768 impositionem
2978 1698 3076 1768 ipsi
3125 1699 3403 1768 permisit,
3436 1708 3597 1769 atque
3637 1699 3888 1770 imposita

2288 1789 2391 1846 illis
2431 1791 2644 1845 nomina
2691 1789 2745 1844 in
2791 1790 2870 1846 eis
2914 1805 2983 1844 ex
3029 1790 3121 1843 illo
3167 1799 3412 1861 tempore
3453 1801 3886 1860 permanserunt.

2293 1879 2458 1935 Omne
2482 1882 2623 1936 enim
2644 1881 2780 1952 quod
2800 1881 2992 1934 vorarit
3013 1879 3200 1946 Adam,
3223 1881 3319 1934 hoc
3341 1897 3528 1936 nomen
3546 1879 3672 1946 illis,
3697 1879 3888 1951 inquit.

2291 1970 2472 2040 itaque
2503 1979 2664 2025 unum
2691 1971 2794 2025 hoc
2823 1969 3073 2024 indicium
3101 1980 3184 2025 est
3225 1970 3294 2024 ab
3333 1970 3486 2024 initio
3512 1970 3654 2026 feras
3683 1970 3888 2026 homini

2293 2061 2560 2116 terribiles
2586 2075 2690 2115 non
2717 2060 2880 2116 fuisse
2909 2076 2923 2113 :
2948 2059 3173 2114 alterum
3200 2075 3330 2114 vero
3353 2060 3513 2115 etiam
3537 2060 3701 2130 priori
3723 2062 3893 2115 mani-

2295 2152 2482 2209 festius
2509 2161 2594 2208 est
2613 2195 2629 2219 ,
2662 2155 2932 2222 serpentis
2973 2152 3296 2222 colloquium
3331 2167 3454 2207 eum
3483 2153 3730 2208 muliere.
3759 2152 3896 2208 Nam

2293 2246 2337 2300 si
2363 2245 2628 2301 terribiles
2643 2244 2948 2299 hominibus
2964 2243 3189 2300 fuissent
3209 2243 3413 2311 bestiae,
3435 2244 3626 2299 mulier
3643 2255 3900 2316 serpente

2294 2348 2582 2408 conspecto
2600 2354 2704 2393 non
2722 2338 3026 2404 mansisset,
3043 2353 3228 2394 verum
3244 2337 3566 2409 aufugisset;
3586 2353 3760 2408 neque
3775 2352 3902 2393 con-

2293 2432 2469 2488 silium
2500 2429 2862 2496 admisisset‘,
2900 2445 3074 2500 neque
3103 2439 3245 2484 tanta
3273 2444 3395 2485 cum
3421 2428 3712 2485 securitate
3741 2429 3906 2487 collo-

2295 2529 2458 2592 quuta
2477 2535 2600 2576 cum
2621 2520 2713 2575 illo
2738 2517 2943 2584 luisset,
2967 2519 3062 2576 sed
3087 2518 3370 2576 confestim
3390 2519 3456 2573 ad
3478 2528 3757 2590 aspectum
3783 2519 3906 2589 ejus

2297 2611 2661 2682 obstupefacta
2685 2608 3005 2682 profugisset
3031 2627 3046 2660 :
3068 2609 3180 2679 jam
3205 2623 3335 2664 vero
3352 2617 3406 2665 et
3425 2609 3773 2680 colloquitur,
3796 2623 3905 2666 nec

2300 2701 2649 2769 reformidat,
2677 2701 2820 2772 quod
2849 2701 3085 2756 nondum
3114 2701 3204 2756 ille
3229 2701 3388 2756 timor
3409 2709 3574 2755 esset.
3609 2700 3905 2770 Postquam

2301 2802 2480 2848 autem
2525 2801 2800 2862 peccatum
2843 2791 3097 2855 intravit,
3127 2789 3355 2861 dignitas
3393 2790 3556 2845 etiam
3587 2800 3667 2845 est
3699 2789 3907 2845 ablata.

2302 2883 2369 2939 Et
2397 2882 2536 2940 sicut
2565 2882 2704 2938 inter
2730 2880 2960 2938 famulos
2987 2882 3077 2952 qui
3105 2881 3444 2937 honestiores
3469 2891 3594 2936 sunt
3622 2891 3681 2937 et
3705 2881 3912 2937 Clario.

2301 2990 2410 3041 res,
2432 2973 2707 3030 conservis
2727 2973 2839 3029 suis
2861 2974 3054 3029 terrori
3079 2981 3226 3039 sunt,
3251 2973 3343 3043 qui
3363 2982 3543 3028 autent
3566 2971 3913 3029 oll'enderunt

2304 3065 2515 3131 herum,
2538 3078 2828 3122 conservos
2855 3064 3044 3120 timent
3066 3081 3081 3118 :
3103 3064 3182 3119 sic
3201 3073 3254 3120 et
3279 3063 3482 3119 homini
3503 3064 3746 3135 contigit.
3773 3063 3914 3119 Nam

2303 3155 2432 3211 dum
2475 3155 2665 3212 fiducia
2703 3156 2842 3227 apud
2888 3156 3052 3212 Deum
3083 3156 3230 3211 salva
3261 3154 3455 3211 mansit
3483 3196 3498 3220 ,
3531 3155 3787 3211 terribilis
3814 3157 3916 3211 fuit

2305 3249 2493 3304 bestiis
2521 3265 2534 3302 :
2564 3257 2846 3319 postquam
2871 3257 3049 3304 autem
3076 3247 3320 3314 oﬂ'endit,
3344 3247 3505 3304 etiam
3533 3248 3756 3302 ultimos
3782 3263 3919 3303 cou-

2307 3353 2588 3395 serrorutn
2631 3339 2886 3408 deinceps
2923 3339 3114 3394 timuit.
3156 3337 3311 3406 Quod
3344 3338 3389 3394 si
3424 3338 3529 3393 hoc
3567 3337 3638 3393 ita
3668 3354 3776 3394 non
3801 3339 3867 3394 sit
3895 3377 3914 3406 ,

2309 3430 2533 3486 ostende
2573 3441 2628 3486 tu
2673 3430 2804 3485 mihi
2846 3428 3010 3485 fuisse
3055 3429 3322 3486 terribiles
3365 3427 3673 3486 hominibus
3715 3431 3920 3486 bestias

2309 3533 2436 3578 ante
2463 3531 2738 3593 peccatum
2767 3521 2949 3592 :atqui
2981 3537 3084 3578 non
3113 3521 3333 3592 poteris.

2383 3611 2561 3668 Timor
2595 3614 2867 3668 bestiarum
2908 3612 3048 3667 utilis
3091 3611 3306 3666 homini.
3355 3641 3424 3652 —
3449 3610 3603 3679 Quod
3640 3613 3686 3666 si
3730 3623 3920 3683 postea

2311 3703 2476 3759 subiit
2505 3703 2664 3758 timor
2687 3744 2702 3767 ,
2733 3702 2836 3759 hoc
2861 3703 3023 3758 etiam
3059 3703 3433 3760 sollicitudinis
3465 3703 3674 3758 Domini
3703 3714 3790 3761 est
3825 3722 3920 3760 ar-

2314 3805 2646 3867 gumentum.
2677 3794 2806 3850 Nam
2831 3797 2875 3850 si
2907 3805 3028 3866 post
3057 3795 3260 3851 homini
3287 3795 3462 3851 traditi
3483 3811 3514 3850 a
3539 3795 3650 3852 Deo
3674 3800 3922 3856 mandati

2318 3888 2794 3959 transgressionem
2824 3888 3030 3959 integer
3053 3887 3107 3942 in
3139 3903 3262 3943 cum
3287 3903 3320 3943 a
3349 3888 3460 3943 Deo
3485 3887 3710 3944 collatus
3745 3888 3926 3946 bonos-

2319 3980 2608 4036 mansisset
2634 3978 2906 4046 immotus,
2931 3980 3072 4035 haud
3103 3978 3258 4035 facile
3277 3994 3309 4035 a
3333 3980 3483 4049 lapsu
3513 3981 3920 4038 resurrexisset.

2320 4074 2545 4142 Quando
2579 4075 2722 4130 enim
2751 4085 2806 4131 et
2845 4073 3216 4132 inobedientes
3243 4083 3298 4131 et
3329 4074 3644 4132 obedientes
3673 4076 3787 4146 pari
3818 4076 3922 4132 ho-

2321 4179 2454 4220 nore
2491 4165 2776 4232 fruuntur,
2803 4165 2870 4221 ad
2915 4166 3312 4237 improbitatem
3351 4167 3668 4224 erudiuntur
3707 4169 3880 4241 magis
3903 4207 3922 4236 .

2321 4272 2497 4328 neque
2525 4255 2682 4314 facile
2710 4272 2739 4312 a
2770 4258 2898 4312 vitio
2922 4257 3212 4315 desistunt.
3243 4259 3299 4316 Si
3330 4261 3476 4316 enim
3512 4260 3626 4332 jam
3653 4276 3777 4318 eum
3807 4272 3922 4319 ter-

2320 4364 2475 4406 rores
2514 4358 2568 4406 et
2611 4364 2786 4420 ptente
2828 4366 2892 4407 ac
2934 4352 3196 4422 supplicia
3242 4336 3523 4410 iinminent
3544 4397 3560 4422 ,
3601 4355 3928 4426 resipiscam

2325 4456 2435 4495 non
2462 4441 2768 4513 dignantur,
2797 4443 2982 4512 quales
3012 4443 3243 4499 fuissent
3267 4444 3314 4498 si
3339 4443 3472 4498 nihil
3497 4459 3661 4516 grave
3687 4460 3786 4516 pro
3810 4446 3931 4502 suis

2325 4531 2534 4590 delictis
2561 4534 2702 4602 passi
2731 4534 2948 4590 essent?
2978 4535 3162 4604 itaqtte
3189 4535 3343 4590 nobis
3371 4535 3679 4592 dominatus
3706 4538 3778 4592 ob
3805 4539 3926 4594 sin-

2324 4623 2564 4693 gularem
2610 4624 2778 4679 nostri
2825 4639 3006 4679 curam
3054 4633 3110 4680 et
3154 4624 3568 4680 sollicitudinem
3610 4641 3642 4681 a
3686 4628 3797 4683 Deo
3843 4639 3930 4683 est

2325 4713 2555 4770 ablatus.
2584 4713 2666 4769 Tu
2691 4731 2818 4771 vero
2843 4715 2929 4771 hic
2950 4731 3161 4787 quoque
3186 4714 3507 4772 ineli'abilem
3535 4718 3653 4789 ejus
3681 4718 3931 4790 benigni-

2330 4820 2490 4865 tatem
2530 4808 2833 4864 considera.
2874 4807 3150 4878 Siquidem
3192 4809 3360 4865 Adam
3403 4819 3572 4865 totum
3613 4808 3931 4869 mandatum

2330 4900 2564 4963 violavit,
2594 4909 2656 4954 ac
2684 4899 2854 4969 legem
2885 4907 3253 4969 transgressus
3281 4909 3364 4954 est
3390 4918 3404 4951 :
3438 4899 3578 4955 Deus
3606 4912 3787 4957 autem
3819 4919 3934 4959 non

2334 5000 2499 5045 totum
2546 4993 2804 5046 honorem
2844 4992 3098 5058 sustulit,
3133 5007 3302 5063 neque
3345 5003 3454 5048 tota
3497 5009 3619 5048 eunt
3664 5006 3939 5064 potestate

2334 5086 2552 5155 dejecit,
2582 5085 2674 5140 sed
2705 5101 2765 5141 ea
2793 5086 3068 5141 dumtaxat
3094 5085 3159 5140 ab
3185 5085 3300 5156 ejus
3329 5087 3555 5158 imperio
3581 5093 3781 5145 exemit
3808 5096 3933 5147 ani-

2335 5181 2488 5234 malia
2518 5220 2530 5241 ,
2559 5195 2674 5248 quae
2703 5195 2808 5233 non
2841 5183 3064 5233 multum
3094 5179 3160 5234 ad
3189 5178 3346 5248 hujus
3375 5190 3495 5234 vute
3523 5182 3822 5237 subsidium
3855 5185 3939 5241 illi

2334 5274 2638 5327 conducunt
2663 5290 2674 5324 :
2704 5287 2822 5342 qum
2853 5288 2982 5326 vero
3009 5273 3311 5327 necessaria
3335 5283 3539 5328 suntet
3565 5277 3709 5328 utilia
3734 5319 3748 5336 ,
3781 5293 3935 5344 quzp-

2336 5379 2436 5432 que
2469 5367 2690 5418 militum
2719 5365 3011 5420 inserviunt
3039 5367 3158 5418 vita:
3186 5373 3380 5420 nostrae
3403 5410 3416 5432 ,
3447 5381 3509 5421 ea
3536 5366 3742 5420 subdi.“
3779 5369 3940 5426 nobis

2337 5474 2452 5512 esse
2482 5458 2742 5527 permisit.
2769 5457 2933 5512 Bonm
2960 5458 3112 5511 nobis
3140 5459 3350 5528 reliquit
3374 5469 3635 5522 armenta,
3666 5470 3719 5510 ut
3746 5476 3938 5513 tome-

2336 5569 2447 5607 rctn
2480 5552 2785 5616 trahamus,
2815 5561 2873 5605 ut
2899 5561 3091 5606 terram
3123 5553 3387 5607 sulcemus
3410 5595 3422 5615 ,
3454 5561 3513 5605 ut
3536 5555 3738 5606 semina
3775 5564 3939 5610 terra:

2398 5775 2415 5841 _1
2440 5780 2593 5885 die?“
2622 5781 2779 5838 Neque
2803 5773 3052 5823 consilium
3076 5772 3200 5824 illud
3220 5772 3400 5823 durum
3422 5778 3463 5822 τε
3485 5773 3812 5834 perniuosum
3839 5775 3936 5820 rid--

2398 5847 2522 5885 istssc
2550 5881 2558 5885 _

2340 5847 2558 5888 πελέκεσι.
