  <div class='ocr_page' id='page_1' title='image "/cluster/home/n/w/nwhite01/storage/ocr_20150623/54/uva.x004108763/222.png"; bbox 0 0 4180 6524; ppageno 0'>
   <div class='ocr_carea' id='block_1_1' title="bbox 355 408 450 459">
    <p class='ocr_par' dir='ltr' id='par_1_1' title="bbox 355 408 450 459">
     <span class='ocr_line' id='line_1_1' title="bbox 355 408 450 459; baseline 0 0"><span class='ocrx_word' id='word_1_1' title='bbox 355 408 450 459; x_wconf 70' lang='grc' dir='ltr'>5⁸η</span> 
     </span>
    </p>
   </div>
   <div class='ocr_carea' id='block_1_2' title="bbox 350 516 1941 592">
    <p class='ocr_par' dir='ltr' id='par_1_2' title="bbox 350 516 1941 592">
     <span class='ocr_line' id='line_1_2' title="bbox 350 516 1941 592; baseline -0.004 -19"><span class='ocrx_word' id='word_1_2' title='bbox 350 522 454 575; x_wconf 86' lang='grc' dir='ltr'>οὐκ</span> <span class='ocrx_word' id='word_1_3' title='bbox 473 520 617 575; x_wconf 71' lang='grc' dir='ltr'>ἐστιν</span> <span class='ocrx_word' id='word_1_4' title='bbox 644 521 857 591; x_wconf 79' lang='grc' dir='ltr'><strong>ἀνάγκη</strong></span> <span class='ocrx_word' id='word_1_5' title='bbox 912 519 1048 592; x_wconf 81' lang='grc' dir='ltr'>πρὸς</span> <span class='ocrx_word' id='word_1_6' title='bbox 1095 521 1222 583; x_wconf 76' lang='grc' dir='ltr'>τοὺς</span> <span class='ocrx_word' id='word_1_7' title='bbox 1266 518 1532 589; x_wconf 74' lang='grc' dir='ltr'>ζοφεροὺς</span> <span class='ocrx_word' id='word_1_8' title='bbox 1563 518 1665 589; x_wconf 78' lang='grc' dir='ltr'>τῆς</span> <span class='ocrx_word' id='word_1_9' title='bbox 1696 516 1941 571; x_wconf 87' lang='grc' dir='ltr'>ἀϐύσσου</span> 
     </span>
    </p>
   </div>
   <div class='ocr_carea' id='block_1_3' title="bbox 350 604 1938 679">
    <p class='ocr_par' dir='ltr' id='par_1_3' title="bbox 350 604 1938 679">
     <span class='ocr_line' id='line_1_3' title="bbox 350 604 1938 679; baseline -0.003 -16"><span class='ocrx_word' id='word_1_10' title='bbox 350 608 587 672; x_wconf 79' lang='grc' dir='ltr'>κόλπους</span> <span class='ocrx_word' id='word_1_11' title='bbox 647 608 1061 679; x_wconf 85' lang='grc' dir='ltr'>κατενεχθῆναι,</span> <span class='ocrx_word' id='word_1_12' title='bbox 1106 608 1229 661; x_wconf 83' lang='grc' dir='ltr'>οὐδὲ</span> <span class='ocrx_word' id='word_1_13' title='bbox 1274 607 1485 661; x_wconf 82' lang='grc' dir='ltr'>ὑδάτων</span> <span class='ocrx_word' id='word_1_14' title='bbox 1537 607 1752 675; x_wconf 79' lang='grc' dir='ltr'>ἀλόγων</span> <span class='ocrx_word' id='word_1_15' title='bbox 1789 604 1938 677; x_wconf 72' lang='grc' dir='ltr'>ῥύμῃ</span> 
     </span>
    </p>
   </div>
   <div class='ocr_carea' id='block_1_4' title="bbox 348 692 1941 766">
    <p class='ocr_par' dir='ltr' id='par_1_4' title="bbox 348 692 1941 766">
     <span class='ocr_line' id='line_1_4' title="bbox 348 692 1941 766; baseline -0.001 -19"><span class='ocrx_word' id='word_1_16' title='bbox 348 696 451 766; x_wconf 76' lang='grc' dir='ltr'>την</span> <span class='ocrx_word' id='word_1_17' title='bbox 482 694 574 749; x_wconf 90' lang='grc' dir='ltr'>τοῦ</span> <span class='ocrx_word' id='word_1_18' title='bbox 610 700 859 766; x_wconf 85' lang='grc' dir='ltr'>σώματος</span> <span class='ocrx_word' id='word_1_19' title='bbox 884 696 1175 765; x_wconf 77' lang='grc' dir='ltr'><strong>ἐπιτρέψαι</strong></span> <span class='ocrx_word' id='word_1_20' title='bbox 1194 694 1489 766; x_wconf 79' lang='grc' dir='ltr'>σωτηρίαν·</span> <span class='ocrx_word' id='word_1_21' title='bbox 1508 694 1646 748; x_wconf 87' lang='grc' dir='ltr'>ἀλλά</span> <span class='ocrx_word' id='word_1_22' title='bbox 1678 693 1819 747; x_wconf 79' lang='grc' dir='ltr'>πολὺ</span> <span class='ocrx_word' id='word_1_23' title='bbox 1842 692 1941 763; x_wconf 87' lang='grc' dir='ltr'>μὲν</span> 
     </span>
    </p>
   </div>
   <div class='ocr_carea' id='block_1_5' title="bbox 350 779 1941 850">
    <p class='ocr_par' dir='ltr' id='par_1_5' title="bbox 350 779 1941 850">
     <span class='ocr_line' id='line_1_5' title="bbox 350 779 1941 850; baseline -0.003 -15"><span class='ocrx_word' id='word_1_24' title='bbox 350 782 589 836; x_wconf 75' lang='grc' dir='ltr'>ἐνταῦθα</span> <span class='ocrx_word' id='word_1_25' title='bbox 616 782 678 835; x_wconf 74' lang='grc' dir='ltr'>τὺ</span> <span class='ocrx_word' id='word_1_26' title='bbox 706 783 841 850; x_wconf 82' lang='grc' dir='ltr'>φῶς,</span> <span class='ocrx_word' id='word_1_27' title='bbox 882 782 978 835; x_wconf 71' lang='grc' dir='ltr'>καὶ</span> <span class='ocrx_word' id='word_1_28' title='bbox 1013 781 1194 835; x_wconf 84' lang='grc' dir='ltr'>αὐτῶν</span> <span class='ocrx_word' id='word_1_29' title='bbox 1237 782 1346 834; x_wconf 83' lang='grc' dir='ltr'>τῶν</span> <span class='ocrx_word' id='word_1_30' title='bbox 1391 780 1630 834; x_wconf 80' lang='grc' dir='ltr'>ἀκτίνων</span> <span class='ocrx_word' id='word_1_31' title='bbox 1654 779 1941 849; x_wconf 80' lang='grc' dir='ltr'>φαιδρότε-</span> 
     </span>
    </p>
   </div>
   <div class='ocr_carea' id='block_1_6' title="bbox 354 866 1939 939">
    <p class='ocr_par' dir='ltr' id='par_1_6' title="bbox 354 866 1939 939">
     <span class='ocr_line' id='line_1_6' title="bbox 354 866 1939 939; baseline -0.002 -18"><span class='ocrx_word' id='word_1_32' title='bbox 354 884 470 938; x_wconf 89' lang='grc' dir='ltr'>ρον,</span> <span class='ocrx_word' id='word_1_33' title='bbox 498 867 667 937; x_wconf 79' lang='grc' dir='ltr'>πολλὴ</span> <span class='ocrx_word' id='word_1_34' title='bbox 691 868 747 920; x_wconf 75' lang='grc' dir='ltr'>δὲ</span> <span class='ocrx_word' id='word_1_35' title='bbox 770 869 803 937; x_wconf 80' lang='grc' dir='ltr'>ἡ</span> <span class='ocrx_word' id='word_1_36' title='bbox 839 868 1073 939; x_wconf 75' lang='grc' dir='ltr'>γαλήνη,</span> <span class='ocrx_word' id='word_1_37' title='bbox 1110 869 1261 921; x_wconf 76' lang='grc' dir='ltr'>πᾶσα</span> <span class='ocrx_word' id='word_1_38' title='bbox 1295 867 1354 920; x_wconf 84' lang='grc' dir='ltr'>δέ</span> <span class='ocrx_word' id='word_1_39' title='bbox 1396 866 1646 923; x_wconf 84' lang='grc' dir='ltr'>ἐκποδὼν</span> <span class='ocrx_word' id='word_1_40' title='bbox 1698 866 1939 937; x_wconf 76' lang='grc' dir='ltr'>ταραχὴ,</span> 
     </span>
    </p>
   </div>
   <div class='ocr_carea' id='block_1_7' title="bbox 352 954 1944 1027">
    <p class='ocr_par' dir='ltr' id='par_1_7' title="bbox 352 954 1944 1027">
     <span class='ocr_line' id='line_1_7' title="bbox 352 954 1944 1027; baseline -0.001 -18"><span class='ocrx_word' id='word_1_41' title='bbox 352 958 448 1011; x_wconf 76' lang='grc' dir='ltr'>καὶ</span> <span class='ocrx_word' id='word_1_42' title='bbox 473 957 583 1009; x_wconf 83' lang='grc' dir='ltr'>τῶν</span> <span class='ocrx_word' id='word_1_43' title='bbox 614 956 1017 1027; x_wconf 79' lang='grc' dir='ltr'>εὑρισκομένων</span> <span class='ocrx_word' id='word_1_44' title='bbox 1048 954 1303 1010; x_wconf 88' lang='grc' dir='ltr'>τοσοῦτον</span> <span class='ocrx_word' id='word_1_45' title='bbox 1322 956 1384 1009; x_wconf 77' lang='grc' dir='ltr'>τὺ</span> <span class='ocrx_word' id='word_1_46' title='bbox 1418 956 1635 1026; x_wconf 86' lang='grc' dir='ltr'>κέρδος,</span> <span class='ocrx_word' id='word_1_47' title='bbox 1674 956 1800 1009; x_wconf 82' lang='grc' dir='ltr'>ὅσον</span> <span class='ocrx_word' id='word_1_48' title='bbox 1821 954 1944 1009; x_wconf 74' lang='grc' dir='ltr'>οὐδὲ</span> 
     </span>
    </p>
   </div>
   <div class='ocr_carea' id='block_1_8' title="bbox 351 1043 1941 1116">
    <p class='ocr_par' dir='ltr' id='par_1_8' title="bbox 351 1043 1941 1116">
     <span class='ocr_line' id='line_1_8' title="bbox 351 1043 1941 1116; baseline -0.001 -20"><span class='ocrx_word' id='word_1_49' title='bbox 351 1045 495 1114; x_wconf 86' lang='grc' dir='ltr'>λόγῳ</span> <span class='ocrx_word' id='word_1_50' title='bbox 528 1044 879 1116; x_wconf 82' lang='grc' dir='ltr'>παραστῆσαι</span> <span class='ocrx_word' id='word_1_51' title='bbox 904 1044 1152 1098; x_wconf 89' lang='grc' dir='ltr'>δυνατόν.</span> <span class='ocrx_word' id='word_1_52' title='bbox 1184 1043 1276 1114; x_wconf 76' lang='grc' dir='ltr'>Μὴ</span> <span class='ocrx_word' id='word_1_53' title='bbox 1316 1044 1498 1097; x_wconf 90' lang='grc' dir='ltr'>τοίνυν</span> <span class='ocrx_word' id='word_1_54' title='bbox 1535 1043 1941 1113; x_wconf 86' lang='grc' dir='ltr'>ἀποκάμωμεν,</span> 
     </span>
    </p>
   </div>
   <div class='ocr_carea' id='block_1_9' title="bbox 351 1128 1941 1201">
    <p class='ocr_par' dir='ltr' id='par_1_9' title="bbox 351 1128 1941 1201">
     <span class='ocr_line' id='line_1_9' title="bbox 351 1128 1941 1201; baseline -0.001 -17"><span class='ocrx_word' id='word_1_55' title='bbox 351 1131 469 1184; x_wconf 79' lang='grc' dir='ltr'>ἀλλ’</span> <span class='ocrx_word' id='word_1_56' title='bbox 503 1131 945 1200; x_wconf 74' lang='grc' dir='ltr'>ἐπιχειρήσωμεν</span> <span class='ocrx_word' id='word_1_57' title='bbox 966 1133 1033 1201; x_wconf 79' lang='grc' dir='ltr'>τῇ</span> <span class='ocrx_word' id='word_1_58' title='bbox 1068 1131 1297 1200; x_wconf 80' lang='grc' dir='ltr'>ζητήσει</span> <span class='ocrx_word' id='word_1_59' title='bbox 1361 1129 1667 1184; x_wconf 73' lang='grc' dir='ltr'>Ἠκούσατε</span> <span class='ocrx_word' id='word_1_60' title='bbox 1702 1131 1785 1182; x_wconf 88' lang='grc' dir='ltr'>ὄτι</span> <span class='ocrx_word' id='word_1_61' title='bbox 1816 1128 1941 1183; x_wconf 85' lang='grc' dir='ltr'>κατ’</span> 
     </span>
    </p>
   </div>
   <div class='ocr_carea' id='block_1_10' title="bbox 350 1216 1945 1287">
    <p class='ocr_par' dir='ltr' id='par_1_10' title="bbox 350 1216 1945 1287">
     <span class='ocr_line' id='line_1_10' title="bbox 350 1216 1945 1287; baseline -0.001 -18"><span class='ocrx_word' id='word_1_62' title='bbox 350 1218 538 1270; x_wconf 81' lang='grc' dir='ltr'>εἰκόνα</span> <span class='ocrx_word' id='word_1_63' title='bbox 582 1216 717 1269; x_wconf 90' lang='grc' dir='ltr'>Θεοῦ</span> <span class='ocrx_word' id='word_1_64' title='bbox 765 1218 1021 1286; x_wconf 80' lang='grc' dir='ltr'>ἐποίησεν</span> <span class='ocrx_word' id='word_1_65' title='bbox 1063 1217 1091 1267; x_wconf 99' lang='lat'>6</span> <span class='ocrx_word' id='word_1_66' title='bbox 1140 1216 1272 1279; x_wconf 74' lang='grc' dir='ltr'>Θεὸς</span> <span class='ocrx_word' id='word_1_67' title='bbox 1305 1217 1398 1269; x_wconf 71' lang='grc' dir='ltr'>τὸν</span> <span class='ocrx_word' id='word_1_68' title='bbox 1428 1216 1736 1287; x_wconf 73' lang='grc' dir='ltr'>ἄνθρωπον·</span> <span class='ocrx_word' id='word_1_69' title='bbox 1772 1217 1868 1269; x_wconf 72' lang='grc' dir='ltr'>καὶ</span> <span class='ocrx_word' id='word_1_70' title='bbox 1893 1216 1945 1267; x_wconf 90' lang='grc' dir='ltr'>τί</span> 
     </span>
    </p>
   </div>
   <div class='ocr_carea' id='block_1_11' title="bbox 350 1302 1946 1369">
    <p class='ocr_par' dir='ltr' id='par_1_11' title="bbox 350 1302 1946 1369">
     <span class='ocr_line' id='line_1_11' title="bbox 350 1302 1946 1369; baseline 0.001 -16"><span class='ocrx_word' id='word_1_71' title='bbox 350 1302 484 1354; x_wconf 77' lang='grc' dir='ltr'>ποτέ</span> <span class='ocrx_word' id='word_1_72' title='bbox 514 1304 629 1354; x_wconf 79' lang='grc' dir='ltr'>ἐστι</span> <span class='ocrx_word' id='word_1_73' title='bbox 653 1302 713 1354; x_wconf 75' lang='grc' dir='ltr'>τὸ</span> <span class='ocrx_word' id='word_1_74' title='bbox 737 1302 879 1355; x_wconf 73' lang='grc' dir='ltr'>Κατ’</span> <span class='ocrx_word' id='word_1_75' title='bbox 902 1304 1110 1355; x_wconf 74' lang='grc' dir='ltr'>εἰκόνα</span> <span class='ocrx_word' id='word_1_76' title='bbox 1132 1302 1291 1357; x_wconf 89' lang='grc' dir='ltr'>τοῦτο</span> <span class='ocrx_word' id='word_1_77' title='bbox 1333 1302 1433 1356; x_wconf 78' lang='grc' dir='ltr'>καὶ</span> <span class='ocrx_word' id='word_1_78' title='bbox 1485 1306 1617 1357; x_wconf 77' lang='grc' dir='ltr'>καθ’</span> <span class='ocrx_word' id='word_1_79' title='bbox 1654 1303 1946 1369; x_wconf 76' lang='grc' dir='ltr'>ὁμοίωσιν</span> 
     </span>
    </p>
   </div>
   <div class='ocr_carea' id='block_1_12' title="bbox 350 1388 1963 1461">
    <p class='ocr_par' dir='ltr' id='par_1_12' title="bbox 350 1388 1963 1461">
     <span class='ocr_line' id='line_1_12' title="bbox 350 1388 1963 1461; baseline 0.001 -22"><span class='ocrx_word' id='word_1_80' title='bbox 350 1388 675 1459; x_wconf 73' lang='grc' dir='ltr'>εἰρήκαμεν·</span> <span class='ocrx_word' id='word_1_81' title='bbox 708 1388 860 1461; x_wconf 72' lang='grc'>[656]</span> <span class='ocrx_word' id='word_1_82' title='bbox 883 1390 963 1442; x_wconf 77' lang='grc' dir='ltr'>δτι</span> <span class='ocrx_word' id='word_1_83' title='bbox 992 1389 1093 1443; x_wconf 85' lang='grc' dir='ltr'>οὐκ</span> <span class='ocrx_word' id='word_1_84' title='bbox 1137 1390 1330 1453; x_wconf 81' lang='grc' dir='ltr'>οὐσίας</span> <span class='ocrx_word' id='word_1_85' title='bbox 1376 1390 1778 1460; x_wconf 74' lang='grc' dir='ltr'>ἀπαραλλαξία,</span> <span class='ocrx_word' id='word_1_86' title='bbox 1827 1389 1963 1442; x_wconf 80' lang='grc' dir='ltr'>ἀλλ”</span> 
     </span>
    </p>
   </div>
   <div class='ocr_carea' id='block_1_13' title="bbox 350 1474 1941 1548">
    <p class='ocr_par' dir='ltr' id='par_1_13' title="bbox 350 1474 1941 1548">
     <span class='ocr_line' id='line_1_13' title="bbox 350 1474 1941 1548; baseline 0.001 -22"><span class='ocrx_word' id='word_1_87' title='bbox 350 1474 529 1545; x_wconf 78' lang='grc' dir='ltr'>ἀρχῆς</span> <span class='ocrx_word' id='word_1_88' title='bbox 551 1476 805 1545; x_wconf 81' lang='grc' dir='ltr'>ὁμοιότης</span> <span class='ocrx_word' id='word_1_89' title='bbox 841 1488 888 1515; x_wconf 83' lang='grc' dir='ltr'>ι·</span> <span class='ocrx_word' id='word_1_90' title='bbox 919 1476 981 1529; x_wconf 85' lang='grc' dir='ltr'>τδ</span> <span class='ocrx_word' id='word_1_91' title='bbox 1003 1476 1081 1541; x_wconf 79' lang='grc' dir='ltr'>δὲ,</span> <span class='ocrx_word' id='word_1_92' title='bbox 1108 1479 1250 1532; x_wconf 82' lang='grc' dir='ltr'>Καθ’</span> <span class='ocrx_word' id='word_1_93' title='bbox 1294 1476 1605 1546; x_wconf 77' lang='grc' dir='ltr'>ὁμοίωσιν,</span> <span class='ocrx_word' id='word_1_94' title='bbox 1636 1476 1697 1529; x_wconf 85' lang='grc' dir='ltr'>τὸ</span> <span class='ocrx_word' id='word_1_95' title='bbox 1729 1477 1941 1548; x_wconf 72' lang='grc' dir='ltr'>ἥμερον</span> 
     </span>
    </p>
   </div>
   <div class='ocr_carea' id='block_1_14' title="bbox 350 1557 1945 1635">
    <p class='ocr_par' dir='ltr' id='par_1_14' title="bbox 350 1557 1945 1635">
     <span class='ocr_line' id='line_1_14' title="bbox 350 1557 1945 1635; baseline 0.003 -22"><span class='ocrx_word' id='word_1_96' title='bbox 350 1557 495 1613; x_wconf 78' lang='grc' dir='ltr'>εἶναι</span> <span class='ocrx_word' id='word_1_97' title='bbox 542 1564 633 1615; x_wconf 77' lang='grc' dir='ltr'>καὶ</span> <span class='ocrx_word' id='word_1_98' title='bbox 681 1564 875 1631; x_wconf 82' lang='grc' dir='ltr'>πρᾶον,</span> <span class='ocrx_word' id='word_1_99' title='bbox 918 1564 1011 1615; x_wconf 72' lang='grc' dir='ltr'>καὶ</span> <span class='ocrx_word' id='word_1_100' title='bbox 1057 1565 1137 1626; x_wconf 88' lang='grc' dir='ltr'>είς</span> <span class='ocrx_word' id='word_1_101' title='bbox 1176 1562 1407 1634; x_wconf 84' lang='grc' dir='ltr'>δύναμιν</span> <span class='ocrx_word' id='word_1_102' title='bbox 1443 1562 1833 1633; x_wconf 74' lang='grc' dir='ltr'>ἐξομοιοῦσθαι</span> <span class='ocrx_word' id='word_1_103' title='bbox 1864 1562 1945 1635; x_wconf 84' lang='grc' dir='ltr'>τῷ</span> 
     </span>
    </p>
   </div>
   <div class='ocr_carea' id='block_1_15' title="bbox 350 1648 1942 1723">
    <p class='ocr_par' dir='ltr' id='par_1_15' title="bbox 350 1648 1942 1723">
     <span class='ocr_line' id='line_1_15' title="bbox 350 1648 1942 1723; baseline 0.004 -24"><span class='ocrx_word' id='word_1_104' title='bbox 350 1649 473 1717; x_wconf 79' lang='grc' dir='ltr'>θεῷ</span> <span class='ocrx_word' id='word_1_105' title='bbox 512 1648 653 1701; x_wconf 80' lang='grc' dir='ltr'>κατὰ</span> <span class='ocrx_word' id='word_1_106' title='bbox 666 1649 755 1701; x_wconf 84' lang='grc' dir='ltr'>τὸν</span> <span class='ocrx_word' id='word_1_107' title='bbox 771 1649 871 1718; x_wconf 77' lang='grc' dir='ltr'>τῆς</span> <span class='ocrx_word' id='word_1_108' title='bbox 900 1650 1102 1721; x_wconf 73' lang='grc' dir='ltr'>ἀρετῆς</span> <span class='ocrx_word' id='word_1_109' title='bbox 1130 1650 1305 1718; x_wconf 86' lang='grc' dir='ltr'>λόγον,</span> <span class='ocrx_word' id='word_1_110' title='bbox 1337 1650 1411 1715; x_wconf 80' lang='grc' dir='ltr'>ὣς</span> <span class='ocrx_word' id='word_1_111' title='bbox 1434 1668 1597 1721; x_wconf 87' lang='grc' dir='ltr'>φησιν</span> <span class='ocrx_word' id='word_1_112' title='bbox 1632 1655 1659 1704; x_wconf 91' lang='lat'>6</span> <span class='ocrx_word' id='word_1_113' title='bbox 1687 1651 1942 1723; x_wconf 87' lang='grc' dir='ltr'>Χριστός·</span> 
     </span>
    </p>
   </div>
   <div class='ocr_carea' id='block_1_16' title="bbox 353 1736 1945 1808">
    <p class='ocr_par' dir='ltr' id='par_1_16' title="bbox 353 1736 1945 1808">
     <span class='ocr_line' id='line_1_16' title="bbox 353 1736 1945 1808; baseline 0.001 -19"><span class='ocrx_word' id='word_1_114' title='bbox 353 1738 611 1789; x_wconf 80' lang='grc' dir='ltr'>Γίνεσθε</span> <span class='ocrx_word' id='word_1_115' title='bbox 627 1736 813 1805; x_wconf 81' lang='grc' dir='ltr'>ὅμοιοι</span> <span class='ocrx_word' id='word_1_116' title='bbox 844 1737 950 1791; x_wconf 84' lang='grc' dir='ltr'>τοῦ</span> <span class='ocrx_word' id='word_1_117' title='bbox 975 1738 1205 1805; x_wconf 80' lang='grc' dir='ltr'>Πατρός</span> <span class='ocrx_word' id='word_1_118' title='bbox 1224 1755 1344 1806; x_wconf 83' lang='grc' dir='ltr'>μου</span> <span class='ocrx_word' id='word_1_119' title='bbox 1374 1737 1480 1791; x_wconf 84' lang='grc' dir='ltr'>τοῦ</span> <span class='ocrx_word' id='word_1_120' title='bbox 1518 1740 1588 1792; x_wconf 84' lang='grc' dir='ltr'>ἐν</span> <span class='ocrx_word' id='word_1_121' title='bbox 1614 1739 1739 1805; x_wconf 81' lang='grc' dir='ltr'>τοῖς</span> <span class='ocrx_word' id='word_1_122' title='bbox 1765 1742 1945 1808; x_wconf 81' lang='grc' dir='ltr'>οὐρα-</span> 
     </span>
    </p>
   </div>
   <div class='ocr_carea' id='block_1_17' title="bbox 353 1825 1945 1899">
    <p class='ocr_par' dir='ltr' id='par_1_17' title="bbox 353 1825 1945 1899">
     <span class='ocr_line' id='line_1_17' title="bbox 353 1825 1945 1899; baseline 0.002 -22"><span class='ocrx_word' id='word_1_123' title='bbox 353 1825 505 1890; x_wconf 73' lang='grc' dir='ltr'>νοῖς.</span> <span class='ocrx_word' id='word_1_124' title='bbox 541 1825 806 1896; x_wconf 77' lang='grc' dir='ltr'>Καθάπερ</span> <span class='ocrx_word' id='word_1_125' title='bbox 834 1826 942 1895; x_wconf 85' lang='grc' dir='ltr'>γάρ</span> <span class='ocrx_word' id='word_1_126' title='bbox 975 1828 1032 1879; x_wconf 89' lang='grc' dir='ltr'>ἐν</span> <span class='ocrx_word' id='word_1_127' title='bbox 1066 1829 1131 1896; x_wconf 82' lang='grc' dir='ltr'>τῇ</span> <span class='ocrx_word' id='word_1_128' title='bbox 1164 1829 1234 1897; x_wconf 76' lang='grc' dir='ltr'>γῇ</span> <span class='ocrx_word' id='word_1_129' title='bbox 1280 1829 1344 1897; x_wconf 80' lang='grc' dir='ltr'>τῇ</span> <span class='ocrx_word' id='word_1_130' title='bbox 1400 1828 1634 1899; x_wconf 81' lang='grc' dir='ltr'>πλατείᾳ</span> <span class='ocrx_word' id='word_1_131' title='bbox 1657 1829 1751 1881; x_wconf 83' lang='grc' dir='ltr'>καὶ</span> <span class='ocrx_word' id='word_1_132' title='bbox 1780 1830 1945 1899; x_wconf 87' lang='grc' dir='ltr'>εὐρυ-</span> 
     </span>
    </p>
   </div>
   <div class='ocr_carea' id='block_1_18' title="bbox 354 1911 1948 1985">
    <p class='ocr_par' dir='ltr' id='par_1_18' title="bbox 354 1911 1948 1985">
     <span class='ocr_line' id='line_1_18' title="bbox 354 1911 1948 1985; baseline 0.003 -22"><span class='ocrx_word' id='word_1_133' title='bbox 354 1911 518 1983; x_wconf 80' lang='grc' dir='ltr'>χώρῳ</span> <span class='ocrx_word' id='word_1_134' title='bbox 545 1912 718 1985; x_wconf 75' lang='grc' dir='ltr'>ταύτῃ</span> <span class='ocrx_word' id='word_1_135' title='bbox 755 1911 861 1963; x_wconf 78' lang='grc' dir='ltr'>τῶν</span> <span class='ocrx_word' id='word_1_136' title='bbox 885 1912 1040 1975; x_wconf 77' lang='grc' dir='ltr'>ζώων</span> <span class='ocrx_word' id='word_1_137' title='bbox 1065 1913 1135 1964; x_wconf 87' lang='grc' dir='ltr'>τά</span> <span class='ocrx_word' id='word_1_138' title='bbox 1182 1914 1282 1981; x_wconf 82' lang='grc' dir='ltr'>μέν</span> <span class='ocrx_word' id='word_1_139' title='bbox 1324 1914 1466 1967; x_wconf 80' lang='grc' dir='ltr'>εἰσιν</span> <span class='ocrx_word' id='word_1_140' title='bbox 1501 1914 1840 1983; x_wconf 86' lang='grc' dir='ltr'>άλογώτερα,</span> <span class='ocrx_word' id='word_1_141' title='bbox 1873 1914 1948 1968; x_wconf 87' lang='grc' dir='ltr'>τά</span> 
     </span>
    </p>
   </div>
   <div class='ocr_carea' id='block_1_19' title="bbox 350 1999 1947 2073">
    <p class='ocr_par' dir='ltr' id='par_1_19' title="bbox 350 1999 1947 2073">
     <span class='ocr_line' id='line_1_19' title="bbox 350 1999 1947 2073; baseline 0.002 -22"><span class='ocrx_word' id='word_1_142' title='bbox 350 2000 410 2051; x_wconf 83' lang='grc' dir='ltr'>δέ</span> <span class='ocrx_word' id='word_1_143' title='bbox 444 1999 865 2070; x_wconf 83' lang='grc' dir='ltr'>θηριωδέστερα·</span> <span class='ocrx_word' id='word_1_144' title='bbox 908 2000 1050 2052; x_wconf 88' lang='grc' dir='ltr'>οῦτω</span> <span class='ocrx_word' id='word_1_145' title='bbox 1071 2002 1163 2053; x_wconf 73' lang='grc' dir='ltr'>καὶ</span> <span class='ocrx_word' id='word_1_146' title='bbox 1193 2002 1251 2053; x_wconf 86' lang='grc' dir='ltr'>ὲν</span> <span class='ocrx_word' id='word_1_147' title='bbox 1289 2001 1366 2071; x_wconf 78' lang='grc' dir='ltr'>τῷ</span> <span class='ocrx_word' id='word_1_148' title='bbox 1395 2002 1587 2055; x_wconf 86' lang='grc' dir='ltr'>πλάτει</span> <span class='ocrx_word' id='word_1_149' title='bbox 1617 2002 1714 2073; x_wconf 78' lang='grc' dir='ltr'>τῆς</span> <span class='ocrx_word' id='word_1_150' title='bbox 1745 2002 1947 2073; x_wconf 78' lang='grc' dir='ltr'>ἡμετέ-</span> 
     </span>
    </p>
   </div>
   <div class='ocr_carea' id='block_1_20' title="bbox 354 2089 1946 2161">
    <p class='ocr_par' dir='ltr' id='par_1_20' title="bbox 354 2089 1946 2161">
     <span class='ocr_line' id='line_1_20' title="bbox 354 2089 1946 2161; baseline 0.001 -20"><span class='ocrx_word' id='word_1_151' title='bbox 354 2105 459 2159; x_wconf 81' lang='grc' dir='ltr'>ρας</span> <span class='ocrx_word' id='word_1_152' title='bbox 486 2089 688 2158; x_wconf 74' lang='grc' dir='ltr'>ψυχῆς.</span> <span class='ocrx_word' id='word_1_153' title='bbox 720 2089 829 2140; x_wconf 80' lang='grc' dir='ltr'>τῶν</span> <span class='ocrx_word' id='word_1_154' title='bbox 874 2089 1152 2160; x_wconf 83' lang='grc' dir='ltr'>λογισμῶν</span> <span class='ocrx_word' id='word_1_155' title='bbox 1179 2090 1229 2143; x_wconf 76' lang='grc' dir='ltr'>οἱ</span> <span class='ocrx_word' id='word_1_156' title='bbox 1275 2091 1374 2158; x_wconf 86' lang='grc' dir='ltr'>μὲν</span> <span class='ocrx_word' id='word_1_157' title='bbox 1419 2092 1559 2144; x_wconf 77' lang='grc' dir='ltr'>είσὶν</span> <span class='ocrx_word' id='word_1_158' title='bbox 1611 2091 1946 2161; x_wconf 88' lang='grc' dir='ltr'>ἀλογώτεροι</span> 
     </span>
    </p>
   </div>
   <div class='ocr_carea' id='block_1_21' title="bbox 352 2175 1942 2250">
    <p class='ocr_par' dir='ltr' id='par_1_21' title="bbox 352 2175 1942 2250">
     <span class='ocr_line' id='line_1_21' title="bbox 352 2175 1942 2250; baseline 0.001 -22"><span class='ocrx_word' id='word_1_159' title='bbox 352 2175 449 2228; x_wconf 75' lang='grc' dir='ltr'>καὶ</span> <span class='ocrx_word' id='word_1_160' title='bbox 482 2175 798 2245; x_wconf 85' lang='grc' dir='ltr'>κτηνώδεις,</span> <span class='ocrx_word' id='word_1_161' title='bbox 829 2178 877 2228; x_wconf 89' lang='grc' dir='ltr'>οί</span> <span class='ocrx_word' id='word_1_162' title='bbox 903 2177 959 2229; x_wconf 84' lang='grc' dir='ltr'>δέ</span> <span class='ocrx_word' id='word_1_163' title='bbox 987 2176 1409 2249; x_wconf 88' lang='grc' dir='ltr'>θηριωδέστεροι</span> <span class='ocrx_word' id='word_1_164' title='bbox 1454 2180 1549 2231; x_wconf 73' lang='grc' dir='ltr'>καὶ</span> <span class='ocrx_word' id='word_1_165' title='bbox 1590 2178 1942 2250; x_wconf 83' lang='grc' dir='ltr'>ἀγριώτεροι.</span> 
     </span>
    </p>
   </div>
   <div class='ocr_carea' id='block_1_22' title="bbox 352 2263 1945 2337">
    <p class='ocr_par' dir='ltr' id='par_1_22' title="bbox 352 2263 1945 2337">
     <span class='ocr_line' id='line_1_22' title="bbox 352 2263 1945 2337; baseline 0.003 -23"><span class='ocrx_word' id='word_1_166' title='bbox 352 2265 446 2314; x_wconf 87' lang='grc' dir='ltr'>Δεῖ</span> <span class='ocrx_word' id='word_1_167' title='bbox 468 2264 651 2315; x_wconf 79' lang='grc' dir='ltr'>τοίνυν</span> <span class='ocrx_word' id='word_1_168' title='bbox 694 2263 877 2316; x_wconf 86' lang='grc' dir='ltr'>αὐτῶν</span> <span class='ocrx_word' id='word_1_169' title='bbox 926 2266 1149 2334; x_wconf 82' lang='grc' dir='ltr'>κρατεῖν</span> <span class='ocrx_word' id='word_1_170' title='bbox 1181 2266 1275 2317; x_wconf 76' lang='grc' dir='ltr'>καὶ</span> <span class='ocrx_word' id='word_1_171' title='bbox 1309 2266 1715 2335; x_wconf 86' lang='grc' dir='ltr'>περιγίνεσθαι,</span> <span class='ocrx_word' id='word_1_172' title='bbox 1745 2267 1840 2320; x_wconf 75' lang='grc' dir='ltr'>καὶ</span> <span class='ocrx_word' id='word_1_173' title='bbox 1868 2268 1945 2337; x_wconf 80' lang='grc' dir='ltr'>τῷ</span> 
     </span>
    </p>
   </div>
   <div class='ocr_carea' id='block_1_23' title="bbox 351 2349 1946 2422">
    <p class='ocr_par' dir='ltr' id='par_1_23' title="bbox 351 2349 1946 2422">
     <span class='ocr_line' id='line_1_23' title="bbox 351 2349 1946 2422; baseline 0.004 -23"><span class='ocrx_word' id='word_1_174' title='bbox 351 2349 599 2419; x_wconf 80' lang='grc' dir='ltr'>λογισμῷ</span> <span class='ocrx_word' id='word_1_175' title='bbox 632 2351 731 2420; x_wconf 79' lang='grc' dir='ltr'>τὴν</span> <span class='ocrx_word' id='word_1_176' title='bbox 755 2351 960 2403; x_wconf 89' lang='grc' dir='ltr'>τούτων</span> <span class='ocrx_word' id='word_1_177' title='bbox 992 2351 1166 2422; x_wconf 85' lang='grc' dir='ltr'>ἀρχὴν</span> <span class='ocrx_word' id='word_1_178' title='bbox 1193 2351 1566 2422; x_wconf 69' lang='grc' dir='ltr'>παραδιδόναι.</span> <span class='ocrx_word' id='word_1_179' title='bbox 1599 2354 1711 2407; x_wconf 75' lang='grc' dir='ltr'>Καὶ</span> <span class='ocrx_word' id='word_1_180' title='bbox 1745 2352 1863 2416; x_wconf 80' lang='grc' dir='ltr'>πῶς</span> <span class='ocrx_word' id='word_1_181' title='bbox 1879 2355 1946 2406; x_wconf 82' lang='grc' dir='ltr'>ἀν</span> 
     </span>
    </p>
   </div>
   <div class='ocr_carea' id='block_1_24' title="bbox 352 2439 1944 2513">
    <p class='ocr_par' dir='ltr' id='par_1_24' title="bbox 352 2439 1944 2513">
     <span class='ocr_line' id='line_1_24' title="bbox 352 2439 1944 2513; baseline 0.004 -22"><span class='ocrx_word' id='word_1_182' title='bbox 352 2456 439 2501; x_wconf 83' lang='grc' dir='ltr'>τις</span> <span class='ocrx_word' id='word_1_183' title='bbox 462 2439 800 2508; x_wconf 83' lang='grc' dir='ltr'>περιγένοιτο</span> <span class='ocrx_word' id='word_1_184' title='bbox 828 2439 1088 2509; x_wconf 75' lang='grc' dir='ltr'>λογισμοῦ</span> <span class='ocrx_word' id='word_1_185' title='bbox 1121 2441 1443 2513; x_wconf 81' lang='grc' dir='ltr'>θηριώδους,</span> <span class='ocrx_word' id='word_1_186' title='bbox 1464 2443 1598 2513; x_wconf 81' lang='grc' dir='ltr'>φησί</span> <span class='ocrx_word' id='word_1_187' title='bbox 1619 2459 1633 2505; x_wconf 87' lang='grc'>;</span> <span class='ocrx_word' id='word_1_188' title='bbox 1652 2443 1717 2495; x_wconf 85' lang='grc' dir='ltr'>Τί</span> <span class='ocrx_word' id='word_1_189' title='bbox 1742 2443 1944 2511; x_wconf 89' lang='grc' dir='ltr'>λέγεις,</span> 
     </span>
    </p>
   </div>
   <div class='ocr_carea' id='block_1_25' title="bbox 352 2525 1948 2601">
    <p class='ocr_par' dir='ltr' id='par_1_25' title="bbox 352 2525 1948 2601">
     <span class='ocr_line' id='line_1_25' title="bbox 352 2525 1948 2601; baseline 0.004 -23"><span class='ocrx_word' id='word_1_190' title='bbox 352 2525 639 2595; x_wconf 66' lang='grc' dir='ltr'>ἄνθρωπε;</span> <span class='ocrx_word' id='word_1_191' title='bbox 667 2526 787 2579; x_wconf 83' lang='grc' dir='ltr'>Τῶν</span> <span class='ocrx_word' id='word_1_192' title='bbox 816 2526 1046 2580; x_wconf 83' lang='grc' dir='ltr'>λεόντων</span> <span class='ocrx_word' id='word_1_193' title='bbox 1065 2528 1481 2599; x_wconf 79' lang='grc' dir='ltr'>περιγινόμεθα,</span> <span class='ocrx_word' id='word_1_194' title='bbox 1510 2532 1604 2582; x_wconf 81' lang='grc' dir='ltr'>καί</span> <span class='ocrx_word' id='word_1_195' title='bbox 1633 2528 1732 2593; x_wconf 83' lang='grc' dir='ltr'>τὰς</span> <span class='ocrx_word' id='word_1_196' title='bbox 1767 2531 1948 2601; x_wconf 71' lang='grc' dir='ltr'>ψυχὰς</span> 
     </span>
    </p>
   </div>
   <div class='ocr_carea' id='block_1_26' title="bbox 352 2612 1949 2689">
    <p class='ocr_par' dir='ltr' id='par_1_26' title="bbox 352 2612 1949 2689">
     <span class='ocr_line' id='line_1_26' title="bbox 352 2612 1949 2689; baseline 0.003 -24"><span class='ocrx_word' id='word_1_197' title='bbox 352 2612 538 2665; x_wconf 82' lang='grc' dir='ltr'>αὐτῶν</span> <span class='ocrx_word' id='word_1_198' title='bbox 566 2612 905 2683; x_wconf 80' lang='grc' dir='ltr'>ήμεροῦμεν,</span> <span class='ocrx_word' id='word_1_199' title='bbox 944 2614 1039 2665; x_wconf 78' lang='grc' dir='ltr'>καὶ</span> <span class='ocrx_word' id='word_1_200' title='bbox 1074 2615 1447 2683; x_wconf 84' lang='grc' dir='ltr'>ἀμφιϐάλλεις</span> <span class='ocrx_word' id='word_1_201' title='bbox 1481 2619 1527 2669; x_wconf 89' lang='grc' dir='ltr'>εί</span> <span class='ocrx_word' id='word_1_202' title='bbox 1560 2617 1821 2687; x_wconf 79' lang='grc' dir='ltr'>λογισμοῦ</span> <span class='ocrx_word' id='word_1_203' title='bbox 1851 2618 1949 2689; x_wconf 87' lang='grc' dir='ltr'>θη-</span> 
     </span>
    </p>
   </div>
   <div class='ocr_carea' id='block_1_27' title="bbox 353 2700 1948 2774">
    <p class='ocr_par' dir='ltr' id='par_1_27' title="bbox 353 2700 1948 2774">
     <span class='ocr_line' id='line_1_27' title="bbox 353 2700 1948 2774; baseline 0.004 -21"><span class='ocrx_word' id='word_1_204' title='bbox 353 2700 577 2772; x_wconf 86' lang='grc' dir='ltr'>ριωδίαν</span> <span class='ocrx_word' id='word_1_205' title='bbox 608 2701 742 2772; x_wconf 83' lang='grc' dir='ltr'>πρὸς</span> <span class='ocrx_word' id='word_1_206' title='bbox 776 2702 1093 2772; x_wconf 79' lang='grc' dir='ltr'>ἡμερότητα</span> <span class='ocrx_word' id='word_1_207' title='bbox 1122 2702 1327 2774; x_wconf 75' lang='grc' dir='ltr'>δυνήσῃ</span> <span class='ocrx_word' id='word_1_208' title='bbox 1358 2704 1719 2773; x_wconf 73' lang='grc' dir='ltr'>μεταϐαλεῖνς</span> <span class='ocrx_word' id='word_1_209' title='bbox 1756 2705 1948 2760; x_wconf 85' lang='grc' dir='ltr'>Καίτοι</span> 
     </span>
    </p>
   </div>
   <div class='ocr_carea' id='block_1_28' title="bbox 352 2786 1948 2863">
    <p class='ocr_par' dir='ltr' id='par_1_28' title="bbox 352 2786 1948 2863">
     <span class='ocr_line' id='line_1_28' title="bbox 352 2786 1948 2863; baseline 0.004 -22"><span class='ocrx_word' id='word_1_210' title='bbox 352 2786 435 2858; x_wconf 82' lang='grc' dir='ltr'>τῷ</span> <span class='ocrx_word' id='word_1_211' title='bbox 462 2788 637 2841; x_wconf 86' lang='grc' dir='ltr'>λέοντι</span> <span class='ocrx_word' id='word_1_212' title='bbox 664 2789 762 2858; x_wconf 83' lang='grc' dir='ltr'>μὲν</span> <span class='ocrx_word' id='word_1_213' title='bbox 794 2789 937 2842; x_wconf 84' lang='grc' dir='ltr'>κατὰ</span> <span class='ocrx_word' id='word_1_214' title='bbox 966 2790 1127 2857; x_wconf 83' lang='grc' dir='ltr'>φύσιν</span> <span class='ocrx_word' id='word_1_215' title='bbox 1161 2792 1221 2843; x_wconf 82' lang='grc' dir='ltr'>τὸ</span> <span class='ocrx_word' id='word_1_216' title='bbox 1267 2794 1480 2863; x_wconf 75' lang='grc' dir='ltr'>ἄγριον,</span> <span class='ocrx_word' id='word_1_217' title='bbox 1518 2794 1669 2863; x_wconf 84' lang='grc' dir='ltr'>παρά</span> <span class='ocrx_word' id='word_1_218' title='bbox 1703 2791 1867 2862; x_wconf 89' lang='grc' dir='ltr'>φύσιν</span> <span class='ocrx_word' id='word_1_219' title='bbox 1891 2794 1948 2847; x_wconf 86' lang='grc' dir='ltr'>δὲ</span> 
     </span>
    </p>
   </div>
   <div class='ocr_carea' id='block_1_29' title="bbox 352 2872 1949 2953">
    <p class='ocr_par' dir='ltr' id='par_1_29' title="bbox 352 2872 1949 2953">
     <span class='ocr_line' id='line_1_29' title="bbox 352 2872 1949 2953; baseline 0.005 -26"><span class='ocrx_word' id='word_1_220' title='bbox 352 2876 417 2927; x_wconf 79' lang='grc' dir='ltr'>τὸ</span> <span class='ocrx_word' id='word_1_221' title='bbox 452 2876 680 2947; x_wconf 67' lang='grc' dir='ltr'>ἥμερον·</span> <span class='ocrx_word' id='word_1_222' title='bbox 724 2877 807 2929; x_wconf 82' lang='grc' dir='ltr'>σοὶ</span> <span class='ocrx_word' id='word_1_223' title='bbox 860 2876 918 2928; x_wconf 86' lang='grc' dir='ltr'>δὲ</span> <span class='ocrx_word' id='word_1_224' title='bbox 954 2877 1013 2929; x_wconf 80' lang='grc' dir='ltr'>τὸ</span> <span class='ocrx_word' id='word_1_225' title='bbox 1074 2878 1339 2940; x_wconf 82' lang='grc' dir='ltr'>ἐναντίον,</span> <span class='ocrx_word' id='word_1_226' title='bbox 1394 2879 1535 2932; x_wconf 84' lang='grc' dir='ltr'>κατά</span> <span class='ocrx_word' id='word_1_227' title='bbox 1570 2881 1732 2949; x_wconf 86' lang='grc' dir='ltr'>φύσιν</span> <span class='ocrx_word' id='word_1_228' title='bbox 1767 2882 1867 2953; x_wconf 78' lang='grc' dir='ltr'>μὲν</span> <span class='ocrx_word' id='word_1_229' title='bbox 1882 2872 1949 2934; x_wconf 84' lang='grc' dir='ltr'>τὸ</span> 
     </span>
    </p>
   </div>
   <div class='ocr_carea' id='block_1_30' title="bbox 353 2963 1944 3036">
    <p class='ocr_par' dir='ltr' id='par_1_30' title="bbox 353 2963 1944 3036">
     <span class='ocr_line' id='line_1_30' title="bbox 353 2963 1944 3036; baseline 0.003 -21"><span class='ocrx_word' id='word_1_230' title='bbox 353 2964 650 3035; x_wconf 83' lang='grc' dir='ltr'>προσηνὲς,</span> <span class='ocrx_word' id='word_1_231' title='bbox 688 2963 839 3032; x_wconf 75' lang='grc' dir='ltr'>παρά</span> <span class='ocrx_word' id='word_1_232' title='bbox 878 2964 1039 3029; x_wconf 86' lang='grc' dir='ltr'>φύσιν</span> <span class='ocrx_word' id='word_1_233' title='bbox 1071 2964 1128 3016; x_wconf 80' lang='grc' dir='ltr'>δὲ</span> <span class='ocrx_word' id='word_1_234' title='bbox 1170 2967 1198 3034; x_wconf 80' lang='grc' dir='ltr'>ἡ</span> <span class='ocrx_word' id='word_1_235' title='bbox 1230 2966 1516 3036; x_wconf 84' lang='grc' dir='ltr'>θηριωδία.</span> <span class='ocrx_word' id='word_1_236' title='bbox 1573 2968 1629 3020; x_wconf 83' lang='lat' dir='ltr'>&#39;U</span> <span class='ocrx_word' id='word_1_237' title='bbox 1656 2969 1837 3022; x_wconf 86' lang='grc' dir='ltr'>τοίνυν</span> <span class='ocrx_word' id='word_1_238' title='bbox 1878 2969 1944 3020; x_wconf 83' lang='grc' dir='ltr'>τὸ</span> 
     </span>
    </p>
   </div>
   <div class='ocr_carea' id='block_1_31' title="bbox 355 3050 1948 3123">
    <p class='ocr_par' dir='ltr' id='par_1_31' title="bbox 355 3050 1948 3123">
     <span class='ocr_line' id='line_1_31' title="bbox 355 3050 1948 3123; baseline 0.003 -20"><span class='ocrx_word' id='word_1_239' title='bbox 355 3050 499 3103; x_wconf 70' lang='grc' dir='ltr'>κατὰ</span> <span class='ocrx_word' id='word_1_240' title='bbox 532 3050 693 3119; x_wconf 81' lang='grc' dir='ltr'>φύσιν</span> <span class='ocrx_word' id='word_1_241' title='bbox 722 3050 1024 3113; x_wconf 81' lang='grc' dir='ltr'>ἐκϐάλλων,</span> <span class='ocrx_word' id='word_1_242' title='bbox 1074 3052 1167 3103; x_wconf 75' lang='grc' dir='ltr'>καὶ</span> <span class='ocrx_word' id='word_1_243' title='bbox 1213 3052 1274 3102; x_wconf 84' lang='grc' dir='ltr'>τὸ</span> <span class='ocrx_word' id='word_1_244' title='bbox 1324 3054 1474 3122; x_wconf 78' lang='grc' dir='ltr'>παρὰ</span> <span class='ocrx_word' id='word_1_245' title='bbox 1528 3055 1691 3123; x_wconf 85' lang='grc' dir='ltr'>φύσιν</span> <span class='ocrx_word' id='word_1_246' title='bbox 1714 3057 1948 3117; x_wconf 78' lang='grc' dir='ltr'>ἐντιθεὶς</span> 
     </span>
    </p>
   </div>
   <div class='ocr_carea' id='block_1_32' title="bbox 352 3137 1948 3212">
    <p class='ocr_par' dir='ltr' id='par_1_32' title="bbox 352 3137 1948 3212">
     <span class='ocr_line' id='line_1_32' title="bbox 352 3137 1948 3212; baseline 0.004 -23"><span class='ocrx_word' id='word_1_247' title='bbox 352 3140 422 3208; x_wconf 80' lang='grc' dir='ltr'>τῇ</span> <span class='ocrx_word' id='word_1_248' title='bbox 455 3137 549 3190; x_wconf 87' lang='grc' dir='ltr'>τοῦ</span> <span class='ocrx_word' id='word_1_249' title='bbox 577 3138 765 3207; x_wconf 82' lang='grc' dir='ltr'>θηρίου</span> <span class='ocrx_word' id='word_1_250' title='bbox 782 3138 949 3207; x_wconf 72' lang='grc' dir='ltr'>ψυχῇ,</span> <span class='ocrx_word' id='word_1_251' title='bbox 979 3139 1036 3188; x_wconf 82' lang='grc' dir='ltr'>ἐν</span> <span class='ocrx_word' id='word_1_252' title='bbox 1053 3141 1116 3207; x_wconf 78' lang='grc' dir='ltr'>τῇ</span> <span class='ocrx_word' id='word_1_253' title='bbox 1146 3139 1339 3191; x_wconf 77' lang='grc' dir='ltr'>ἑαυτοῦ</span> <span class='ocrx_word' id='word_1_254' title='bbox 1367 3141 1513 3210; x_wconf 56' lang='grc' dir='ltr'>ψυχῇ</span> <span class='ocrx_word' id='word_1_255' title='bbox 1529 3142 1588 3193; x_wconf 81' lang='grc' dir='ltr'>τὸ</span> <span class='ocrx_word' id='word_1_256' title='bbox 1617 3143 1758 3195; x_wconf 73' lang='grc' dir='ltr'>κατά</span> <span class='ocrx_word' id='word_1_257' title='bbox 1787 3143 1948 3212; x_wconf 87' lang='grc' dir='ltr'>φύσιν</span> 
     </span>
    </p>
   </div>
   <div class='ocr_carea' id='block_1_33' title="bbox 353 3223 1950 3299">
    <p class='ocr_par' dir='ltr' id='par_1_33' title="bbox 353 3223 1950 3299">
     <span class='ocr_line' id='line_1_33' title="bbox 353 3223 1950 3299; baseline 0.005 -22"><span class='ocrx_word' id='word_1_258' title='bbox 353 3225 417 3278; x_wconf 77' lang='grc' dir='ltr'>οὐ</span> <span class='ocrx_word' id='word_1_259' title='bbox 446 3224 650 3295; x_wconf 71' lang='grc' dir='ltr'>δυνήςῃ</span> <span class='ocrx_word' id='word_1_260' title='bbox 671 3223 1028 3293; x_wconf 83' lang='grc' dir='ltr'>διατηρῆσαι;</span> <span class='ocrx_word' id='word_1_261' title='bbox 1074 3226 1168 3277; x_wconf 72' lang='grc' dir='ltr'>καὶ</span> <span class='ocrx_word' id='word_1_262' title='bbox 1213 3227 1383 3296; x_wconf 77' lang='grc' dir='ltr'>πόσης</span> <span class='ocrx_word' id='word_1_263' title='bbox 1430 3229 1527 3280; x_wconf 88' lang='grc' dir='ltr'>οὐκ</span> <span class='ocrx_word' id='word_1_264' title='bbox 1570 3228 1636 3281; x_wconf 82' lang='grc' dir='ltr'>ἂν</span> <span class='ocrx_word' id='word_1_265' title='bbox 1676 3231 1761 3299; x_wconf 79' lang='grc' dir='ltr'>εἴη</span> <span class='ocrx_word' id='word_1_266' title='bbox 1793 3230 1950 3284; x_wconf 86' lang='grc' dir='ltr'>τοῦτο</span> 
     </span>
    </p>
   </div>
   <div class='ocr_carea' id='block_1_34' title="bbox 357 3310 1951 3388">
    <p class='ocr_par' dir='ltr' id='par_1_34' title="bbox 357 3310 1951 3388">
     <span class='ocr_line' id='line_1_34' title="bbox 357 3310 1951 3388; baseline 0.004 -26"><span class='ocrx_word' id='word_1_267' title='bbox 357 3310 671 3383; x_wconf 49' lang='grc' dir='ltr'>ῥᾳθυμίας</span> <span class='ocrx_word' id='word_1_268' title='bbox 710 3312 816 3363; x_wconf 74' lang='grc' dir='ltr'>Καὶ</span> <span class='ocrx_word' id='word_1_269' title='bbox 851 3312 943 3363; x_wconf 86' lang='grc' dir='ltr'>ἐπί</span> <span class='ocrx_word' id='word_1_270' title='bbox 979 3312 1077 3380; x_wconf 84' lang='grc' dir='ltr'>μὲν</span> <span class='ocrx_word' id='word_1_271' title='bbox 1111 3313 1210 3383; x_wconf 80' lang='grc' dir='ltr'>τῆς</span> <span class='ocrx_word' id='word_1_272' title='bbox 1239 3312 1347 3365; x_wconf 83' lang='grc' dir='ltr'>τῶν</span> <span class='ocrx_word' id='word_1_273' title='bbox 1384 3314 1621 3367; x_wconf 86' lang='grc' dir='ltr'>λεόντων</span> <span class='ocrx_word' id='word_1_274' title='bbox 1656 3317 1836 3388; x_wconf 74' lang='grc' dir='ltr'>ψυχῆς</span> <span class='ocrx_word' id='word_1_275' title='bbox 1857 3318 1951 3371; x_wconf 77' lang='grc' dir='ltr'>καὶ</span> 
     </span>
    </p>
   </div>
   <div class='ocr_carea' id='block_1_35' title="bbox 355 3396 1951 3477">
    <p class='ocr_par' dir='ltr' id='par_1_35' title="bbox 355 3396 1951 3477">
     <span class='ocr_line' id='line_1_35' title="bbox 355 3396 1951 3477; baseline 0.004 -26"><span class='ocrx_word' id='word_1_276' title='bbox 355 3398 525 3468; x_wconf 77' lang='grc' dir='ltr'>ἑτέρα</span> <span class='ocrx_word' id='word_1_277' title='bbox 556 3397 806 3449; x_wconf 80' lang='grc' dir='ltr'>δυσκολία</span> <span class='ocrx_word' id='word_1_278' title='bbox 850 3396 988 3466; x_wconf 76' lang='grc' dir='ltr'>μετὰ</span> <span class='ocrx_word' id='word_1_279' title='bbox 1016 3398 1217 3467; x_wconf 78' lang='grc' dir='ltr'>ταύτης</span> <span class='ocrx_word' id='word_1_280' title='bbox 1251 3400 1387 3451; x_wconf 87' lang='grc' dir='ltr'>ἐστί·</span> <span class='ocrx_word' id='word_1_281' title='bbox 1419 3400 1697 3469; x_wconf 81' lang='grc' dir='ltr'>λογισμῶν</span> <span class='ocrx_word' id='word_1_282' title='bbox 1728 3406 1835 3477; x_wconf 87' lang='grc' dir='ltr'>γάρ</span> <span class='ocrx_word' id='word_1_283' title='bbox 1863 3407 1951 3457; x_wconf 85' lang='grc' dir='ltr'>ἐσ-</span> 
     </span>
    </p>
   </div>
   <div class='ocr_carea' id='block_1_36' title="bbox 354 3482 1951 3563">
    <p class='ocr_par' dir='ltr' id='par_1_36' title="bbox 354 3482 1951 3563">
     <span class='ocr_line' id='line_1_36' title="bbox 354 3482 1951 3563; baseline 0.004 -25"><span class='ocrx_word' id='word_1_284' title='bbox 354 3501 443 3538; x_wconf 85' lang='grc' dir='ltr'>τιν</span> <span class='ocrx_word' id='word_1_285' title='bbox 471 3484 676 3555; x_wconf 67' lang='grc' dir='ltr'>ἔρημος</span> <span class='ocrx_word' id='word_1_286' title='bbox 712 3484 738 3522; x_wconf 68' lang='grc' dir='ltr'>λ’</span> <span class='ocrx_word' id='word_1_287' title='bbox 775 3486 806 3554; x_wconf 80' lang='grc' dir='ltr'>ἡ</span> <span class='ocrx_word' id='word_1_288' title='bbox 835 3482 930 3535; x_wconf 88' lang='grc' dir='ltr'>τοῦ</span> <span class='ocrx_word' id='word_1_289' title='bbox 954 3484 1144 3554; x_wconf 86' lang='grc' dir='ltr'>θηρίου</span> <span class='ocrx_word' id='word_1_290' title='bbox 1174 3486 1341 3555; x_wconf 71' lang='grc' dir='ltr'>ψυχή.</span> <span class='ocrx_word' id='word_1_291' title='bbox 1397 3487 1538 3541; x_wconf 83' lang='grc' dir='ltr'>Ἀλλ’</span> <span class='ocrx_word' id='word_1_292' title='bbox 1570 3491 1720 3559; x_wconf 80' lang='grc' dir='ltr'>ὅμως</span> <span class='ocrx_word' id='word_1_293' title='bbox 1775 3492 1951 3563; x_wconf 79' lang='grc' dir='ltr'>ἑωρά-</span> 
     </span>
    </p>
   </div>
   <div class='ocr_carea' id='block_1_37' title="bbox 356 3570 1952 3648">
    <p class='ocr_par' dir='ltr' id='par_1_37' title="bbox 356 3570 1952 3648">
     <span class='ocr_line' id='line_1_37' title="bbox 356 3570 1952 3648; baseline 0.007 -26"><span class='ocrx_word' id='word_1_294' title='bbox 356 3588 490 3627; x_wconf 85' lang='grc' dir='ltr'>κατε</span> <span class='ocrx_word' id='word_1_295' title='bbox 525 3570 783 3633; x_wconf 76' lang='grc' dir='ltr'>πολλάκις</span> <span class='ocrx_word' id='word_1_296' title='bbox 826 3572 1048 3633; x_wconf 84' lang='grc' dir='ltr'>λέοντας</span> <span class='ocrx_word' id='word_1_297' title='bbox 1103 3572 1392 3642; x_wconf 80' lang='grc' dir='ltr'>προϐάτων</span> <span class='ocrx_word' id='word_1_298' title='bbox 1432 3576 1823 3648; x_wconf 78' lang='grc' dir='ltr'>ἡμερωτέρους</span> <span class='ocrx_word' id='word_1_299' title='bbox 1861 3580 1952 3633; x_wconf 86' lang='grc' dir='ltr'>διά</span> 
     </span>
    </p>
   </div>
   <div class='ocr_carea' id='block_1_38' title="bbox 356 3658 1951 3737">
    <p class='ocr_par' dir='ltr' id='par_1_38' title="bbox 356 3658 1951 3737">
     <span class='ocr_line' id='line_1_38' title="bbox 356 3658 1951 3737; baseline 0.004 -27"><span class='ocrx_word' id='word_1_300' title='bbox 356 3662 457 3729; x_wconf 76' lang='grc' dir='ltr'>τῆς</span> <span class='ocrx_word' id='word_1_301' title='bbox 487 3658 695 3727; x_wconf 80' lang='grc' dir='ltr'>ἀγορᾶς</span> <span class='ocrx_word' id='word_1_302' title='bbox 721 3658 1043 3729; x_wconf 81' lang='grc' dir='ltr'>ἀγομένους,</span> <span class='ocrx_word' id='word_1_303' title='bbox 1071 3662 1164 3711; x_wconf 75' lang='grc' dir='ltr'>καὶ</span> <span class='ocrx_word' id='word_1_304' title='bbox 1184 3660 1371 3713; x_wconf 70' lang='grc' dir='ltr'>πολλοὶ</span> <span class='ocrx_word' id='word_1_305' title='bbox 1402 3664 1511 3715; x_wconf 82' lang='grc' dir='ltr'>τῶν</span> <span class='ocrx_word' id='word_1_306' title='bbox 1544 3665 1602 3715; x_wconf 80' lang='grc' dir='ltr'>ἐν</span> <span class='ocrx_word' id='word_1_307' title='bbox 1647 3668 1760 3727; x_wconf 85' lang='grc' dir='ltr'>τοῖς</span> <span class='ocrx_word' id='word_1_308' title='bbox 1783 3668 1951 3737; x_wconf 83' lang='grc' dir='ltr'>ἐργα-</span> 
     </span>
    </p>
   </div>
   <div class='ocr_carea' id='block_1_39' title="bbox 359 3743 1949 3823">
    <p class='ocr_par' dir='ltr' id='par_1_39' title="bbox 359 3743 1949 3823">
     <span class='ocr_line' id='line_1_39' title="bbox 359 3743 1949 3823; baseline 0.006 -27"><span class='ocrx_word' id='word_1_309' title='bbox 359 3744 599 3813; x_wconf 74' lang='grc' dir='ltr'>στηρίο.ς</span> <span class='ocrx_word' id='word_1_310' title='bbox 639 3743 900 3815; x_wconf 87' lang='grc' dir='ltr'>ἀργύριον</span> <span class='ocrx_word' id='word_1_311' title='bbox 928 3745 1189 3809; x_wconf 80' lang='grc' dir='ltr'>πολλάκις</span> <span class='ocrx_word' id='word_1_312' title='bbox 1221 3749 1524 3803; x_wconf 87' lang='grc' dir='ltr'>κατέϐαλον</span> <span class='ocrx_word' id='word_1_313' title='bbox 1544 3752 1622 3821; x_wconf 80' lang='grc' dir='ltr'>τῷ</span> <span class='ocrx_word' id='word_1_314' title='bbox 1640 3755 1949 3823; x_wconf 84' lang='grc' dir='ltr'>κατέχοντι,</span> 
     </span>
    </p>
   </div>
   <div class='ocr_carea' id='block_1_40' title="bbox 360 3830 1953 3912">
    <p class='ocr_par' dir='ltr' id='par_1_40' title="bbox 360 3830 1953 3912">
     <span class='ocr_line' id='line_1_40' title="bbox 360 3830 1953 3912; baseline 0.008 -30"><span class='ocrx_word' id='word_1_315' title='bbox 360 3830 554 3901; x_wconf 84' lang='grc' dir='ltr'>μισθόν</span> <span class='ocrx_word' id='word_1_316' title='bbox 584 3849 703 3883; x_wconf 86' lang='grc' dir='ltr'>τινα</span> <span class='ocrx_word' id='word_1_317' title='bbox 728 3830 825 3901; x_wconf 75' lang='grc' dir='ltr'>τῆς</span> <span class='ocrx_word' id='word_1_318' title='bbox 850 3831 1043 3901; x_wconf 79' lang='grc' dir='ltr'>τέχνης</span> <span class='ocrx_word' id='word_1_319' title='bbox 1066 3834 1160 3887; x_wconf 77' lang='grc' dir='ltr'>καὶ</span> <span class='ocrx_word' id='word_1_320' title='bbox 1191 3837 1287 3902; x_wconf 82' lang='grc' dir='ltr'>τῆς</span> <span class='ocrx_word' id='word_1_321' title='bbox 1334 3837 1545 3904; x_wconf 80' lang='grc' dir='ltr'>σοφίας,</span> <span class='ocrx_word' id='word_1_322' title='bbox 1577 3840 1643 3891; x_wconf 79' lang='grc' dir='ltr'>δι’</span> <span class='ocrx_word' id='word_1_323' title='bbox 1669 3834 1735 3910; x_wconf 83' lang='grc' dir='ltr'>ἦς</span> <span class='ocrx_word' id='word_1_324' title='bbox 1762 3842 1823 3893; x_wconf 90' lang='grc' dir='ltr'>τὸ</span> <span class='ocrx_word' id='word_1_325' title='bbox 1855 3841 1953 3912; x_wconf 84' lang='grc' dir='ltr'>θη-</span> 
     </span>
    </p>
   </div>
   <div class='ocr_carea' id='block_1_41' title="bbox 362 3917 1956 3999">
    <p class='ocr_par' dir='ltr' id='par_1_41' title="bbox 362 3917 1956 3999">
     <span class='ocr_line' id='line_1_41' title="bbox 362 3917 1956 3999; baseline 0.008 -30"><span class='ocrx_word' id='word_1_326' title='bbox 362 3918 476 3988; x_wconf 90' lang='grc' dir='ltr'>ρίον</span> <span class='ocrx_word' id='word_1_327' title='bbox 510 3917 819 3988; x_wconf 74' lang='grc' dir='ltr'>ὴμέρωτεν·</span> <span class='ocrx_word' id='word_1_328' title='bbox 864 3920 957 3970; x_wconf 73' lang='grc' dir='ltr'>ἐπὶ</span> <span class='ocrx_word' id='word_1_329' title='bbox 994 3920 1051 3971; x_wconf 75' lang='grc' dir='ltr'>δὲ</span> <span class='ocrx_word' id='word_1_330' title='bbox 1083 3921 1180 3985; x_wconf 82' lang='grc' dir='ltr'>τῆς</span> <span class='ocrx_word' id='word_1_331' title='bbox 1216 3925 1313 3989; x_wconf 82' lang='grc' dir='ltr'>σῆς</span> <span class='ocrx_word' id='word_1_332' title='bbox 1345 3922 1525 3992; x_wconf 75' lang='grc' dir='ltr'>ψυχῆς</span> <span class='ocrx_word' id='word_1_333' title='bbox 1562 3927 1654 3977; x_wconf 75' lang='grc' dir='ltr'>καὶ</span> <span class='ocrx_word' id='word_1_334' title='bbox 1692 3927 1956 3999; x_wconf 88' lang='grc' dir='ltr'>λογισμός</span> 
     </span>
    </p>
   </div>
   <div class='ocr_carea' id='block_1_42' title="bbox 361 4004 1956 4089">
    <p class='ocr_par' dir='ltr' id='par_1_42' title="bbox 361 4004 1956 4089">
     <span class='ocr_line' id='line_1_42' title="bbox 361 4004 1956 4089; baseline 0.009 -33"><span class='ocrx_word' id='word_1_335' title='bbox 361 4010 498 4069; x_wconf 84' lang='grc' dir='ltr'>ἐστι,</span> <span class='ocrx_word' id='word_1_336' title='bbox 524 4006 617 4057; x_wconf 73' lang='grc' dir='ltr'>καὶ</span> <span class='ocrx_word' id='word_1_337' title='bbox 642 4004 777 4058; x_wconf 78' lang='grc' dir='ltr'>Θεοῦ</span> <span class='ocrx_word' id='word_1_338' title='bbox 807 4005 991 4075; x_wconf 87' lang='grc' dir='ltr'>φόϐος,</span> <span class='ocrx_word' id='word_1_339' title='bbox 1030 4007 1123 4060; x_wconf 74' lang='grc' dir='ltr'>καὶ</span> <span class='ocrx_word' id='word_1_340' title='bbox 1154 4008 1323 4079; x_wconf 82' lang='grc' dir='ltr'>πολλὴ</span> <span class='ocrx_word' id='word_1_341' title='bbox 1360 4010 1717 4082; x_wconf 79' lang='grc' dir='ltr'>’πολλαχόθεν</span> <span class='ocrx_word' id='word_1_342' title='bbox 1752 4018 1784 4086; x_wconf 80' lang='grc' dir='ltr'><strong>ή</strong></span> <span class='ocrx_word' id='word_1_343' title='bbox 1824 4017 1956 4089; x_wconf 79' lang='grc' dir='ltr'>βοή-</span> 
     </span>
    </p>
   </div>
   <div class='ocr_carea' id='block_1_43' title="bbox 361 4094 1953 4173">
    <p class='ocr_par' dir='ltr' id='par_1_43' title="bbox 361 4094 1953 4173">
     <span class='ocr_line' id='line_1_43' title="bbox 361 4094 1953 4173; baseline 0.009 -28"><span class='ocrx_word' id='word_1_344' title='bbox 361 4094 500 4150; x_wconf 85' lang='grc' dir='ltr'>θεια,</span> <span class='ocrx_word' id='word_1_345' title='bbox 545 4094 632 4165; x_wconf 80' lang='grc' dir='ltr'>Μὴ</span> <span class='ocrx_word' id='word_1_346' title='bbox 674 4094 852 4147; x_wconf 85' lang='grc' dir='ltr'>τοίνυν</span> <span class='ocrx_word' id='word_1_347' title='bbox 905 4096 1137 4165; x_wconf 76' lang='grc' dir='ltr'>σκήψεις</span> <span class='ocrx_word' id='word_1_348' title='bbox 1184 4114 1273 4167; x_wconf 90' lang='grc' dir='ltr'>μοι</span> <span class='ocrx_word' id='word_1_349' title='bbox 1318 4098 1442 4167; x_wconf 83' lang='grc' dir='ltr'>λέγε</span> <span class='ocrx_word' id='word_1_350' title='bbox 1494 4104 1588 4154; x_wconf 76' lang='grc' dir='ltr'>καὶ</span> <span class='ocrx_word' id='word_1_351' title='bbox 1628 4106 1953 4173; x_wconf 85' lang='grc' dir='ltr'>προφάσεις.</span> 
     </span>
    </p>
   </div>
   <div class='ocr_carea' id='block_1_44' title="bbox 358 4182 1951 4263">
    <p class='ocr_par' dir='ltr' id='par_1_44' title="bbox 358 4182 1951 4263">
     <span class='ocr_line' id='line_1_44' title="bbox 358 4182 1951 4263; baseline 0.009 -29"><span class='ocrx_word' id='word_1_352' title='bbox 358 4182 594 4235; x_wconf 77' lang='grc' dir='ltr'>Δυνατδν</span> <span class='ocrx_word' id='word_1_353' title='bbox 618 4183 745 4250; x_wconf 64' lang='grc' dir='ltr'>γάρ,</span> <span class='ocrx_word' id='word_1_354' title='bbox 782 4183 875 4235; x_wconf 76' lang='grc' dir='ltr'>ἐὰν</span> <span class='ocrx_word' id='word_1_355' title='bbox 901 4183 1082 4254; x_wconf 76' lang='grc' dir='ltr'>θέλῃς,</span> <span class='ocrx_word' id='word_1_356' title='bbox 1123 4185 1329 4255; x_wconf 77' lang='grc' dir='ltr'>ἥμερόν</span> <span class='ocrx_word' id='word_1_357' title='bbox 1366 4204 1423 4239; x_wconf 88' lang='grc' dir='ltr'>σε</span> <span class='ocrx_word' id='word_1_358' title='bbox 1456 4185 1600 4243; x_wconf 77' lang='grc' dir='ltr'>εἶναι</span> <span class='ocrx_word' id='word_1_359' title='bbox 1639 4194 1733 4245; x_wconf 78' lang='grc' dir='ltr'>καὶ</span> <span class='ocrx_word' id='word_1_360' title='bbox 1757 4197 1951 4263; x_wconf 79' lang='grc' dir='ltr'>πρᾶον.</span> 
     </span>
    </p>
   </div>
   <div class='ocr_carea' id='block_1_45' title="bbox 360 4270 1953 4348">
    <p class='ocr_par' dir='ltr' id='par_1_45' title="bbox 360 4270 1953 4348">
     <span class='ocr_line' id='line_1_45' title="bbox 360 4270 1953 4348; baseline 0.009 -27"><span class='ocrx_word' id='word_1_361' title='bbox 360 4270 717 4336; x_wconf 73' lang='grc' dir='ltr'>Ποιήσωμεν</span> <span class='ocrx_word' id='word_1_362' title='bbox 743 4271 1059 4337; x_wconf 76' lang='grc' dir='ltr'>ἄνθρωπον</span> <span class='ocrx_word' id='word_1_363' title='bbox 1083 4273 1209 4325; x_wconf 73' lang='grc' dir='ltr'>κατ’</span> <span class='ocrx_word' id='word_1_364' title='bbox 1227 4276 1437 4327; x_wconf 74' lang='grc' dir='ltr'>εἰκόνα</span> <span class='ocrx_word' id='word_1_365' title='bbox 1454 4277 1552 4331; x_wconf 80' lang='grc' dir='ltr'>καί</span> <span class='ocrx_word' id='word_1_366' title='bbox 1581 4280 1713 4333; x_wconf 78' lang='grc' dir='ltr'>καθ’</span> <span class='ocrx_word' id='word_1_367' title='bbox 1742 4283 1953 4348; x_wconf 83' lang='grc' dir='ltr'>ὁμοιω-</span> 
     </span>
    </p>
   </div>
   <div class='ocr_carea' id='block_1_46' title="bbox 361 4355 1746 4433">
    <p class='ocr_par' dir='ltr' id='par_1_46' title="bbox 361 4355 1746 4433">
     <span class='ocr_line' id='line_1_46' title="bbox 361 4355 1746 4433; baseline 0.009 -26"><span class='ocrx_word' id='word_1_368' title='bbox 361 4371 467 4408; x_wconf 77' lang='grc' dir='ltr'>σιν</span> <span class='ocrx_word' id='word_1_369' title='bbox 494 4355 817 4423; x_wconf 77' lang='grc' dir='ltr'>ἡμετέραν,</span> <span class='ocrx_word' id='word_1_370' title='bbox 850 4358 947 4409; x_wconf 78' lang='grc' dir='ltr'>καί</span> <span class='ocrx_word' id='word_1_371' title='bbox 982 4359 1336 4425; x_wconf 74' lang='grc' dir='ltr'>ἀρχέτωσαν</span> <span class='ocrx_word' id='word_1_372' title='bbox 1363 4362 1483 4415; x_wconf 79' lang='grc' dir='ltr'>τῶν</span> <span class='ocrx_word' id='word_1_373' title='bbox 1507 4367 1746 4433; x_wconf 79' lang='grc' dir='ltr'>θηρίων.</span> 
     </span>
    </p>
   </div>
   <div class='ocr_carea' id='block_1_47' title="bbox 434 4498 1956 4578">
    <p class='ocr_par' dir='ltr' id='par_1_47' title="bbox 434 4498 1956 4578">
     <span class='ocr_line' id='line_1_47' title="bbox 434 4498 1956 4578; baseline 0.009 -27"><span class='ocrx_word' id='word_1_374' title='bbox 434 4498 497 4568; x_wconf 82' lang='grc' dir='ltr'>β’.</span> <span class='ocrx_word' id='word_1_375' title='bbox 537 4498 800 4551; x_wconf 82' lang='grc' dir='ltr'>Ἐνταῦθα</span> <span class='ocrx_word' id='word_1_376' title='bbox 814 4500 1073 4572; x_wconf 83' lang='grc' dir='ltr'>’Έλληνες</span> <span class='ocrx_word' id='word_1_377' title='bbox 1092 4505 1222 4573; x_wconf 76' lang='grc' dir='ltr'>ημῖν</span> <span class='ocrx_word' id='word_1_378' title='bbox 1244 4505 1588 4572; x_wconf 72' lang='grc' dir='ltr'>ἐπιφύονται,</span> <span class='ocrx_word' id='word_1_379' title='bbox 1618 4510 1711 4561; x_wconf 88' lang='grc' dir='ltr'>καί</span> <span class='ocrx_word' id='word_1_380' title='bbox 1736 4528 1870 4578; x_wconf 86' lang='grc' dir='ltr'>φασι</span> <span class='ocrx_word' id='word_1_381' title='bbox 1894 4515 1956 4565; x_wconf 88' lang='grc' dir='ltr'>τὸ</span> 
     </span>
    </p>
   </div>
   <div class='ocr_carea' id='block_1_48' title="bbox 358 4584 1955 4670">
    <p class='ocr_par' dir='ltr' id='par_1_48' title="bbox 358 4584 1955 4670">
     <span class='ocr_line' id='line_1_48' title="bbox 358 4584 1955 4670; baseline 0.009 -33"><span class='ocrx_word' id='word_1_382' title='bbox 358 4587 538 4654; x_wconf 84' lang='grc' dir='ltr'>λόγιον</span> <span class='ocrx_word' id='word_1_383' title='bbox 595 4584 905 4654; x_wconf 66' lang='grc' dir='ltr'>ψεύδεσθαι·</span> <span class='ocrx_word' id='word_1_384' title='bbox 938 4589 999 4640; x_wconf 91' lang='grc' dir='ltr'>οὐ</span> <span class='ocrx_word' id='word_1_385' title='bbox 1039 4591 1149 4658; x_wconf 87' lang='grc' dir='ltr'>γάρ</span> <span class='ocrx_word' id='word_1_386' title='bbox 1203 4593 1365 4661; x_wconf 77' lang='grc' dir='ltr'>ἡμεῖς</span> <span class='ocrx_word' id='word_1_387' title='bbox 1416 4594 1658 4665; x_wconf 80' lang='grc' dir='ltr'>ἄρχομεν</span> <span class='ocrx_word' id='word_1_388' title='bbox 1704 4598 1813 4649; x_wconf 83' lang='grc' dir='ltr'>τῶν</span> <span class='ocrx_word' id='word_1_389' title='bbox 1861 4599 1955 4670; x_wconf 79' lang='grc' dir='ltr'>θη-</span> 
     </span>
    </p>
   </div>
   <div class='ocr_carea' id='block_1_49' title="bbox 364 4672 1953 4755">
    <p class='ocr_par' dir='ltr' id='par_1_49' title="bbox 364 4672 1953 4755">
     <span class='ocr_line' id='line_1_49' title="bbox 364 4672 1953 4755; baseline 0.01 -32"><span class='ocrx_word' id='word_1_390' title='bbox 364 4674 515 4744; x_wconf 83' lang='grc' dir='ltr'>ρίων·</span> <span class='ocrx_word' id='word_1_391' title='bbox 550 4672 691 4726; x_wconf 81' lang='grc' dir='ltr'>αὐτά</span> <span class='ocrx_word' id='word_1_392' title='bbox 721 4673 878 4743; x_wconf 78' lang='grc' dir='ltr'>ἡμῶν</span> <span class='ocrx_word' id='word_1_393' title='bbox 919 4674 1098 4745; x_wconf 80' lang='grc' dir='ltr'>ἄρχει,</span> <span class='ocrx_word' id='word_1_394' title='bbox 1134 4680 1226 4729; x_wconf 67' lang='grc' dir='ltr'>καὶ</span> <span class='ocrx_word' id='word_1_395' title='bbox 1276 4679 1477 4749; x_wconf 84' lang='grc' dir='ltr'>πολλὴν</span> <span class='ocrx_word' id='word_1_396' title='bbox 1516 4683 1648 4751; x_wconf 75' lang='grc' dir='ltr'>ἡμῖν</span> <span class='ocrx_word' id='word_1_397' title='bbox 1694 4686 1953 4755; x_wconf 87' lang='grc' dir='ltr'>ἐμϐάλλει</span> 
     </span>
    </p>
   </div>
   <div class='ocr_carea' id='block_1_50' title="bbox 360 4760 1956 4843">
    <p class='ocr_par' dir='ltr' id='par_1_50' title="bbox 360 4760 1956 4843">
     <span class='ocr_line' id='line_1_50' title="bbox 360 4760 1956 4843; baseline 0.006 -30"><span class='ocrx_word' id='word_1_398' title='bbox 360 4760 463 4830; x_wconf 79' lang='grc' dir='ltr'>τὴν</span> <span class='ocrx_word' id='word_1_399' title='bbox 497 4761 755 4828; x_wconf 79' lang='grc' dir='ltr'>ἀγωνίαν.</span> <span class='ocrx_word' id='word_1_400' title='bbox 781 4762 1032 4815; x_wconf 80' lang='grc' dir='ltr'>Μάλιστα</span> <span class='ocrx_word' id='word_1_401' title='bbox 1057 4764 1153 4831; x_wconf 81' lang='grc' dir='ltr'>μὲν</span> <span class='ocrx_word' id='word_1_402' title='bbox 1170 4761 1263 4817; x_wconf 78' lang='grc' dir='ltr'>οῦν</span> <span class='ocrx_word' id='word_1_403' title='bbox 1298 4766 1458 4818; x_wconf 85' lang='grc' dir='ltr'>τοῦτο</span> <span class='ocrx_word' id='word_1_404' title='bbox 1490 4771 1591 4820; x_wconf 85' lang='grc' dir='ltr'>οὐκ</span> <span class='ocrx_word' id='word_1_405' title='bbox 1612 4770 1832 4841; x_wconf 83' lang='grc' dir='ltr'>ἀληθές·</span> <span class='ocrx_word' id='word_1_406' title='bbox 1862 4775 1956 4843; x_wconf 86' lang='grc' dir='ltr'>ἀρ-</span> 
     </span>
    </p>
   </div>
   <div class='ocr_carea' id='block_1_51' title="bbox 364 4846 1957 4931">
    <p class='ocr_par' dir='ltr' id='par_1_51' title="bbox 364 4846 1957 4931">
     <span class='ocr_line' id='line_1_51' title="bbox 364 4846 1957 4931; baseline 0.009 -32"><span class='ocrx_word' id='word_1_407' title='bbox 364 4849 450 4899; x_wconf 85' lang='grc' dir='ltr'>κεῖ</span> <span class='ocrx_word' id='word_1_408' title='bbox 476 4846 584 4916; x_wconf 82' lang='grc' dir='ltr'>γάρ</span> <span class='ocrx_word' id='word_1_409' title='bbox 618 4850 711 4899; x_wconf 71' lang='grc' dir='ltr'>καὶ</span> <span class='ocrx_word' id='word_1_410' title='bbox 740 4849 860 4917; x_wconf 65' lang='grc' dir='ltr'>ὄψις</span> <span class='ocrx_word' id='word_1_411' title='bbox 891 4850 1205 4922; x_wconf 82' lang='grc' dir='ltr'>ἀνθρωπίνη</span> <span class='ocrx_word' id='word_1_412' title='bbox 1242 4857 1475 4920; x_wconf 75' lang='grc' dir='ltr'>φανεῖσα</span> <span class='ocrx_word' id='word_1_413' title='bbox 1524 4857 1769 4910; x_wconf 80' lang='grc' dir='ltr'>ἐκποδὼν</span> <span class='ocrx_word' id='word_1_414' title='bbox 1801 4864 1957 4931; x_wconf 72' lang='grc' dir='ltr'>ποιῇ-ο</span> 
     </span>
    </p>
   </div>
   <div class='ocr_carea' id='block_1_52' title="bbox 363 4932 1950 5015">
    <p class='ocr_par' dir='ltr' id='par_1_52' title="bbox 363 4932 1950 5015">
     <span class='ocr_line' id='line_1_52' title="bbox 363 4932 1950 5015; baseline 0.011 -32"><span class='ocrx_word' id='word_1_415' title='bbox 363 4949 456 4984; x_wconf 78' lang='grc' dir='ltr'>σαι</span> <span class='ocrx_word' id='word_1_416' title='bbox 488 4932 697 5003; x_wconf 89' lang='grc' dir='ltr'>θηρίον·</span> <span class='ocrx_word' id='word_1_417' title='bbox 732 4935 987 4998; x_wconf 80' lang='grc' dir='ltr'>τοσοῦτος</span> <span class='ocrx_word' id='word_1_418' title='bbox 1022 4938 1213 5000; x_wconf 88' lang='grc' dir='ltr'>αὐτοῖς</span> <span class='ocrx_word' id='word_1_419' title='bbox 1244 4942 1359 4992; x_wconf 81' lang='grc' dir='ltr'>ἐστι</span> <span class='ocrx_word' id='word_1_420' title='bbox 1394 4942 1526 5012; x_wconf 83' lang='grc' dir='ltr'>παρ’</span> <span class='ocrx_word' id='word_1_421' title='bbox 1548 4946 1683 5013; x_wconf 75' lang='grc' dir='ltr'>ἡμῖν</span> <span class='ocrx_word' id='word_1_422' title='bbox 1715 4948 1742 4997; x_wconf 88' lang='grc' dir='ltr'>ὁ</span> <span class='ocrx_word' id='word_1_423' title='bbox 1764 4946 1950 5015; x_wconf 82' lang='grc' dir='ltr'>φόϐος.</span> 
     </span>
    </p>
   </div>
   <div class='ocr_carea' id='block_1_53' title="bbox 365 5019 1955 5103">
    <p class='ocr_par' dir='ltr' id='par_1_53' title="bbox 365 5019 1955 5103">
     <span class='ocr_line' id='line_1_53' title="bbox 365 5019 1955 5103; baseline 0.011 -32"><span class='ocrx_word' id='word_1_424' title='bbox 365 5020 428 5072; x_wconf 62' lang='lat' dir='ltr'>Et</span> <span class='ocrx_word' id='word_1_425' title='bbox 450 5019 505 5071; x_wconf 81' lang='grc' dir='ltr'>δέ</span> <span class='ocrx_word' id='word_1_426' title='bbox 544 5037 645 5071; x_wconf 84' lang='grc' dir='ltr'>που</span> <span class='ocrx_word' id='word_1_427' title='bbox 674 5024 809 5087; x_wconf 74' lang='grc' dir='ltr'>πρὸς</span> <span class='ocrx_word' id='word_1_428' title='bbox 835 5024 1050 5091; x_wconf 81' lang='grc' dir='ltr'>ἄμυναν</span> <span class='ocrx_word' id='word_1_429' title='bbox 1086 5026 1402 5096; x_wconf 71' lang='grc' dir='ltr'>ὁρμήσειεν,</span> <span class='ocrx_word' id='word_1_430' title='bbox 1433 5032 1463 5100; x_wconf 80' lang='grc' dir='ltr'><strong>ἢ</strong></span> <span class='ocrx_word' id='word_1_431' title='bbox 1498 5030 1659 5101; x_wconf 81' lang='grc' dir='ltr'>λιμοῦ</span> <span class='ocrx_word' id='word_1_432' title='bbox 1687 5051 1955 5103; x_wconf 79' lang='grc' dir='ltr'>καταναγ-</span> 
     </span>
    </p>
   </div>
   <div class='ocr_carea' id='block_1_54' title="bbox 364 5105 1951 5188">
    <p class='ocr_par' dir='ltr' id='par_1_54' title="bbox 364 5105 1951 5188">
     <span class='ocr_line' id='line_1_54' title="bbox 364 5105 1951 5188; baseline 0.011 -31"><span class='ocrx_word' id='word_1_433' title='bbox 364 5105 643 5169; x_wconf 75' lang='grc' dir='ltr'>κάζοντος,</span> <span class='ocrx_word' id='word_1_434' title='bbox 682 5108 714 5177; x_wconf 74' lang='grc' dir='ltr'>ἦ</span> <span class='ocrx_word' id='word_1_435' title='bbox 742 5109 899 5177; x_wconf 74' lang='grc' dir='ltr'>ἡμῶν</span> <span class='ocrx_word' id='word_1_436' title='bbox 926 5110 1106 5162; x_wconf 85' lang='grc' dir='ltr'>αὐτῶν</span> <span class='ocrx_word' id='word_1_437' title='bbox 1146 5118 1634 5185; x_wconf 80' lang='grc' dir='ltr'>στενοχωρούντων</span> <span class='ocrx_word' id='word_1_438' title='bbox 1664 5121 1951 5188; x_wconf 83' lang='grc' dir='ltr'>πολλάκις,</span> 
     </span>
    </p>
   </div>
   <div class='ocr_carea' id='block_1_55' title="bbox 363 5193 1954 5270">
    <p class='ocr_par' dir='ltr' id='par_1_55' title="bbox 363 5193 1954 5270">
     <span class='ocr_line' id='line_1_55' title="bbox 363 5193 1954 5270; baseline 0.013 -26"><span class='ocrx_word' id='word_1_439' title='bbox 363 5193 625 5263; x_wconf 70' lang='grc' dir='ltr'>καὶπρὸς</span> <span class='ocrx_word' id='word_1_440' title='bbox 668 5196 913 5265; x_wconf 87' lang='grc' dir='ltr'>ἀνάγκην</span> <span class='ocrx_word' id='word_1_441' title='bbox 957 5197 1374 5267; x_wconf 83' lang='grc' dir='ltr'>ἐκϐαλλομένων</span> <span class='ocrx_word' id='word_1_442' title='bbox 1418 5214 1439 5237; x_wconf 78' lang='lat'>&quot;-</span> <span class='ocrx_word' id='word_1_443' title='bbox 1484 5206 1649 5270; x_wconf 81' lang='grc' dir='ltr'>αὐτὰ,</span> <span class='ocrx_word' id='word_1_444' title='bbox 1677 5208 1835 5262; x_wconf 88' lang='grc' dir='ltr'>τοῦτο</span> <span class='ocrx_word' id='word_1_445' title='bbox 1860 5207 1954 5263; x_wconf 80' lang='grc' dir='ltr'>οὖν</span> 
     </span>
    </p>
   </div>
   <div class='ocr_carea' id='block_1_56' title="bbox 361 5282 1955 5366">
    <p class='ocr_par' dir='ltr' id='par_1_56' title="bbox 361 5282 1955 5366">
     <span class='ocr_line' id='line_1_56' title="bbox 361 5282 1955 5366; baseline 0.012 -34"><span class='ocrx_word' id='word_1_446' title='bbox 361 5282 464 5333; x_wconf 81' lang='grc' dir='ltr'>οὐκ</span> <span class='ocrx_word' id='word_1_447' title='bbox 512 5283 577 5333; x_wconf 81' lang='grc' dir='ltr'>ἂν</span> <span class='ocrx_word' id='word_1_448' title='bbox 620 5283 705 5353; x_wconf 80' lang='grc' dir='ltr'>εἴη</span> <span class='ocrx_word' id='word_1_449' title='bbox 750 5284 923 5353; x_wconf 82' lang='grc' dir='ltr'>ἀρχῆς</span> <span class='ocrx_word' id='word_1_450' title='bbox 957 5286 1393 5358; x_wconf 82' lang='grc' dir='ltr'>ἀπηρτισμένης.</span> <span class='ocrx_word' id='word_1_451' title='bbox 1446 5292 1581 5344; x_wconf 76' lang='grc' dir='ltr'>υύδὲ</span> <span class='ocrx_word' id='word_1_452' title='bbox 1624 5295 1753 5366; x_wconf 81' lang='grc' dir='ltr'>γὰρ,</span> <span class='ocrx_word' id='word_1_453' title='bbox 1792 5298 1846 5350; x_wconf 77' lang='grc' dir='ltr'>εί</span> <span class='ocrx_word' id='word_1_454' title='bbox 1868 5314 1955 5364; x_wconf 86' lang='grc' dir='ltr'>τις</span> 
     </span>
    </p>
   </div>
   <div class='ocr_carea' id='block_1_57' title="bbox 363 5368 1954 5458">
    <p class='ocr_par' dir='ltr' id='par_1_57' title="bbox 363 5368 1954 5458">
     <span class='ocr_line' id='line_1_57' title="bbox 363 5368 1954 5458; baseline 0.014 -40"><span class='ocrx_word' id='word_1_455' title='bbox 363 5368 522 5437; x_wconf 68' lang='grc' dir='ltr'>ἡμῶν</span> <span class='ocrx_word' id='word_1_456' title='bbox 558 5368 757 5439; x_wconf 74' lang='grc' dir='ltr'>λῃστάς</span> <span class='ocrx_word' id='word_1_457' title='bbox 781 5372 1031 5436; x_wconf 79' lang='grc' dir='ltr'>ἐπιόντας</span> <span class='ocrx_word' id='word_1_458' title='bbox 1051 5373 1197 5443; x_wconf 83' lang='grc' dir='ltr'>ὁρῶν</span> <span class='ocrx_word' id='word_1_459' title='bbox 1227 5374 1523 5438; x_wconf 83' lang='grc' dir='ltr'>ὁπλίζοιτο,</span> <span class='ocrx_word' id='word_1_460' title='bbox 1557 5382 1650 5433; x_wconf 72' lang='grc' dir='ltr'>καὶ</span> <span class='ocrx_word' id='word_1_461' title='bbox 1682 5385 1817 5455; x_wconf 82' lang='grc' dir='ltr'>πρὸς</span> <span class='ocrx_word' id='word_1_462' title='bbox 1854 5388 1954 5458; x_wconf 79' lang='grc' dir='ltr'>τὴν</span> 
     </span>
    </p>
   </div>
   <div class='ocr_carea' id='block_1_58' title="bbox 364 5456 1954 5545">
    <p class='ocr_par' dir='ltr' id='par_1_58' title="bbox 364 5456 1954 5545">
     <span class='ocr_line' id='line_1_58' title="bbox 364 5456 1954 5545; baseline 0.013 -37"><span class='ocrx_word' id='word_1_463' title='bbox 364 5456 575 5523; x_wconf 73' lang='grc' dir='ltr'>ἄμυναν</span> <span class='ocrx_word' id='word_1_464' title='bbox 600 5460 824 5529; x_wconf 78' lang='grc' dir='ltr'>χωροίη,</span> <span class='ocrx_word' id='word_1_465' title='bbox 847 5460 1023 5530; x_wconf 81' lang='grc' dir='ltr'>ἀρχῆς</span> <span class='ocrx_word' id='word_1_466' title='bbox 1045 5462 1104 5514; x_wconf 82' lang='grc' dir='ltr'>τὸ</span> <span class='ocrx_word' id='word_1_467' title='bbox 1132 5465 1365 5533; x_wconf 81' lang='grc' dir='ltr'>πρᾶγμά</span> <span class='ocrx_word' id='word_1_468' title='bbox 1390 5467 1559 5531; x_wconf 79' lang='grc' dir='ltr'>ἐστιν,</span> <span class='ocrx_word' id='word_1_469' title='bbox 1594 5470 1731 5526; x_wconf 83' lang='grc' dir='ltr'>ἀλλά</span> <span class='ocrx_word' id='word_1_470' title='bbox 1758 5475 1855 5545; x_wconf 77' lang='grc' dir='ltr'>τῆς</span> <span class='ocrx_word' id='word_1_471' title='bbox 1878 5456 1954 5529; x_wconf 80' lang='grc' dir='ltr'>οί-</span> 
     </span>
    </p>
   </div>
   <div class='ocr_carea' id='block_1_59' title="bbox 430 5706 1579 5785">
    <p class='ocr_par' dir='ltr' id='par_1_59' title="bbox 430 5706 1579 5785">
     <span class='ocr_line' id='line_1_59' title="bbox 430 5706 1579 5785; baseline 0.017 -32"><span class='ocrx_word' id='word_1_472' title='bbox 430 5718 454 5785; x_wconf 56' lang='lat'>:</span> <span class='ocrx_word' id='word_1_473' title='bbox 483 5706 661 5785; x_wconf 63' lang='grc' dir='ltr'>ρύσίας</span> <span class='ocrx_word' id='word_1_474' title='bbox 683 5715 1061 5785; x_wconf 41' lang='grc' dir='ltr'>ὁμωρτηςηάλλ]</span> <span class='ocrx_word' id='word_1_475' title='bbox 1081 5718 1229 5785; x_wconf 80' lang='grc' dir='ltr'>ἀρχῆς</span> <span class='ocrx_word' id='word_1_476' title='bbox 1250 5720 1435 5783; x_wconf 76' lang='grc' dir='ltr'>ἀξίωμα</span> <span class='ocrx_word' id='word_1_477' title='bbox 1461 5723 1579 5785; x_wconf 74' lang='lat' dir='ltr'>Reg.</span> 
     </span>
    </p>
   </div>
   <div class='ocr_carea' id='block_1_60' title="bbox 432 5771 1856 5882">
    <p class='ocr_par' dir='ltr' id='par_1_60' title="bbox 432 5771 1856 5882">
     <span class='ocr_line' id='line_1_60' title="bbox 432 5771 1856 5861; baseline 0.013 -45"><span class='ocrx_word' id='word_1_478' title='bbox 432 5775 458 5861; x_wconf 57' lang='grc' dir='ltr'>ξ</span> <span class='ocrx_word' id='word_1_479' title='bbox 487 5771 603 5831; x_wconf 63' lang='lat' dir='ltr'>Reg.</span> <span class='ocrx_word' id='word_1_480' title='bbox 632 5771 752 5820; x_wconf 70' lang='grc' dir='ltr'>ἐστί.</span> <span class='ocrx_word' id='word_1_481' title='bbox 779 5776 903 5847; x_wconf 77' lang='grc' dir='ltr'>Ποία</span> <span class='ocrx_word' id='word_1_482' title='bbox 924 5778 974 5824; x_wconf 81' lang='grc' dir='ltr'>δὲ</span> <span class='ocrx_word' id='word_1_483' title='bbox 998 5771 1431 5841; x_wconf 65' lang='grc' dir='ltr'>αὐτ-η’ξἋογισαῶν</span> <span class='ocrx_word' id='word_1_484' title='bbox 1454 5771 1625 5847; x_wconf 56' lang='grc' dir='ltr'>ἕρημος</span> <span class='ocrx_word' id='word_1_485' title='bbox 1642 5787 1856 5851; x_wconf 75' lang='grc' dir='ltr'>ὑπάρχει.</span> 
     </span>
     <span class='ocr_line' id='line_1_61' title="bbox 479 5831 981 5882; baseline 0.002 -2"><span class='ocrx_word' id='word_1_486' title='bbox 479 5831 981 5882; x_wconf 55' lang='grc' dir='ltr'>Ιίθιζλκκαλουιιενων.</span> 
     </span>
    </p>
   </div>
   <div class='ocr_carea' id='block_1_61' title="bbox 531 5848 981 5896">
    <p class='ocr_par' dir='ltr' id='par_1_61' title="bbox 531 5848 981 5896">
     <span class='ocr_line' id='line_1_62' title="bbox 531 5848 981 5896; baseline 0.002 -17"><span class='ocrx_word' id='word_1_487' title='bbox 531 5848 981 5896; x_wconf 52' lang='grc' dir='ltr'>ἒκλκκαλουμενων.</span> 
     </span>
    </p>
   </div>
   <div class='ocr_carea' id='block_1_62' title="bbox 675 5915 1308 5985">
    <p class='ocr_par' dir='ltr' id='par_1_62' title="bbox 675 5915 1308 5985">
     <span class='ocr_line' id='line_1_63' title="bbox 675 5915 1308 5985; baseline 0.017 -11"><span class='ocrx_word' id='word_1_488' title='bbox 675 5915 938 5975; x_wconf 45' lang='grc' dir='ltr'>Ρπιτιιοι..</span> <span class='ocrx_word' id='word_1_489' title='bbox 983 5918 1100 5980; x_wconf 75' lang='lat' dir='ltr'>Gn.</span> <span class='ocrx_word' id='word_1_490' title='bbox 1152 5922 1308 5985; x_wconf 80' lang='lat' dir='ltr'>LIV.</span> 
     </span>
    </p>
   </div>
   <div class='ocr_carea' id='block_1_63' title="bbox 1550 396 2361 457">
    <p class='ocr_par' dir='ltr' id='par_1_63' title="bbox 1550 396 2361 457">
     <span class='ocr_line' id='line_1_64' title="bbox 1550 396 2361 457; baseline -0.002 -2"><span class='ocrx_word' id='word_1_491' title='bbox 1550 401 1618 457; x_wconf 72' lang='lat' dir='ltr'>IN</span> <span class='ocrx_word' id='word_1_492' title='bbox 1649 396 1959 457; x_wconf 75' lang='lat' dir='ltr'>GENESIM</span> <span class='ocrx_word' id='word_1_493' title='bbox 1998 396 2234 453; x_wconf 77' lang='lat' dir='ltr'>SERMO</span> <span class='ocrx_word' id='word_1_494' title='bbox 2274 396 2361 453; x_wconf 86' lang='lat' dir='ltr'>III.</span> 
     </span>
    </p>
   </div>
   <div class='ocr_carea' id='block_1_64' title="bbox 3541 391 3650 454">
    <p class='ocr_par' dir='ltr' id='par_1_64' title="bbox 3541 391 3650 454">
     <span class='ocr_line' id='line_1_65' title="bbox 3541 391 3650 454; baseline 0.009 -1"><span class='ocrx_word' id='word_1_495' title='bbox 3541 391 3650 454; x_wconf 65' lang='lat'>591</span> 
     </span>
    </p>
   </div>
   <div class='ocr_carea' id='block_1_65' title="bbox 2052 512 3651 588">
    <p class='ocr_par' dir='ltr' id='par_1_65' title="bbox 2052 512 3651 588">
     <span class='ocr_line' id='line_1_66' title="bbox 2052 512 3651 588; baseline 0.003 -21"><span class='ocrx_word' id='word_1_496' title='bbox 2052 515 2209 579; x_wconf 86' lang='grc' dir='ltr'>κείας</span> <span class='ocrx_word' id='word_1_497' title='bbox 2255 515 2533 587; x_wconf 85' lang='grc' dir='ltr'>σωτηρίας</span> <span class='ocrx_word' id='word_1_498' title='bbox 2567 516 2737 588; x_wconf 77' lang='grc' dir='ltr'>πολλὴ</span> <span class='ocrx_word' id='word_1_499' title='bbox 2786 516 3036 588; x_wconf 84' lang='grc' dir='ltr'>πρόνοια·</span> <span class='ocrx_word' id='word_1_500' title='bbox 3078 512 3219 584; x_wconf 76' lang='grc' dir='ltr'>πλὴν</span> <span class='ocrx_word' id='word_1_501' title='bbox 3270 514 3371 567; x_wconf 89' lang='grc' dir='ltr'>οὐκ</span> <span class='ocrx_word' id='word_1_502' title='bbox 3403 514 3651 573; x_wconf 81' lang='grc' dir='ltr'>ἐντεῦθεν</span> 
     </span>
    </p>
   </div>
   <div class='ocr_carea' id='block_1_66' title="bbox 2046 601 3655 673">
    <p class='ocr_par' dir='ltr' id='par_1_66' title="bbox 2046 601 3655 673">
     <span class='ocr_line' id='line_1_67' title="bbox 2046 601 3655 673; baseline 0.001 -19"><span class='ocrx_word' id='word_1_503' title='bbox 2046 601 2306 673; x_wconf 87' lang='grc' dir='ltr'>ποιοῦμαι</span> <span class='ocrx_word' id='word_1_504' title='bbox 2340 604 2439 672; x_wconf 77' lang='grc' dir='ltr'>τὴν</span> <span class='ocrx_word' id='word_1_505' title='bbox 2473 603 2797 672; x_wconf 89' lang='grc' dir='ltr'>ἀπολογίαν,</span> <span class='ocrx_word' id='word_1_506' title='bbox 2857 603 2973 656; x_wconf 84' lang='grc' dir='ltr'>ἀλλ’</span> <span class='ocrx_word' id='word_1_507' title='bbox 3034 601 3323 672; x_wconf 82' lang='grc' dir='ltr'>ἑτέρωθεν,</span> <span class='ocrx_word' id='word_1_508' title='bbox 3382 601 3506 654; x_wconf 75' lang='grc' dir='ltr'>ὅθεν</span> <span class='ocrx_word' id='word_1_509' title='bbox 3558 606 3655 656; x_wconf 80' lang='grc' dir='ltr'>καὶ</span> 
     </span>
    </p>
   </div>
   <div class='ocr_carea' id='block_1_67' title="bbox 2044 687 3654 761">
    <p class='ocr_par' dir='ltr' id='par_1_67' title="bbox 2044 687 3654 761">
     <span class='ocr_line' id='line_1_68' title="bbox 2044 687 3654 761; baseline 0 -21"><span class='ocrx_word' id='word_1_510' title='bbox 2044 689 2173 758; x_wconf 81' lang='grc' dir='ltr'>ὑμῖν</span> <span class='ocrx_word' id='word_1_511' title='bbox 2206 691 2477 761; x_wconf 83' lang='grc' dir='ltr'>χρήσιμον</span> <span class='ocrx_word' id='word_1_512' title='bbox 2508 689 2761 744; x_wconf 86' lang='grc' dir='ltr'>ἀκοῦσαι.</span> <span class='ocrx_word' id='word_1_513' title='bbox 2801 689 3120 759; x_wconf 68' lang='grc' dir='ltr'>Φοϐούμεθα</span> <span class='ocrx_word' id='word_1_514' title='bbox 3153 689 3225 742; x_wconf 82' lang='grc' dir='ltr'>τά</span> <span class='ocrx_word' id='word_1_515' title='bbox 3252 688 3419 759; x_wconf 86' lang='grc' dir='ltr'>θηρία</span> <span class='ocrx_word' id='word_1_516' title='bbox 3450 687 3545 741; x_wconf 75' lang='grc' dir='ltr'>καὶ</span> <span class='ocrx_word' id='word_1_517' title='bbox 3568 688 3654 741; x_wconf 83' lang='grc' dir='ltr'>δε-</span> 
     </span>
    </p>
   </div>
   <div class='ocr_carea' id='block_1_68' title="bbox 2041 774 3652 847">
    <p class='ocr_par' dir='ltr' id='par_1_68' title="bbox 2041 774 3652 847">
     <span class='ocr_line' id='line_1_69' title="bbox 2041 774 3652 847; baseline 0 -19"><span class='ocrx_word' id='word_1_518' title='bbox 2041 776 2325 847; x_wconf 84' lang='grc' dir='ltr'>δοίκαμεν,</span> <span class='ocrx_word' id='word_1_519' title='bbox 2357 778 2452 831; x_wconf 76' lang='grc' dir='ltr'>καὶ</span> <span class='ocrx_word' id='word_1_520' title='bbox 2483 778 2587 847; x_wconf 81' lang='grc' dir='ltr'>τῆς</span> <span class='ocrx_word' id='word_1_521' title='bbox 2616 777 2792 847; x_wconf 85' lang='grc' dir='ltr'>ἀρχῆς</span> <span class='ocrx_word' id='word_1_522' title='bbox 2820 776 3282 845; x_wconf 87' lang='grc' dir='ltr'>ἐκπεπτώκαμεν·</span> <span class='ocrx_word' id='word_1_523' title='bbox 3302 774 3404 828; x_wconf 86' lang='grc' dir='ltr'>οὐκ</span> <span class='ocrx_word' id='word_1_524' title='bbox 3435 774 3652 828; x_wconf 84' lang='grc' dir='ltr'>ἀντιλέ-</span> 
     </span>
    </p>
   </div>
   <div class='ocr_carea' id='block_1_69' title="bbox 2046 860 3653 933">
    <p class='ocr_par' dir='ltr' id='par_1_69' title="bbox 2046 860 3653 933">
     <span class='ocr_line' id='line_1_70' title="bbox 2046 860 3653 933; baseline -0.001 -17"><span class='ocrx_word' id='word_1_525' title='bbox 2046 879 2146 931; x_wconf 88' lang='grc' dir='ltr'>γω·</span> <span class='ocrx_word' id='word_1_526' title='bbox 2171 881 2244 933; x_wconf 88' lang='grc' dir='ltr'>φη</span> <span class='ocrx_word' id='word_1_527' title='bbox 2255 863 2315 933; x_wconf 72' lang='grc' dir='ltr'>μὶ</span> <span class='ocrx_word' id='word_1_528' title='bbox 2338 865 2432 917; x_wconf 76' lang='grc' dir='ltr'>καὶ</span> <span class='ocrx_word' id='word_1_529' title='bbox 2459 864 2644 927; x_wconf 87' lang='grc' dir='ltr'>αὐτός·</span> <span class='ocrx_word' id='word_1_530' title='bbox 2669 863 2784 917; x_wconf 83' lang='grc' dir='ltr'>ἀλλ’</span> <span class='ocrx_word' id='word_1_531' title='bbox 2809 865 2869 917; x_wconf 87' lang='grc' dir='ltr'>οὐ</span> <span class='ocrx_word' id='word_1_532' title='bbox 2901 863 3060 917; x_wconf 88' lang='grc' dir='ltr'>τοῦτο</span> <span class='ocrx_word' id='word_1_533' title='bbox 3080 861 3254 932; x_wconf 81' lang='grc' dir='ltr'>ψευδῆ</span> <span class='ocrx_word' id='word_1_534' title='bbox 3279 861 3371 914; x_wconf 78' lang='grc' dir='ltr'>τὸν</span> <span class='ocrx_word' id='word_1_535' title='bbox 3395 860 3490 914; x_wconf 86' lang='grc' dir='ltr'>τοῦ</span> <span class='ocrx_word' id='word_1_536' title='bbox 3515 860 3653 915; x_wconf 85' lang='grc' dir='ltr'>Θεοῦ</span> 
     </span>
    </p>
   </div>
   <div class='ocr_carea' id='block_1_70' title="bbox 2045 948 3653 1025">
    <p class='ocr_par' dir='ltr' id='par_1_70' title="bbox 2045 948 3653 1025">
     <span class='ocr_line' id='line_1_71' title="bbox 2045 948 3653 1025; baseline 0.001 -22"><span class='ocrx_word' id='word_1_537' title='bbox 2045 951 2211 1022; x_wconf 89' lang='grc' dir='ltr'>νόμον</span> <span class='ocrx_word' id='word_1_538' title='bbox 2241 952 2500 1006; x_wconf 90' lang='grc' dir='ltr'>δείκνυσι.</span> <span class='ocrx_word' id='word_1_539' title='bbox 2557 953 2718 1025; x_wconf 85' lang='grc' dir='ltr'>Παρά</span> <span class='ocrx_word' id='word_1_540' title='bbox 2759 952 2873 1023; x_wconf 86' lang='grc' dir='ltr'>γάρ</span> <span class='ocrx_word' id='word_1_541' title='bbox 2907 952 3008 1022; x_wconf 72' lang='grc' dir='ltr'>τὴν</span> <span class='ocrx_word' id='word_1_542' title='bbox 3053 949 3228 1022; x_wconf 77' lang='grc' dir='ltr'>ἀρχὴν</span> <span class='ocrx_word' id='word_1_543' title='bbox 3252 949 3352 1019; x_wconf 77' lang='grc' dir='ltr'>οὐχ</span> <span class='ocrx_word' id='word_1_544' title='bbox 3388 948 3535 1003; x_wconf 74' lang='grc' dir='ltr'>οὕτω</span> <span class='ocrx_word' id='word_1_545' title='bbox 3582 948 3653 1004; x_wconf 75' lang='grc' dir='ltr'>τὰ</span> 
     </span>
    </p>
   </div>
   <div class='ocr_carea' id='block_1_71' title="bbox 2046 1036 3657 1108">
    <p class='ocr_par' dir='ltr' id='par_1_71' title="bbox 2046 1036 3657 1108">
     <span class='ocr_line' id='line_1_72' title="bbox 2046 1036 3657 1108; baseline -0.001 -18"><span class='ocrx_word' id='word_1_546' title='bbox 2046 1039 2347 1108; x_wconf 83' lang='grc' dir='ltr'>πράγματα</span> <span class='ocrx_word' id='word_1_547' title='bbox 2400 1039 2650 1101; x_wconf 81' lang='grc' dir='ltr'>διέκειτο,</span> <span class='ocrx_word' id='word_1_548' title='bbox 2706 1038 2821 1091; x_wconf 82' lang='grc' dir='ltr'>ἀλλ’</span> <span class='ocrx_word' id='word_1_549' title='bbox 2874 1038 3131 1091; x_wconf 79' lang='grc' dir='ltr'>ἐδεδοίκει</span> <span class='ocrx_word' id='word_1_550' title='bbox 3174 1037 3269 1090; x_wconf 75' lang='grc' dir='ltr'>καὶ</span> <span class='ocrx_word' id='word_1_551' title='bbox 3308 1036 3528 1107; x_wconf 74' lang='grc' dir='ltr'>ἔτρεμε,</span> <span class='ocrx_word' id='word_1_552' title='bbox 3559 1036 3657 1089; x_wconf 75' lang='grc' dir='ltr'>καὶ</span> 
     </span>
    </p>
   </div>
   <div class='ocr_carea' id='block_1_72' title="bbox 2048 1124 3658 1198">
    <p class='ocr_par' dir='ltr' id='par_1_72' title="bbox 2048 1124 3658 1198">
     <span class='ocr_line' id='line_1_73' title="bbox 2048 1124 3658 1198; baseline 0.001 -19"><span class='ocrx_word' id='word_1_553' title='bbox 2048 1126 2382 1190; x_wconf 88' lang='grc' dir='ltr'>ὐπέκυπτεν,</span> <span class='ocrx_word' id='word_1_554' title='bbox 2411 1128 2484 1192; x_wconf 81' lang='grc' dir='ltr'>ὡς</span> <span class='ocrx_word' id='word_1_555' title='bbox 2512 1128 2771 1198; x_wconf 81' lang='grc' dir='ltr'>δεσπότῃ,</span> <span class='ocrx_word' id='word_1_556' title='bbox 2804 1127 2884 1197; x_wconf 80' lang='grc' dir='ltr'>τῷ</span> <span class='ocrx_word' id='word_1_557' title='bbox 2934 1125 3229 1197; x_wconf 85' lang='grc' dir='ltr'>ἀνθρώπῳ,</span> <span class='ocrx_word' id='word_1_558' title='bbox 3258 1124 3446 1195; x_wconf 79' lang='grc' dir='ltr'>ἐπειδὴ</span> <span class='ocrx_word' id='word_1_559' title='bbox 3472 1126 3530 1179; x_wconf 83' lang='grc' dir='ltr'>δέ</span> <span class='ocrx_word' id='word_1_560' title='bbox 3554 1124 3658 1195; x_wconf 80' lang='grc' dir='ltr'>τῆς</span> 
     </span>
    </p>
   </div>
   <div class='ocr_carea' id='block_1_73' title="bbox 2044 1210 3657 1287">
    <p class='ocr_par' dir='ltr' id='par_1_73' title="bbox 2044 1210 3657 1287">
     <span class='ocr_line' id='line_1_74' title="bbox 2044 1210 3657 1287; baseline -0.001 -20"><span class='ocrx_word' id='word_1_561' title='bbox 2044 1216 2361 1287; x_wconf 72' lang='grc' dir='ltr'>παρρησίας</span> <span class='ocrx_word' id='word_1_562' title='bbox 2392 1217 2724 1284; x_wconf 80' lang='grc' dir='ltr'>ἐξεπέσομεν</span> <span class='ocrx_word' id='word_1_563' title='bbox 2749 1216 2841 1268; x_wconf 70' lang='grc' dir='ltr'>καὶ</span> <span class='ocrx_word' id='word_1_564' title='bbox 2858 1214 2962 1284; x_wconf 81' lang='grc' dir='ltr'>τῆς</span> <span class='ocrx_word' id='word_1_565' title='bbox 2986 1214 3173 1285; x_wconf 84' lang='grc' dir='ltr'>τιμῆς,</span> <span class='ocrx_word' id='word_1_566' title='bbox 3200 1213 3290 1266; x_wconf 86' lang='grc' dir='ltr'>διὰ</span> <span class='ocrx_word' id='word_1_567' title='bbox 3309 1210 3467 1265; x_wconf 88' lang='grc' dir='ltr'>τοῦτο</span> <span class='ocrx_word' id='word_1_568' title='bbox 3489 1210 3657 1266; x_wconf 84' lang='grc' dir='ltr'>δεδοί-</span> 
     </span>
    </p>
   </div>
   <div class='ocr_carea' id='block_1_74' title="bbox 2026 1296 3659 1375">
    <p class='ocr_par' dir='ltr' id='par_1_74' title="bbox 2026 1296 3659 1375">
     <span class='ocr_line' id='line_1_75' title="bbox 2026 1296 3659 1375; baseline -0.002 -22"><span class='ocrx_word' id='word_1_569' title='bbox 2026 1319 2223 1373; x_wconf 82' lang='grc' dir='ltr'>καμεν</span> <span class='ocrx_word' id='word_1_570' title='bbox 2242 1303 2399 1356; x_wconf 87' lang='grc' dir='ltr'>αὐτά.</span> <span class='ocrx_word' id='word_1_571' title='bbox 2422 1301 2573 1375; x_wconf 84' lang='lat'>[657]</span> <span class='ocrx_word' id='word_1_572' title='bbox 2597 1301 2764 1354; x_wconf 86' lang='grc' dir='ltr'>Πόθεν</span> <span class='ocrx_word' id='word_1_573' title='bbox 2783 1300 2942 1353; x_wconf 90' lang='grc' dir='ltr'>τοῦτο</span> <span class='ocrx_word' id='word_1_574' title='bbox 2961 1300 3120 1369; x_wconf 80' lang='grc' dir='ltr'>δῆλον</span> <span class='ocrx_word' id='word_1_575' title='bbox 3139 1317 3155 1365; x_wconf 88' lang='lat'><strong>;</strong></span> <span class='ocrx_word' id='word_1_576' title='bbox 3188 1301 3441 1368; x_wconf 69' lang='grc' dir='ltr'>Ἠγαγεν</span> <span class='ocrx_word' id='word_1_577' title='bbox 3455 1300 3489 1352; x_wconf 81' lang='grc' dir='ltr'><em>ὀ</em></span> <span class='ocrx_word' id='word_1_578' title='bbox 3510 1296 3659 1363; x_wconf 78' lang='grc' dir='ltr'>Θεὸς</span> 
     </span>
    </p>
   </div>
   <div class='ocr_carea' id='block_1_75' title="bbox 2046 1388 3658 1461">
    <p class='ocr_par' dir='ltr' id='par_1_75' title="bbox 2046 1388 3658 1461">
     <span class='ocr_line' id='line_1_76' title="bbox 2046 1388 3658 1461; baseline -0.002 -15"><span class='ocrx_word' id='word_1_579' title='bbox 2046 1395 2309 1459; x_wconf 80' lang='grc' dir='ltr'>τὰθηρία</span> <span class='ocrx_word' id='word_1_580' title='bbox 2321 1393 2473 1460; x_wconf 79' lang='grc' dir='ltr'>πρὸς</span> <span class='ocrx_word' id='word_1_581' title='bbox 2493 1392 2603 1446; x_wconf 74' lang='grc' dir='ltr'>τὸν</span> <span class='ocrx_word' id='word_1_582' title='bbox 2630 1391 2834 1461; x_wconf 82' lang='grc' dir='ltr'>Ἀδὰμ,</span> <span class='ocrx_word' id='word_1_583' title='bbox 2858 1392 3007 1445; x_wconf 74' lang='grc' dir='ltr'>ἰδεῖν</span> <span class='ocrx_word' id='word_1_584' title='bbox 3026 1392 3085 1444; x_wconf 82' lang='grc' dir='ltr'>τί</span> <span class='ocrx_word' id='word_1_585' title='bbox 3103 1388 3539 1445; x_wconf 56' lang='grc' dir='ltr'>καλωειαύτά·</span> <span class='ocrx_word' id='word_1_586' title='bbox 3564 1392 3658 1442; x_wconf 69' lang='grc' dir='ltr'>καὶ</span> 
     </span>
    </p>
   </div>
   <div class='ocr_carea' id='block_1_76' title="bbox 2046 1474 3657 1550">
    <p class='ocr_par' dir='ltr' id='par_1_76' title="bbox 2046 1474 3657 1550">
     <span class='ocr_line' id='line_1_77' title="bbox 2046 1474 3657 1550; baseline -0.002 -17"><span class='ocrx_word' id='word_1_587' title='bbox 2046 1482 2149 1533; x_wconf 83' lang='grc' dir='ltr'>οὐκ</span> <span class='ocrx_word' id='word_1_588' title='bbox 2183 1480 2537 1550; x_wconf 76' lang='grc' dir='ltr'>ἀπεπήδησεν</span> <span class='ocrx_word' id='word_1_589' title='bbox 2585 1479 2615 1531; x_wconf 90' lang='lat'>6</span> <span class='ocrx_word' id='word_1_590' title='bbox 2679 1480 2871 1549; x_wconf 77' lang='grc' dir='ltr'>Ἀδάμ,</span> <span class='ocrx_word' id='word_1_591' title='bbox 2924 1478 3178 1547; x_wconf 84' lang='grc' dir='ltr'>καθάπερ</span> <span class='ocrx_word' id='word_1_592' title='bbox 3232 1474 3508 1539; x_wconf 86' lang='grc' dir='ltr'>δεδοικὼς,</span> <span class='ocrx_word' id='word_1_593' title='bbox 3540 1475 3657 1529; x_wconf 81' lang='grc' dir='ltr'>ἀλλ’</span> 
     </span>
    </p>
   </div>
   <div class='ocr_carea' id='block_1_77' title="bbox 2046 1562 3659 1636">
    <p class='ocr_par' dir='ltr' id='par_1_77' title="bbox 2046 1562 3659 1636">
     <span class='ocr_line' id='line_1_78' title="bbox 2046 1562 3659 1636; baseline -0.004 -17"><span class='ocrx_word' id='word_1_594' title='bbox 2046 1566 2236 1636; x_wconf 81' lang='grc' dir='ltr'>ὥσπερ</span> <span class='ocrx_word' id='word_1_595' title='bbox 2260 1566 2464 1629; x_wconf 87' lang='grc' dir='ltr'>δούλοις</span> <span class='ocrx_word' id='word_1_596' title='bbox 2501 1565 2967 1635; x_wconf 80' lang='grc' dir='ltr'>ὑποτεταγμένοις</span> <span class='ocrx_word' id='word_1_597' title='bbox 2996 1564 3063 1617; x_wconf 76' lang='grc' dir='ltr'>τὰ</span> <span class='ocrx_word' id='word_1_598' title='bbox 3091 1565 3335 1634; x_wconf 83' lang='grc' dir='ltr'>ὀνόματα</span> <span class='ocrx_word' id='word_1_599' title='bbox 3381 1562 3659 1632; x_wconf 83' lang='grc' dir='ltr'>ἐπέθηκεν</span> 
     </span>
    </p>
   </div>
   <div class='ocr_carea' id='block_1_78' title="bbox 2047 1648 3661 1723">
    <p class='ocr_par' dir='ltr' id='par_1_78' title="bbox 2047 1648 3661 1723">
     <span class='ocr_line' id='line_1_79' title="bbox 2047 1648 3661 1723; baseline -0.003 -16"><span class='ocrx_word' id='word_1_600' title='bbox 2047 1654 2242 1707; x_wconf 82' lang='grc' dir='ltr'>ἆπασι.</span> <span class='ocrx_word' id='word_1_601' title='bbox 2275 1652 2450 1706; x_wconf 89' lang='grc' dir='ltr'>Τοῦτο</span> <span class='ocrx_word' id='word_1_602' title='bbox 2471 1653 2529 1707; x_wconf 80' lang='grc' dir='ltr'>δὲ</span> <span class='ocrx_word' id='word_1_603' title='bbox 2557 1654 2877 1716; x_wconf 87' lang='grc' dir='ltr'>δεσποτείας</span> <span class='ocrx_word' id='word_1_604' title='bbox 2907 1653 2971 1705; x_wconf 88' lang='grc' dir='ltr'>σύ</span> <span class='ocrx_word' id='word_1_605' title='bbox 2982 1652 3201 1723; x_wconf 74' lang='grc' dir='ltr'>μϐολον.</span> <span class='ocrx_word' id='word_1_606' title='bbox 3229 1652 3322 1704; x_wconf 85' lang='grc' dir='ltr'>Διὸ</span> <span class='ocrx_word' id='word_1_607' title='bbox 3350 1652 3447 1702; x_wconf 75' lang='grc' dir='ltr'>καὶ</span> <span class='ocrx_word' id='word_1_608' title='bbox 3470 1650 3499 1702; x_wconf 94' lang='lat'>6</span> <span class='ocrx_word' id='word_1_609' title='bbox 3524 1648 3661 1713; x_wconf 75' lang='grc' dir='ltr'>Θεὸς</span> 
     </span>
    </p>
   </div>
   <div class='ocr_carea' id='block_1_79' title="bbox 2048 1737 3660 1812">
    <p class='ocr_par' dir='ltr' id='par_1_79' title="bbox 2048 1737 3660 1812">
     <span class='ocr_line' id='line_1_80' title="bbox 2048 1737 3660 1812; baseline -0.001 -19"><span class='ocrx_word' id='word_1_610' title='bbox 2048 1741 2374 1811; x_wconf 81' lang='grc' dir='ltr'>βουλόμενος</span> <span class='ocrx_word' id='word_1_611' title='bbox 2419 1742 2569 1812; x_wconf 83' lang='grc' dir='ltr'>αὐτῷ</span> <span class='ocrx_word' id='word_1_612' title='bbox 2604 1742 2700 1795; x_wconf 76' lang='grc' dir='ltr'>καὶ</span> <span class='ocrx_word' id='word_1_613' title='bbox 2730 1740 2819 1795; x_wconf 84' lang='grc' dir='ltr'>διὰ</span> <span class='ocrx_word' id='word_1_614' title='bbox 2863 1741 3056 1795; x_wconf 89' lang='grc' dir='ltr'>τούτου</span> <span class='ocrx_word' id='word_1_615' title='bbox 3086 1739 3260 1803; x_wconf 83' lang='grc' dir='ltr'>δεῖξαι</span> <span class='ocrx_word' id='word_1_616' title='bbox 3288 1738 3351 1791; x_wconf 71' lang='grc' dir='ltr'>τὸ</span> <span class='ocrx_word' id='word_1_617' title='bbox 3376 1738 3477 1807; x_wconf 82' lang='grc' dir='ltr'>τῆς</span> <span class='ocrx_word' id='word_1_618' title='bbox 3506 1737 3660 1803; x_wconf 78' lang='grc' dir='ltr'>ἐξου-</span> 
     </span>
    </p>
   </div>
   <div class='ocr_carea' id='block_1_80' title="bbox 2048 1823 3659 1898">
    <p class='ocr_par' dir='ltr' id='par_1_80' title="bbox 2048 1823 3659 1898">
     <span class='ocr_line' id='line_1_81' title="bbox 2048 1823 3659 1898; baseline -0.002 -17"><span class='ocrx_word' id='word_1_619' title='bbox 2048 1830 2170 1891; x_wconf 85' lang='grc' dir='ltr'>σίας</span> <span class='ocrx_word' id='word_1_620' title='bbox 2194 1828 2433 1897; x_wconf 81' lang='grc' dir='ltr'>άξίωμα,</span> <span class='ocrx_word' id='word_1_621' title='bbox 2457 1828 2554 1898; x_wconf 78' lang='grc' dir='ltr'>τὴν</span> <span class='ocrx_word' id='word_1_622' title='bbox 2581 1828 2687 1882; x_wconf 78' lang='grc' dir='ltr'>τῶν</span> <span class='ocrx_word' id='word_1_623' title='bbox 2712 1828 2997 1898; x_wconf 81' lang='grc' dir='ltr'>ὀνομάτων</span> <span class='ocrx_word' id='word_1_624' title='bbox 3018 1827 3168 1896; x_wconf 85' lang='grc' dir='ltr'>αὐτῷ</span> <span class='ocrx_word' id='word_1_625' title='bbox 3189 1827 3337 1880; x_wconf 80' lang='grc' dir='ltr'>θέσιν</span> <span class='ocrx_word' id='word_1_626' title='bbox 3363 1823 3659 1895; x_wconf 73' lang='grc' dir='ltr'>ἐπέτρεψε,</span> 
     </span>
    </p>
   </div>
   <div class='ocr_carea' id='block_1_81' title="bbox 2047 1912 3656 1986">
    <p class='ocr_par' dir='ltr' id='par_1_81' title="bbox 2047 1912 3656 1986">
     <span class='ocr_line' id='line_1_82' title="bbox 2047 1912 3656 1986; baseline -0.002 -18"><span class='ocrx_word' id='word_1_627' title='bbox 2047 1918 2138 1969; x_wconf 70' lang='grc' dir='ltr'>καὶ</span> <span class='ocrx_word' id='word_1_628' title='bbox 2157 1916 2226 1969; x_wconf 76' lang='grc' dir='ltr'>τά</span> <span class='ocrx_word' id='word_1_629' title='bbox 2255 1916 2480 1969; x_wconf 87' lang='grc' dir='ltr'>τεθέντα</span> <span class='ocrx_word' id='word_1_630' title='bbox 2511 1918 2754 1986; x_wconf 73' lang='grc' dir='ltr'>ὀνόματα</span> <span class='ocrx_word' id='word_1_631' title='bbox 2783 1916 3001 1985; x_wconf 72' lang='grc' dir='ltr'>ἔμεινεν</span> <span class='ocrx_word' id='word_1_632' title='bbox 3033 1914 3093 1979; x_wconf 77' lang='grc' dir='ltr'>ἐξ</span> <span class='ocrx_word' id='word_1_633' title='bbox 3134 1915 3347 1969; x_wconf 80' lang='grc' dir='ltr'>ἐκείνου</span> <span class='ocrx_word' id='word_1_634' title='bbox 3382 1914 3463 1976; x_wconf 81' lang='grc' dir='ltr'>είς</span> <span class='ocrx_word' id='word_1_635' title='bbox 3493 1912 3656 1966; x_wconf 87' lang='grc' dir='ltr'>αὐτά.</span> 
     </span>
    </p>
   </div>
   <div class='ocr_carea' id='block_1_82' title="bbox 2048 1998 3657 2075">
    <p class='ocr_par' dir='ltr' id='par_1_82' title="bbox 2048 1998 3657 2075">
     <span class='ocr_line' id='line_1_83' title="bbox 2048 1998 3657 2075; baseline -0.003 -18"><span class='ocrx_word' id='word_1_636' title='bbox 2048 2002 2176 2059; x_wconf 77' lang='grc' dir='ltr'>Πᾶν</span> <span class='ocrx_word' id='word_1_637' title='bbox 2220 2004 2329 2075; x_wconf 77' lang='grc' dir='ltr'>γάρ</span> <span class='ocrx_word' id='word_1_638' title='bbox 2364 2004 2394 2057; x_wconf 85' lang='grc' dir='ltr'>ὃ</span> <span class='ocrx_word' id='word_1_639' title='bbox 2416 2004 2719 2057; x_wconf 73' lang='grc' dir='ltr'>ἐκάλεσεν</span> <span class='ocrx_word' id='word_1_640' title='bbox 2768 2003 3171 2072; x_wconf 80' lang='grc' dir='ltr'>Ἀδὰμ,τοῦτο</span> <span class='ocrx_word' id='word_1_641' title='bbox 3206 2002 3397 2070; x_wconf 78' lang='grc' dir='ltr'>ὄνομα</span> <span class='ocrx_word' id='word_1_642' title='bbox 3423 1998 3657 2065; x_wconf 84' lang='grc' dir='ltr'>αὐτοῖς,</span> 
     </span>
    </p>
   </div>
   <div class='ocr_carea' id='block_1_83' title="bbox 2047 2084 3662 2161">
    <p class='ocr_par' dir='ltr' id='par_1_83' title="bbox 2047 2084 3662 2161">
     <span class='ocr_line' id='line_1_84' title="bbox 2047 2084 3662 2161; baseline -0.004 -17"><span class='ocrx_word' id='word_1_643' title='bbox 2047 2092 2231 2161; x_wconf 87' lang='grc' dir='ltr'>φησίν.</span> <span class='ocrx_word' id='word_1_644' title='bbox 2267 2092 2362 2143; x_wconf 86' lang='grc' dir='ltr'>Ἒν</span> <span class='ocrx_word' id='word_1_645' title='bbox 2396 2091 2462 2159; x_wconf 80' lang='grc' dir='ltr'>δὴ</span> <span class='ocrx_word' id='word_1_646' title='bbox 2495 2091 2657 2144; x_wconf 87' lang='grc' dir='ltr'>τοῦτο</span> <span class='ocrx_word' id='word_1_647' title='bbox 2680 2093 2909 2159; x_wconf 87' lang='grc' dir='ltr'>σημεῖον</span> <span class='ocrx_word' id='word_1_648' title='bbox 2940 2090 3036 2143; x_wconf 86' lang='grc' dir='ltr'>τοῦ</span> <span class='ocrx_word' id='word_1_649' title='bbox 3070 2090 3146 2160; x_wconf 80' lang='grc' dir='ltr'>μὴ</span> <span class='ocrx_word' id='word_1_650' title='bbox 3183 2089 3391 2158; x_wconf 83' lang='grc' dir='ltr'>φοϐερά</span> <span class='ocrx_word' id='word_1_651' title='bbox 3416 2084 3557 2140; x_wconf 79' lang='grc' dir='ltr'>εἶναι</span> <span class='ocrx_word' id='word_1_652' title='bbox 3580 2084 3662 2156; x_wconf 76' lang='grc' dir='ltr'>τῷ</span> 
     </span>
    </p>
   </div>
   <div class='ocr_carea' id='block_1_84' title="bbox 2047 2173 3661 2250">
    <p class='ocr_par' dir='ltr' id='par_1_84' title="bbox 2047 2173 3661 2250">
     <span class='ocr_line' id='line_1_85' title="bbox 2047 2173 3661 2250; baseline -0.003 -19"><span class='ocrx_word' id='word_1_653' title='bbox 2047 2178 2321 2249; x_wconf 85' lang='grc' dir='ltr'>ἀνθρώπῳ</span> <span class='ocrx_word' id='word_1_654' title='bbox 2346 2177 2415 2230; x_wconf 85' lang='grc' dir='ltr'>τά</span> <span class='ocrx_word' id='word_1_655' title='bbox 2442 2178 2610 2247; x_wconf 81' lang='grc' dir='ltr'>θηρία</span> <span class='ocrx_word' id='word_1_656' title='bbox 2641 2178 2793 2247; x_wconf 87' lang='grc' dir='ltr'>παρά</span> <span class='ocrx_word' id='word_1_657' title='bbox 2822 2178 2921 2246; x_wconf 85' lang='grc' dir='ltr'>τὴν</span> <span class='ocrx_word' id='word_1_658' title='bbox 2966 2178 3163 2250; x_wconf 85' lang='grc' dir='ltr'>ἀρχήν·</span> <span class='ocrx_word' id='word_1_659' title='bbox 3208 2175 3464 2247; x_wconf 84' lang='grc' dir='ltr'>δεύτερον</span> <span class='ocrx_word' id='word_1_660' title='bbox 3483 2174 3542 2227; x_wconf 81' lang='grc' dir='ltr'>δέ</span> <span class='ocrx_word' id='word_1_661' title='bbox 3564 2173 3661 2226; x_wconf 72' lang='grc' dir='ltr'>καὶ</span> 
     </span>
    </p>
   </div>
   <div class='ocr_carea' id='block_1_85' title="bbox 2045 2256 3659 2335">
    <p class='ocr_par' dir='ltr' id='par_1_85' title="bbox 2045 2256 3659 2335">
     <span class='ocr_line' id='line_1_86' title="bbox 2045 2256 3659 2335; baseline -0.005 -17"><span class='ocrx_word' id='word_1_662' title='bbox 2045 2266 2140 2318; x_wconf 88' lang='grc' dir='ltr'>τοῦ</span> <span class='ocrx_word' id='word_1_663' title='bbox 2176 2265 2393 2335; x_wconf 82' lang='grc' dir='ltr'>πρώτου</span> <span class='ocrx_word' id='word_1_664' title='bbox 2452 2268 2807 2334; x_wconf 85' lang='grc' dir='ltr'>σαφέστερον,</span> <span class='ocrx_word' id='word_1_665' title='bbox 2866 2265 2898 2333; x_wconf 84' lang='grc' dir='ltr'><strong>ή</strong></span> <span class='ocrx_word' id='word_1_666' title='bbox 2960 2264 3099 2334; x_wconf 81' lang='grc' dir='ltr'>πρὸς</span> <span class='ocrx_word' id='word_1_667' title='bbox 3132 2262 3233 2331; x_wconf 84' lang='grc' dir='ltr'>τὴν</span> <span class='ocrx_word' id='word_1_668' title='bbox 3282 2264 3520 2330; x_wconf 84' lang='grc' dir='ltr'>γυναῖκα</span> <span class='ocrx_word' id='word_1_669' title='bbox 3562 2256 3659 2312; x_wconf 86' lang='grc' dir='ltr'>τοῦ</span> 
     </span>
    </p>
   </div>
   <div class='ocr_carea' id='block_1_86' title="bbox 2046 2349 3658 2423">
    <p class='ocr_par' dir='ltr' id='par_1_86' title="bbox 2046 2349 3658 2423">
     <span class='ocr_line' id='line_1_87' title="bbox 2046 2349 3658 2423; baseline -0.004 -17"><span class='ocrx_word' id='word_1_670' title='bbox 2046 2355 2225 2423; x_wconf 74' lang='grc' dir='ltr'>ὄφεως</span> <span class='ocrx_word' id='word_1_671' title='bbox 2250 2353 2503 2417; x_wconf 82' lang='grc' dir='ltr'>διάλεξις.</span> <span class='ocrx_word' id='word_1_672' title='bbox 2536 2354 2597 2406; x_wconf 79' lang='lat' dir='ltr'>EE</span> <span class='ocrx_word' id='word_1_673' title='bbox 2642 2353 2751 2422; x_wconf 78' lang='grc' dir='ltr'>γάρ</span> <span class='ocrx_word' id='word_1_674' title='bbox 2778 2349 2844 2421; x_wconf 78' lang='grc' dir='ltr'>ἦν</span> <span class='ocrx_word' id='word_1_675' title='bbox 2878 2350 3088 2421; x_wconf 85' lang='grc' dir='ltr'>φοϐερὰ</span> <span class='ocrx_word' id='word_1_676' title='bbox 3125 2349 3195 2402; x_wconf 85' lang='grc' dir='ltr'>τά</span> <span class='ocrx_word' id='word_1_677' title='bbox 3223 2350 3391 2419; x_wconf 80' lang='grc' dir='ltr'>θηρία</span> <span class='ocrx_word' id='word_1_678' title='bbox 3417 2351 3532 2410; x_wconf 86' lang='grc' dir='ltr'>τοῖς</span> <span class='ocrx_word' id='word_1_679' title='bbox 3558 2349 3658 2401; x_wconf 87' lang='grc' dir='ltr'>ἀν-</span> 
     </span>
    </p>
   </div>
   <div class='ocr_carea' id='block_1_87' title="bbox 2047 2433 3659 2511">
    <p class='ocr_par' dir='ltr' id='par_1_87' title="bbox 2047 2433 3659 2511">
     <span class='ocr_line' id='line_1_88' title="bbox 2047 2433 3659 2511; baseline -0.006 -17"><span class='ocrx_word' id='word_1_680' title='bbox 2047 2440 2308 2511; x_wconf 87' lang='grc' dir='ltr'>θρώποις,</span> <span class='ocrx_word' id='word_1_681' title='bbox 2344 2440 2446 2493; x_wconf 81' lang='grc' dir='ltr'>οὐκ</span> <span class='ocrx_word' id='word_1_682' title='bbox 2472 2440 2538 2493; x_wconf 81' lang='grc' dir='ltr'>ἂν</span> <span class='ocrx_word' id='word_1_683' title='bbox 2566 2438 2750 2492; x_wconf 84' lang='grc' dir='ltr'>ἰδοῦσα</span> <span class='ocrx_word' id='word_1_684' title='bbox 2781 2440 2872 2491; x_wconf 78' lang='grc' dir='ltr'>τὸν</span> <span class='ocrx_word' id='word_1_685' title='bbox 2902 2438 3026 2506; x_wconf 74' lang='grc' dir='ltr'>όφιν</span> <span class='ocrx_word' id='word_1_686' title='bbox 3049 2437 3265 2508; x_wconf 73' lang='grc' dir='ltr'>ἔμεινεν</span> <span class='ocrx_word' id='word_1_687' title='bbox 3294 2438 3327 2506; x_wconf 81' lang='grc' dir='ltr'><strong>ἡ</strong></span> <span class='ocrx_word' id='word_1_688' title='bbox 3360 2433 3659 2505; x_wconf 77' lang='grc' dir='ltr'>γυνὴ,ἀλλ“</span> 
     </span>
    </p>
   </div>
   <div class='ocr_carea' id='block_1_88' title="bbox 2048 2519 3663 2597">
    <p class='ocr_par' dir='ltr' id='par_1_88' title="bbox 2048 2519 3663 2597">
     <span class='ocr_line' id='line_1_89' title="bbox 2048 2519 3663 2597; baseline -0.004 -17"><span class='ocrx_word' id='word_1_689' title='bbox 2048 2527 2250 2597; x_wconf 78' lang='grc' dir='ltr'>ἔφυγεν</span> <span class='ocrx_word' id='word_1_690' title='bbox 2278 2528 2365 2581; x_wconf 80' lang='grc' dir='ltr'>ἀν·</span> <span class='ocrx_word' id='word_1_691' title='bbox 2399 2527 2501 2580; x_wconf 87' lang='grc' dir='ltr'>οὐκ</span> <span class='ocrx_word' id='word_1_692' title='bbox 2533 2527 2601 2579; x_wconf 83' lang='grc' dir='ltr'>ἂν</span> <span class='ocrx_word' id='word_1_693' title='bbox 2629 2526 2848 2590; x_wconf 77' lang='grc' dir='ltr'>ἐδέξατο</span> <span class='ocrx_word' id='word_1_694' title='bbox 2874 2524 3186 2597; x_wconf 83' lang='grc' dir='ltr'>συμϐουλὴν</span> <span class='ocrx_word' id='word_1_695' title='bbox 3207 2523 3257 2589; x_wconf 77' lang='grc' dir='ltr'>ἀ,</span> <span class='ocrx_word' id='word_1_696' title='bbox 3287 2524 3389 2576; x_wconf 85' lang='grc' dir='ltr'>οὐκ</span> <span class='ocrx_word' id='word_1_697' title='bbox 3422 2522 3490 2575; x_wconf 83' lang='grc' dir='ltr'>ἂν</span> <span class='ocrx_word' id='word_1_698' title='bbox 3521 2519 3663 2592; x_wconf 81' lang='grc' dir='ltr'>μετὰ</span> 
     </span>
    </p>
   </div>
   <div class='ocr_carea' id='block_1_89' title="bbox 2048 2608 3662 2685">
    <p class='ocr_par' dir='ltr' id='par_1_89' title="bbox 2048 2608 3662 2685">
     <span class='ocr_line' id='line_1_90' title="bbox 2048 2608 3662 2685; baseline -0.004 -18"><span class='ocrx_word' id='word_1_699' title='bbox 2048 2614 2319 2685; x_wconf 74' lang='grc' dir='ltr'>τοσαύτης</span> <span class='ocrx_word' id='word_1_700' title='bbox 2342 2613 2494 2683; x_wconf 77' lang='grc' dir='ltr'>αὐτῷ</span> <span class='ocrx_word' id='word_1_701' title='bbox 2526 2614 2775 2683; x_wconf 80' lang='grc' dir='ltr'>διελέχθη</span> <span class='ocrx_word' id='word_1_702' title='bbox 2809 2614 2907 2683; x_wconf 85' lang='grc' dir='ltr'>τῆς</span> <span class='ocrx_word' id='word_1_703' title='bbox 2951 2613 3160 2675; x_wconf 87' lang='grc' dir='ltr'>ἀδείας,</span> <span class='ocrx_word' id='word_1_704' title='bbox 3187 2610 3303 2665; x_wconf 83' lang='grc' dir='ltr'>ἀλλ’</span> <span class='ocrx_word' id='word_1_705' title='bbox 3335 2609 3540 2671; x_wconf 86' lang='grc' dir='ltr'>εὐθέως</span> <span class='ocrx_word' id='word_1_706' title='bbox 3592 2608 3662 2661; x_wconf 82' lang='grc' dir='ltr'>ἂν</span> 
     </span>
    </p>
   </div>
   <div class='ocr_carea' id='block_1_90' title="bbox 2050 2695 3661 2772">
    <p class='ocr_par' dir='ltr' id='par_1_90' title="bbox 2050 2695 3661 2772">
     <span class='ocr_line' id='line_1_91' title="bbox 2050 2695 3661 2772; baseline -0.004 -19"><span class='ocrx_word' id='word_1_707' title='bbox 2050 2703 2184 2772; x_wconf 78' lang='grc' dir='ltr'>πρὸς</span> <span class='ocrx_word' id='word_1_708' title='bbox 2210 2702 2309 2771; x_wconf 75' lang='grc' dir='ltr'>τὴν</span> <span class='ocrx_word' id='word_1_709' title='bbox 2335 2701 2458 2769; x_wconf 71' lang='grc' dir='ltr'>ὄψιν</span> <span class='ocrx_word' id='word_1_710' title='bbox 2496 2701 2593 2753; x_wconf 73' lang='grc' dir='ltr'>καὶ</span> <span class='ocrx_word' id='word_1_711' title='bbox 2624 2699 2901 2768; x_wconf 78' lang='grc' dir='ltr'>ἐξεπλάγη</span> <span class='ocrx_word' id='word_1_712' title='bbox 2941 2700 3036 2753; x_wconf 74' lang='grc' dir='ltr'>καὶ</span> <span class='ocrx_word' id='word_1_713' title='bbox 3066 2699 3415 2769; x_wconf 78' lang='grc' dir='ltr'>ἀπεπήδησε·</span> <span class='ocrx_word' id='word_1_714' title='bbox 3453 2695 3573 2749; x_wconf 72' lang='grc' dir='ltr'>νυνὶ</span> <span class='ocrx_word' id='word_1_715' title='bbox 3601 2695 3661 2748; x_wconf 81' lang='grc' dir='ltr'>δὲ</span> 
     </span>
    </p>
   </div>
   <div class='ocr_carea' id='block_1_91' title="bbox 2047 2781 3661 2856">
    <p class='ocr_par' dir='ltr' id='par_1_91' title="bbox 2047 2781 3661 2856">
     <span class='ocr_line' id='line_1_92' title="bbox 2047 2781 3661 2856; baseline -0.005 -13"><span class='ocrx_word' id='word_1_716' title='bbox 2047 2789 2378 2856; x_wconf 83' lang='grc' dir='ltr'>διαλέγεται,</span> <span class='ocrx_word' id='word_1_717' title='bbox 2419 2790 2513 2841; x_wconf 73' lang='grc' dir='ltr'>καὶ</span> <span class='ocrx_word' id='word_1_718' title='bbox 2540 2790 2600 2840; x_wconf 87' lang='grc' dir='ltr'>οὐ</span> <span class='ocrx_word' id='word_1_719' title='bbox 2651 2787 2920 2856; x_wconf 82' lang='grc' dir='ltr'>φοϐεῖται·</span> <span class='ocrx_word' id='word_1_720' title='bbox 2953 2787 3169 2840; x_wconf 79' lang='grc' dir='ltr'>οὐδέπω</span> <span class='ocrx_word' id='word_1_721' title='bbox 3202 2787 3312 2856; x_wconf 84' lang='grc' dir='ltr'>γάρ</span> <span class='ocrx_word' id='word_1_722' title='bbox 3347 2782 3415 2856; x_wconf 77' lang='grc' dir='ltr'>ἦν</span> <span class='ocrx_word' id='word_1_723' title='bbox 3443 2786 3470 2836; x_wconf 93' lang='grc' dir='ltr'>ό</span> <span class='ocrx_word' id='word_1_724' title='bbox 3496 2781 3661 2851; x_wconf 84' lang='grc' dir='ltr'>φόϐος</span> 
     </span>
    </p>
   </div>
   <div class='ocr_carea' id='block_1_92' title="bbox 2048 2868 3662 2946">
    <p class='ocr_par' dir='ltr' id='par_1_92' title="bbox 2048 2868 3662 2946">
     <span class='ocr_line' id='line_1_93' title="bbox 2048 2868 3662 2946; baseline -0.006 -17"><span class='ocrx_word' id='word_1_725' title='bbox 2048 2870 2226 2939; x_wconf 76' lang='grc' dir='ltr'>οὗτος.</span> <span class='ocrx_word' id='word_1_726' title='bbox 2262 2874 2401 2927; x_wconf 81' lang='grc' dir='ltr'>Ἀλλ’</span> <span class='ocrx_word' id='word_1_727' title='bbox 2432 2874 2621 2944; x_wconf 68' lang='grc' dir='ltr'>ἐπειδὴ</span> <span class='ocrx_word' id='word_1_728' title='bbox 2644 2878 2677 2945; x_wconf 84' lang='grc' dir='ltr'><strong>ὴ</strong></span> <span class='ocrx_word' id='word_1_729' title='bbox 2714 2874 2961 2946; x_wconf 84' lang='grc' dir='ltr'>ἁμαρτία</span> <span class='ocrx_word' id='word_1_730' title='bbox 2993 2872 3263 2942; x_wconf 77' lang='grc' dir='ltr'>εἰσῆλθεν,</span> <span class='ocrx_word' id='word_1_731' title='bbox 3291 2869 3534 2941; x_wconf 77' lang='grc' dir='ltr'>ἀνῃρέθη</span> <span class='ocrx_word' id='word_1_732' title='bbox 3568 2868 3662 2920; x_wconf 81' lang='grc' dir='ltr'>καὶ</span> 
     </span>
    </p>
   </div>
   <div class='ocr_carea' id='block_1_93' title="bbox 2047 2954 3661 3033">
    <p class='ocr_par' dir='ltr' id='par_1_93' title="bbox 2047 2954 3661 3033">
     <span class='ocr_line' id='line_1_94' title="bbox 2047 2954 3661 3033; baseline -0.006 -17"><span class='ocrx_word' id='word_1_733' title='bbox 2047 2962 2119 3016; x_wconf 82' lang='grc' dir='ltr'>τά</span> <span class='ocrx_word' id='word_1_734' title='bbox 2146 2962 2249 3033; x_wconf 82' lang='grc' dir='ltr'>τῆς</span> <span class='ocrx_word' id='word_1_735' title='bbox 2275 2962 2465 3032; x_wconf 70' lang='grc' dir='ltr'>τιμῆς·</span> <span class='ocrx_word' id='word_1_736' title='bbox 2507 2964 2603 3015; x_wconf 79' lang='grc' dir='ltr'>καὶ</span> <span class='ocrx_word' id='word_1_737' title='bbox 2634 2961 2887 3031; x_wconf 89' lang='grc' dir='ltr'>καθάπερ</span> <span class='ocrx_word' id='word_1_738' title='bbox 2919 2960 3013 3013; x_wconf 77' lang='grc' dir='ltr'>ἐπὶ</span> <span class='ocrx_word' id='word_1_739' title='bbox 3039 2959 3148 3012; x_wconf 82' lang='grc' dir='ltr'>τῶν</span> <span class='ocrx_word' id='word_1_740' title='bbox 3168 2958 3421 3021; x_wconf 77' lang='grc' dir='ltr'>οἰκετῶν,</span> <span class='ocrx_word' id='word_1_741' title='bbox 3454 2958 3503 3008; x_wconf 90' lang='grc' dir='ltr'>οί</span> <span class='ocrx_word' id='word_1_742' title='bbox 3560 2954 3661 3025; x_wconf 84' lang='grc' dir='ltr'>μὲν</span> 
     </span>
    </p>
   </div>
   <div class='ocr_carea' id='block_1_94' title="bbox 2049 3042 3660 3119">
    <p class='ocr_par' dir='ltr' id='par_1_94' title="bbox 2049 3042 3660 3119">
     <span class='ocr_line' id='line_1_95' title="bbox 2049 3042 3660 3119; baseline -0.006 -16"><span class='ocrx_word' id='word_1_743' title='bbox 2049 3050 2466 3119; x_wconf 74' lang='grc' dir='ltr'>εὐδοκιμοῦντες</span> <span class='ocrx_word' id='word_1_744' title='bbox 2516 3048 2739 3118; x_wconf 74' lang='grc' dir='ltr'>φοϐεροὶ</span> <span class='ocrx_word' id='word_1_745' title='bbox 2784 3052 2897 3110; x_wconf 79' lang='grc' dir='ltr'>τοῖς</span> <span class='ocrx_word' id='word_1_746' title='bbox 2934 3046 3243 3109; x_wconf 82' lang='grc' dir='ltr'>συνδούλοις</span> <span class='ocrx_word' id='word_1_747' title='bbox 3297 3046 3460 3105; x_wconf 75' lang='grc' dir='ltr'>εἰσὶν,</span> <span class='ocrx_word' id='word_1_748' title='bbox 3502 3043 3551 3095; x_wconf 79' lang='grc' dir='ltr'>οἱ</span> <span class='ocrx_word' id='word_1_749' title='bbox 3600 3042 3660 3095; x_wconf 81' lang='grc' dir='ltr'>δέ</span> 
     </span>
    </p>
   </div>
   <div class='ocr_carea' id='block_1_95' title="bbox 2051 3131 3658 3209">
    <p class='ocr_par' dir='ltr' id='par_1_95' title="bbox 2051 3131 3658 3209">
     <span class='ocr_line' id='line_1_96' title="bbox 2051 3131 3658 3209; baseline -0.007 -16"><span class='ocrx_word' id='word_1_750' title='bbox 2051 3138 2561 3209; x_wconf 85' lang='grc' dir='ltr'>προσκεκρουκότες</span> <span class='ocrx_word' id='word_1_751' title='bbox 2624 3137 2717 3188; x_wconf 76' lang='grc' dir='ltr'>καὶ</span> <span class='ocrx_word' id='word_1_752' title='bbox 2765 3138 2891 3199; x_wconf 78' lang='grc' dir='ltr'>τοὺς</span> <span class='ocrx_word' id='word_1_753' title='bbox 2947 3134 3275 3204; x_wconf 84' lang='grc' dir='ltr'>ὁμοδούλους</span> <span class='ocrx_word' id='word_1_754' title='bbox 3332 3131 3658 3184; x_wconf 87' lang='grc' dir='ltr'>δεδοίκασιν·</span> 
     </span>
    </p>
   </div>
   <div class='ocr_carea' id='block_1_96' title="bbox 2050 3216 3661 3293">
    <p class='ocr_par' dir='ltr' id='par_1_96' title="bbox 2050 3216 3661 3293">
     <span class='ocr_line' id='line_1_97' title="bbox 2050 3216 3661 3293; baseline -0.005 -16"><span class='ocrx_word' id='word_1_755' title='bbox 2050 3226 2193 3278; x_wconf 68' lang='grc' dir='ltr'>οὕτω</span> <span class='ocrx_word' id='word_1_756' title='bbox 2231 3224 2329 3276; x_wconf 70' lang='grc' dir='ltr'>καὶ</span> <span class='ocrx_word' id='word_1_757' title='bbox 2360 3224 2453 3275; x_wconf 75' lang='grc' dir='ltr'>ἐπὶ</span> <span class='ocrx_word' id='word_1_758' title='bbox 2504 3222 2598 3275; x_wconf 87' lang='grc' dir='ltr'>τοῦ</span> <span class='ocrx_word' id='word_1_759' title='bbox 2632 3221 2924 3293; x_wconf 87' lang='grc' dir='ltr'>ἀνθρώπου</span> <span class='ocrx_word' id='word_1_760' title='bbox 2958 3222 3203 3290; x_wconf 79' lang='grc' dir='ltr'>γέγονεν.</span> <span class='ocrx_word' id='word_1_761' title='bbox 3239 3218 3387 3282; x_wconf 83' lang='grc' dir='ltr'>Ἕως</span> <span class='ocrx_word' id='word_1_762' title='bbox 3420 3218 3519 3288; x_wconf 80' lang='grc' dir='ltr'>μὲν</span> <span class='ocrx_word' id='word_1_763' title='bbox 3551 3216 3661 3285; x_wconf 89' lang='grc' dir='ltr'>γάρ</span> 
     </span>
    </p>
   </div>
   <div class='ocr_carea' id='block_1_97' title="bbox 2051 3303 3743 3385">
    <p class='ocr_par' dir='ltr' id='par_1_97' title="bbox 2051 3303 3743 3385">
     <span class='ocr_line' id='line_1_98' title="bbox 2051 3303 3743 3385; baseline -0.006 -20"><span class='ocrx_word' id='word_1_764' title='bbox 2051 3310 2167 3383; x_wconf 72' lang='grc' dir='ltr'>εἶχε</span> <span class='ocrx_word' id='word_1_765' title='bbox 2198 3312 2335 3385; x_wconf 77' lang='grc' dir='ltr'>πρὸς</span> <span class='ocrx_word' id='word_1_766' title='bbox 2360 3311 2452 3364; x_wconf 80' lang='grc' dir='ltr'>τὸν</span> <span class='ocrx_word' id='word_1_767' title='bbox 2483 3310 2617 3363; x_wconf 73' lang='grc' dir='ltr'>Θεὸν</span> <span class='ocrx_word' id='word_1_768' title='bbox 2654 3309 2995 3381; x_wconf 77' lang='grc' dir='ltr'>παρρησίαν,</span> <span class='ocrx_word' id='word_1_769' title='bbox 3040 3308 3274 3377; x_wconf 78' lang='grc' dir='ltr'>φοϐερὸς</span> <span class='ocrx_word' id='word_1_770' title='bbox 3303 3308 3419 3368; x_wconf 85' lang='grc' dir='ltr'>τοῖς</span> <span class='ocrx_word' id='word_1_771' title='bbox 3453 3303 3664 3375; x_wconf 85' lang='grc' dir='ltr'>θηρίοις</span> <span class='ocrx_word' id='word_1_772' title='bbox 3728 3339 3743 3346; x_wconf 83' lang='grc'><strong>-</strong></span> 
     </span>
    </p>
   </div>
   <div class='ocr_carea' id='block_1_98' title="bbox 2050 3391 3666 3471">
    <p class='ocr_par' dir='ltr' id='par_1_98' title="bbox 2050 3391 3666 3471">
     <span class='ocr_line' id='line_1_99' title="bbox 2050 3391 3666 3471; baseline -0.006 -18"><span class='ocrx_word' id='word_1_773' title='bbox 2050 3398 2138 3471; x_wconf 81' lang='grc' dir='ltr'>ἦν·</span> <span class='ocrx_word' id='word_1_774' title='bbox 2182 3400 2373 3469; x_wconf 81' lang='grc' dir='ltr'>ἐπειδὴ</span> <span class='ocrx_word' id='word_1_775' title='bbox 2417 3399 2474 3452; x_wconf 83' lang='grc' dir='ltr'>δὲ</span> <span class='ocrx_word' id='word_1_776' title='bbox 2522 3398 2917 3470; x_wconf 87' lang='grc' dir='ltr'>προσέκρουσε,</span> <span class='ocrx_word' id='word_1_777' title='bbox 2943 3397 3197 3459; x_wconf 72' lang='grc' dir='ltr'>καὶτοὺς</span> <span class='ocrx_word' id='word_1_778' title='bbox 3235 3395 3502 3464; x_wconf 84' lang='grc' dir='ltr'>ἐσχάτους</span> <span class='ocrx_word' id='word_1_779' title='bbox 3554 3391 3666 3445; x_wconf 84' lang='grc' dir='ltr'>τῶν</span> 
     </span>
    </p>
   </div>
   <div class='ocr_carea' id='block_1_99' title="bbox 2052 3479 3668 3559">
    <p class='ocr_par' dir='ltr' id='par_1_99' title="bbox 2052 3479 3668 3559">
     <span class='ocr_line' id='line_1_100' title="bbox 2052 3479 3668 3559; baseline -0.006 -16"><span class='ocrx_word' id='word_1_780' title='bbox 2052 3488 2357 3559; x_wconf 81' lang='grc' dir='ltr'>ὁμοδούλων</span> <span class='ocrx_word' id='word_1_781' title='bbox 2385 3487 2594 3541; x_wconf 88' lang='grc' dir='ltr'>δέδοικε</span> <span class='ocrx_word' id='word_1_782' title='bbox 2624 3485 2828 3539; x_wconf 89' lang='grc' dir='ltr'>λοιπόν.</span> <span class='ocrx_word' id='word_1_783' title='bbox 2862 3486 2926 3539; x_wconf 75' lang='lat' dir='ltr'><strong><em>El</em></strong></span> <span class='ocrx_word' id='word_1_784' title='bbox 2949 3486 3006 3539; x_wconf 81' lang='grc' dir='ltr'>δὲ</span> <span class='ocrx_word' id='word_1_785' title='bbox 3028 3486 3103 3557; x_wconf 77' lang='grc' dir='ltr'>μὴ</span> <span class='ocrx_word' id='word_1_786' title='bbox 3132 3483 3292 3537; x_wconf 85' lang='grc' dir='ltr'>τοῦτό</span> <span class='ocrx_word' id='word_1_787' title='bbox 3316 3486 3454 3548; x_wconf 82' lang='grc' dir='ltr'>ἐστι,</span> <span class='ocrx_word' id='word_1_788' title='bbox 3484 3479 3549 3535; x_wconf 92' lang='grc' dir='ltr'>σύ</span> <span class='ocrx_word' id='word_1_789' title='bbox 3575 3497 3668 3553; x_wconf 88' lang='grc' dir='ltr'>μοι</span> 
     </span>
    </p>
   </div>
   <div class='ocr_carea' id='block_1_100' title="bbox 2052 3568 3667 3646">
    <p class='ocr_par' dir='ltr' id='par_1_100' title="bbox 2052 3568 3667 3646">
     <span class='ocr_line' id='line_1_101' title="bbox 2052 3568 3667 3646; baseline -0.004 -18"><span class='ocrx_word' id='word_1_790' title='bbox 2052 3576 2221 3642; x_wconf 79' lang='grc' dir='ltr'>δεῖξαι</span> <span class='ocrx_word' id='word_1_791' title='bbox 2258 3576 2365 3646; x_wconf 79' lang='grc' dir='ltr'>πρὸ</span> <span class='ocrx_word' id='word_1_792' title='bbox 2391 3575 2491 3645; x_wconf 81' lang='grc' dir='ltr'>τῆς</span> <span class='ocrx_word' id='word_1_793' title='bbox 2519 3573 2822 3644; x_wconf 84' lang='grc' dir='ltr'>ἁμαρτίας,</span> <span class='ocrx_word' id='word_1_794' title='bbox 2845 3574 2929 3626; x_wconf 81' lang='grc' dir='ltr'>ὅτι</span> <span class='ocrx_word' id='word_1_795' title='bbox 2973 3572 3181 3642; x_wconf 87' lang='grc' dir='ltr'>φοϐερά</span> <span class='ocrx_word' id='word_1_796' title='bbox 3212 3573 3326 3633; x_wconf 86' lang='grc' dir='ltr'>τοῖς</span> <span class='ocrx_word' id='word_1_797' title='bbox 3352 3568 3667 3641; x_wconf 86' lang='grc' dir='ltr'>ἀνθρώποις</span> 
     </span>
    </p>
   </div>
   <div class='ocr_carea' id='block_1_101' title="bbox 2052 3658 3010 3733">
    <p class='ocr_par' dir='ltr' id='par_1_101' title="bbox 2052 3658 3010 3733">
     <span class='ocr_line' id='line_1_102' title="bbox 2052 3658 3010 3733; baseline -0.004 -18"><span class='ocrx_word' id='word_1_798' title='bbox 2052 3663 2122 3715; x_wconf 73' lang='grc' dir='ltr'>τά</span> <span class='ocrx_word' id='word_1_799' title='bbox 2161 3663 2329 3733; x_wconf 84' lang='grc' dir='ltr'>θηρία</span> <span class='ocrx_word' id='word_1_800' title='bbox 2355 3658 2444 3733; x_wconf 87' lang='grc' dir='ltr'>ἦν·</span> <span class='ocrx_word' id='word_1_801' title='bbox 2472 3661 2589 3715; x_wconf 87' lang='grc' dir='ltr'>ἀλλ’</span> <span class='ocrx_word' id='word_1_802' title='bbox 2614 3661 2715 3715; x_wconf 87' lang='grc' dir='ltr'>οὐκ</span> <span class='ocrx_word' id='word_1_803' title='bbox 2740 3660 2806 3714; x_wconf 82' lang='grc' dir='ltr'>ἂν</span> <span class='ocrx_word' id='word_1_804' title='bbox 2845 3660 3010 3731; x_wconf 73' lang='grc' dir='ltr'>ἔχοις.</span> 
     </span>
    </p>
   </div>
   <div class='ocr_carea' id='block_1_102' title="bbox 2130 3747 3667 3820">
    <p class='ocr_par' dir='ltr' id='par_1_102' title="bbox 2130 3747 3667 3820">
     <span class='ocr_line' id='line_1_103' title="bbox 2130 3747 3667 3820; baseline -0.003 -15"><span class='ocrx_word' id='word_1_805' title='bbox 2130 3754 2190 3805; x_wconf 87' lang='grc' dir='ltr'>Εί</span> <span class='ocrx_word' id='word_1_806' title='bbox 2221 3753 2277 3805; x_wconf 79' lang='grc' dir='ltr'>δὲ</span> <span class='ocrx_word' id='word_1_807' title='bbox 2320 3750 2459 3819; x_wconf 81' lang='grc' dir='ltr'>μετὰ</span> <span class='ocrx_word' id='word_1_808' title='bbox 2486 3751 2661 3805; x_wconf 88' lang='grc' dir='ltr'>ταῦτα</span> <span class='ocrx_word' id='word_1_809' title='bbox 2713 3750 2963 3820; x_wconf 76' lang='grc' dir='ltr'>εἰσῆλθεν</span> <span class='ocrx_word' id='word_1_810' title='bbox 2987 3751 3014 3801; x_wconf 84' lang='grc' dir='ltr'>ὁ</span> <span class='ocrx_word' id='word_1_811' title='bbox 3036 3748 3222 3817; x_wconf 84' lang='grc' dir='ltr'>φόϐος,</span> <span class='ocrx_word' id='word_1_812' title='bbox 3255 3749 3347 3801; x_wconf 72' lang='grc' dir='ltr'>καὶ</span> <span class='ocrx_word' id='word_1_813' title='bbox 3382 3747 3542 3801; x_wconf 90' lang='grc' dir='ltr'>τοῦτο</span> <span class='ocrx_word' id='word_1_814' title='bbox 3569 3748 3667 3819; x_wconf 75' lang='grc' dir='ltr'>τῆς</span> 
     </span>
    </p>
   </div>
   <div class='ocr_carea' id='block_1_103' title="bbox 2055 3834 3669 3908">
    <p class='ocr_par' dir='ltr' id='par_1_103' title="bbox 2055 3834 3669 3908">
     <span class='ocr_line' id='line_1_104' title="bbox 2055 3834 3669 3908; baseline -0.004 -16"><span class='ocrx_word' id='word_1_815' title='bbox 2055 3840 2149 3892; x_wconf 90' lang='grc' dir='ltr'>τοῦ</span> <span class='ocrx_word' id='word_1_816' title='bbox 2201 3839 2473 3891; x_wconf 85' lang='grc' dir='ltr'>Δεσπότου</span> <span class='ocrx_word' id='word_1_817' title='bbox 2509 3838 2859 3908; x_wconf 85' lang='grc' dir='ltr'>κηδεμονίας.</span> <span class='ocrx_word' id='word_1_818' title='bbox 2914 3838 2975 3890; x_wconf 84' lang='grc' dir='ltr'>Εί</span> <span class='ocrx_word' id='word_1_819' title='bbox 3006 3836 3115 3907; x_wconf 84' lang='grc' dir='ltr'>γάρ</span> <span class='ocrx_word' id='word_1_820' title='bbox 3168 3836 3270 3906; x_wconf 88' lang='grc' dir='ltr'>τῆς</span> <span class='ocrx_word' id='word_1_821' title='bbox 3324 3834 3545 3906; x_wconf 83' lang='grc' dir='ltr'>ἐντολῆς</span> <span class='ocrx_word' id='word_1_822' title='bbox 3572 3834 3669 3905; x_wconf 79' lang='grc' dir='ltr'>τῆς</span> 
     </span>
    </p>
   </div>
   <div class='ocr_carea' id='block_1_104' title="bbox 2055 3923 3669 3997">
    <p class='ocr_par' dir='ltr' id='par_1_104' title="bbox 2055 3923 3669 3997">
     <span class='ocr_line' id='line_1_105' title="bbox 2055 3923 3669 3997; baseline -0.003 -17"><span class='ocrx_word' id='word_1_823' title='bbox 2055 3928 2302 3997; x_wconf 82' lang='grc' dir='ltr'>δοθείσης</span> <span class='ocrx_word' id='word_1_824' title='bbox 2328 3926 2435 3978; x_wconf 85' lang='grc' dir='ltr'>ὐπὸ</span> <span class='ocrx_word' id='word_1_825' title='bbox 2466 3926 2560 3977; x_wconf 86' lang='grc' dir='ltr'>τοῦ</span> <span class='ocrx_word' id='word_1_826' title='bbox 2604 3924 2737 3978; x_wconf 80' lang='grc' dir='ltr'>Θεοῦ</span> <span class='ocrx_word' id='word_1_827' title='bbox 2780 3926 2856 3995; x_wconf 82' lang='grc' dir='ltr'>τῷ</span> <span class='ocrx_word' id='word_1_828' title='bbox 2906 3924 3182 3994; x_wconf 83' lang='grc' dir='ltr'>ἀνθρώπῳ</span> <span class='ocrx_word' id='word_1_829' title='bbox 3217 3923 3538 3993; x_wconf 77' lang='grc' dir='ltr'>κινηθείσης</span> <span class='ocrx_word' id='word_1_830' title='bbox 3576 3924 3669 3976; x_wconf 75' lang='grc' dir='ltr'>καὶ</span> 
     </span>
    </p>
   </div>
   <div class='ocr_carea' id='block_1_105' title="bbox 2056 4010 3668 4084">
    <p class='ocr_par' dir='ltr' id='par_1_105' title="bbox 2056 4010 3668 4084">
     <span class='ocr_line' id='line_1_106' title="bbox 2056 4010 3668 4084; baseline -0.002 -17"><span class='ocrx_word' id='word_1_831' title='bbox 2056 4016 2331 4084; x_wconf 77' lang='grc' dir='ltr'>λυθείσης,</span> <span class='ocrx_word' id='word_1_832' title='bbox 2364 4015 2397 4082; x_wconf 76' lang='grc' dir='ltr'><strong>ἡ</strong></span> <span class='ocrx_word' id='word_1_833' title='bbox 2424 4013 2558 4082; x_wconf 78' lang='grc' dir='ltr'>τιμὴ</span> <span class='ocrx_word' id='word_1_834' title='bbox 2587 4015 2612 4082; x_wconf 74' lang='grc' dir='ltr'>ἶ]</span> <span class='ocrx_word' id='word_1_835' title='bbox 2640 4013 2857 4066; x_wconf 84' lang='grc' dir='ltr'>δοθεῖσα</span> <span class='ocrx_word' id='word_1_836' title='bbox 2887 4012 3037 4082; x_wconf 80' lang='grc' dir='ltr'>αὐτῷ</span> <span class='ocrx_word' id='word_1_837' title='bbox 3073 4012 3225 4083; x_wconf 85' lang='grc' dir='ltr'>παρά</span> <span class='ocrx_word' id='word_1_838' title='bbox 3257 4011 3350 4064; x_wconf 90' lang='grc' dir='ltr'>τοῦ</span> <span class='ocrx_word' id='word_1_839' title='bbox 3385 4012 3521 4063; x_wconf 87' lang='grc' dir='ltr'>Θεοῦ</span> <span class='ocrx_word' id='word_1_840' title='bbox 3549 4010 3668 4064; x_wconf 84' lang='grc' dir='ltr'>ἀκί-</span> 
     </span>
    </p>
   </div>
   <div class='ocr_carea' id='block_1_106' title="bbox 2056 4098 3668 4171">
    <p class='ocr_par' dir='ltr' id='par_1_106' title="bbox 2056 4098 3668 4171">
     <span class='ocr_line' id='line_1_107' title="bbox 2056 4098 3668 4171; baseline -0.002 -18"><span class='ocrx_word' id='word_1_841' title='bbox 2056 4118 2216 4171; x_wconf 80' lang='grc' dir='ltr'>νητος</span> <span class='ocrx_word' id='word_1_842' title='bbox 2252 4101 2490 4170; x_wconf 74' lang='grc' dir='ltr'>ἔμεινεν,</span> <span class='ocrx_word' id='word_1_843' title='bbox 2518 4099 2618 4152; x_wconf 87' lang='grc' dir='ltr'>οὐκ</span> <span class='ocrx_word' id='word_1_844' title='bbox 2654 4098 2721 4151; x_wconf 86' lang='grc' dir='ltr'>ἂν</span> <span class='ocrx_word' id='word_1_845' title='bbox 2761 4100 2957 4169; x_wconf 85' lang='grc' dir='ltr'>ἀνέστη</span> <span class='ocrx_word' id='word_1_846' title='bbox 2994 4100 3213 4171; x_wconf 68' lang='grc' dir='ltr'>ῥᾳδίως.</span> <span class='ocrx_word' id='word_1_847' title='bbox 3242 4102 3415 4152; x_wconf 79' lang='grc' dir='ltr'>’Ὸταν</span> <span class='ocrx_word' id='word_1_848' title='bbox 3437 4099 3548 4169; x_wconf 84' lang='grc' dir='ltr'>γὰρ</span> <span class='ocrx_word' id='word_1_849' title='bbox 3573 4098 3668 4152; x_wconf 69' lang='grc' dir='ltr'>καὶ</span> 
     </span>
    </p>
   </div>
   <div class='ocr_carea' id='block_1_107' title="bbox 2062 4187 3669 4261">
    <p class='ocr_par' dir='ltr' id='par_1_107' title="bbox 2062 4187 3669 4261">
     <span class='ocr_line' id='line_1_108' title="bbox 2062 4187 3669 4261; baseline -0.004 -17"><span class='ocrx_word' id='word_1_850' title='bbox 2062 4189 2463 4261; x_wconf 74' lang='grc' dir='ltr'>παρακούοντες</span> <span class='ocrx_word' id='word_1_851' title='bbox 2495 4191 2544 4241; x_wconf 87' lang='grc' dir='ltr'>οί</span> <span class='ocrx_word' id='word_1_852' title='bbox 2578 4189 2857 4259; x_wconf 83' lang='grc' dir='ltr'>ἄνθρωποι</span> <span class='ocrx_word' id='word_1_853' title='bbox 2886 4191 2979 4242; x_wconf 78' lang='grc' dir='ltr'>καὶ</span> <span class='ocrx_word' id='word_1_854' title='bbox 3009 4190 3083 4260; x_wconf 82' lang='grc' dir='ltr'>μὴ</span> <span class='ocrx_word' id='word_1_855' title='bbox 3128 4188 3542 4256; x_wconf 88' lang='grc' dir='ltr'>παρακούοντες</span> <span class='ocrx_word' id='word_1_856' title='bbox 3568 4187 3669 4255; x_wconf 81' lang='grc' dir='ltr'>τῆς</span> 
     </span>
    </p>
   </div>
   <div class='ocr_carea' id='block_1_108' title="bbox 2056 4274 3668 4348">
    <p class='ocr_par' dir='ltr' id='par_1_108' title="bbox 2056 4274 3668 4348">
     <span class='ocr_line' id='line_1_109' title="bbox 2056 4274 3668 4348; baseline -0.003 -17"><span class='ocrx_word' id='word_1_857' title='bbox 2056 4278 2227 4348; x_wconf 73' lang='grc' dir='ltr'>αὐτῆς</span> <span class='ocrx_word' id='word_1_858' title='bbox 2257 4277 2572 4330; x_wconf 84' lang='grc' dir='ltr'>ἀπολαύωσι</span> <span class='ocrx_word' id='word_1_859' title='bbox 2598 4278 2785 4346; x_wconf 83' lang='grc' dir='ltr'>τιμῆς,</span> <span class='ocrx_word' id='word_1_860' title='bbox 2816 4276 3295 4348; x_wconf 86' lang='grc' dir='ltr'>παιδοτριϐοῦνται</span> <span class='ocrx_word' id='word_1_861' title='bbox 3326 4274 3465 4346; x_wconf 71' lang='grc' dir='ltr'>πρὸς</span> <span class='ocrx_word' id='word_1_862' title='bbox 3498 4290 3668 4344; x_wconf 79' lang='grc' dir='ltr'>πονη-</span> 
     </span>
    </p>
   </div>
   <div class='ocr_carea' id='block_1_109' title="bbox 2060 4361 3666 4437">
    <p class='ocr_par' dir='ltr' id='par_1_109' title="bbox 2060 4361 3666 4437">
     <span class='ocr_line' id='line_1_110' title="bbox 2060 4361 3666 4437; baseline -0.002 -20"><span class='ocrx_word' id='word_1_863' title='bbox 2060 4367 2180 4437; x_wconf 86' lang='grc' dir='ltr'>ρίαν</span> <span class='ocrx_word' id='word_1_864' title='bbox 2205 4365 2423 4434; x_wconf 86' lang='grc' dir='ltr'>μᾶλλον,</span> <span class='ocrx_word' id='word_1_865' title='bbox 2453 4367 2547 4418; x_wconf 74' lang='grc' dir='ltr'>καὶ</span> <span class='ocrx_word' id='word_1_866' title='bbox 2570 4365 2672 4418; x_wconf 87' lang='grc' dir='ltr'>οὐκ</span> <span class='ocrx_word' id='word_1_867' title='bbox 2701 4366 2941 4427; x_wconf 84' lang='grc' dir='ltr'>εὐκόλως</span> <span class='ocrx_word' id='word_1_868' title='bbox 2967 4365 3298 4433; x_wconf 78' lang='grc' dir='ltr'>ἀφίστανται</span> <span class='ocrx_word' id='word_1_869' title='bbox 3328 4364 3428 4433; x_wconf 82' lang='grc' dir='ltr'>τῆς</span> <span class='ocrx_word' id='word_1_870' title='bbox 3444 4361 3666 4425; x_wconf 82' lang='grc' dir='ltr'>κακίας.</span> 
     </span>
    </p>
   </div>
   <div class='ocr_carea' id='block_1_110' title="bbox 2058 4450 3665 4523">
    <p class='ocr_par' dir='ltr' id='par_1_110' title="bbox 2058 4450 3665 4523">
     <span class='ocr_line' id='line_1_111' title="bbox 2058 4450 3665 4523; baseline -0.003 -18"><span class='ocrx_word' id='word_1_871' title='bbox 2058 4456 2120 4506; x_wconf 79' lang='grc' dir='ltr'>Εἰ</span> <span class='ocrx_word' id='word_1_872' title='bbox 2150 4452 2259 4523; x_wconf 85' lang='grc' dir='ltr'>γὰρ</span> <span class='ocrx_word' id='word_1_873' title='bbox 2289 4452 2384 4505; x_wconf 89' lang='grc' dir='ltr'>νῦν</span> <span class='ocrx_word' id='word_1_874' title='bbox 2426 4452 2607 4521; x_wconf 83' lang='grc' dir='ltr'>φόϐων</span> <span class='ocrx_word' id='word_1_875' title='bbox 2641 4453 2736 4506; x_wconf 80' lang='grc' dir='ltr'>καὶ</span> <span class='ocrx_word' id='word_1_876' title='bbox 2781 4452 3064 4523; x_wconf 80' lang='grc' dir='ltr'>τιμωριῶν</span> <span class='ocrx_word' id='word_1_877' title='bbox 3099 4454 3193 4504; x_wconf 69' lang='grc' dir='ltr'>καὶ</span> <span class='ocrx_word' id='word_1_878' title='bbox 3228 4450 3506 4503; x_wconf 86' lang='grc' dir='ltr'>κολάσεων</span> <span class='ocrx_word' id='word_1_879' title='bbox 3539 4450 3665 4501; x_wconf 78' lang='grc' dir='ltr'>ἐπι-</span> 
     </span>
    </p>
   </div>
   <div class='ocr_carea' id='block_1_111' title="bbox 2058 4533 3666 4609">
    <p class='ocr_par' dir='ltr' id='par_1_111' title="bbox 2058 4533 3666 4609">
     <span class='ocr_line' id='line_1_112' title="bbox 2058 4533 3666 4609; baseline -0.001 -18"><span class='ocrx_word' id='word_1_880' title='bbox 2058 4540 2325 4609; x_wconf 80' lang='grc' dir='ltr'>κειμένων</span> <span class='ocrx_word' id='word_1_881' title='bbox 2352 4539 2452 4592; x_wconf 83' lang='grc' dir='ltr'>οὐκ</span> <span class='ocrx_word' id='word_1_882' title='bbox 2484 4540 2769 4609; x_wconf 86' lang='grc' dir='ltr'>ἀνέχονται</span> <span class='ocrx_word' id='word_1_883' title='bbox 2806 4541 3128 4609; x_wconf 86' lang='grc' dir='ltr'>σωφρονεῖν,</span> <span class='ocrx_word' id='word_1_884' title='bbox 3159 4540 3301 4601; x_wconf 86' lang='grc' dir='ltr'>τίνες</span> <span class='ocrx_word' id='word_1_885' title='bbox 3337 4538 3403 4591; x_wconf 81' lang='grc' dir='ltr'>ἂν</span> <span class='ocrx_word' id='word_1_886' title='bbox 3435 4533 3666 4607; x_wconf 79' lang='grc' dir='ltr'>ἦσαν,εί</span> 
     </span>
    </p>
   </div>
   <div class='ocr_carea' id='block_1_112' title="bbox 2062 4622 3667 4696">
    <p class='ocr_par' dir='ltr' id='par_1_112' title="bbox 2062 4622 3667 4696">
     <span class='ocr_line' id='line_1_113' title="bbox 2062 4622 3667 4696; baseline 0.001 -19"><span class='ocrx_word' id='word_1_887' title='bbox 2062 4628 2227 4696; x_wconf 77' lang='grc' dir='ltr'>μηδὲν</span> <span class='ocrx_word' id='word_1_888' title='bbox 2260 4626 2462 4679; x_wconf 82' lang='grc' dir='ltr'>ἔπαθον</span> <span class='ocrx_word' id='word_1_889' title='bbox 2495 4627 2637 4696; x_wconf 82' lang='grc' dir='ltr'>ὑπὲρ</span> <span class='ocrx_word' id='word_1_890' title='bbox 2692 4622 2767 4678; x_wconf 79' lang='grc' dir='ltr'>ὧν</span> <span class='ocrx_word' id='word_1_891' title='bbox 2823 4626 3210 4695; x_wconf 77' lang='grc' dir='ltr'>ἐπλημμέλουν</span> <span class='ocrx_word' id='word_1_892' title='bbox 3239 4624 3465 4688; x_wconf 78' lang='grc' dir='ltr'>δεινῶνς</span> <span class='ocrx_word' id='word_1_893' title='bbox 3500 4626 3667 4678; x_wconf 75' lang='grc' dir='ltr'>’Ὥστε</span> 
     </span>
    </p>
   </div>
   <div class='ocr_carea' id='block_1_113' title="bbox 2056 4712 3667 4784">
    <p class='ocr_par' dir='ltr' id='par_1_113' title="bbox 2056 4712 3667 4784">
     <span class='ocr_line' id='line_1_114' title="bbox 2056 4712 3667 4784; baseline 0.001 -19"><span class='ocrx_word' id='word_1_894' title='bbox 2056 4713 2214 4783; x_wconf 77' lang='grc' dir='ltr'>δῆλον</span> <span class='ocrx_word' id='word_1_895' title='bbox 2244 4714 2325 4765; x_wconf 84' lang='grc' dir='ltr'>ὅτι</span> <span class='ocrx_word' id='word_1_896' title='bbox 2358 4712 2655 4783; x_wconf 86' lang='grc' dir='ltr'>κηδόμενος</span> <span class='ocrx_word' id='word_1_897' title='bbox 2683 4714 2714 4783; x_wconf 84' lang='grc' dir='ltr'><strong>ἡ</strong></span> <span class='ocrx_word' id='word_1_898' title='bbox 2724 4713 2838 4783; x_wconf 81' lang='grc' dir='ltr'>μῶν</span> <span class='ocrx_word' id='word_1_899' title='bbox 2878 4714 2969 4765; x_wconf 72' lang='grc' dir='ltr'>καὶ</span> <span class='ocrx_word' id='word_1_900' title='bbox 2998 4712 3305 4784; x_wconf 74' lang='grc' dir='ltr'>φροντίζων</span> <span class='ocrx_word' id='word_1_901' title='bbox 3336 4715 3365 4765; x_wconf 93' lang='lat'>6</span> <span class='ocrx_word' id='word_1_902' title='bbox 3395 4713 3548 4777; x_wconf 81' lang='grc' dir='ltr'>Θεὸς,</span> <span class='ocrx_word' id='word_1_903' title='bbox 3574 4712 3667 4779; x_wconf 81' lang='grc' dir='ltr'>ἐξ·</span> 
     </span>
    </p>
   </div>
   <div class='ocr_carea' id='block_1_114' title="bbox 2064 4800 3667 4870">
    <p class='ocr_par' dir='ltr' id='par_1_114' title="bbox 2064 4800 3667 4870">
     <span class='ocr_line' id='line_1_115' title="bbox 2064 4800 3667 4870; baseline 0.001 -18"><span class='ocrx_word' id='word_1_904' title='bbox 2064 4800 2259 4853; x_wconf 83' lang='grc' dir='ltr'>ἐϐαλεν</span> <span class='ocrx_word' id='word_1_905' title='bbox 2288 4802 2433 4870; x_wconf 80' lang='grc' dir='ltr'>ἡμᾶς</span> <span class='ocrx_word' id='word_1_906' title='bbox 2470 4800 2571 4868; x_wconf 79' lang='grc' dir='ltr'>τῆς</span> <span class='ocrx_word' id='word_1_907' title='bbox 2594 4800 2788 4870; x_wconf 76' lang='grc' dir='ltr'>ἀρχῆς.</span> <span class='ocrx_word' id='word_1_908' title='bbox 2824 4800 2895 4853; x_wconf 82' lang='grc' dir='ltr'>Σύ</span> <span class='ocrx_word' id='word_1_909' title='bbox 2922 4800 2978 4852; x_wconf 80' lang='grc' dir='ltr'>δὲ</span> <span class='ocrx_word' id='word_1_910' title='bbox 3012 4800 3105 4852; x_wconf 75' lang='grc' dir='ltr'>καὶ</span> <span class='ocrx_word' id='word_1_911' title='bbox 3142 4800 3379 4853; x_wconf 80' lang='grc' dir='ltr'>ἐνταῦθά</span> <span class='ocrx_word' id='word_1_912' title='bbox 3408 4818 3497 4870; x_wconf 89' lang='grc' dir='ltr'>μοι</span> <span class='ocrx_word' id='word_1_913' title='bbox 3540 4802 3667 4853; x_wconf 81' lang='grc' dir='ltr'>σκό-</span> 
     </span>
    </p>
   </div>
   <div class='ocr_carea' id='block_1_115' title="bbox 2057 4888 3665 4960">
    <p class='ocr_par' dir='ltr' id='par_1_115' title="bbox 2057 4888 3665 4960">
     <span class='ocr_line' id='line_1_116' title="bbox 2057 4888 3665 4960; baseline 0.001 -19"><span class='ocrx_word' id='word_1_914' title='bbox 2057 4906 2150 4941; x_wconf 87' lang='grc' dir='ltr'>πει</span> <span class='ocrx_word' id='word_1_915' title='bbox 2198 4890 2296 4958; x_wconf 77' lang='grc' dir='ltr'>την</span> <span class='ocrx_word' id='word_1_916' title='bbox 2350 4888 2554 4956; x_wconf 73' lang='grc' dir='ltr'>ἄφατον</span> <span class='ocrx_word' id='word_1_917' title='bbox 2594 4889 2759 4942; x_wconf 84' lang='grc' dir='ltr'>αὐτοῦ</span> <span class='ocrx_word' id='word_1_918' title='bbox 2812 4888 3245 4960; x_wconf 88' lang='grc' dir='ltr'>φιλανθρωπίαν.</span> <span class='ocrx_word' id='word_1_919' title='bbox 3306 4890 3363 4943; x_wconf 88' lang='grc' dir='ltr'><strong>Ὀ</strong></span> <span class='ocrx_word' id='word_1_920' title='bbox 3408 4891 3507 4960; x_wconf 75' lang='grc' dir='ltr'>μὲν</span> <span class='ocrx_word' id='word_1_921' title='bbox 3554 4890 3665 4959; x_wconf 84' lang='grc' dir='ltr'>γάρ</span> 
     </span>
    </p>
   </div>
   <div class='ocr_carea' id='block_1_116' title="bbox 2069 4975 3666 5048">
    <p class='ocr_par' dir='ltr' id='par_1_116' title="bbox 2069 4975 3666 5048">
     <span class='ocr_line' id='line_1_117' title="bbox 2069 4975 3666 5048; baseline 0.001 -21"><span class='ocrx_word' id='word_1_922' title='bbox 2069 4975 2239 5044; x_wconf 76' lang='grc' dir='ltr'>’Λδάμ</span> <span class='ocrx_word' id='word_1_923' title='bbox 2269 4979 2449 5029; x_wconf 76' lang='grc' dir='ltr'>πᾶσαν</span> <span class='ocrx_word' id='word_1_924' title='bbox 2487 4977 2748 5047; x_wconf 66' lang='grc' dir='ltr'>ἀνέτρεψε</span> <span class='ocrx_word' id='word_1_925' title='bbox 2784 4977 2882 5047; x_wconf 83' lang='grc' dir='ltr'>τὴν</span> <span class='ocrx_word' id='word_1_926' title='bbox 2912 4977 3155 5046; x_wconf 75' lang='grc' dir='ltr'>ἐντολὴν,</span> <span class='ocrx_word' id='word_1_927' title='bbox 3202 4979 3296 5030; x_wconf 67' lang='grc' dir='ltr'>καὶ</span> <span class='ocrx_word' id='word_1_928' title='bbox 3330 4978 3547 5048; x_wconf 85' lang='grc' dir='ltr'>παρέϐη</span> <span class='ocrx_word' id='word_1_929' title='bbox 3570 4979 3666 5030; x_wconf 82' lang='grc' dir='ltr'>τὸν</span> 
     </span>
    </p>
   </div>
   <div class='ocr_carea' id='block_1_117' title="bbox 2056 5063 3667 5136">
    <p class='ocr_par' dir='ltr' id='par_1_117' title="bbox 2056 5063 3667 5136">
     <span class='ocr_line' id='line_1_118' title="bbox 2056 5063 3667 5136; baseline 0.004 -23"><span class='ocrx_word' id='word_1_930' title='bbox 2056 5063 2239 5133; x_wconf 86' lang='grc' dir='ltr'>νόμον·</span> <span class='ocrx_word' id='word_1_931' title='bbox 2268 5067 2296 5116; x_wconf 91' lang='lat'>6</span> <span class='ocrx_word' id='word_1_932' title='bbox 2326 5064 2380 5116; x_wconf 87' lang='grc' dir='ltr'>δὲ</span> <span class='ocrx_word' id='word_1_933' title='bbox 2407 5064 2539 5126; x_wconf 80' lang='grc' dir='ltr'>Θεὸς</span> <span class='ocrx_word' id='word_1_934' title='bbox 2568 5067 2631 5116; x_wconf 89' lang='grc' dir='ltr'>οὐ</span> <span class='ocrx_word' id='word_1_935' title='bbox 2664 5067 2845 5117; x_wconf 81' lang='grc' dir='ltr'>πᾶσαν</span> <span class='ocrx_word' id='word_1_936' title='bbox 2884 5064 3043 5117; x_wconf 81' lang='grc' dir='ltr'>ἔλυσε</span> <span class='ocrx_word' id='word_1_937' title='bbox 3072 5066 3173 5135; x_wconf 79' lang='grc' dir='ltr'>τὴν</span> <span class='ocrx_word' id='word_1_938' title='bbox 3198 5065 3387 5136; x_wconf 77' lang='grc' dir='ltr'>τιμὴν,</span> <span class='ocrx_word' id='word_1_939' title='bbox 3418 5066 3540 5120; x_wconf 82' lang='grc' dir='ltr'>ούδέ</span> <span class='ocrx_word' id='word_1_940' title='bbox 3566 5067 3667 5119; x_wconf 83' lang='grc' dir='ltr'>πά·</span> 
     </span>
    </p>
   </div>
   <div class='ocr_carea' id='block_1_118' title="bbox 2057 5151 3665 5223">
    <p class='ocr_par' dir='ltr' id='par_1_118' title="bbox 2057 5151 3665 5223">
     <span class='ocr_line' id='line_1_119' title="bbox 2057 5151 3665 5223; baseline 0.002 -21"><span class='ocrx_word' id='word_1_941' title='bbox 2057 5167 2157 5220; x_wconf 87' lang='grc' dir='ltr'>σης</span> <span class='ocrx_word' id='word_1_942' title='bbox 2197 5151 2453 5217; x_wconf 76' lang='grc' dir='ltr'>ἐξέϐαλεν</span> <span class='ocrx_word' id='word_1_943' title='bbox 2479 5152 2642 5205; x_wconf 78' lang='grc' dir='ltr'>αὐτὸν</span> <span class='ocrx_word' id='word_1_944' title='bbox 2690 5153 2792 5221; x_wconf 82' lang='grc' dir='ltr'>τῆς</span> <span class='ocrx_word' id='word_1_945' title='bbox 2845 5151 3115 5215; x_wconf 80' lang='grc' dir='ltr'>ἐξουσίας·</span> <span class='ocrx_word' id='word_1_946' title='bbox 3162 5152 3275 5204; x_wconf 88' lang='grc' dir='ltr'>ἀλλ’</span> <span class='ocrx_word' id='word_1_947' title='bbox 3310 5153 3491 5206; x_wconf 76' lang='grc' dir='ltr'>ἐκεῖνα</span> <span class='ocrx_word' id='word_1_948' title='bbox 3522 5152 3665 5223; x_wconf 85' lang='grc' dir='ltr'>μόνα</span> 
     </span>
    </p>
   </div>
   <div class='ocr_carea' id='block_1_119' title="bbox 2056 5236 3663 5313">
    <p class='ocr_par' dir='ltr' id='par_1_119' title="bbox 2056 5236 3663 5313">
     <span class='ocr_line' id='line_1_120' title="bbox 2056 5236 3663 5313; baseline 0.002 -22"><span class='ocrx_word' id='word_1_949' title='bbox 2056 5238 2160 5303; x_wconf 74' lang='grc' dir='ltr'>ἔξω</span> <span class='ocrx_word' id='word_1_950' title='bbox 2192 5240 2290 5309; x_wconf 83' lang='grc' dir='ltr'>τῆς</span> <span class='ocrx_word' id='word_1_951' title='bbox 2330 5240 2504 5310; x_wconf 81' lang='grc' dir='ltr'>ἀρχῆς</span> <span class='ocrx_word' id='word_1_952' title='bbox 2555 5241 2768 5311; x_wconf 82' lang='grc' dir='ltr'>ἀφῆκεν</span> <span class='ocrx_word' id='word_1_953' title='bbox 2825 5236 2963 5293; x_wconf 85' lang='grc' dir='ltr'>εἶναι</span> <span class='ocrx_word' id='word_1_954' title='bbox 2994 5240 3063 5292; x_wconf 78' lang='grc' dir='ltr'>τά</span> <span class='ocrx_word' id='word_1_955' title='bbox 3114 5241 3249 5304; x_wconf 77' lang='grc' dir='ltr'>ζῶα,</span> <span class='ocrx_word' id='word_1_956' title='bbox 3283 5240 3319 5293; x_wconf 75' lang='grc' dir='ltr'>ἃ</span> <span class='ocrx_word' id='word_1_957' title='bbox 3352 5241 3427 5313; x_wconf 79' lang='grc' dir='ltr'>μὴ</span> <span class='ocrx_word' id='word_1_958' title='bbox 3457 5241 3663 5311; x_wconf 81' lang='grc' dir='ltr'>σφόδρα</span> 
     </span>
    </p>
   </div>
   <div class='ocr_carea' id='block_1_120' title="bbox 2057 5326 3663 5399">
    <p class='ocr_par' dir='ltr' id='par_1_120' title="bbox 2057 5326 3663 5399">
     <span class='ocr_line' id='line_1_121' title="bbox 2057 5326 3663 5399; baseline 0.002 -18"><span class='ocrx_word' id='word_1_959' title='bbox 2057 5326 2207 5397; x_wconf 82' lang='grc' dir='ltr'>αὐτῷ</span> <span class='ocrx_word' id='word_1_960' title='bbox 2243 5328 2485 5381; x_wconf 85' lang='grc' dir='ltr'>συντελεῖ</span> <span class='ocrx_word' id='word_1_961' title='bbox 2501 5328 2635 5398; x_wconf 81' lang='grc' dir='ltr'>πρὸς</span> <span class='ocrx_word' id='word_1_962' title='bbox 2662 5330 2758 5398; x_wconf 79' lang='grc' dir='ltr'>τὴν</span> <span class='ocrx_word' id='word_1_963' title='bbox 2788 5329 2887 5397; x_wconf 79' lang='grc' dir='ltr'>τῆς</span> <span class='ocrx_word' id='word_1_964' title='bbox 2908 5328 3055 5397; x_wconf 79' lang='grc' dir='ltr'>ζωῆς</span> <span class='ocrx_word' id='word_1_965' title='bbox 3077 5330 3288 5399; x_wconf 74' lang='grc' dir='ltr'>χρείαν·</span> <span class='ocrx_word' id='word_1_966' title='bbox 3314 5332 3381 5383; x_wconf 82' lang='grc' dir='ltr'>τά</span> <span class='ocrx_word' id='word_1_967' title='bbox 3408 5329 3465 5382; x_wconf 87' lang='grc' dir='ltr'>δέ</span> <span class='ocrx_word' id='word_1_968' title='bbox 3493 5331 3663 5398; x_wconf 54' lang='grc' dir='ltr'>ἀνατρ</span> 
     </span>
    </p>
   </div>
   <div class='ocr_carea' id='block_1_121' title="bbox 2059 5415 3663 5487">
    <p class='ocr_par' dir='ltr' id='par_1_121' title="bbox 2059 5415 3663 5487">
     <span class='ocr_line' id='line_1_122' title="bbox 2059 5415 3663 5487; baseline 0.001 -20"><span class='ocrx_word' id='word_1_969' title='bbox 2059 5418 2187 5467; x_wconf 85' lang='grc' dir='ltr'>καῖα</span> <span class='ocrx_word' id='word_1_970' title='bbox 2232 5417 2325 5467; x_wconf 73' lang='grc' dir='ltr'>καὶ</span> <span class='ocrx_word' id='word_1_971' title='bbox 2367 5416 2609 5485; x_wconf 82' lang='grc' dir='ltr'>χρήσιμα</span> <span class='ocrx_word' id='word_1_972' title='bbox 2656 5417 2751 5467; x_wconf 78' lang='grc' dir='ltr'>καὶ</span> <span class='ocrx_word' id='word_1_973' title='bbox 2806 5415 3007 5487; x_wconf 82' lang='grc' dir='ltr'>πολλὴν</span> <span class='ocrx_word' id='word_1_974' title='bbox 3045 5416 3371 5485; x_wconf 81' lang='grc' dir='ltr'>εἰσφέροντα</span> <span class='ocrx_word' id='word_1_975' title='bbox 3415 5417 3663 5487; x_wconf 73' lang='grc' dir='ltr'>λειτουρο</span> 
     </span>
    </p>
   </div>
   <div class='ocr_carea' id='block_1_122' title="bbox 2056 5504 3661 5577">
    <p class='ocr_par' dir='ltr' id='par_1_122' title="bbox 2056 5504 3661 5577">
     <span class='ocr_line' id='line_1_123' title="bbox 2056 5504 3661 5577; baseline 0.002 -22"><span class='ocrx_word' id='word_1_976' title='bbox 2056 5505 2184 5572; x_wconf 85' lang='grc' dir='ltr'>γίαν</span> <span class='ocrx_word' id='word_1_977' title='bbox 2207 5507 2287 5566; x_wconf 83' lang='grc' dir='ltr'>είς</span> <span class='ocrx_word' id='word_1_978' title='bbox 2316 5506 2415 5573; x_wconf 77' lang='grc' dir='ltr'>τὴν</span> <span class='ocrx_word' id='word_1_979' title='bbox 2451 5504 2598 5575; x_wconf 81' lang='grc' dir='ltr'>ζωὴν</span> <span class='ocrx_word' id='word_1_980' title='bbox 2629 5506 2727 5574; x_wconf 81' lang='grc' dir='ltr'>τὴν</span> <span class='ocrx_word' id='word_1_981' title='bbox 2768 5505 3272 5577; x_wconf 75' lang='grc' dir='ltr'>ἡμετέραν,.ταῦτα</span> <span class='ocrx_word' id='word_1_982' title='bbox 3302 5505 3452 5559; x_wconf 85' lang='grc' dir='ltr'>εἴασε</span> <span class='ocrx_word' id='word_1_983' title='bbox 3472 5504 3661 5576; x_wconf 84' lang='grc' dir='ltr'>μένειν</span> 
     </span>
    </p>
   </div>
   <div class='ocr_carea' id='block_1_123' title="bbox 2058 5588 3660 5664">
    <p class='ocr_par' dir='ltr' id='par_1_123' title="bbox 2058 5588 3660 5664">
     <span class='ocr_line' id='line_1_124' title="bbox 2058 5588 3660 5664; baseline 0.001 -20"><span class='ocrx_word' id='word_1_984' title='bbox 2058 5594 2115 5645; x_wconf 83' lang='grc' dir='ltr'>ἐν</span> <span class='ocrx_word' id='word_1_985' title='bbox 2168 5595 2233 5661; x_wconf 81' lang='grc' dir='ltr'>τῇ</span> <span class='ocrx_word' id='word_1_986' title='bbox 2276 5588 2523 5664; x_wconf 70' lang='grc' dir='ltr'>δουλείᾳ.</span> <span class='ocrx_word' id='word_1_987' title='bbox 2578 5593 2783 5664; x_wconf 77' lang='grc' dir='ltr'>Ἀφῆκε</span> <span class='ocrx_word' id='word_1_988' title='bbox 2840 5594 2978 5663; x_wconf 83' lang='grc' dir='ltr'>βοῶν</span> <span class='ocrx_word' id='word_1_989' title='bbox 3032 5592 3257 5661; x_wconf 88' lang='grc' dir='ltr'>ἀγέλας,</span> <span class='ocrx_word' id='word_1_990' title='bbox 3296 5592 3381 5645; x_wconf 82' lang='grc' dir='ltr'>ἵνα</span> <span class='ocrx_word' id='word_1_991' title='bbox 3423 5592 3660 5664; x_wconf 73' lang='grc' dir='ltr'>ἄροτρον</span> 
     </span>
    </p>
   </div>
   <div class='ocr_carea' id='block_1_124' title="bbox 2056 5680 3656 5752">
    <p class='ocr_par' dir='ltr' id='par_1_124' title="bbox 2056 5680 3656 5752">
     <span class='ocr_line' id='line_1_125' title="bbox 2056 5680 3656 5752; baseline 0.003 -21"><span class='ocrx_word' id='word_1_992' title='bbox 2056 5680 2320 5749; x_wconf 69' lang='grc' dir='ltr'>ἕλκωμεν,</span> <span class='ocrx_word' id='word_1_993' title='bbox 2383 5680 2467 5731; x_wconf 79' lang='grc' dir='ltr'>ἵνα</span> <span class='ocrx_word' id='word_1_994' title='bbox 2503 5680 2603 5750; x_wconf 80' lang='grc' dir='ltr'>τὴν</span> <span class='ocrx_word' id='word_1_995' title='bbox 2647 5683 2754 5751; x_wconf 81' lang='grc' dir='ltr'>γῆν</span> <span class='ocrx_word' id='word_1_996' title='bbox 2792 5682 3102 5752; x_wconf 83' lang='grc' dir='ltr'>τέμνωμεν,</span> <span class='ocrx_word' id='word_1_997' title='bbox 3138 5682 3222 5733; x_wconf 61' lang='grc' dir='ltr'>ἵνα.</span> <span class='ocrx_word' id='word_1_998' title='bbox 3261 5680 3331 5732; x_wconf 84' lang='grc' dir='ltr'>τά</span> <span class='ocrx_word' id='word_1_999' title='bbox 3363 5680 3656 5751; x_wconf 80' lang='grc' dir='ltr'>σπέρματα</span> 
     </span>
    </p>
   </div>
   <div class='ocr_carea' id='block_1_125' title="bbox 2123 5856 3651 5922">
    <p class='ocr_par' dir='ltr' id='par_1_125' title="bbox 2123 5856 3651 5922">
     <span class='ocr_line' id='line_1_126' title="bbox 2123 5856 3651 5922; baseline 0 -15"><span class='ocrx_word' id='word_1_1000' title='bbox 2123 5857 2146 5895; x_wconf 77' lang='grc' dir='ltr'><em>δ</em></span> <span class='ocrx_word' id='word_1_1001' title='bbox 2178 5859 2280 5917; x_wconf 69' lang='grc' dir='ltr'>Πρεξ</span> <span class='ocrx_word' id='word_1_1002' title='bbox 2313 5859 2503 5912; x_wconf 74' lang='grc' dir='ltr'>ἐδέξατο</span> <span class='ocrx_word' id='word_1_1003' title='bbox 2526 5862 2611 5917; x_wconf 74' lang='grc' dir='ltr'>τήν</span> <span class='ocrx_word' id='word_1_1004' title='bbox 2633 5861 2805 5922; x_wconf 78' lang='grc' dir='ltr'>πικράν</span> <span class='ocrx_word' id='word_1_1005' title='bbox 2827 5859 3007 5918; x_wconf 86' lang='grc' dir='ltr'>ἐκείνην</span> <span class='ocrx_word' id='word_1_1006' title='bbox 3024 5862 3105 5908; x_wconf 84' lang='grc' dir='ltr'>καὶ</span> <span class='ocrx_word' id='word_1_1007' title='bbox 3128 5861 3335 5917; x_wconf 75' lang='grc' dir='ltr'>ὀλέθριον</span> <span class='ocrx_word' id='word_1_1008' title='bbox 3359 5856 3651 5917; x_wconf 61' lang='grc' dir='ltr'>συμϐουλήν.</span> 
     </span>
    </p>
   </div>
   <div class='ocr_carea' id='block_1_126' title="bbox 3207 5953 3279 6014">
    <p class='ocr_par' dir='ltr' id='par_1_126' title="bbox 3207 5953 3279 6014">
     <span class='ocr_line' id='line_1_127' title="bbox 3207 5953 3279 6014; baseline -0.014 0"><span class='ocrx_word' id='word_1_1009' title='bbox 3207 5953 3279 6014; x_wconf 59' lang='lat' dir='ltr'>iis</span> 
     </span>
    </p>
   </div>
  </div>
