4180 6466
262 560 625 620 mandemus:
652 562 870 635 reliquit
893 572 949 620 et
970 560 1329 631 subiugalium
1360 560 1525 615 multa
1554 573 1774 630 genera,
1807 564 1868 612 ut

254 654 324 710 ad
348 655 589 712 sarcinas
606 654 985 713 convehendas
1001 654 1241 710 laborem
1262 652 1538 723 nobiscum
1561 657 1867 706 exanttent:

256 747 475 819 reliqttit
500 750 679 805 ovium
710 762 918 820 greges,
949 756 1006 803 ut
1031 745 1324 802 habeamus
1345 785 1362 811 ,
1391 760 1513 816 qua:
1540 743 1608 799 ad
1639 757 1738 798 nos
1768 756 1866 798 ve-

256 840 498 898 stiendos
518 841 784 898 sufficiant
806 857 823 897 :
847 841 1064 913 reliquit
1082 850 1137 897 et
1152 838 1254 894 alia
1270 853 1467 911 genera
1488 836 1864 901 animantium,

254 944 325 985 ex
355 931 552 1002 quibus
571 932 737 987 multa
768 933 819 987 in
845 940 1058 987 nostros
1079 946 1208 985 usus
1228 927 1510 985 commoda
1532 927 1861 984 derivantur.

256 1019 389 1076 Nam
426 1022 551 1092 quia
581 1022 707 1077 dum
740 1021 1012 1078 hominem
1051 1021 1265 1091 puniret
1302 1020 1556 1075 dixerat:
1584 1015 1651 1073 In
1678 1018 1869 1073 sudore

254 1112 425 1168 uultus
455 1114 530 1167 tui
562 1115 774 1169 vesceris
805 1130 936 1184 pane
963 1123 1049 1167 tuo
1079 1111 1234 1185 (Gen.
1266 1112 1319 1168 5.
1352 1110 1443 1181 l9)
1475 1130 1488 1165 :
1521 1121 1577 1166 ut
1604 1126 1672 1166 ne
1700 1109 1868 1166 sudor

252 1216 320 1258 ac
362 1203 517 1260 labor
554 1205 656 1260 iste
699 1204 1053 1261 intolerabilis
1088 1216 1227 1260 esset
1259 1245 1273 1267 ,
1305 1202 1520 1259 sudoris
1559 1200 1863 1258 molestiam

256 1294 567 1368 laborisque
601 1299 916 1369 gravitatem
944 1298 1313 1368 iumentorum
1345 1296 1688 1352 multitudine
1716 1296 1862 1351 leva-

253 1390 371 1457 vit,
403 1406 524 1461 qua:
551 1406 654 1446 una
689 1391 967 1447 nobiscmn
999 1391 1245 1446 laborant
1277 1400 1333 1445 et
1362 1390 1637 1445 molestias
1662 1387 1860 1444 ferunt.

256 1481 325 1537 Et
350 1482 803 1553 quemadmodum
832 1483 1096 1557 benignus
1121 1498 1187 1539 ac
1212 1481 1466 1554 providus
1495 1481 1659 1539 herus
1682 1482 1868 1555 flagel-

256 1573 365 1631 lato
394 1590 554 1631 servo
576 1591 761 1632 curam
784 1577 1018 1649 aliquam
1043 1592 1336 1646 congruam
1358 1576 1583 1648 ﬂagellis
1602 1576 1821 1633 adhibet
1847 1594 1863 1632 :

254 1664 335 1721 sic
378 1666 633 1723 nimimm
679 1668 767 1724 ubi
808 1684 1021 1740 poenam
1063 1684 1158 1725 reo
1197 1669 1451 1739 imposuit
1497 1668 1676 1734 Dens,
1716 1668 1863 1724 omni

255 1756 466 1813 ratione
494 1772 708 1829 ptrnam
748 1759 903 1814 istam
948 1759 1208 1815 leviorem
1238 1758 1470 1816 reddere
1497 1759 1702 1826 voluit,
1729 1759 1859 1815 dum

253 1846 322 1902 ad
351 1847 603 1904 sudorem
634 1865 732 1905 nos
756 1850 1105 1922 laboremque
1142 1861 1457 1921 perpetuom
1482 1851 1769 1913 damnatos
1805 1852 1859 1908 in

255 1938 440 1996 labore
464 1942 669 1996 curavit
696 1941 917 1999 ferendo
941 1959 969 1997 a
993 1944 1175 1999 multis
1197 1945 1486 2015 generibus
1511 1946 1863 2003 animantium

253 2030 518 2100 adiuvari.
564 2032 671 2087 l’ro
709 2032 792 2088 bis
829 2049 959 2089 sane
999 2035 1250 2089 omnibus
1278 2036 1327 2090 ei
1366 2037 1567 2106 gratias
1596 2052 1859 2107 agamus:

254 2136 379 2175 nam
407 2122 548 2191 quod
578 2123 835 2179 honorem
860 2126 1015 2180 nobis
1034 2126 1279 2193 contulit,
1307 2142 1373 2181 ac
1394 2142 1581 2184 rursus
1603 2128 1863 2184 honorem

253 2212 471 2283 eripuit.
502 2222 558 2270 et
583 2230 689 2270 non
715 2231 930 2273 omnem
960 2218 1155 2288 eripuit
1182 2218 1377 2290 ipsum,
1409 2229 1464 2273 et
1488 2219 1632 2291 quod
1661 2220 1863 2277 bestia-

256 2318 375 2357 rum
405 2304 650 2361 timorem
681 2307 921 2372 immisit,
948 2318 1005 2363 et
1029 2310 1231 2376 omnia,
1260 2310 1305 2366 si
1334 2310 1454 2381 quis
1480 2311 1750 2367 examinet
1774 2327 1862 2379 ea,

256 2394 477 2450 multam
501 2398 837 2467 sapientiam,
859 2400 1079 2455 multam
1103 2401 1515 2471 providentiam,
1533 2403 1864 2475 multamque

254 2484 595 2542 clementiam
636 2505 747 2561 praa
784 2506 846 2546 se
876 2491 1056 2547 ferunt
1102 2510 1115 2545 :
1161 2509 1263 2561 qua
1299 2493 1454 2549 nobis
1482 2494 1734 2550 omnibus
1762 2494 1865 2551 frui

258 2589 521 2647 perpetuo
554 2582 831 2651 contingat
873 2583 926 2637 in
973 2584 1062 2640 Dei
1100 2584 1324 2656 gloriam
1350 2627 1368 2652 ,
1398 2586 1489 2657 qui
1530 2586 1647 2642 hare
1679 2588 1863 2643 omnia

260 2668 485 2735 perfecit
515 2686 529 2724 :
560 2670 659 2741 ipsi
690 2672 859 2743 gloria
894 2674 947 2728 in
975 2676 1170 2729 saecula
1201 2677 1542 2732 ert-culorum.
1579 2679 1773 2733 Amen.

833 2826 1068 2884 sumo
1095 2829 1159 2885 tv
1189 2830 1289 2903 (a).

257 2953 412 3023 Quod
462 2959 720 3015 seruitutis
747 2961 922 3016 modos
971 2973 1071 3017 tres
1114 2964 1378 3021 induxerit
1408 2977 1669 3037 peccatum
1695 2984 1715 3022 :
1743 2979 1792 3024 et
1812 2971 1866 3024 in

328 3050 639 3121 negligentes
668 3054 928 3108 auditores
947 3096 961 3117 ,
994 3072 1179 3123 eosque
1224 3059 1313 3127 qui
1348 3072 1584 3129 parentes
1631 3078 1733 3115 non
1763 3063 1862 3115 ho-

325 3154 532 3197 norant.

328 3276 382 3331 l.
411 3275 622 3333 Honore
641 3281 791 3350 afﬁcit
812 3282 1041 3339 subditos
1058 3301 1178 3340 suos
1210 3286 1369 3355 Deus,
1390 3291 1740 3360 quomodo.-
1758 3294 1867 3348 An-

252 3365 466 3423 divistis
504 3368 621 3426 heri
649 3412 663 3437 ,
706 3387 814 3443 quo
860 3383 1018 3443 pacto
1049 3376 1191 3433 Dens
1242 3378 1513 3435 hominem
1569 3382 1864 3440 bestiarum

252 3473 438 3531 regem
468 3475 531 3517 ac
561 3463 856 3535 principem
878 3468 1242 3538 constituerit,
1261 3488 1369 3541 quo
1387 3484 1543 3543 pacto
1574 3477 1699 3533 item
1731 3492 1868 3533 con-

254 3550 435 3608 festim
461 3569 493 3610 e
532 3570 701 3629 regno
744 3558 893 3615 illum
936 3561 1191 3631 eiecerit;
1223 3567 1307 3621 vel
1337 3569 1517 3635 potius
1542 3584 1650 3623 non
1681 3570 1823 3626 Deus
1848 3613 1862 3637 ,

252 3644 349 3701 sed
372 3646 486 3716 ipse
513 3662 610 3718 per
638 3650 1055 3709 inobedientiam
1084 3654 1290 3713 honore
1320 3658 1557 3729 scipsum
1579 3660 1863 3718 abdicarit.

250 3736 385 3794 Nam
426 3740 566 3809 quod
608 3743 683 3797 illi
716 3760 937 3814 rcgmnn
967 3746 1253 3817 obtigerit,
1286 3749 1486 3807 divina:
1532 3753 1703 3809 solius
1755 3754 1857 3811 fuit

251 3830 620 3903 benignitatis.
663 3835 846 3908 Neque
871 3840 1015 3894 enim
1048 3838 1187 3895 banc
1218 3842 1294 3897 illi
1326 3844 1631 3899 mercedem
1678 3846 1866 3903 tribuit

249 3932 402 3980 recte
447 3923 741 3990 factorum,
774 3929 869 3985 sed
911 3933 1301 4003 etpriusquam
1352 3946 1528 4001 esset,
1561 3936 1664 3992 hoc
1712 3938 1861 3995 illum

253 4014 461 4073 honore
480 4016 778 4075 decoravit.
818 4027 887 4077 At
917 4038 986 4079 ne
1008 4023 1220 4081 diceres
1250 4026 1523 4083 hominem
1549 4038 1733 4099 postea
1764 4048 1865 4087 na-

253 4115 366 4162 tum
388 4148 403 4171 ,
436 4106 631 4165 deinde
662 4112 848 4167 multis
876 4114 1037 4169 editis
1090 4116 1368 4184 praeclaris
1420 4119 1750 4177 facinoribus
1790 4124 1862 4179 ita

254 4197 422 4253 Deum
451 4199 551 4253 sibi
596 4203 915 4259 conciliasse
938 4245 955 4271 ,
985 4214 1045 4261 ut
1067 4206 1135 4262 ab
1161 4223 1228 4263 eo
1255 4209 1539 4277 imperium
1572 4213 1621 4266 in
1656 4213 1862 4270 belluas

252 4288 543 4357 obtineret,
576 4308 698 4348 cum
746 4294 1074 4355 formaturus
1101 4315 1226 4354 eum
1254 4310 1431 4363 esset.
1473 4303 1543 4358 de
1572 4304 1739 4373 ipsius
1766 4306 1866 4361 im-

252 4384 409 4453 perio
436 4385 597 4441 verba
650 4386 773 4442 facit
809 4390 880 4443 ita
912 4390 1100 4445 dicens
1129 4409 1143 4445 ε
1172 4390 1455 4451 Faciamus
1495 4396 1749 4452 hominem
1794 4400 1865 4453 ad

250 4474 527 4547 imaginem
566 4487 615 4532 et
644 4479 1026 4536 similitudinem
1056 4492 1280 4538 nostram
1303 4527 1318 4551 ,
1344 4496 1393 4539 et
1430 4486 1722 4543 dominetur
1779 4491 1861 4546 beo

249 4572 365 4626 stiis
389 4580 539 4627 terra
564 4572 717 4643 (Gen.
746 4576 796 4629 l.
828 4575 947 4646 26).
983 4580 1122 4634 Ante
1147 4580 1535 4654 vitam.bonor,
1565 4592 1690 4638 ante
1709 4599 1865 4639 crea-

250 4662 456 4719 tionem
500 4678 699 4720 corona
718 4706 734 4731 ,
762 4676 818 4722 et
843 4676 1131 4739 antequam
1160 4671 1253 4725 fiat
1272 4712 1286 4735 ,
1313 4671 1381 4726 ad
1414 4672 1620 4743 regium
1664 4674 1860 4730 solium

249 4754 519 4812 evehitur.
555 4756 764 4813 Etenim
794 4758 1044 4817 homines
1084 4762 1329 4819 subditos
1373 4779 1505 4821 suos
1534 4767 1586 4821 iu
1618 4776 1861 4824 extrema

248 4855 533 4905 senectute
586 4860 707 4919 post
750 4852 952 4909 multos
1003 4854 1219 4911 labores
1256 4868 1311 4911 et
1338 4856 1544 4913 infinita
1577 4860 1814 4929 pericula
1843 4905 1859 4928 ,

248 4955 375 4995 cum
404 4941 459 4996 in
505 4956 636 5013 pace
663 4952 775 4999 tum
804 4946 856 5003 in
891 4946 1077 5014 bellis,
1108 4958 1218 5005 tum
1246 4948 1465 5006 demum
1508 4952 1713 5010 honore
1743 4955 1864 5011 afti-

250 5033 400 5089 ciunt
429 5049 449 5089 :
474 5034 617 5091 Deus
643 5047 824 5093 autem
856 5054 963 5094 non
992 5040 1086 5107 ita,
1113 5041 1208 5097 sed
1237 5043 1422 5098 statim
1458 5052 1619 5116 atque
1647 5056 1731 5102 est
1754 5089 1768 5109 .
1794 5048 1861 5104 ad

252 5122 401 5179 hunc
428 5139 553 5180 eum
601 5126 863 5184 honorem
890 5131 1107 5197 evexit,
1137 5144 1193 5188 et
1230 5133 1333 5189 hoc
1362 5150 1469 5191 non
1514 5146 1662 5193 recte
1691 5138 1857 5195 facto-

250 5228 373 5271 rum
404 5229 529 5273 esse
555 5219 861 5276 mercedem
891 5222 1163 5291 ostendit,
1191 5223 1287 5280 sed
1321 5227 1549 5295 gratiam
1580 5228 1817 5286 divinam
1842 5272 1858 5298 ,

252 5313 441 5362 t‘tuon
485 5305 746 5365 debitum.
790 5311 945 5379 Quod
978 5312 1137 5383 igitur
1157 5314 1515 5387 principatum
1559 5322 1859 5391 acceperit,

251 5395 398 5453 idex
437 5398 552 5454 sola
598 5400 692 5457 Dei
722 5400 1053 5474 benignitate
1101 5404 1175 5460 illi
1218 5407 1477 5465 obvenit:
1509 5410 1652 5479 quod
1680 5422 1861 5468 autem

250 5490 517 5548 exciderit
539 5493 869 5565 principatu,
891 5510 959 5552 ex
1001 5496 1169 5567 ipsius
1195 5498 1426 5569 ignavia.
1455 5499 1596 5570 Ergo
1622 5510 1681 5556 ut
1710 5519 1863 5575 reges

248 5584 335 5640 eis
360 5585 450 5655 qui
476 5587 589 5643 suis
614 5603 722 5644 non
755 5600 947 5661 parent
989 5592 1258 5648 mandatis
1297 5594 1560 5666 abrogant
1591 5597 1863 5668 principa-

254 5682 373 5731 tum
402 5692 420 5733 :
446 5675 521 5733 ita
540 5692 603 5736 se
630 5679 799 5752 gessit
824 5697 950 5754 erga
1002 5683 1275 5740 hominem
1306 5686 1447 5741 Dens
1470 5728 1485 5751 ,
1518 5702 1639 5742 cum
1664 5688 1712 5743 ei
1738 5698 1865 5746 tunc

249 5768 616 5841 principatum
653 5773 952 5846 abrogavit.
997 5775 1167 5832 llotlic
1196 5788 1377 5832 autem
1406 5793 1586 5847 operae
1635 5780 1864 5849 pretium

323 5901 399 5967 (σι)
432 5898 644 5957 collatus
664 5921 775 5959 cum
798 5909 967 5961 codice
993 5913 1142 5974 negio
1169 5910 1290 5963 1976
1313 5919 1365 5964 et
1382 5925 1492 5964 cum
1514 5912 1659 5963 23η.

1555 446 1619 502 IN
1658 441 1961 501 GENESIM
1999 441 2233 499 Sl-ZMIO
2258 441 2347 500 IV.

3486 443 3591 502 595

1984 556 2145 611 tuerit
2168 556 2373 623 dicere,
2400 563 2663 626 quantum
2682 555 2847 614 etiam
2874 555 3042 614 alium
3064 555 3327 615 honorem
3359 558 3435 615 illi
3462 573 3561 631 pec
3578 589 3594 601 -

1979 651 2085 706 cati
2116 657 2304 705 natura
2334 649 2635 721 eripuerit,
2669 660 2723 707 et
2749 661 2885 723 quot
2910 652 3189 708 servitutis
3214 650 3406 709 modos
3433 652 3595 710 induo

1977 745 2137 811 xerit,
2170 744 2299 799 dum
2344 753 2404 798 ut
2433 753 2696 817 tyrannus
2724 745 2992 818 quispiam
3042 745 3275 803 diversis
3301 746 3535 806 vinculis
3560 787 3582 817 ,

1976 837 2158 891 munitis
2194 836 2482 907 generibus
2510 836 2910 908 principatnum
2950 847 3198 893 naturam
3232 848 3473 895 nostram
3493 838 3594 894 de-

1976 928 2166 983 vinxit.
2199 928 2413 983 l’rimus
2444 926 2607 999 igitur
2628 928 2963 1000 principatus
2987 938 3072 985 est
3096 927 3329 985 servitus
3350 968 3367 995 ,
3401 943 3507 1001 qua
3534 936 3595 985 et

1975 1021 2297 1077 mulieribus
2350 1022 2621 1093 imperant
2660 1020 2763 1077 viri
2796 1038 2809 1075 :
2841 1021 3110 1093 siquidem
3141 1030 3264 1093 post
3310 1031 3592 1093 peccatum

1976 1112 2077 1168 hac
2124 1127 2264 1183 opus
2304 1113 2423 1168 fuit.
2470 1111 2605 1169 Nam
2652 1120 2780 1169 ante
2814 1112 3237 1169 inobedientiam
3265 1129 3361 1184 par
3385 1112 3593 1172 honore

1974 1203 2074 1259 fuit
2116 1204 2272 1270 viro,
2316 1219 2551 1277 cumque
2594 1204 2743 1261 illam
2803 1204 3061 1261 formavit
3110 1205 3286 1267 Deus.
3314 1204 3595 1275 quibusin

1974 1295 2296 1351 formatione
2340 1295 2441 1350 viri
2469 1295 2650 1352 verbis
2694 1311 2826 1353 usus
2860 1305 2979 1352 erat
2998 1338 3013 1363 ,
3044 1297 3129 1352 bis
3149 1305 3204 1351 et
3234 1296 3289 1351 in
3313 1296 3597 1352 creatione

1971 1387 2217 1444 mulieris
2256 1396 2339 1444 est
2379 1402 2528 1444 usus.
2571 1387 2644 1445 Ut
2672 1387 2835 1461 igitur
2872 1388 2942 1445 de
2973 1388 3067 1444 illo
3103 1388 3280 1455 dixit,
3312 1387 3593 1443 Faciemus

1973 1479 2226 1534 hominem
2276 1481 2346 1534 ad
2382 1480 2657 1553 imaginem
2689 1490 2739 1536 et
2781 1481 3165 1537 similitudinem
3195 1491 3423 1536 nostram
3446 1523 3460 1542 .
3496 1494 3593 1537 ne-

1971 1585 2077 1642 que
2100 1570 2277 1638 dixit,
2307 1570 2429 1627 Fiat
2449 1570 2614 1628 homo
2646 1588 2661 1626 :
2689 1571 2771 1629 sic
2797 1581 2852 1629 et
2877 1571 2947 1628 de
2987 1571 3092 1628 ista
3122 1588 3230 1627 non
3260 1571 3398 1627 dixit
3422 1614 3439 1636 ,
3472 1571 3593 1628 Fiat

1973 1663 2202 1730 mulier,
2253 1666 2350 1721 sed
2398 1664 2487 1722 hic
2530 1680 2746 1738 quoque
2794 1683 2808 1722 :
2862 1664 3141 1720 Faciamus
3214 1666 3263 1720 ei
3302 1664 3593 1736 adiutorem

1973 1754 2127 1827 (Gen.
2159 1755 2223 1811 Ξ.
2253 1755 2345 1827 18)
2370 1798 2386 1824 ,
2418 1773 2594 1829 neque
2637 1758 2956 1831 simpliciter
2972 1757 3314 1830 adiutorem,
3342 1758 3470 1824 sed,
3495 1759 3595 1817 Se-

1972 1846 2199 1902 cundum
2227 1848 2397 1919 ipsum
2420 1892 2436 1916 ,
2464 1865 2573 1921 quo
2617 1865 2805 1906 rursus
2844 1849 3071 1907 honoris
3107 1852 3471 1923 aequalitatem
3501 1865 3594 1907 os-

1974 1937 2164 1993 tendit.
2196 1938 2329 1994 Nam
2356 1941 2613 2011 quoniam
2658 1940 2832 1998 brutm
2882 1942 3187 1999 animantes
3218 1942 3285 1997 ad
3333 1958 3589 1999 necessa-

1974 2029 2085 2086 rios
2114 2032 2239 2085 vitm
2284 2046 2417 2087 usus
2443 2033 2669 2089 multum
2722 2034 2883 2091 nobis
2930 2034 3216 2092 conferunt
3256 2036 3590 2107 adiumenti,

1972 2137 2041 2176 ne
2098 2122 2237 2179 forte
2283 2124 2567 2181 mulierem
2615 2141 2831 2198 quoque
2872 2126 3016 2183 inter
3058 2127 3325 2199 mancipia
3369 2139 3592 2198 putares

1970 2229 2095 2271 esse
2124 2217 2513 2273 nnmerandam
2539 2259 2555 2283 ,
2589 2218 2713 2274 vide
2738 2217 3013 2289 quomodo
3037 2220 3107 2275 ab
3136 2219 3243 2276 illis
3266 2235 3387 2276 eam
3412 2220 3591 2276 mani-

1973 2306 2110 2365 feste
2138 2308 2453 2382 distinguat.
2488 2310 2721 2367 Adduxit
2742 2312 2951 2378 bestias,
2980 2312 3171 2384 inquit,
3197 2330 3368 2368 coram
3397 2313 3585 2379 Adam,

1972 2410 2019 2455 et
2048 2418 2150 2456 non
2176 2412 2250 2457 est
2298 2404 2531 2459 inventus
2558 2404 2769 2475 adjutor
2806 2406 2991 2460 similis
3036 2406 3082 2460 ei
3115 2405 3396 2461 secundum
3420 2410 3591 2476 ipsum

1974 2491 2127 2566 (Gen.
2150 2494 2206 2549 2.
2244 2494 2330 2551 l9.
2356 2494 2475 2566 20).
2504 2496 2642 2563 Quid
2666 2496 2864 2569 igitur?
2885 2513 2992 2552 non
3019 2506 3102 2552 est
3130 2496 3348 2569 adiutor
3372 2511 3547 2568 equus
3570 2537 3585 2564 ,

1970 2588 2060 2657 qui
2089 2604 2308 2658 operam
2336 2605 2489 2645 suam
2522 2591 2595 2646 illi
2625 2601 2841 2660 pnestat
2874 2591 2927 2646 in
2957 2591 3157 2647 bellis?
3183 2607 3292 2647 non
3320 2598 3405 2647 est
3432 2589 3589 2661 adiu-

1974 2690 2059 2733 tor
2109 2681 2208 2735 bos
2231 2724 2248 2749 ,
2290 2683 2379 2753 qui
2405 2698 2680 2739 vomerem
2714 2684 2907 2749 trahit,
2939 2694 2994 2740 et
3035 2683 3163 2739 dum
3192 2685 3397 2739 semina
3430 2692 3593 2739 terrm

1975 2774 2321 2836 mandantur,
2372 2775 2656 2830 nobiscum
2709 2774 2955 2831 laborat?
2980 2792 3088 2831 non
3136 2786 3263 2830 sunt
3310 2774 3590 2847 adjutores

1972 2870 2158 2921 asinus
2204 2875 2255 2921 et
2286 2868 2464 2923 mulus
2484 2909 2500 2935 ,
2528 2868 2618 2939 qui
2640 2868 2707 2923 ad
2744 2882 2911 2925 onera
2945 2866 3345 2923 transvehenda
3372 2882 3472 2923 nos
3493 2866 3591 2922 ad-

1966 2959 2199 3028 juvant?
2223 2960 2331 3016 Sed
2372 2977 2439 3017 ne
2471 2960 2575 3018 hoc
2610 2961 2761 3018 dicas
2792 3003 2807 3027 ,
2836 2971 3124 3033 propterea
3164 2962 3282 3017 lucc
3331 2971 3586 3018 accurate

1971 3051 2266 3122 distinguit.
2301 3052 2416 3107 NOn
2438 3055 2581 3108 cnim
2610 3054 2927 3123 simpliciter
2955 3053 3111 3120 dixit,
3144 3052 3260 3109 Non
3288 3062 3373 3109 est
3399 3053 3593 3109 inven-

1974 3151 2057 3197 tns
2100 3141 2176 3197 illi
2201 3142 2438 3212 adiutor,
2466 3144 2596 3210 sed,
2631 3142 2753 3198 Non
2779 3154 2854 3199 est
2890 3144 3125 3199 inuentus
3166 3143 3376 3215 adjutor
3405 3144 3594 3200 similis

1971 3233 2037 3287 ei.
2066 3232 2141 3289 lta
2170 3233 2256 3289 bic
2282 3250 2499 3306 quoque
2526 3249 2633 3290 non
2658 3234 2813 3303 dixit,
2838 3234 3177 3305 simpliciter,
3210 3233 3495 3291 Faciamus
3515 3234 3593 3294 illi

1971 3325 2271 3395 adiutorem
2291 3366 2308 3393 ,
2341 3326 2435 3381 sed
2462 3368 2477 3391 ,
2511 3324 2792 3381 Faciamus
2840 3325 2921 3381 illi
2963 3327 3256 3399 adjutorem
3304 3328 3594 3383 secundum

1969 3416 2138 3487 ipsum
2163 3458 2179 3480 .
2202 3416 2356 3472 dixit.
2381 3416 2507 3473 Haec
2533 3428 2713 3473 autem
2737 3426 2865 3474 ante
2896 3428 3178 3490 peccatum
3203 3419 3546 3491 contigerunt
3572 3435 3589 3475 :

1974 3517 2094 3576 post
2119 3518 2396 3578 peccatum
2428 3519 2607 3565 autem
2643 3528 2658 3563 :
2690 3509 2772 3564 Ad
2799 3510 2965 3565 virum
3005 3520 3150 3566 tuum
3183 3511 3445 3567 conversio
3464 3522 3591 3580 tua,

1970 3604 2015 3646 et
2044 3593 2154 3663 ipse
2182 3594 2257 3647 tui
2284 3594 2634 3650 dominabitur
2660 3592 2815 3667 (Gen.
2834 3596 2888 3652 3.
2917 3594 3028 3668 16).
3061 3595 3351 3668 Αεῖᾳιιειιεηι
3382 3597 3593 3655 honore

1972 3693 2026 3739 te
2079 3685 2293 3751 creari,
2334 3686 2545 3757 inquit;
2582 3702 2688 3741 nou
2712 3696 2860 3744 recte
2910 3703 3007 3744 usa
3045 3702 3105 3743 es
3152 3688 3451 3759 principatu
3476 3706 3491 3745 :
3520 3688 3592 3746 ad

1970 3776 2361 3846 subiectionem
2402 3776 2694 3834 descende.
2744 3777 2861 3834 Non
2894 3779 3060 3834 tulisti
3090 3779 3392 3836 libertatem
3423 3798 3437 3835 :
3470 3797 3591 3835 ser-

1971 3870 2196 3925 vitutem
2240 3869 2485 3927 admitte.
2521 3870 2806 3927 Nescivisti
2838 3872 3109 3944 imperare
3131 3912 3149 3940 ,
3178 3871 3325 3944 quod
3365 3884 3423 3930 et
3475 3874 3591 3944 ipsa

1971 3977 2152 4018 rerum
2180 3964 2514 4035 experientia
2556 3963 2845 4021 declarasti
2877 3984 2889 4021 :
2924 3974 3043 4021 esto
3072 3981 3181 4021 una
3221 3981 3289 4023 ex
3321 3965 3551 4021 subditis
3570 4008 3589 4030 ,

1969 4066 2025 4112 et
2050 4055 2325 4112 dominum
2362 4058 2535 4112 virum
2581 4072 2833 4129 agnosce.
2864 4058 2948 4113 Ad
2972 4058 3141 4113 virum
3166 4066 3308 4112 tuum
3329 4058 3592 4112 caucasio

1970 4158 2078 4214 tua,
2102 4160 2150 4205 et
2176 4151 2285 4223 ipse
2303 4150 2376 4203 tui
2394 4151 2759 4206 dominabitur.
2788 4153 2858 4206 At
2882 4151 3002 4207 vide
3032 4151 3135 4206 hoc
3169 4150 3292 4207 loco
3318 4150 3413 4206 Dei
3439 4150 3592 4204 beni-

1970 4242 2246 4310 guitatetn.
2296 4240 2374 4296 Ne
2424 4242 2571 4297 enim
2615 4242 2881 4309 audiens,
2925 4241 3051 4314 Ipse
3096 4242 3171 4296 tui
3214 4241 3588 4304 dominabitur,

1971 4350 2189 4407 gravem
2240 4343 2490 4391 censeret
2536 4352 2658 4392 esse
2698 4336 3067 4402 dominatum,
3102 4336 3253 4405 prius
3292 4336 3466 4405 posuit
3495 4353 3593 4390 un-

1970 4444 2095 4484 men
2126 4444 2271 4484 cura:
2297 4428 2485 4484 dicens
2510 4469 2524 4493 .
2563 4428 2645 4483 Ad
2674 4430 2838 4485 uirum
2869 4440 3010 4483 tuum
3038 4429 3301 4484 conversio
3328 4439 3417 4483 tua
3442 4473 3454 4491 .
3487 4429 3592 4486 boc

1968 4530 2072 4587 est,
2104 4519 2386 4592 vaugium
2415 4530 2587 4587 tuum,
2617 4531 2824 4594 portus,
2847 4531 2903 4576 et
2921 4521 3186 4577 securitas
3208 4520 3301 4578 tibi
3330 4522 3435 4577 erit
3460 4521 3587 4577 ille:

1970 4624 2028 4667 ut
2054 4616 2106 4669 in
2133 4615 2405 4682 omnibus,
2440 4631 2560 4686 quae
2594 4616 2863 4685 ingruont,
2894 4615 3054 4670 malis
3072 4614 3140 4671 ad
3171 4614 3347 4685 ipsum
3378 4624 3589 4672 tecon-

1969 4715 2150 4759 vertas
2170 4713 2244 4759 net
2269 4703 2552 4777 confugias
2571 4746 2587 4773 ,
2621 4704 2714 4759 tibi
2755 4704 3015 4761 concedo.
3042 4702 3230 4777 Neque
3259 4704 3364 4761 hoc
3384 4705 3587 4773 solum,

1968 4792 2065 4851 sed
2110 4803 2167 4849 et
2199 4795 2534 4851 naturalibus
2562 4810 2658 4851 eos
2712 4796 3128 4853 necessitatibus
3173 4796 3482 4869 colligavit,
3531 4809 3590 4854 et

1968 4895 2241 4959 tamquam
2283 4886 2568 4944 infractum
2610 4887 2881 4959 quoddam
2923 4888 3233 4952 vinculum,
3279 4890 3589 4956 cupiditatis

1969 4980 2075 5036 illis
2098 4988 2343 5037 catenam
2373 4979 2573 5052 iniecit.
2606 4979 2771 5036 Vides
2795 4990 2855 5036 ut
2888 4981 3279 5052 subiectionem
3324 4980 3590 5039 iuvescrit

1967 5073 2185 5145 quidem
2204 5082 2503 5146 peccatum,
2518 5074 2692 5130 solers
2707 5085 2887 5130 autem
2899 5084 2953 5130 et
2966 5075 3180 5143 sapiens
3200 5074 3343 5131 Dens
3360 5074 3442 5129 bis
3453 5090 3591 5147 quo-

1968 5183 2076 5239 que
2095 5166 2164 5223 ad
2191 5174 2431 5223 nostram
2459 5166 2748 5223 utilitatem
2775 5167 2841 5222 sit
2868 5168 3035 5222 usus?
3062 5166 3203 5223 Audi
3233 5166 3361 5238 quid
3387 5165 3458 5222 de
3482 5166 3587 5223 bac

1968 5261 2304 5333 subiectione
2334 5260 2479 5316 dicat
2506 5260 2702 5316 Paulus
2726 5302 2741 5326 ,
2772 5268 2827 5316 ut
2858 5275 3074 5316 rursum
3106 5260 3317 5316 Veteris
3343 5275 3411 5317 ac
3450 5259 3588 5319 Novi

1968 5353 2299 5409 Testamenti
2333 5352 2681 5409 concordiam
2712 5351 3001 5423 intelligas.
3039 5350 3247 5417 Mulier,
3284 5352 3499 5423 inquit,
3531 5354 3588 5408 in

1968 5446 2171 5501 silentio
2191 5446 2354 5499 discat
2378 5461 2495 5499 cum
2516 5444 2657 5499 omni
2681 5444 2989 5511 subiectione
3014 5445 3064 5513 (l
3079 5483 3092 5496 .
3128 5440 3261 5497 Tim.
3280 5440 3334 5496 2.
3358 5441 3445 5498 Η.
3468 5441 3580 5506 η).

2046 5540 2282 5595 Nulieris
2318 5540 2569 5609 oﬁiciunt;
2599 5538 2783 5595 mulier
2799 5538 3029 5612 subjecta
3054 5539 3195 5603 viro,
3225 5557 3407 5609 quare.
3434 5540 3582 5595 Alte-

1969 5649 2084 5686 rum
2108 5632 2365 5687 seruitutis
2390 5646 2549 5701 genus
2574 5646 2638 5684 ea:
2668 5640 2894 5702 peccato.
2912 5660 2987 5672 —
3012 5630 3177 5687 Vides
3192 5640 3247 5687 et
3273 5630 3449 5703 ipsum
3470 5630 3587 5687 \a'ro

1970 5723 2253 5779 mulierem
2280 5722 2578 5792 subiecisse
2592 5723 2619 5777 Y
2636 5722 2743 5779 Sed
2760 5732 3037 5793 exspecta,
3056 5732 3112 5779 et
3134 5737 3354 5779 causam
3374 5722 3587 5779 audies.

1972 5813 2103 5879 Cur,
2128 5812 2259 5869 Cum
2288 5814 2428 5869 omni
2453 5814 2801 5884 subiectione?
2831 5812 3044 5871 lulieri
3070 5816 3239 5880 enim,
3266 5816 3458 5886 inquit,
3487 5817 3585 5867 do-

1973 5922 2085 5964 cere
2111 5922 2212 5961 non
2252 5908 2507 5977 permitto.
2541 5907 2678 5979 Quid
2710 5908 2825 5964 ita?
2852 5904 3032 5966 Semel
3056 5907 3201 5965 enim
3231 5909 3371 5965 male
3395 5909 3581 5965 docuit
