4180 6488
576 482 682 539 595
1294 464 1349 520 S.
1388 452 1665 516 JOANNIS
1698 438 2167 507 CllRYrOSTOMI
2208 432 2521 491 ARCIIIEP.
2564 423 3078 485 CONSTANTINOP
3742 409 3838 463 59F

2261 551 2467 613 factus,
2496 556 2550 603 et
2592 542 2995 614 prmrogativam
3050 538 3269 591 honoris
3305 550 3334 586 a
3380 541 3568 587 natura
3615 530 3842 584 delatam

2260 644 2422 699 animi
2451 640 2709 711 pravitate
2750 634 2950 689 atnisit.
2982 630 3157 686 Habes
3186 627 3411 681 alterum
3451 620 3726 677 servitutis
3749 633 3842 688 ge-

2265 750 2382 788 nus.
2413 710 2505 786 Vis
2534 730 2695 784 etiam
2727 726 2938 780 tertium
2967 719 3159 775 nosse?
3187 717 3405 772 Duobus
3427 710 3697 783 prioribus
3722 722 3844 779 gra-

2267 826 2383 879 vius
2402 832 2483 877 est
2509 821 2669 884 istud,
2703 818 2972 887 multoque
2998 809 3403 867 formidabiliu-t.
3432 804 3567 871 Nam
3594 799 3846 873 quoniam

2269 916 2369 970 illis
2403 929 2507 969 non
2533 920 2617 966 est
2634 909 2950 965 emendatus
2972 907 3012 970 ⁸,
3040 902 3243 957 vincula
3271 901 3424 954 nobis
3446 897 3661 951 adauxit
3689 894 3854 948 Deus.

2268 1005 2543 1074 Quodnam
2567 1003 2725 1071 igitur
2747 1000 2873 1053 illud
2896 997 3012 1051 est?
3033 993 3337 1060 Principum
3364 1003 3429 1043 ac
3450 987 3853 1055 magistratum

2272 1094 2517 1151 nimirum
2540 1111 2554 1156 ;
2588 1068 2698 1146 non
2734 1092 2840 1145 tale
2868 1088 3022 1158 quale
3050 1083 3287 1137 mulieris
3306 1120 3321 1145 ,
3368 1092 3539 1142 neque
3564 1074 3669 1129 tale
3697 1068 3859 1143 quale

2273 1199 2547 1243 servorum
2574 1225 2589 1247 ,
2631 1181 2723 1236 sed
2754 1180 2921 1233 multo
2961 1176 3129 1243 magis
3159 1169 3516 1227 formidabile.
3555 1163 3747 1219 Videre
3775 1170 3862 1214 est

575 598 768 655 Adam.
824 589 1000 659 Neque
1040 578 1290 637 dominari
1332 576 1384 631 in
1425 586 1609 627 utrum.
1649 565 1758 622 Cur
1806 560 1860 616 id
1907 552 2153 659 tandem?

784 645 980 751 quippe
1009 673 1145 729 male
1169 660 1437 725 dominata
1464 672 1565 717 est.
1591 656 1697 715 Sed
1725 668 1833 712 esse
1860 651 1915 704 in
1933 645 2153 751 silentio.

584 778 680 833 Dic
702 735 829 829 vero
857 735 1093 825 eainsatn.
1126 761 1292 816 Adam
1332 755 1475 811 enim
1498 793 1514 817 ,
1536 748 1733 819 inquit,
1756 759 1859 799 non
1889 748 1963 795 est
2003 735 2156 791 scdu-

580 878 690 921 cttts
720 880 739 917 :
761 860 940 915 mulier
977 865 1145 911 autem
1191 850 1396 906 seducta
1430 844 1483 898 in
1515 835 1925 912 prauaricatione
1950 828 2047 901 fuit
2080 824 2155 894 (1.

760 951 815 1006 2.
850 951 959 1018 11).
999 944 1200 1000 Idcirco
1244 939 1385 992 illam
1430 948 1461 987 a
1487 929 1742 988 doctrinae
1785 921 1920 979 solio
1939 915 2157 1018 dejecit.

585 1046 685 1113 Qui
731 1043 872 1099 enim
912 1007 1106 1093 docere
1136 1030 1341 1093 nescit,
1369 1025 1556 1082 discat,
1582 1017 1785 1087 inquit:
1814 1008 1956 1082 quod
1991 1007 2035 1060 si
2063 1019 2159 1059 uo-

588 1138 748 1211 luerit
773 1136 997 1194 discere,
1026 1126 1121 1183 sed
1148 1124 1342 1179 docere
1355 1114 1600 1175 voluerit,
1634 1121 1687 1163 et
1707 1107 1960 1177 seipsum,
2002 1108 2056 1155 et
2080 1096 2165 1152 di-

589 1202 821 1298 scipulos
848 1225 1063 1290 insuper
1087 1231 1214 1272 suos
1237 1212 1449 1283 perdet:
1485 1206 1535 1261 id
1560 1200 1701 1275 quod
1722 1201 1880 1257 etiam
1907 1205 2033 1249 tunc
2053 1205 2169 1245 mu-

592 1320 707 1374 lieri
749 1312 958 1370 accidit.
1017 1310 1210 1363 Verum
1259 1305 1400 1358 illam
1448 1296 1659 1368 quidem
1718 1293 1831 1343 viro
1877 1284 2168 1353 subjectam

595 1412 789 1473 luisse,
830 1421 892 1461 ac
924 1412 1139 1476 propter
1179 1406 1452 1469 peccatum
1498 1390 1661 1445 fuisse
1700 1382 2025 1451 subjectam,
2050 1375 2172 1428 hinc

599 1465 939 1553 manifiestuui
965 1465 1049 1547 est
1078 1508 1090 1544 :
1126 1465 1251 1543 illud
1283 1494 1457 1539 autem
1486 1478 1669 1535 audire
1699 1474 1875 1532 velim,
1902 1468 1982 1521 Ad
2011 1465 2172 1519 virum

600 1602 744 1643 tuum
767 1586 1021 1642 conversio
1044 1592 1160 1646 tua,
1184 1591 1230 1633 et
1257 1580 1366 1647 ipse
1396 1574 1471 1629 tui
1496 1568 1852 1624 dominabitur.

674 1682 727 1734 2.
756 1679 904 1735 Scire
928 1675 1081 1729 velim
1105 1685 1209 1741 quo
1230 1676 1381 1738 pacto
1402 1665 1466 1719 de
1488 1663 1587 1717 hac
1606 1660 1764 1714 etiam
1785 1668 1910 1710 cura
1935 1652 2178 1720 loquatur

605 1772 813 1832 Paulus,
837 1778 889 1823 et
908 1765 1229 1820 dominatum
1251 1760 1469 1812 miscsat
1494 1768 1611 1807 cum
1637 1744 2021 1804 benevolentia.
2041 1740 2182 1807 Quo-

607 1879 724 1917 nam
756 1858 975 1930 igituriu
1001 1857 1117 1909 loco
1146 1853 1195 1907 id
1224 1850 1381 1904 facit?
1408 1846 1487 1901 Ad
1513 1841 1815 1899 Corinthios
1837 1837 1913 1905 (a)
1943 1835 2183 1911 scribens

611 1954 706 2017 ait,
747 1922 852 2002 l’viri
873 1990 885 2010 ,
910 1946 1102 2017 diligite
1135 1940 1357 2009 πονοι(
1389 1937 1572 2007 Ephes.
1607 1933 1658 1987 5.
1688 1932 1759 1985 25
1785 1930 1802 1999 )
1841 1948 1854 1982 :
1884 1942 2009 1982 ecce
2033 1922 2189 1987 illud,

612 2046 689 2099 Αιι
723 2045 880 2098 cirum
908 2052 1047 2094 tuum
1072 2036 1324 2091 conversio
1358 2044 1465 2087 tua.
1498 2026 1691 2085 Uxores
1717 2033 1884 2077 autem
1909 2022 2186 2075 uttimeant

2277 1278 2511 1346 undique
2555 1272 2760 1343 gladios
2806 1277 3025 1332 acutos,
3075 1264 3385 1324 carnilices,
3429 1254 3718 1326 supplicia,
3750 1259 3863 1305 tor-

2277 1344 2477 1432 menta,
2512 1379 2726 1434 poenas,
2752 1362 2873 1416 vitae
2913 1359 3165 1426 necisque
3194 1360 3529 1423 p0te5tatent.
3565 1344 3635 1400 Ut
3680 1350 3862 1396 autem

2278 1462 2416 1517 scias
2448 1459 2588 1513 hunc
2616 1468 2827 1527 quoque
2874 1452 3089 1506 modum
3136 1443 3459 1515 principatus
3488 1455 3554 1495 ex
3579 1435 3867 1492 occasione

2281 1549 2481 1623 peccati
2504 1558 2679 1602 ortum
2704 1546 2952 1600 habuisse
2970 1582 2983 1605 ,
3009 1549 3194 1594 rursus
3221 1536 3439 1589 Paulum
3464 1533 3637 1601 ipsum
3666 1528 3734 1583 de
3765 1527 3869 1581 hoc

2282 1622 2746 1713 philosophantem
2779 1633 2923 1687 audi.
2954 1631 3015 1685 Si
3046 1640 3213 1681 autem
3257 1626 3330 1678 vis
3374 1641 3475 1676 non
3507 1622 3682 1673 timere
3731 1628 3872 1687 pote-

2286 1710 2484 1799 statmt,
2521 1734 2705 1785 bonum
2736 1731 2849 1799 fac,
2878 1724 3079 1794 inquit,
3108 1730 3154 1774 et
3184 1718 3387 1772 habebis
3428 1713 3632 1769 laudent
3671 1728 3733 1765 es
3757 1710 3872 1763 illa.

2289 1827 2348 1881 Si
2395 1834 2560 1877 autem
2606 1821 2794 1905 malum
2843 1816 3021 1888 feceris
3041 1856 3055 1879 ,
3086 1813 3204 1866 time
3230 1826 3249 1863 :
3280 1825 3380 1877 non
3412 1807 3543 1860 enim
3572 1805 3683 1858 sine
3716 1816 3874 1854 cum

2288 1916 2513 1988 gladium
2543 1901 2707 1984 portat
2754 1911 2928 1981 (Rom.
2960 1908 3047 1961 15.
3097 1906 3149 1959 5.
3180 1906 3254 1973 4).
3290 1901 3453 1955 Vides
3484 1910 3706 1968 propter
3734 1909 3831 1948 eos
3863 1936 3875 1955 ,

2290 1986 2381 2080 qui
2408 2010 2605 2063 malum
2652 2012 2992 2076 perpetrant,
3032 2010 3084 2055 et
3116 1996 3409 2068 principem
3435 2001 3490 2047 et
3515 1989 3748 2059 gladium
3776 1986 3882 2040 imo

4177 1012 4180 1073 ι

4176 1304 4180 1431 l

612 2139 744 2191 viros
794 2132 963 2204 (Ibid.
1008 2147 1053 2184 υ.
1093 2127 1184 2198 55)
1212 2140 1371 2181 :eccc
1398 2121 1547 2183 illud,
1589 2118 1707 2190 Ipse
1733 2116 1804 2170 tui
1830 2110 2184 2167 dominabitur.

617 2228 775 2281 Vides
795 2198 1077 2279 utminime
1097 2217 1271 2288 gravis
1294 2217 1361 2269 sit
1386 2214 1703 2272 dominatus,
1728 2203 1937 2275 quando
1963 2198 2192 2256 fervidus

613 2328 838 2382 amator,
884 2313 1117 2368 mulieris
1158 2307 1436 2365 servientis
1476 2303 1632 2358 fuerit
1672 2296 1950 2361 dominus,
1981 2289 2193 2364 quando

620 2421 791 2465 metus
822 2406 975 2461 fuerit
1000 2418 1120 2458 eum
1156 2401 1374 2455 caritate
1405 2391 1755 2464 conjunctus?
1802 2389 1890 2442 Sic
1918 2387 2060 2441 enim
2090 2382 2193 2437 tol-

621 2504 745 2556 litur
769 2498 942 2551 onmis
972 2492 1210 2549 molestia
1262 2486 1552 2543 servitutis.
1584 2481 1758 2537 Unum
1788 2480 1963 2547 itaque
1995 2472 2195 2545 princi-

622 2600 800 2662 patum
834 2586 1037 2641 induxit
1063 2580 1441 2660 inobcdientia.
1485 2575 1598 2631 Noli
1624 2574 1764 2628 enim
1804 2570 1903 2625 hoc
1931 2576 2195 2638 spectare,

624 2654 765 2752 quod
793 2679 937 2733 illam
972 2686 1027 2730 ut
1065 2654 1344 2744 oportebat
1372 2666 1682 2737 temperarit
1718 2664 1856 2717 Deus
1880 2700 1894 2723 ,
1924 2660 2017 2714 sed
2060 2654 2203 2727 quod

626 2776 794 2843 ipsam
820 2766 1089 2825 servitutis
1103 2773 1342 2820 naturam
1369 2756 1701 2815 constituerit
1730 2761 2034 2823 peccatum:
2060 2745 2203 2818 quod

631 2837 713 2922 est
735 2865 960 2919 alterum
980 2874 1148 2931 genus
1167 2851 1612 2912 servitutistnulto
1634 2846 1794 2916 priori
1816 2843 2046 2913 gravius,
2065 2837 2205 2907 quod

634 2968 687 3012 et
702 2958 872 3025 ipsum
889 2955 1145 3023 originem
1164 2959 1215 3004 et
1232 2945 1567 3002 occasionem
1584 2939 1734 2994 duxit
1751 2952 1779 2990 a
1806 2942 2042 3005 peccato.
2076 2931 2206 2985 Nam

636 3059 748 3121 post
770 3046 1023 3103 diluvium
1055 3042 1186 3106 Noe,
1218 3050 1501 3094 commune
1532 3032 1658 3087 illud
1683 3026 1915 3084 universi
1948 3035 2207 3079 terrarum

636 3141 781 3197 orbis
816 3136 1143 3206 naufragium
1188 3142 1244 3187 et
1272 3130 1488 3183 exitium
1515 3168 1529 3190 ,
1557 3124 1790 3193 peccavit
1838 3119 1888 3172 in
1918 3115 2212 3187 genitorem

639 3246 793 3288 suum
813 3230 981 3285 Citam
1007 3229 1020 3258 ¹
1044 3267 1060 3293 ,
1088 3237 1315 3293 cumque
1337 3218 1590 3273 nudatum
1615 3223 1818 3283 patrem
1847 3208 2095 3272 vidisset,
2122 3220 2213 3259 ac-

642 3320 916 3375 cusatione
951 3318 1096 3372 illum
1137 3312 1362 3381 amplius
1387 3322 1482 3361 sua
1509 3304 1646 3374 apud
1670 3301 1859 3357 fratres
1897 3311 2023 3353 suos
2051 3295 2217 3350 nuda-

645 3416 739 3480 vit,
767 3421 924 3481 atque
951 3407 1072 3463 inde
1102 3404 1324 3459 fratrum
1352 3413 1538 3456 servus
1563 3405 1642 3453 est
1679 3394 1867 3449 factus.
1897 3388 2220 3458 Corruperat

645 3506 787 3560 enim
820 3512 1019 3556 natum
1045 3499 1373 3553 nobilitatem
1404 3492 1634 3562 pravitas
1670 3485 1991 3541 veluntatis:
2021 3496 2083 3536 ac
2108 3496 2219 3536 me-

649 3601 751 3654 rito
795 3595 1029 3668 quidem.
1084 3588 1356 3659 Scriptura
1401 3585 1557 3653 igitur
1597 3582 1901 3636 innumeras
1950 3590 2044 3643 pro
2078 3573 2223 3640 justo

652 3690 853 3761 profert
901 3682 1268 3742 excusationes
1294 3721 1311 3745 ,
1334 3678 1414 3733 vel
1466 3675 1636 3745 potius
1672 3686 1778 3726 uno
1806 3670 1972 3722 verbo
2012 3678 2222 3717 omnem

654 3756 728 3834 illi
768 3780 857 3833 dat
885 3778 1112 3831 veniam.
1140 3771 1300 3841 Coepit
1329 3770 1502 3831 enim,
1530 3764 1725 3832 inquit,
1757 3759 1872 3814 Noe
1918 3758 2067 3810 homo
2089 3756 2225 3825 agri.

655 3872 767 3926 cola
796 3868 946 3939 (Gen.
976 3867 1029 3921 9.
1058 3864 1173 3933 ‘10).
1201 3860 1332 3917 Illud
1363 3874 1508 3921 vero,
1533 3854 1713 3922 Coepit,
1746 3850 1965 3905 multam
1994 3848 2232 3901 continet

656 3960 927 4017 ebrietatis
954 3956 1367 4012 excusationem.
1397 3948 1524 4003 Nam
1552 3958 1722 4015 neque
1745 3948 1999 4013 quantum
2023 3937 2126 3992 vini
2151 3936 2233 3989 bi-

659 4053 887 4109 nendum
929 4060 1070 4105 esset
1114 4053 1365 4106 noverat,
1399 4054 1497 4094 nec
1536 4034 1835 4107 quomodo;
1864 4045 2139 4087 merumne
2168 4044 2232 4080 an

660 4163 793 4218 aqua
839 4145 1060 4198 mixtum
1090 4157 1101 4191 :
1146 4153 1243 4193 nec
1278 4134 1487 4203 quando
1518 4128 1803 4183 bibendum
1828 4167 1844 4191 ,
1888 4124 2140 4179 statimne
2170 4138 2231 4173 cx

665 4232 1015 4290 torcularibus
1061 4231 1305 4282 haustum
1325 4265 1340 4287 ,
1373 4239 1438 4275 an
1467 4229 1583 4289 post
1632 4216 1842 4285 aliquod
1886 4224 2093 4282 tempus
2122 4210 2234 4263 ela-

668 4342 839 4396 psum.
872 4327 945 4377 Ac
969 4320 1236 4387 Scriptura
1264 4314 1474 4385 quidem
1517 4325 1610 4379 per
1637 4310 1749 4361 haec
1778 4305 1887 4359 Noe
1918 4305 2111 4357 factum
2142 4317 2237 4355 ex-

665 4393 847 4484 cusat;
875 4418 961 4487 qui
992 4428 1117 4468 vero
1142 4426 1205 4465 ex
1238 4410 1352 4478 ipso
1400 4412 1687 4476 prognatus
1730 4407 1881 4462 erat,
1915 4395 2004 4465 qui
2030 4393 2099 4448 ab
2128 4393 2243 4461 ipso

667 4486 909 4571 servatus
940 4504 1223 4579 (siquidem
1244 4507 1457 4569 propter
1476 4493 1769 4550 exhibitum
1796 4490 1930 4559 patri
1962 4486 2243 4546 honorem,

669 4620 769 4659 una
798 4616 921 4658 cum
952 4578 1175 4653 caeteris
1202 4596 1511 4659 tempestate
1536 4585 1777 4640 sublatus
1808 4596 1912 4635 non
1944 4578 2201 4647 perierat)
2230 4617 2243 4636 ,

671 4696 814 4751 nulla
848 4700 1048 4746 natura:
1079 4685 1253 4739 habita
1282 4681 1486 4735 ratione
1509 4719 1523 4741 ,
1552 4690 1658 4730 non
1680 4671 1868 4728 salutis
1894 4669 2126 4724 obtenta:
2154 4680 2245 4718 re-

673 4787 965 4849 cordatus,
1018 4795 1123 4834 uou
1178 4783 1321 4829 metu
1372 4771 1437 4823 ad
1477 4768 1751 4822 meliorem
1804 4772 2039 4816 mentem
2086 4757 2250 4813 redu-

675 4894 812 4945 ctus,
841 4891 961 4932 cum
991 4871 1161 4926 adhuc
1191 4876 1474 4935 superesse
1495 4857 1744 4927 reliquias
1770 4860 2009 4908 cerneret
2044 4850 2139 4904 ine
2164 4847 2251 4901 di-

678 4974 811 5026 vina:
838 5010 855 5036 ,
886 4981 1005 5021 cum
1036 4960 1253 5029 vestigia
1279 4950 1596 5010 calamitatis
1620 4959 1897 5017 apparere,
1932 4955 2052 4996 cum
2081 4938 2255 4992 adhuc

679 5076 864 5118 eorum
910 5072 1029 5127 qua:
1081 5050 1384 5106 acciderant
1430 5051 1629 5098 metqu
1675 5038 1892 5108 vigere,
1937 5028 2257 5087 contumelia

680 5122 953 5227 parentem
1000 5143 1192 5199 alTecit.
1222 5140 1331 5193 lluc
1360 5137 1517 5191 etiam
1562 5132 1814 5186 admonet
1854 5123 2069 5195 sapiens
2112 5122 2259 5191 quis-

684 5211 826 5315 piam
866 5239 1092 5295 dicens:
1131 5232 1210 5284 Ne
1235 5227 1463 5299 glorieris
1506 5225 1559 5276 in
1599 5217 1903 5274 contumelia
1953 5212 2111 5283 patris
2140 5211 2211 5264 tui
2243 5226 2261 5262 :

685 5301 786 5389 λοι
811 5332 939 5387 enim
970 5338 1037 5381 est
1063 5327 1145 5378 tibi
1174 5322 1333 5392 gloria
1352 5316 1509 5386 putris
1530 5310 1829 5365 contumelia
1853 5306 2037 5377 (Eccli.
2058 5306 2108 5357 5.
2148 5301 2261 5371 12).

692 5428 884 5481 Verum
914 5434 1085 5489 neque
1126 5416 1225 5468 hoc
1268 5416 1486 5465 noverat
1517 5404 1637 5466 ille;
1668 5400 1759 5453 sed
1806 5405 2078 5467 peccatum
2119 5394 2264 5447 omni

691 5521 843 5574 venia
870 5524 923 5568 ct
959 5506 1300 5566 excusatione
1339 5502 1614 5569 indignum
1644 5492 1875 5547 admisit.
1904 5488 2031 5542 ideo
2061 5484 2266 5557 peccati

2295 2100 2537 2155 tuiuerc?
2560 2098 2693 2152 Audi
2724 2093 3053 2149 manifestius
3078 2087 3214 2145 istud
3243 2087 3414 2155 ipsum
3444 2094 3646 2136 rursus.
3687 2077 3885 2130 Vindex

2296 2198 2439 2248 enim
2465 2200 2564 2253 est,
2598 2187 2785 2256 inquit,
2814 2186 2857 2238 ei
2881 2185 2963 2254 qui
2991 2182 3182 2235 titulum
3211 2180 3316 2249 agit
3344 2175 3554 2246 (ιδιά).
3588 2171 3771 2239 Neque
3797 2170 3885 2220 dio

2298 2287 2413 2350 xit,
2448 2283 2561 2337 Non
2606 2282 2749 2335 enim
2798 2280 2913 2331 sine
2957 2288 3113 2329 causa
3158 2272 3403 2341 princeps
3446 2277 3525 2321 est
3564 2262 3889 2331 :sedquid?

2302 2377 2423 2431 Non
2461 2375 2591 2430 enim
2631 2374 2737 2426 sine
2778 2386 2931 2423 causa
2957 2368 3190 2437 gladium
3217 2371 3402 2434 portat.
3433 2362 3711 2413 Armatum
3748 2355 3894 2421 judi-

2300 2484 2415 2525 cem
2450 2466 2540 2521 tibi
2572 2463 2811 2535 prmfeeit
2859 2462 2925 2516 Ut
2950 2461 3092 2514 enim
3122 2467 3272 2527 pater
3302 2456 3531 2508 liliormn
3558 2463 3767 2511 amans,
3798 2444 3893 2499 ubi

2305 2550 2632 2629 negligenter
2677 2554 2856 2608 ul‘licio
2894 2567 3010 2617 suo,
3039 2548 3182 2618 fungi
3224 2547 3369 2600 videt
3398 2544 3519 2598 illus
3544 2583 3561 2607 ,
3591 2552 3646 2595 et
3678 2548 3898 2609 propter

2309 2664 2583 2722 paternam
2608 2646 2987 2717 indulgentiam
3016 2658 3075 2697 se
3103 2644 3171 2695 ab
3198 2640 3301 2694 illis
3329 2634 3622 2697 contemni,
3654 2635 3724 2689 ob
3744 2647 3897 2686 suam

2309 2746 2599 2801 bonittnm
2648 2738 2949 2810 pmdagogis
2990 2752 3053 2789 ac
3094 2729 3509 2802 prince-pteribus
3566 2724 3919 2785 terribilibq;

2312 2838 2430 2891 illos
2480 2831 2802 2888 committit:
2832 2832 2909 2883 sic
2952 2838 3006 2879 et
3051 2841 3078 2878 a
3110 2836 3289 2878 nostra
3332 2830 3516 2874 natura
3551 2833 3610 2873 se
3656 2828 3902 2871 contem-

2315 2940 2461 2998 ptum
2505 2927 2733 2979 cernens
2776 2922 2958 2987 Deus,
2992 2920 3061 2972 ob
3089 2933 3239 2972 suam
3290 2915 3580 2969 bonitatem
3633 2924 3907 2978 tamquam

2318 3017 2583 3088 magistris
2612 3028 2672 3069 ac
2701 3012 3004 3084 paedagogis
3045 3006 3359 3078 quihusdam
3401 3001 3730 3074 principibus
3761 2999 3907 3054 illam

2323 3110 2579 3173 tradidit,
2614 3118 2671 3161 ut
2719 3103 3095 3174 negligentiam
3133 3098 3253 3168 ejus
3297 3096 3647 3163 eorrigercnt.
3697 3089 3804 3145 Sed
3858 3089 3909 3144 si

2323 3206 2479 3259 vultis
2504 3246 2518 3267 ,
2543 3220 2605 3257 ex
2636 3200 2799 3256 veteri
2827 3197 3173 3251 Testamento
3197 3190 3324 3246 illud
3353 3197 3660 3260 Spectetnus
3680 3227 3694 3251 ,
3718 3185 3788 3240 ob
3812 3197 3915 3237 noo

2324 3310 2488 3353 stram
2539 3295 2785 3349 nimirum
2836 3289 3148 3359 pravitatem
3180 3285 3282 3339 hoc
3326 3295 3459 3350 opus
3504 3279 3670 3333 fuisse
3708 3275 3910 3346 princi-

2329 3402 2471 3459 patu.
2504 3388 2732 3453 Propter
2764 3382 2973 3451 iniquos
2999 3377 3260 3447 quispiam
3289 3374 3545 3443 propheta
3585 3379 3918 3424 succensens

2329 3484 2412 3539 his
2439 3479 2616 3536 verbis
2646 3478 2809 3531 utitur
2835 3493 2846 3527 :
2876 3472 3087 3527 Tacebis
3114 3470 3233 3525 dum
3261 3466 3445 3534 impius
3470 3465 3677 3518 devorat
3693 3464 3915 3534 justum,

2328 3587 2373 3631 ct
2402 3576 2555 3647 [acies
2582 3574 2602 3603 '
2626 3571 2851 3624 homines
2884 3565 3027 3637 quasi
3058 3564 3218 3632 pisces
3260 3558 3431 3619 maris,
3465 3564 3511 3608 et
3540 3554 3686 3624 quasi
3715 3552 3919 3621 reptilia

2333 3644 2430 3724 "0;.
2455 3666 2687 3721 (rubentia
2709 3664 2884 3715 ducent
2913 3656 3138 3725 (natae.
3164 3655 3214 3708 ι.
3246 3651 3327 3705 t5.
3358 3647 3483 3718 lt)?
3511 3646 3651 3713 Ergo
3680 3644 3920 3699 ideoduv

2335 3773 2417 3816 εει
2442 3802 2456 3822 ,
2487 3773 2555 3813 ne
2599 3768 2866 3822 tamquam
2910 3724 3123 3817 reptilia
3150 3734 3315 3799 sitatis
3338 3760 3352 3794 :
3379 3740 3499 3794 ideo
3527 3740 3779 3805 princeps
3802 3777 3817 3800 ,
3853 3750 3926 3788 ne

2340 3863 2605 3921 tamquam
2656 3849 2827 3915 pisces
2855 3843 2876 3874 ³
2904 3855 3001 3895 nos
3048 3837 3275 3893 invicem
3325 3832 3671 3887 devoremus.
3704 3826 3836 3881 Nam
3868 3834 3929 3878 nt

2342 3952 2557 4014 propter
2600 3938 2820 3994 morbos
2860 3933 3249 3988 medicamenta
3279 3934 3403 3980 sunt
3424 3923 3579 3987 data,
3608 3921 3685 3974 sic
3708 3926 3931 3988 propter

2326 4037 2557 4108 delicta,
2587 4028 2866 4099 supplicia.
2895 4024 3158 4091 Quoniam
3197 4018 3340 4073 enim
3369 4017 3413 4069 is
3442 4014 3529 4083 qui
3556 4013 3756 4064 virtute
3790 4024 3931 4078 pm!—

2344 4128 2485 4181 ditus
2515 4098 2672 4185 vivit,
2698 4098 2961 4189 ejusmodi
3000 4111 3318 4186 przrfectura
3374 4121 3479 4161 non
3527 4103 3763 4169 indiget,
3805 4098 3933 4153 audi

2344 4219 2469 4290 qttid
2513 4217 2656 4270 dicat
2676 4212 2872 4267 Paulus
2903 4228 2915 4263 :
2941 4209 3035 4263 Sin
3065 4215 3233 4259 autent
3262 4203 3336 4256 vis
3363 4216 3465 4253 non
3509 4198 3684 4250 timere
3710 4204 3936 4263 potata-

2350 4284 2446 4365 t‘ent
2474 4352 2486 4371 ,
2534 4310 2719 4362 bonum
2763 4304 2844 4372 {ac
2873 4341 2887 4364 ,
2920 4309 2966 4355 et
3016 4297 3218 4351 [iubebis
3256 4294 3455 4347 tandem
3503 4306 3564 4343 ea:
3605 4287 3696 4340 illa
3754 4284 3933 4347 (Rata.

2353 4405 2437 4457 15.
2462 4403 2537 4467 5).
2569 4397 2849 4466 Spectator
2879 4404 2999 4446 tuus
3021 4432 3035 4452 ,
3057 4386 3246 4457 inquit,
3279 4395 3360 4438 est
3387 4381 3570 4450 judex.
3600 4380 3658 4433 Si
3689 4387 3833 4431 recte
3866 4376 3946 4426 vi-

2354 4512 2446 4547 vas
2470 4535 2484 4558 ,
2516 4508 2619 4545 non
2664 4495 2930 4557 spectator
2954 4482 3124 4536 solum
3148 4520 3160 4541 ,
3194 4475 3289 4531 sed
3326 4474 3490 4529 etiam
3540 4469 3804 4523 laudator.
3835 4466 3945 4519 Sed

2355 4588 2477 4659 quid
2523 4600 2621 4653 ego
2663 4582 2731 4635 dc
2780 4577 3076 4649 principum
3124 4571 3317 4641 loquor
3343 4565 3663 4621 necessitate
3687 4601 3703 4624 ,
3732 4576 3853 4613 cum
3882 4568 3944 4613 ct

2357 4653 2475 4735 aliis
2518 4676 2684 4731 multo
2715 4668 3007 4740 majoribus
3035 4662 3379 4719 sublitniores
3422 4658 3530 4711 sint
3569 4654 3660 4725 qui
3708 4653 3952 4722 philoso-

2362 4776 2538 4845 phiam
2567 4767 2775 4824 culum?
2800 4760 3072 4833 Siquidem
3097 4754 3393 4828 principum
3412 4751 3647 4818 ipsorum
3674 4745 3953 4817 principes

2363 4839 2489 4921 sunt
2530 4864 2694 4933 leges.
2730 4861 2975 4912 Attamen
3022 4863 3194 4920 neque
3246 4844 3453 4916 legibus
3495 4840 3696 4909 indiget
3738 4839 3827 4904 is,
3856 4842 3951 4906 qui

2365 4973 2484 5013 cum
2534 4950 2793 5008 modestia
2822 4957 2875 5002 et
2919 4944 3171 5014 aequitate
3200 4937 3336 4993 vivit
3367 4943 3570 5003 :atque
3609 4933 3710 4985 hoc
3742 4939 3957 4985 testan-

2369 5062 2475 5106 tem
2517 5047 2639 5101 audi
2667 5042 2886 5098 Paulum
2922 5037 3004 5091 bis
3032 5034 3244 5098 verbis,
3269 5030 3421 5084 Justo
3443 5028 3527 5080 lea:
3554 5040 3657 5077 non
3682 5033 3754 5077 est
3783 5025 3961 5093 posita

2372 5147 2447 5216 (l.
2474 5142 2604 5197 'l'im.
2633 5141 2683 5193 1.
2718 5137 2794 5205 9).
2825 5132 2976 5200 Quod
3003 5133 3047 5186 si
3078 5131 3162 5185 lex
3182 5126 3351 5199 posita
3377 5138 3483 5178 non
3508 5130 3613 5180 est.
3642 5118 3813 5173 multo
3844 5131 3963 5171 ma-

2369 5209 2449 5307 gis
2478 5233 2720 5304 princeps
2748 5226 2797 5281 ei
2826 5224 3105 5294 pntzfectus
3126 5234 3230 5274 non
3261 5225 3361 5271 est.
3396 5215 3475 5271 En
3503 5211 3596 5267 tibi
3622 5209 3841 5266 tertium
3870 5222 3965 5277 ge-

2373 5304 2472 5384 nus
2514 5326 2843 5396 principatus
2868 5359 2882 5382 ,
2910 5317 3000 5385 qui
3039 5324 3094 5369 et
3124 5312 3237 5383 ipse
3279 5310 3494 5365 ductam
3530 5306 3686 5361 habet
3716 5304 3968 5357 occasio-

2374 5437 2493 5475 nem
2520 5434 2548 5471 a
2573 5420 2790 5486 peccato
2813 5419 2868 5464 et
2894 5406 3248 5477 improbitate.

694 5625 904 5683 pt'ttnttt
955 5605 1257 5659 servitutem
1306 5592 1557 5654 incurrit,
1587 5588 1913 5653 fratrumque
1957 5594 2143 5633 servus
2189 5584 2271 5629 est
2354 5578 2355 5581 ‘
2439 5602 2457 5631 ,
2493 5604 2606 5658 Reg.
2633 5602 2792 5648 unus,
2815 5597 2908 5635 ηση
2930 5576 3168 5633 emendan-
3192 5589 3373 5627 "mwm
3398 5574 3515 5624 mn.
3537 5608 3553 5631 ν
3575 5569 3658 5623 me
3690 5584 3788 5619 Μ
3808 5582 3973 5620 Μ

2385 5662 2517 5683 Δ-ι..-
2544 5664 2607 5683 ,μά

2379 5662 2624 5776 “inﬁgit:
2657 5724 2811 5767 unus,
2857 5722 2886 5759 ο
2917 5705 3171 5776 providens
3211 5711 3354 5760 nens,
3399 5706 3528 5750 taces
3567 5699 3685 5747 dun
3731 5697 3893 5753 tum
3916 5696 3985 5746 ab

2384 5785 2524 5838 intuio
2548 5774 2820 5831 devoratur.
2843 5779 2885 5821 ct
2910 5774 3045 5840 locis.

2449 5849 2467 5879 ³
2503 5854 2638 5907 tte-5.,
2662 5850 2814 5904 μείρει
2837 5846 3001 5883 ttuu'ts.

759 5768 776 5800 ι
811 5771 878 5814 tta
900 5760 1029 5821 ttegii
1049 5756 1196 5821 bene.
1222 5752 1338 5821 Edit.
1363 5747 1509 5821 male,
1531 5743 1775 5821 ι’ὴωιᾳξιπ.

760 5796 1097 5887 (αδκδιλξνηῗᾴῖδίεβ
1116 5796 1631 5887 ὖᾘειῖῗᾶιιιῇὼδιρωιιδ
1648 5802 1852 5887 .t’aululu't’
1880 5797 2131 5887 tiori'uthiis
2156 5796 2271 5843 scri-

1113 5860 1247 5939 {vi
1261 5860 1395 5924 locus
1414 5880 1489 5921 est
1513 5872 1560 5918 in
1580 5868 1726 5932 Epist.
1743 5864 1801 5912 ad
1825 5860 2064 5924 Ephesios.
