4180 6506
324 474 431 528 5997

396 586 433 643 3
480 587 723 657 Quonam
767 588 925 659 lgitur
955 594 1112 657 pacto
1140 585 1215 639 ait
1252 582 1444 638 Paulus
1473 590 1789 650 potestatem
1822 593 1928 630 uott

323 693 449 734 esse
475 678 575 733 nisi
605 695 635 731 a
678 678 787 733 Deo
816 676 993 748 (Rom.
1023 677 1111 732 l3.
1142 674 1243 744 2)?
1270 672 1422 742 Quod
1453 672 1703 726 nimirum
1728 671 1795 724 ad
1823 669 1930 723 uti-

328 769 530 826 Iitatem
575 779 810 825 nostram
855 767 1008 823 nobis
1046 767 1193 823 illam
1236 766 1377 821 Dcus
1410 758 1764 818 constituerit.
1796 759 1929 816 Natu

326 868 607 929 peccatum
649 858 866 929 quidem
909 858 1285 914 necessitatem
1328 856 1448 924 ejus
1496 853 1695 909 invexit
1732 869 1747 905 :
1791 851 1932 907 Deus

321 964 503 1006 autem
527 950 595 1004 ad
623 960 861 1005 nostram
893 948 1175 1005 utilitatem
1204 956 1287 1003 est
1314 961 1459 1002 usus.
1494 946 1559 1000 Et
1586 942 1931 1015 quemadmo-

324 1040 453 1095 dutn
482 1056 548 1095 es
578 1041 889 1098 vulneribus
917 1042 976 1095 lit
1006 1047 1066 1095 ut
1108 1038 1514 1095 medicamentis
1560 1038 1927 1107 indigeamus;

326 1145 394 1187 ex
420 1131 748 1187 medicorum
774 1140 953 1187 autent
981 1129 1261 1201 sapientia,
1292 1139 1350 1184 ut
1373 1128 1728 1185 adhibeantur
1756 1126 1932 1183 medi-

324 1233 575 1277 camenta
608 1239 622 1276 :
650 1222 728 1277 sic
759 1230 815 1277 et
851 1221 1146 1277 necessitas
1182 1220 1456 1277 servitutis
1482 1230 1660 1275 ortum
1690 1217 1871 1275 habuit
1900 1232 1931 1273 a

328 1323 549 1383 peccato
580 1331 594 1369 :
629 1324 685 1370 ιιι
708 1323 888 1370 autem
915 1314 981 1369 ad
1008 1313 1061 1370 id
1086 1314 1227 1385 quod
1256 1329 1392 1385 opus
1417 1323 1534 1369 erat
1559 1313 1646 1368 illa
1673 1312 1933 1383 dirigere-

326 1412 435 1471 ων,
461 1403 515 1460 id
539 1420 672 1462 sane
698 1406 896 1462 divina:
920 1417 1199 1479 acceptum
1228 1405 1504 1461 ferendum
1525 1415 1609 1460 est
1632 1403 1930 1475 sapientiai.

328 1496 531 1554 Verum
569 1499 755 1556 adeste
784 1500 1013 1567 animis,
1046 1509 1102 1555 et
1128 1500 1390 1557 desidiam
1421 1515 1636 1555 omnem
1674 1499 1926 1555 excutite.

325 1588 434 1645 Cur
462 1590 677 1647 tandem
704 1591 755 1647 id
785 1592 938 1647 dico?
964 1593 1267 1664 Scripturas
1292 1593 1445 1649 vobis
1473 1607 1807 1657 enarramus,
1836 1606 1934 1648 vos

326 1693 456 1737 vero
480 1683 685 1740 aversis
707 1700 735 1740 a
766 1687 921 1741 nobis
940 1688 1133 1753 oculis,
1158 1686 1227 1742 ad
1255 1687 1503 1743 lucernas
1527 1696 1582 1742 et
1606 1687 1671 1741 ad
1696 1702 1819 1742 eum
1841 1687 1932 1758 qui

327 1775 574 1833 lucernas
591 1778 918 1834 accendebat
941 1778 1042 1866 (αλ,
1064 1795 1160 1835 eos
1182 1780 1545 1836 convertistis.
1567 1779 1789 1849 Quanta:
1812 1794 1933 1849 por-

327 1881 393 1923 ro
419 1873 505 1923 est
540 1866 644 1925 hoc
669 1870 930 1926 socordia:
949 1912 967 1937 ,
997 1870 1152 1925 nobis
1193 1871 1396 1927 relictis
1418 1913 1434 1938 ,
1466 1872 1589 1927 huic
1617 1870 1934 1927 attendere?

327 1955 509 2028 Ignem
538 1973 639 2030 ego
666 1974 880 2030 quoque
903 1962 1141 2018 aecendo
1162 1963 1176 1993 ί
1197 2003 1214 2028 ,
1244 1964 1333 2032 qui
1364 1962 1495 2017 latet
1524 1964 1575 2015 in
1603 1961 1893 2032 Scripturie
1913 2002 1930 2025 ,

326 2056 383 2103 et
409 2048 464 2103 in
495 2056 676 2105 nostra
703 2050 877 2121 lingua
906 2051 1250 2109 succenditur
1270 2054 1487 2108 lucerna
1513 2052 1792 2109 doctrinae.
1819 2053 1934 2109 Hoc

328 2138 424 2194 illo
454 2131 625 2209 majus
658 2149 742 2194 est
784 2141 964 2196 lumen
993 2158 1059 2197 ac
1096 2142 1289 2198 melitts
1316 2159 1333 2199 :
1366 2158 1470 2197 non
1497 2143 1641 2199 enim
1669 2143 1792 2199 oleo
1816 2159 1935 2199 ma-

326 2228 463 2284 dens
498 2229 823 2301 ellyehnium
850 2274 866 2298 ,
904 2241 961 2286 ut
989 2232 1090 2289 iste
1109 2275 1123 2295 ,
1153 2233 1497 2289 accendimus
1519 2275 1535 2300 ,
1565 2235 1659 2290 sed
1689 2236 1936 2306 irrigatas

328 2322 529 2393 pietate
553 2324 761 2379 animas
786 2325 1036 2380 audiendi
1057 2316 1353 2396 cupiditate
1381 2327 1795 2383 inﬂant-namus.
1828 2329 1936 2384 Dis-

326 2415 543 2472 serebat
573 2417 732 2471 etiam
774 2418 970 2473 Paulus
998 2420 1285 2490 aliquando
1316 2421 1367 2475 in
1402 2424 1677 2477 cenaculo
1702 2422 1932 2492 quodam

326 2507 464 2578 (Act.
491 2508 582 2564 20.
619 2510 752 2579 7-9).
782 2510 952 2566 Nemo
979 2522 1156 2567 tamen
1196 2512 1487 2569 arbitretur
1512 2515 1774 2585 meipsum
1799 2518 1935 2571 velle

327 2614 417 2656 me
441 2615 562 2656 cum
591 2600 758 2659 Paulo
785 2618 1135 2673 comparare.
1164 2620 1271 2660 non
1300 2608 1443 2661 enim
1472 2606 1607 2662 adeo
1637 2622 1756 2663 sum
1788 2609 1933 2664 iusa-

327 2707 465 2757 nus,
495 2692 590 2748 sed
621 2703 679 2749 ut
723 2694 1031 2766 intelligatis
1069 2708 1325 2768 qttantum
1365 2699 1524 2755 studii
1558 2715 1653 2756 vos
1689 2710 1937 2771 oporteat

326 2782 393 2837 ad
437 2784 762 2841 audiendum
805 2788 1083 2844 adhibere.
1124 2790 1431 2846 Disserebat
1472 2807 1603 2861 ergo
1646 2792 1842 2847 Paulus
1880 2794 1933 2848 in

325 2877 625 2943 cmuaculo,
653 2888 708 2934 et
730 2896 968 2949 vespera,
996 2893 1048 2936 ut
1080 2899 1220 2939 nunc
1242 2884 1425 2948 etiam,
1449 2884 1652 2947 incidit.
1675 2897 1936 2957 erantque

326 2965 562 3024 lucernze
592 2972 643 3025 itt
671 2975 951 3028 cmnaculo
981 2992 992 3027 :
1022 2974 1219 3031 deinde
1247 2975 1438 3031 cecidit
1468 2976 1741 3049 Eutychus
1768 2978 1837 3033 de
1870 2978 1935 3034 fe-

328 3070 507 3114 nestra
534 3102 550 3120 .
583 3078 755 3134 neque
780 3076 1101 3122 conventum
1131 3083 1289 3123 casus
1329 3068 1418 3124 ille
1445 3069 1727 3135 dissolvit,
1760 3087 1937 3142 neque

326 3167 476 3208 mors
520 3152 788 3209 theatrum
834 3159 1094 3213 sustulit:
1129 3176 1311 3214 verum
1358 3161 1427 3214 ita
1473 3161 1669 3217 divinis
1709 3164 1937 3233 eloquiis

325 3244 606 3302 audiendis
638 3248 783 3303 affixi
811 3260 999 3315 erant,
1031 3261 1089 3305 ut
1129 3268 1306 3322 neque
1334 3269 1491 3310 casus
1532 3254 1675 3309 illius
1716 3270 1934 3311 sensum

327 3335 497 3390 ullum
526 3340 770 3408 ceperint
798 3356 813 3393 :
843 3356 939 3396 vos
975 3359 1102 3398 vero
1134 3344 1277 3398 nttlla
1322 3345 1530 3400 inSolita
1564 3363 1620 3401 nc
1647 3358 1935 3417 compecta

327 3430 409 3484 vel
434 3431 590 3495 mira,
613 3430 709 3487 sed
735 3432 956 3490 homine
981 3430 1207 3497 tantum,
1229 3437 1318 3507 qui
1342 3437 1556 3491 solitum
1581 3440 1934 3495 ministerium

326 3520 529 3586 obibat,
560 3520 687 3576 illuc
711 3523 898 3578 oculos
922 3527 1284 3581 convenistis.
1314 3527 1381 3581 Et
1406 3543 1509 3596 qua
1538 3530 1752 3584 tandem
1782 3532 1936 3600 venia

327 3612 547 3683 dignum
581 3614 683 3669 hoc
721 3614 921 3670 fuerit?
946 3616 1116 3671 Nemo
1146 3618 1323 3689 igitur,
1353 3619 1719 3686 dilectissimi,
1753 3638 1937 3691 repre-

329 3704 642 3761 hensionem
688 3706 967 3762 molestam
1012 3718 1066 3762 et
1108 3725 1326 3779 gravem
1370 3713 1661 3768 arbitretur
1703 3732 1715 3765 :
1765 3730 1937 3783 neque

328 3798 472 3853 enim
499 3795 626 3851 odio
653 3797 887 3867 impulsi,
913 3800 1007 3854 sed
1034 3800 1396 3856 Sollicitttdine
1417 3802 1615 3859 inducti
1644 3804 1936 3873 reprehens

326 3894 523 3948 dimus.
559 3892 823 3949 Fideliora
848 3897 1045 3966 quippe
1070 3910 1189 3953 sunt
1214 3902 1492 3954 amicorum
1524 3906 1754 3971 vulnera,
1784 3921 1937 3972 quam

326 3996 609 4055 spontaneo
633 3988 808 4041 oscula
835 3988 1154 4043 inimicorum
1182 3991 1363 4055 (Pror.
1393 3993 1482 4047 27.
1518 3993 1592 4063 6).

401 4074 481 4131 De
510 4076 685 4145 0M5!
721 4079 944 4147 ﬁliorum
974 4098 1094 4151 erga
1124 4094 1356 4151 parentes
1380 4102 1397 4147 ;
1428 4088 1491 4139 de
1516 4089 1934 4141 remunerationi-

328 4168 419 4223 bus
445 4170 763 4225 manentibus
790 4183 1056 4240 parentum
1085 4175 1329 4229 cultores.
1360 4176 1435 4230 De
1460 4181 1620 4247 panis
1650 4180 1933 4245 parricida.

328 4274 485 4312 rum:
510 4276 601 4313 cur
626 4259 850 4329 lapidari
880 4280 964 4317 eos
993 4265 1149 4319 roluit
1182 4265 1334 4320 Deus.
1360 4299 1431 4309 —-
1454 4271 1724 4325 Attetulite
1755 4274 1933 4342 igitur,

327 4364 533 4420 quaeso,
560 4360 613 4404 et
642 4350 743 4407 hoc
773 4353 894 4424 igne
924 4355 1111 4409 relicto
1138 4357 1204 4411 ad
1234 4372 1507 4414 sacrarum
1537 4362 1933 4432 Scripturarum

331 4440 510 4496 lumen
536 4442 772 4497 animum
799 4444 1066 4500 adhibete.
1098 4448 1276 4503 Alium
1299 4451 1441 4505 enim
1466 4453 1795 4522 principatus
1823 4472 1933 4510 mo-

326 4532 455 4588 dum
498 4535 657 4589 statui
692 4536 907 4603 dicere,
938 4541 1025 4609 qui
1065 4557 1169 4594 non
1201 4558 1229 4594 a
1264 4554 1516 4612 peccato,
1551 4546 1644 4601 sed
1680 4563 1708 4600 a
1747 4557 1932 4603 natura

328 4623 441 4693 ipsa
484 4625 647 4681 traxit
684 4628 963 4697 originem.
998 4633 1128 4698 Quis
1172 4634 1260 4689 ille
1304 4650 1463 4703 porro
1497 4641 1616 4693 est?
1649 4640 1932 4695 Parentmn

331 4714 383 4768 in
424 4714 643 4771 liberos.
682 4717 780 4772 Est
817 4720 960 4775 enim
1002 4726 1366 4779 remuneratio
1401 4739 1581 4795 partus
1613 4730 1784 4783 honor
1812 4732 1931 4787 iste.

332 4806 617 4876 Propterea
645 4812 859 4880 sapiens
883 4816 1148 4883 qttisttiattt
1172 4816 1303 4871 dicit
1337 4838 1349 4871 :
1382 4821 1542 4886 Quasi
1567 4824 1785 4879 dominis
1808 4828 1934 4879 servi

328 4899 390 4953 iis
411 4940 424 4958 .
456 4902 540 4968 qui
573 4912 621 4954 te
644 4916 922 4972 genuerunt
953 4906 1137 4977 (Ereti.
1169 4910 1221 4963 5.
1251 4910 1326 4977 8).
1366 4912 1565 4967 lli-inde
1592 4932 1805 4971 causam
1836 4920 1931 4971 atl-

329 4990 440 5057 jicit
470 4991 653 5045 dicens
683 5010 697 5046 :
726 4994 861 5059 Quid
885 4999 1016 5051 enim
1041 4998 1287 5055 retribues
1316 5003 1439 5068 illis,
1468 5009 1717 5073 quomoda
1747 5010 1825 5061 illi
1848 5011 1936 5063 tibi

328 5081 346 5148 ζ
371 5080 505 5134 Ibid.
535 5084 589 5135 7.
619 5084 768 5154 30)?
817 5088 1049 5144 Tametsi
1082 5093 1209 5158 quid
1238 5094 1451 5149 tandem
1478 5109 1560 5151 est
1582 5140 1594 5158 ,
1625 5101 1764 5169 quod
1798 5102 1936 5157 filius

331 5172 469 5240 βοιιί
507 5174 807 5232 retribuere
851 5196 954 5231 non
994 5185 1201 5248 possit?
1232 5184 1373 5239 Nihil
1401 5202 1533 5257 ergo
1566 5191 1706 5245 aliud
1742 5203 1936 5261 prarter

331 5263 433 5318 hoc
462 5264 587 5319 dicit
622 5284 635 5319 :
667 5266 736 5324 Ut
760 5281 811 5324 te
838 5272 933 5339 ipsi
965 5290 1281 5343 genuerunt,
1314 5289 1367 5334 tu
1397 5282 1513 5337 illos
1539 5284 1755 5353 gignere
1780 5290 1935 5343 mini-

333 5370 420 5411 me
466 5360 681 5427 poteris.
715 5364 937 5426 Quando
976 5366 1134 5434 igitur
1172 5369 1225 5423 in
1272 5372 1371 5426 hac
1416 5390 1473 5428 re
1514 5374 1615 5429 illis
1654 5380 1934 5436 inferiores

335 5462 539 5511 sumus,
572 5449 784 5506 aliunde
815 5454 953 5519 illos,
987 5456 1177 5511 delatis
1208 5462 1336 5529 ipsis
1368 5465 1679 5531 honoribus,
1714 5488 1935 5541 supere-

332 5553 472 5601 tnus,
503 5556 606 5593 ltOn
635 5546 704 5596 ob
734 5544 901 5614 legem
932 5558 1137 5605 natura:
1167 5562 1392 5617 tantum,
1419 5558 1513 5612 sed
1540 5572 1663 5615 ante
1691 5573 1931 5619 naturam

331 5629 402 5684 ob
432 5630 525 5687 Dei
564 5633 828 5689 timorem.
864 5637 1083 5693 Multum
1112 5643 1253 5697 enim
1290 5658 1535 5713 parentes
1562 5666 1588 5701 a
1624 5653 1805 5707 liberis
1836 5656 1931 5710 lto-

336 5723 509 5778 norari
539 5724 647 5777 vult
682 5726 824 5782 Dens
852 5746 864 5780 :
896 5739 950 5782 et
975 5732 1062 5798 qni
1097 5732 1195 5787 hoc
1236 5734 1492 5803 fecerint,
1533 5744 1737 5811 magnis
1782 5746 1933 5801 bonis

398 5836 415 5899 ἦ
453 5843 587 5893 κυεῖ..
611 5836 767 5899 ignem
789 5852 931 5899 super
956 5850 1137 5891 terram
1162 5849 1389 5895 nrt‘ei'do.

397 5897 469 5958 (ιι)
496 5897 761 5961 Lampados
786 5897 889 5950 sive
915 5902 1125 5955 lucerna:
1152 5909 1196 5957 in
1223 5910 1427 5960 t'lJ'.‘lt.‘le
1454 5916 1862 5968 accculchantur.

1645 466 1711 522 IN
1750 462 2054 520 CENESIM
2094 463 2331 520 SEllllO
2370 462 2458 521 IV.

3548 464 3653 522 593i

2041 588 2417 630 remuneratur
2440 591 2505 630 ac
2530 573 2707 637 donis.
2732 588 2828 630 eus
2858 589 2988 628 vero
3014 574 3101 643 qui
3130 573 3299 644 legent
3333 577 3651 644 transgressi

2038 668 2256 736 fuerint,
2285 668 2491 739 magnis
2516 678 2571 724 et
2592 668 2847 737 gravibus
2870 667 3027 721 malis
3055 668 3223 737 punit.
3254 666 3355 734 Qui
3376 667 3653 723 maledixi-

2036 761 2122 825 rit,
2158 760 2347 830 inquit,
2380 760 2517 828 patri
2543 760 2619 813 vel
2650 759 2819 825 matri,
2851 768 3012 813 morte
3039 758 3287 812 moriatur
3308 758 3327 828 (
3348 757 3517 812 Exod.
3549 758 3654 814 21.

2040 852 2153 917 l7).
2187 851 2275 905 Eis
2301 867 2449 918 vero,
2477 851 2566 921 qui
2595 850 2864 906 honorant
2890 850 3031 915 illos,
3061 850 3141 905 sic
3167 850 3243 904 ait
3268 865 3281 903 :
3314 848 3528 904 Honora
3558 866 3657 918 ρι-

2037 954 2165 999 trem
2189 955 2329 997 tuum
2357 954 2402 1000 et
2433 955 2644 998 matrem
2673 954 2833 1009 tuom,
2862 951 2915 997 ut
2944 943 3066 998 bene
3093 943 3156 997 sit
3182 942 3272 997 tibi
3299 959 3319 995 :
3345 950 3391 996 et
3416 942 3516 997 eris
3535 943 3657 998 tou-

2038 1055 2206 1112 gtevus
2231 1055 2386 1109 super
2416 1048 2604 1093 terram
2635 1037 2847 1109 (Exod.
2877 1037 2971 1095 20.
3007 1039 3133 1109 12).
3169 1037 3323 1108 Quod
3359 1038 3658 1095 maximqu

2037 1147 2159 1190 esse
2186 1133 2385 1189 bonum
2413 1142 2686 1199 censetur,
2718 1135 2928 1189 beatam
2964 1132 3173 1188 scilicet
3210 1141 3569 1197 senectutem,
3599 1141 3657 1188 et

2037 1225 2164 1281 vitae
2207 1224 2565 1297 prolixitatem
2591 1265 2607 1291 ,
2656 1223 2761 1279 hoc
2804 1224 3085 1295 preposuit
3130 1222 3410 1294 premium
3460 1222 3526 1278 iis
3562 1222 3654 1292 qui

2040 1316 2188 1387 ipsos
2227 1316 2537 1371 honorarint
2567 1333 2581 1370 :
2611 1314 2833 1386 etquod
2873 1329 3145 1371 summum
3183 1328 3307 1370 esse
3338 1313 3538 1369 malum
3572 1313 3656 1367 vi-

2038 1408 2215 1473 detur,
2246 1416 2471 1463 mortem
2500 1407 2840 1462 immaturam
2861 1447 2878 1473 ,
2908 1406 3011 1459 hoc
3040 1405 3093 1459 in
3126 1418 3340 1475 pinnam
3373 1405 3656 1475 preposttit

2039 1499 2107 1575 iis
2132 1541 2146 1565 ,
2178 1499 2268 1570 qui
2295 1498 2672 1555 contumeliosi
2701 1498 2756 1554 in
2782 1512 2878 1553 eos
2905 1496 3099 1552 ftterittt
3132 1514 3143 1550 :
3172 1504 3333 1566 atque
3360 1495 3431 1549 ita
3459 1494 3657 1553 borum

2039 1590 2255 1661 quidem
2286 1589 2716 1646 benevolentiam
2740 1588 2841 1645 sibi
2870 1588 3092 1643 honoris
3122 1586 3504 1657 pollicitatione
3523 1600 3657 1641 con-

2038 1683 2207 1750 ciliat,
2241 1682 2365 1738 illos
2391 1697 2519 1737 vero
2545 1686 2709 1737 etiam
2737 1680 2934 1735 invitos
2964 1695 3137 1749 pcetne
3166 1677 3451 1733 formidine
3476 1692 3506 1730 a
3533 1691 3654 1731 con-

2041 1775 2260 1831 tumelia
2302 1783 2537 1831 revocat.
2584 1772 2702 1828 Non
2750 1772 2925 1828 solum
2963 1772 3107 1828 enim
3149 1771 3286 1824 mori
3332 1767 3655 1839 parricidam

2035 1868 2208 1939 jubet,
2234 1883 2406 1939 neque
2430 1868 2711 1937 abreptum
2733 1881 2763 1920 a
2782 1865 2983 1937 judicio
3010 1879 3105 1934 per
3127 1863 3299 1918 lorum
3323 1876 3355 1917 a
3377 1860 3658 1917 lictoribus

2037 1960 2229 2027 educi,
2259 1974 2434 2030 neque
2462 1968 2616 2015 extra
2652 1958 2923 2014 civitatem
2954 1956 3129 2026 capite
3161 1953 3397 2010 truncari
3434 1969 3447 2008 :
3477 1952 3571 2008 sed
3598 1952 3655 2007 in

2042 2051 2278 2107 mediam
2304 2052 2576 2108 civitatem
2601 2050 2819 2106 deducit
2846 2050 3019 2120 ipsum
3046 2057 3215 2118 pater,
3243 2055 3299 2102 et
3321 2045 3526 2116 absque
3551 2044 3659 2098 alia

2039 2145 2225 2217 quavis
2272 2144 2586 2214 probatione
2617 2144 2751 2199 fides
2781 2142 2857 2197 illi
2895 2142 3124 2197 habetur
3154 2158 3169 2194 :
3202 2156 3267 2197 ac
3300 2139 3497 2195 merito
3531 2137 3653 2209 qui?

2038 2237 2184 2294 dem.
2214 2236 2347 2293 Nam
2377 2236 2469 2307 qui
2504 2236 2760 2307 pecunias
2798 2244 2854 2291 et
2891 2249 3116 2303 corpora
3162 2242 3214 2290 et
3252 2231 3398 2287 aliud
3441 2230 3657 2301 quidvis

2041 2344 2139 2400 pro
2180 2329 2292 2384 lilio
2332 2328 2563 2385 libenter
2602 2326 2969 2398 impenderet,
3008 2341 3300 2397 numquam
3344 2324 3462 2394 ejus
3503 2323 3657 2379 fieret

2038 2428 2343 2486 accusator,
2378 2420 2481 2475 nisi
2516 2433 2727 2475 summa
2766 2418 2836 2474 ab
2874 2418 2968 2473 illo
3009 2417 3201 2487 injuria
3232 2414 3653 2472 essetedoctus.

2042 2513 2265 2569 Deducit
2306 2513 2468 2583 igitur
2495 2513 2646 2568 illttm
2676 2512 2728 2567 in
2766 2510 3004 2583 medium
3034 2508 3264 2564 civitatis
3284 2549 3300 2573 ,
3332 2505 3526 2562 deinde
3556 2522 3655 2576 po-

2040 2607 2165 2678 pqu
2190 2607 2454 2664 advocato
2482 2607 2880 2664 accusationem
2909 2605 3254 2675 pronuntiat:
3283 2604 3374 2672 qui
3405 2616 3533 2656 vero
3558 2617 3656 2656 au-

2038 2701 2213 2762 diunt.
2241 2700 2434 2772 singuli
2466 2709 2682 2770 arrepto
2707 2699 2887 2768 lapide
2920 2698 3243 2768 parricidam
3270 2694 3424 2750 illum
3454 2708 3653 2763 percu-

2042 2793 2200 2848 tiunt.
2246 2792 2363 2848 Non
2390 2794 2555 2848 enim
2601 2800 2935 2862 spectatores
2976 2799 3185 2844 tantum
3232 2785 3515 2858 supplicii,
3556 2784 3653 2839 sed

2040 2884 2203 2941 etiam
2232 2884 2509 2941 ministros
2535 2899 2631 2941 eos
2664 2897 2787 2940 esse
2816 2882 2925 2937 vult
2958 2883 3253 2953 legislatnr,
3286 2889 3343 2935 ut
3371 2894 3494 2935 cum
3524 2877 3656 2933 dex-

2042 2986 2212 3033 teram
2240 2991 2395 3033 suam
2414 2978 2642 3048 quisque
2668 2976 3033 3046 conspexerit,
3064 2990 3167 3045 qua
3199 2972 3431 3044 lapidem
3456 2980 3510 3028 et
3539 2970 3657 3041 ipse

2041 3069 2103 3124 in
2126 3068 2403 3139 parricida:
2425 3078 2585 3139 caput
2616 3069 2861 3138 projecit,
2889 3066 2988 3121 hac
3014 3064 3302 3121 sufficienti
3330 3062 3658 3118 admonitio—

2043 3175 2110 3215 ne
2148 3160 2439 3215 instrttcuts
2479 3160 2542 3213 ad
2579 3160 2859 3215 meliorem
2899 3158 3105 3225 frugem
3135 3162 3439 3210 revocetur.
3469 3152 3659 3223 Neque

2044 3269 2175 3310 vero
2210 3253 2261 3309 id
2305 3256 2482 3309 solum
2506 3295 2519 3317 ,
2554 3253 2648 3309 sed
2690 3263 2745 3308 et
2783 3252 2925 3307 aliud
2970 3250 3124 3305 nubis
3156 3249 3330 3305 innuit
3359 3247 3656 3319 legislator,

2042 3365 2167 3404 eum
2197 3349 2470 3410 nimirum,
2500 3348 2590 3415 qui
2621 3347 2946 3402 contumelia
2978 3353 3229 3415 parentes
3254 3342 3517 3408 affecerit,
3547 3357 3665 3398 non

2044 3440 2164 3494 illos
2190 3447 2417 3506 tantum,
2446 3439 2540 3495 sed
2569 3439 2732 3494 etiam
2770 3453 2960 3492 omnes
2990 3436 3235 3491 homines
3265 3434 3493 3490 ltesisse.
3524 3432 3659 3488 Pro-

2043 3540 2223 3598 pterea
2262 3540 2485 3585 cunctos
2524 3529 2591 3584 ad
2632 3528 2878 3599 supplicii
2917 3528 3249 3583 consortium
3288 3534 3474 3589 vocat,
3502 3525 3657 3595 quasi

2041 3621 2367 3675 contumelia
2410 3620 2606 3676 fuerint
2648 3620 2726 3674 at!
2741 3621 2823 3675 -cti
2855 3634 3044 3673 omnes
3069 3661 3083 3684 ,
3117 3634 3181 3673 ac
3208 3619 3467 3689 populum
3496 3618 3657 3672 simul

2042 3722 2096 3765 et
2136 3721 2303 3768 totam
2331 3722 2591 3767 convocat
2632 3713 2905 3767 civitatem
2930 3754 2944 3778 ,
2976 3721 3030 3765 ut
3071 3712 3304 3775 doceat,
3336 3724 3433 3764 eos
3460 3708 3660 3779 quibus

2043 3804 2174 3859 nihil
2203 3814 2287 3859 est
2313 3820 2597 3860 commune
2624 3820 2745 3859 cmn
2788 3805 2891 3858 illis
2920 3806 3009 3874 qui
3044 3804 3223 3859 allecti
3262 3811 3386 3859 sunt
3426 3802 3617 3871 injuria
3640 3846 3655 3864 ,

2044 3897 2095 3951 in
2118 3912 2214 3951 eos
2239 3896 2607 3967 indignatione
2633 3899 2991 3961 commoveri,
3018 3896 3108 3965 qui
3137 3894 3512 3951 contumeiiosi
3545 3895 3658 3949 fue-

2043 3991 2146 4045 rint
2190 3990 2243 4045 in
2287 4000 2576 4060 parentes,
2615 3999 2886 4059 tamquam
2926 3991 2978 4043 itt
3018 4004 3363 4043 communem
3408 3996 3655 4042 naturam

2041 4080 2269 4135 cadente
2299 4081 2493 4150 injuria
2518 4123 2531 4140 .
2567 4092 2728 4147 utque
2756 4081 2916 4135 talem
2955 4080 3232 4135 hominem
3256 4080 3410 4150 quasi
3450 4088 3659 4148 pestem

2041 4171 2327 4241 quamdam
2354 4187 2804 4241 communemque
2843 4173 3093 4225 mut-hum
3136 4186 3243 4225 non
3283 4186 3347 4226 ex
3393 4170 3525 4223 urbe
3564 4184 3657 4223 so.

2042 4264 2173 4328 lum,
2206 4264 2300 4318 sed
2327 4280 2393 4320 ex
2422 4265 2532 4333 ipsa
2564 4280 2780 4335 quoque
2807 4266 2914 4318 vita
2940 4265 3176 4333 ejiciant.
3205 4263 3387 4319 Hostis
3406 4264 3551 4319 enim
3566 4274 3660 4319 est

2043 4356 2123 4410 vir
2153 4356 2451 4426 ejusmodi,
2494 4368 2547 4411 et
2586 4359 2827 4413 outninm
2867 4358 3169 4413 communis
3209 4358 3492 4421 inimicus,
3526 4358 3658 4422 Dei,

2042 4460 2268 4514 naturae,
2294 4450 2489 4519 legum.
2511 4459 2565 4504 et
2580 4451 2820 4505 omnium
2845 4461 3087 4507 nostrum
3108 4451 3425 4507 viventium.
3452 4450 3662 4507 Idcirco

2041 4540 2201 4594 simul
2240 4556 2428 4596 omnes
2467 4540 2684 4611 aggredi
2727 4543 2931 4598 caedem
2968 4542 3153 4613 jubet,
3195 4550 3255 4598 ut
3290 4543 3657 4613 expiationem

2041 4632 2328 4701 quamdam
2358 4633 2599 4701 perﬁciat
2629 4634 2880 4689 civitatis.
2910 4636 3069 4690 Multa
3099 4636 3259 4691 vobis
3278 4637 3415 4690 bona
3445 4637 3657 4691 contin-

2041 4734 2187 4794 gant,
2211 4726 2350 4795 quod
2375 4735 2517 4779 tanta
2534 4742 2656 4779 cum
2680 4727 2956 4796 voluptate
2975 4728 3043 4782 de
3069 4728 3328 4799 parricida
3347 4744 3655 4785 sermonem

2042 4816 2362 4885 exceperitis
2387 4857 2402 4881 ,
2432 4832 2494 4872 ac
2520 4817 2753 4886 lapidum
2788 4819 2910 4873 loco
2935 4820 3157 4875 vocnbns
3188 4820 3333 4874 illum
3372 4836 3654 4889 percusse-

2043 4908 2157 4961 ritis
2184 4927 2195 4959 :
2227 4910 2325 4962 hoc
2362 4912 2505 4963 enim
2552 4911 2805 4965 indicium
2848 4913 3079 4981 ingentis
3109 4913 3618 4968 est.benevolenti.e
3639 4954 3662 4981 ,

2041 5014 2143 5066 qna
2174 5011 2379 5068 patrem
2407 5015 2562 5054 suum
2593 5012 2829 5055 vestrum
2866 5006 3231 5073 unusquisque
3257 5006 3654 5073 Ctmtp'et'illllt‘.

2042 5091 2194 5146 Tunc
2230 5094 2372 5147 enim
2414 5098 2680 5165 prmeipttc
2727 5098 2907 5166 leges,
2948 5114 3067 5165 qua:
3106 5097 3297 5153 delicta
3342 5098 3655 5168 vindicant,

2044 5182 2261 5239 laudare
2294 5189 2671 5241 consuevimus
2692 5229 2707 5252 ,
2738 5204 2859 5243 cum
2892 5191 3206 5244 delictorum
3238 5192 3334 5260 ipsi
3366 5192 3521 5245 nobis
3553 5194 3654 5246 ini-

2044 5277 2186 5328 nime
2225 5280 2424 5332 conscii
2470 5278 2747 5335 fuerimus.
2799 5282 2902 5336 l’ro
2946 5283 3023 5334 his
3068 5284 3225 5351 igitur
3259 5285 3511 5339 omnibus
3549 5287 3657 5340 (Ie-

2044 5372 2205 5423 tttcnti
2249 5370 2359 5424 Deo
2399 5374 2596 5441 gratias
2638 5390 2894 5443 agamus,
2938 5378 3027 5445 qtti
3071 5379 3189 5430 v'ttzc
3232 5388 3429 5431 lltlSU‘J:
3470 5396 3655 5432 curant

2041 5465 2199 5531 gerit,
2228 5464 2316 5533 qtti
2349 5466 2654 5534 parentibus
2685 5470 2949 5533 provitht,
2977 5472 3062 5536 qui
3093 5470 3160 5525 de
3189 5471 3368 5526 liberis
3396 5483 3478 5526 est
3504 5473 3654 5527 solli-

2042 5554 2198 5616 citus,
2224 5564 2277 5607 et
2300 5572 2395 5623 pro
2418 5566 2597 5611 nostra
2624 5561 2796 5613 salute
2816 5574 3003 5614 cuncta
3029 5564 3283 5630 tlispttttll.
3312 5566 3487 5630 lpnnn
3508 5566 3653 5619 enim

2042 5644 2197 5698 decet
2222 5647 2406 5715 gloria,
2439 5648 2631 5712 honor,
2662 5661 2715 5704 ει
2747 5652 3008 5717 adoratio,
3046 5672 3146 5707 ttna
3175 5672 3295 5710 cum
3329 5657 3481 5711 l’atre
3510 5659 3662 5725 prin-

2042 5738 2164 5806 cipii
2191 5751 2430 5810 experte,
2456 5758 2517 5797 ac
2544 5753 2731 5800 sancto
2752 5746 2975 5816 Spiritu,
3006 5767 3143 5807 nunc
3174 5762 3221 5807 et
3252 5767 3485 5821 semper,
3518 5760 3571 5806 et
3602 5756 3653 5809 in

2045 5833 2237 5889 smcttla
2267 5836 2606 5894 saeculorum.
2646 5840 2835 5896 Amen.
