4180 6480
1132 564 1363 622 sentio
1400 564 1444 620 v
1487 564 1585 637 (α).

572 701 725 771 Quod
745 718 843 757 non
869 709 1072 773 propter
1091 699 1343 754 Adantunt
1370 700 1627 769 punimur,
1648 706 1694 748 et
1714 696 1912 758 maiora
1938 707 2026 763 per
2042 660 2157 745 eum

640 797 771 850 bona
792 810 947 866 quam
972 790 1109 847 mala
1137 800 1254 846 sunt
1278 791 1582 859 importata,
1610 788 1655 843 si
1681 786 1822 840 nobis
1844 784 1969 855 ipsis
1993 790 2156 835 atten-

639 888 758 943 dere
778 886 1081 943 uoluerimus
1098 903 1116 940 :
1137 896 1184 940 et
1206 884 1446 939 adrasus
1468 898 1556 937 eos
1572 880 1661 952 qui
1685 894 1933 949 pauperes
1953 884 2156 940 preter-

639 990 778 1035 sunt.
1660 990 1670 997 “

640 1118 691 1172 t.
723 1116 827 1171 Vos
853 1115 1066 1187 quidem
1096 1115 1321 1169 fortasse
1351 1126 1450 1167 nos
1484 1124 1701 1165 omnem
1737 1107 1933 1179 putatis
1958 1104 2026 1161 de
2054 1105 2156 1160 dn-

569 1211 772 1265 minatu
806 1207 1099 1262 absolvisse
1138 1218 1443 1261 sermonem
1475 1219 1492 1256 :
1521 1210 1573 1255 at
1602 1216 1703 1271 ego
1733 1199 1958 1253 multum
1986 1197 2160 1251 adhuc

568 1299 625 1354 in
652 1313 720 1353 eo
747 1298 902 1352 video
933 1295 1163 1352 fructum
1202 1308 1479 1365 apparere.
1523 1292 1628 1350 Sed
1662 1307 1729 1347 ne
1756 1288 2115 1360 defatigemini
2141 1324 2177 1351 ,ι

566 1404 779 1461 quaeso,
816 1403 1095 1459 quousque
1124 1397 1293 1441 totum
1336 1386 1508 1457 ipsum
1537 1382 1983 1455 decerpserimus.
2026 1378 2157 1434 Nam

567 1491 623 1537 ct
648 1480 930 1550 diligentes
968 1478 1213 1550 agricola:
1240 1493 1361 1533 cum
1392 1477 1551 1531 vitem
1582 1474 1727 1530 foliis
1752 1481 2051 1528 comantem
2081 1471 2162 1524 vi-

568 1571 780 1635 derint,
810 1580 866 1625 et
893 1571 1062 1624 multo
1088 1569 1264 1623 fructu
1289 1575 1561 1623 oneratam
1582 1606 1598 1631 ,
1627 1580 1731 1620 non
1762 1573 2014 1620 externos
2044 1571 2161 1617 tan-

571 1673 683 1719 tum
720 1661 1037 1718 abscindunt
1083 1674 1361 1724 racemos,
1399 1657 1494 1715 sed
1531 1666 1585 1714 et
1627 1656 1850 1712 ulterius
1892 1653 2161 1726 progressi

570 1755 815 1826 palmites
854 1752 1228 1823 eonfringunt.
1274 1763 1330 1806 et
1376 1750 1504 1806 folia
1548 1759 1838 1815 coercent,
1881 1749 1955 1804 ita
1996 1757 2055 1806 ut
2091 1763 2159 1804 ne

570 1844 773 1900 minimi
815 1844 1031 1913 quidem
1079 1844 1217 1898 acini
1262 1856 1595 1898 raecmorum
1640 1839 1921 1897 frondibus
1962 1840 2158 1896 obtecti

570 1936 785 1992 lateant.
814 1934 988 1991 Nolite
1014 1935 1174 2007 igitur
1198 1934 1607 2005 negligentiores
1636 1933 1738 1988 illis
1766 1932 1961 2001 videri,
1987 1947 2160 2004 neque

571 2029 878 2099 priusquam
904 2036 1072 2083 totum
1098 2044 1127 2082 a
1156 2027 1308 2082 vobis
1329 2023 1399 2081 sit
1421 2035 1698 2097 acceptum
1729 2027 1962 2082 recedite
1985 2046 1999 2081 :
2022 2042 2162 2098 prte-

569 2117 755 2173 scrtim
794 2132 917 2173 cum
958 2118 1109 2174 labor
1145 2117 1358 2188 quidem
1401 2131 1586 2183 meus,
1628 2116 1829 2173 fructus
1869 2126 2049 2173 autem
2091 2117 2161 2172 sit

571 2219 767 2266 vester.

638 2298 742 2355 Cur
771 2299 833 2354 ob
869 2298 1023 2355 unius
1058 2308 1321 2369 peccatum
1351 2299 1444 2354 alii
1476 2299 1773 2369 puniantur.
1800 2329 1874 2340 -—
1898 2299 2161 2356 Hesterno

568 2391 658 2447 die
698 2390 952 2447 mulieres
988 2391 1386 2454 accusavimus,
1416 2391 1500 2445 vel
1530 2391 1707 2461 potius
1733 2405 1836 2445 non
1871 2391 2156 2458 mulieres,

566 2482 662 2539 sed
708 2483 873 2537 Evam
916 2481 1059 2553 quod
1108 2496 1203 2551 per
1254 2491 1527 2552 peccatum
1578 2483 1887 2537 servitutem
1938 2482 2159 2537 invexit.

568 2572 818 2627 Fortasse
843 2571 1023 2627 dicent
1053 2572 1205 2625 nobis
1235 2572 1489 2628 mulieres
1516 2590 1529 2625 :
1557 2574 1753 2639 Quare,
1780 2587 1900 2627 cum
1926 2572 2010 2626 illa
2040 2588 2162 2642 pec-

567 2671 763 2725 casset,
794 2677 891 2717 nos
915 2663 1180 2717 damnata:
1206 2660 1426 2728 fuimus,
1449 2670 1503 2715 et
1529 2663 1685 2715 unius
1714 2677 1958 2731 persona:
1983 2664 2162 2731 lapsus

570 2752 699 2818 fuit,
728 2752 934 2806 crimen
973 2762 1150 2807 autem
1192 2766 1353 2807 sexus
1395 2742 1599 2806 totius?
1629 2752 1741 2808 lloc
1779 2755 1940 2808 etiam
1980 2752 2161 2809 dicere

568 2844 709 2899 servi
756 2854 973 2914 possent
1004 2862 1019 2897 :
1046 2844 1180 2911 Quid
1219 2859 1396 2899 causze
1434 2855 1510 2900 est
1552 2859 1682 2909 cur,
1711 2859 1832 2899 eum
1862 2845 1915 2899 in
1952 2853 2158 2914 patrem

571 2935 987 2990 contumeliosus
1026 2934 1211 2989 fuisset
1246 2933 1499 2988 Chanaan
1539 2933 1649 3007 (ὁ),
1687 2934 1754 2988 ad
1795 2944 1961 2989 totum
1992 2949 2162 3005 genus

571 3042 725 3098 poma
752 3026 1040 3081 transivit?
1067 3027 1131 3080 Et
1155 3026 1244 3095 qui
1272 3026 1609 3094 magistratus
1638 3026 2004 3093 reformidant,
2036 3042 2161 3097 pos-

568 3127 690 3173 sent
716 3116 955 3187 objicere
985 3133 1000 3171 :
1027 3113 1136 3171 Cur
1162 3116 1372 3170 tandem
1400 3118 1609 3171 ueteris
1643 3117 1901 3172 scelerate
1932 3116 2161 3172 viventi-

570 3208 671 3264 bus
704 3208 805 3279 ipsi
841 3208 972 3278 jugo
1004 3206 1275 3261 servitutis
1303 3206 1499 3261 addicti
1537 3206 1699 3261 sunt?
1727 3207 1863 3275 Quid
1895 3208 2053 3278 igitur
2077 3207 2162 3263 bis

569 3300 819 3358 omnibus
839 3300 1313 3372 respondebimud
1330 3300 1601 3371 Siquidem
1625 3318 1724 3357 una
1746 3301 2011 3359 solutione
2025 3320 2164 3375 qua:-

569 3391 832 3447 stionibus
858 3391 975 3447 istis
1001 3392 1246 3447 omnibus
1274 3391 1497 3445 satisfiet
1528 3410 1540 3446 :
1574 3393 1777 3461 priores
1802 3394 2015 3463 quidem
2044 3394 2164 3450 illos

570 3498 821 3554 peccasse
846 3525 861 3550 ,
888 3499 951 3538 ac
977 3498 1071 3537 sua
1110 3484 1542 3554 praevaricatione
1570 3480 1879 3539 servitutem
1924 3486 2167 3541 introdu-

571 3574 751 3641 xisse;
783 3589 966 3629 verum
996 3574 1349 3629 introductam
1389 3574 1534 3628 illam
1574 3575 1897 3643 posteriores
1933 3579 2164 3645 peccatis

570 3666 683 3722 suis
710 3665 1077 3721 confirmasse.
1105 3665 1236 3720 Nam
1262 3666 1305 3720 si
1329 3666 1542 3735 quidem
1575 3676 1831 3735 perpetuo
1860 3682 1920 3722 se
1946 3676 2165 3737 possent

571 3774 602 3811 a
633 3758 864 3829 peccatis
897 3762 1161 3813 immunes
1189 3758 1475 3812 ostendere
1494 3799 1509 3823 ,
1536 3758 1658 3825 jure
1689 3758 1912 3815 fortasse
1949 3770 2163 3828 possent

572 3850 941 3905 contradicere
976 3865 994 3905 :
1026 3849 1106 3904 sin
1148 3858 1326 3903 autem
1373 3849 1552 3903 multis
1599 3850 1697 3918 ipsi
1736 3864 1947 3919 quoque
1994 3852 2165 3920 ptenis

574 3953 700 3998 sunt
724 3942 959 4009 obnoxii,
992 3942 1183 3997 frustra
1217 3941 1315 3996 hac
1342 3944 1684 3997 excusation
1710 3956 1767 3997 se
1798 3950 2029 3998 tuentur.
2055 3944 2166 4015 Ego

574 4035 717 4088 enim
754 4050 859 4088 non
893 4033 1001 4088 dixi
1022 4076 1038 4097 ,
1080 4042 1354 4102 peccatum
1379 4032 1499 4100 jam
1521 4033 1831 4087 servitutem
1859 4048 1965 4087 non
1994 4033 2165 4089 intro-

574 4128 804 4192 ducere,
830 4126 923 4183 sed
952 4140 1111 4182 omne
1138 4137 1412 4196 peccatum
1439 4140 1559 4181 cum
1591 4127 1845 4181 servitute
1879 4142 1998 4185 esse
2033 4142 2165 4183 con-

571 4218 835 4289 junctum,
864 4216 999 4271 etin
1029 4219 1225 4285 peccati
1259 4226 1521 4272 naturam.
1550 4231 1654 4270 non
1688 4218 1739 4271 in
1768 4218 1935 4272 solam
1965 4219 2166 4288 peccati

577 4308 932 4364 dilferentiam
969 4321 1181 4361 causam
1223 4306 1403 4375 ri-jeci.
1442 4306 1510 4361 Ut
1550 4307 1707 4375 igitur
1738 4323 1925 4363 omnes
1952 4309 2165 4377 quidem

579 4400 899 4457 lncurabiles
921 4399 1090 4453 morbi
1120 4407 1347 4453 mortem
1372 4397 1623 4463 inferunt,
1654 4414 1758 4453 non
1781 4414 1966 4453 onmes
1992 4409 2167 4455 tamen

578 4494 817 4566 ejusdem
858 4500 986 4548 sunt
1028 4502 1227 4547 natum:
1260 4510 1273 4546 :
1302 4492 1379 4547 sic
1416 4500 1471 4545 et
1502 4492 1679 4545 omnia
1710 4492 1923 4561 quidem
1954 4505 2167 4563 pet-cata

578 4591 791 4659 pariunt
818 4588 1159 4648 servitutem,
1192 4600 1296 4639 non
1328 4593 1504 4638 tamen
1544 4584 1782 4652 ejusdem
1816 4595 2018 4639 natura:
2046 4596 2171 4641 sunt

579 4680 781 4734 omnia.
815 4680 1060 4734 Peccavit
1089 4679 1219 4740 Eva,
1246 4694 1364 4732 cum
1395 4678 1591 4747 lignum
1614 4678 1865 4746 gustavit,
1890 4687 1942 4731 et
1972 4678 2169 4734 idcirco

580 4771 830 4825 damnata
858 4778 961 4825 cst.
994 4770 1281 4838 Propterea
1328 4768 1433 4820 noli
1468 4776 1521 4819 tn
1558 4782 1741 4820 rursus
1771 4768 1912 4822 aliud
1944 4770 2035 4822 illo
2066 4768 2172 4822 for-

580 4874 724 4918 tasse
746 4862 982 4917 deterius
1013 4870 1285 4932 peccaturo
1310 4860 1665 4913 committere.
1699 4859 1808 4913 lloc
1830 4870 1884 4914 et
1909 4861 1976 4915 dc
2003 4862 2171 4916 servis

579 4956 775 5010 merito
814 4954 1108 5010 dixerimus
1132 4996 1147 5020 ,
1182 4953 1283 5007 hoc
1324 4961 1378 5007 et
1420 4954 1487 5008 de
1529 4953 1630 5007 illis
1659 4954 1747 5022 qtti
1780 4955 2172 5024 magistratibus

582 5046 826 5111 subsunt,
859 5046 1058 5114 primos
1087 5048 1333 5099 nimirum
1363 5054 1634 5113 peccatum
1666 5045 2044 5107 introduxisse.
2082 5061 2172 5115 po-

582 5149 756 5192 slcrcs
780 5146 959 5192 autem
984 5138 1327 5192 succedentes
1352 5136 1652 5189 dominatus
1678 5137 1924 5191 \‘il‘lltlettt
1951 5139 2061 5191 suis
2086 5154 2171 5192 re-

583 5228 807 5285 tinuisse
838 5228 1067 5284 delictis.
1101 5229 1319 5281 Possum
1350 5236 1403 5281 et
1428 5228 1528 5280 alia
1556 5226 1867 5283 defensione
1898 5230 1969 5282 uti
1998 5231 2171 5299 :quod

587 5323 737 5376 multi
767 5337 983 5393 nempe,
1014 5338 1133 5376 oum
1163 5322 1227 5375 ad
1258 5323 1502 5375 virtutem
1533 5322 1758 5392 regressi
1785 5335 1986 5387 essent,
2018 5338 2048 5377 a
2078 5324 2174 5377 do-

588 5433 618 5469 n
647 5416 792 5470 i'tatn
821 5416 1016 5471 fuerint
1045 5415 1316 5470 vindicati.
1346 5416 1424 5469 Ac
1468 5414 1633 5483 prius,
1662 5414 1707 5469 si
1740 5415 1930 5483 placet,
1960 5416 2026 5479 de
2053 5431 2173 5472 mu-

649 5574 721 5637 (u)
758 5580 807 5623 In
829 5573 994 5624 codice
1010 5573 1164 5635 Regio
1184 5573 1309 5622 2342
1331 5571 1435 5623 haec
1472 5572 1669 5623 ttomilia
1692 5589 1786 5625 non
1811 5581 1857 5626 tn
1897 5576 2029 5625 serie
2052 5574 2173 5625 alia-

588 5648 693 5687 tum
718 5642 924 5697 ponitur,
951 5643 1003 5686 et
1024 5639 1219 5698 omnino
1243 5637 1640 5698 praetermittitur.

654 5699 723 5760 (ὸ)
759 5700 840 5762 llic
872 5706 988 5762 puto
1026 5697 1270 5762 mendose
1282 5698 1390 5759 poni
1414 5698 1632 5762 Chanaan
1655 5711 1740 5758 jro
1760 5700 1922 5757 Citam,
1948 5707 2001 5747 ut
2025 5700 2172 5749 etiam

590 5762 636 5810 lu
662 5761 855 5809 Humilis
874 5759 1172 5822 praecedenti
1198 5760 1314 5808 Edit.
1340 5759 1502 5808 Morel.
1548 5761 1640 5807 Sed
1666 5762 1729 5809 ibi
1754 5767 1856 5812 Mss.
1881 5763 2173 5811 auctoritate

586 5840 603 5866 ι
622 5822 737 5872 [tam
762 5836 1004 5884 pi-suimus
1034 5835 1047 5871 :
1072 5822 1148 5871 hic
1171 5836 1266 5870 non
1308 5822 1558 5880 audemus,
1593 5835 1706 5883 quia
1752 5831 1855 5873 Mss.
1884 5826 2028 5873 etiam
2051 5825 2172 5873 (Ἰω-

593 5896 718 5932 tutan
742 5884 939 5935 habent.
1765 5892 1781 5916 '

1345 453 1399 509 S.
1442 451 1719 507 JOANNIS
1753 441 2229 505 (ιιιῐιῖδυετοιιι
2280 441 2597 495 Αιιᾳιιιει».
2641 436 3178 494 CONSTANTINOP.

3761 432 3861 489 €00

2268 552 2491 608 lieribus
2516 566 2821 608 sermonem
2861 547 3219 612 instituamus,
3247 558 3307 602 ut
3337 545 3520 601 videas
3545 560 3657 616 quo
3686 557 3857 617 pacm,

2266 658 2389 698 cum
2414 643 2519 698 illis
2544 643 2751 698 vincula
2777 641 2965 696 beatus
2986 640 3181 694 Paulus
3204 637 3502 704 indidisset,
3530 642 3721 693 eadem
3751 654 3861 695 tur-

2264 747 2356 788 sus
2385 733 2498 803 ipse
2526 734 2803 789 laxaverit.
2836 732 2894 787 Si
2920 748 3022 803 qua
3059 730 3258 797 mulier,
3288 729 3488 801 inquit,
3517 730 3679 785 virum
3720 729 3865 782 habet

2264 824 2541 893 inﬁdelem,
2573 833 2619 879 ct
2648 825 2729 879 hic
2753 825 2997 879 consentit
3024 823 3252 878 habitare
3274 838 3389 876 cum
3417 823 3530 888 illa,
3558 838 3661 876 non
3689 822 3865 874 dimit-

2266 926 2340 970 tat
2378 917 2526 970 illum
2558 918 2643 989 (l.
2673 912 2791 973 cur.
2830 918 2882 970 7.
2916 917 3041 986 l3).
3073 916 3186 985 Qua
3214 914 3285 970 de
3312 930 3471 970 causa
3491 915 3518 969 ?
3549 913 3697 969 Unda
3733 913 3872 968 erant

2265 1008 2363 1062 stis
2383 1050 2399 1074 ,
2431 1009 2633 1072 mulier,
2665 1025 2735 1062 an
2762 1009 2924 1063 virum
2952 1018 3211 1062 servatura
3236 1008 3306 1061 ait
3339 1004 3514 1078 (Ibid.
3549 1022 3597 1060 υ.
3634 1008 3701 1061 16
3719 1004 3775 1073 )ἳ
3801 1004 3867 1061 Et

2265 1116 2375 1171 quo
2398 1108 2552 1171 pacto
2573 1141 2589 1168 ,
2621 1101 2794 1171 inquit
2816 1142 2832 1167 ,
2866 1102 3037 1155 virum
3075 1099 3270 1170 poterit
3301 1113 3518 1153 servare
3546 1098 3739 1153 mulier
3756 1095 3785 1150 ἲ
3810 1096 3864 1153 Si

2265 1192 2474 1257 doceat,
2500 1193 2545 1248 si
2577 1194 2822 1255 instruat,
2854 1194 2909 1247 si
2927 1192 2997 1248 de
3026 1192 3282 1262 religione
3316 1206 3619 1247 sermonem
3652 1189 3863 1246 inferat.

2266 1285 2424 1355 Atqui
2462 1284 2679 1341 dicebas
2717 1284 2860 1349 beri,
2891 1284 3048 1340 beate
3086 1284 3280 1349 Paule,
3312 1283 3518 1337 Mulieri
3547 1284 3729 1338 docere
3766 1299 3865 1335 non

2265 1376 2497 1447 permitto
2529 1376 2613 1446 (l.
2645 1375 2779 1430 Tim.
2808 1375 2867 1431 2.
2897 1373 3015 1446 12).
3048 1375 3148 1443 Qui
3182 1372 3240 1428 fit
3270 1374 3461 1445 igitur,
3493 1384 3550 1429 ut
3578 1373 3721 1428 illam
3754 1377 3867 1428 vito

2266 1467 2573 1539 magistram
2594 1468 2885 1523 adhibeas?
2903 1467 3019 1523 Non
3043 1482 3251 1523 mecum
3274 1468 3394 1538 ipse
3414 1481 3655 1537 pugnans
3671 1466 3722 1520 id
3743 1481 3862 1536 ago,

2265 1558 2360 1613 sed
2387 1574 2596 1613 mecum
2627 1557 2783 1614 valde
2810 1551 3109 1614 consentio.
3143 1557 3278 1613 Audi
3299 1599 3313 1620 ,
3341 1573 3525 1628 qua-so
3549 1600 3564 1621 ,
3593 1566 3652 1611 et
3676 1572 3773 1610 cur
3799 1556 3865 1609 il-

2265 1651 2370 1706 lam
2400 1650 2688 1721 dejecerit,
2720 1660 2776 1707 et
2802 1666 2899 1707 cur
2927 1665 3112 1706 rursus
3140 1650 3205 1704 ad
3236 1649 3525 1720 magisterii
3554 1648 3863 1703 cathedram

2267 1742 2411 1798 illam
2440 1743 2697 1809 erexerit,
2722 1752 2780 1798 ut
2810 1742 2957 1797 Pauli
2985 1742 3301 1813 sapientiam
3329 1742 3524 1797 discas.
3558 1740 3745 1795 Doceat
3770 1743 3861 1803 vir,

2268 1834 2455 1904 inquit.
2486 1835 2623 1903 Quid
2656 1834 2764 1890 ita?
2789 1834 2991 1906 Quippe
3012 1835 3102 1904 qui
3135 1824 3370 1889 tédttctua
3396 1850 3496 1887 non
3524 1835 3590 1887 sit
3615 1836 3631 1901 (
3655 1834 3703 1886 l.
3730 1832 3861 1886 Tim.

2264 1924 2320 1979 2.
2367 1925 2485 1995 lt).
2524 1924 2690 1979 Adam
2726 1927 2889 1992 enim,
2927 1925 3131 1997 inquit,
3163 1941 3264 1979 non
3300 1934 3372 1979 est
3402 1924 3659 1979 seductus.
3696 1924 3865 1985 Discat

2266 2016 2466 2084 mulier,
2507 2016 2696 2087 inquit.
2735 2015 2872 2083 Quid
2906 2016 3011 2070 ita?
3037 2015 3237 2086 Quippe
3264 2032 3380 2083 qua:
3406 2016 3612 2069 seducta
3640 2016 3726 2068 ait.
3756 2015 3865 2069 llu-

2267 2109 2367 2165 licr
2407 2110 2548 2165 enim
2592 2108 2813 2166 seducta
2861 2109 2915 2164 iu
2963 2108 3400 2179 prmvaricalione
3445 2106 3562 2161 fuit.
3605 2106 3701 2163 llic
3741 2123 3863 2162 vero

2266 2201 2591 2255 contrarium
2634 2200 2900 2255 videmus.
2940 2199 3072 2255 Cum
3109 2199 3252 2254 enim
3286 2199 3365 2253 vir
3401 2199 3563 2254 fuerit
3602 2199 3860 2263 infidelis,

2268 2295 2458 2350 mulier
2493 2304 2672 2349 autem
2714 2293 2885 2349 fidelis
2907 2336 2923 2359 ,
2972 2294 3167 2348 Doceat
3191 2334 3205 2353 .
3248 2292 3455 2363 inquit,
3486 2293 3698 2347 mulier.
3726 2292 3860 2359 Quid

2267 2384 2372 2439 ita?
2401 2383 2534 2453 Quia
2563 2384 2781 2440 seducta
2814 2400 2919 2439 non
2952 2393 3054 2447 est.
3082 2398 3206 2439 eum
3232 2384 3304 2439 sit
3333 2383 3525 2439 fidelis.
3562 2384 3741 2439 Discat
3771 2384 3860 2453 igi-

2268 2484 2353 2529 tur
2378 2475 2481 2540 vir,
2507 2474 2628 2545 quia
2656 2476 2909 2529 seductus
2938 2484 3037 2537 est,
3068 2489 3189 2529 cum
3217 2475 3287 2529 sit
3325 2474 3416 2529 infl
3437 2474 3578 2530 lelis.
3607 2474 3860 2529 Commu-

2268 2575 2390 2621 tata:
2410 2576 2531 2620 sunt
2550 2564 2778 2621 dncrndi
2801 2566 2943 2621 vices
2969 2584 2983 2622 :
3006 2574 3408 2622 commutentur
3425 2567 3585 2620 etiam
3611 2566 3861 2633 deinceps

2266 2660 2412 2714 vices
2452 2657 2782 2714 dominandi.
2829 2657 3020 2725 Vides,
3058 2673 3166 2729 quo
3205 2667 3360 2728 pacto
3399 2658 3597 2729 ubique
3632 2658 3860 2714 ostendit

2266 2750 2576 2806 servitutem
2609 2766 2714 2804 non
2746 2761 3020 2817 nainram,
3052 2750 3146 2805 sed
3175 2749 3544 2819 deceptionem
3580 2760 3635 2805 et
3674 2765 3863 2820 pecca-

2269 2851 2379 2897 tum
2418 2841 2611 2912 sequi?
2642 2841 2794 2896 \‘enit
2836 2842 2993 2910 igitur
3016 2842 3082 2897 ad
3116 2842 3395 2897 mulierem
3423 2841 3492 2897 ab
3530 2841 3682 2895 initio
3706 2841 3864 2897 dece-

2267 2935 2400 3004 ptio,
2424 2943 2645 3004 sequuta
2672 2942 2755 2989 est
2778 2934 3041 3001 subjectio
3065 2932 3436 3003 deceptionem
3462 2951 3477 2987 :
3499 2933 3864 3003 commigravit

2265 3026 2333 3081 ad
2359 3026 2530 3081 virum
2560 3025 2756 3082 deinde
2780 3025 3056 3095 deceptio,
3088 3025 3459 3096 commigravit
3491 3040 3706 3095 quoque
3742 3026 3866 3079 sub-

2262 3121 2449 3191 jectio.
2475 3119 2541 3174 Et
2563 3119 2704 3174 sicut
2730 3119 2783 3173 in
2811 3118 3071 3188 principio
3099 3117 3337 3171 mulieris
3361 3117 3588 3171 salutem
3622 3117 3737 3170 viro
3761 3131 3866 3171 cre-

2268 3211 2436 3279 didit,
2462 3212 2586 3282 quia
2614 3210 2867 3267 seductus
2905 3226 3010 3264 non
3040 3219 3157 3266 erat
3178 3250 3194 3277 ,
3223 3210 3302 3264 sic
3336 3210 3522 3264 dicens
3545 3250 3558 3271 ,
3588 3209 3671 3263 Ad
3707 3210 3866 3264 virum

2268 3303 2525 3359 convenio
2549 3314 2667 3367 tua,
2699 3314 2746 3356 ct
2770 3303 2879 3373 ipse
2904 3305 2975 3356 tui
3000 3301 3344 3356 dominabitur
3368 3299 3518 3372 (Gen.
3546 3302 3602 3356 3.
3632 3301 3722 3368 £6)
3753 3321 3765 3353 :
3793 3302 3869 3356 sic

2268 3398 2428 3452 etiam
2467 3396 2572 3452 hoc
2603 3396 2721 3450 loco
2752 3410 2874 3449 cum
2911 3404 3056 3450 esset
3084 3394 3277 3450 mulier
3303 3394 3474 3449 fidelis
3497 3434 3514 3459 ,
3544 3410 3668 3465 qua:
3697 3396 3864 3449 virum

2270 3491 2494 3547 haberet
2531 3488 2833 3554 infidelem,
2865 3489 3091 3543 salutem
3131 3489 3230 3543 viri
3274 3487 3483 3542 mulieri
3523 3487 3752 3543 credidit
3787 3487 3866 3543 bis

2272 3583 2452 3639 verbis
2477 3592 2631 3638 utens
2660 3596 2677 3636 :
2707 3578 2857 3636 Unde
2880 3581 3013 3635 enim
3038 3581 3154 3643 scit,
3188 3582 3390 3647 mulier,
3419 3596 3485 3633 an
3511 3581 3677 3633 virum
3704 3597 3867 3634 serra-

2271 3686 2387 3729 tura
2414 3676 2518 3730 sit?
2537 3674 2674 3742 Quid
2700 3673 2800 3728 hac
2828 3673 2944 3727 fieri
2969 3672 3428 3727 demonstratiOne
3445 3672 3644 3726 clarius
3673 3681 3865 3741 potest,

2272 3778 2329 3823 ut
2355 3768 2664 3823 servitutem
2691 3773 2899 3820 constet
2924 3780 3029 3819 non
3058 3775 3299 3819 naturam
3320 3766 3598 3834 consequi,
3622 3765 3717 3818 sed
3750 3778 3866 3833 pec-

2271 3860 2493 3915 eatum?
2537 3858 2652 3914 lloc
2694 3858 2763 3913 de
2809 3858 2981 3911 servis
3024 3871 3236 3927 quoque
3281 3856 3386 3912 dici
3437 3866 3632 3925 potest.
3683 3856 3866 3911 Servus

2273 3962 2475 4006 vocatus
2508 3950 2603 4005 es?
2634 3948 2756 4004 Non
2782 3950 2848 4004 sit
2878 3948 2966 4003 tibi
3000 3965 3136 4003 cura
3160 3950 3247 4019 (1.
3275 3948 3395 4003 Cor.
3424 3950 3477 4003 7.
3505 3948 3567 4003 2|
3600 3952 3637 4020 ).
3678 3949 3863 4011 Vides,

2273 4054 2331 4099 ut
2357 4058 2539 4098 rursus
2568 4042 2767 4097 nudum
2794 4057 2916 4097 esse
2940 4056 3137 4096 nomen
3163 4042 3434 4096 servitutis
3456 4042 3725 4104 ostendat,
3748 4058 3863 4096 cum

2272 4134 2441 4187 virtus
2467 4131 2730 4188 adfuerit?
2758 4130 2865 4187 Sed
2883 4141 2931 4185 et
2956 4134 2997 4186 si
3025 4140 3169 4201 potes
3191 4131 3304 4199 ﬁeri
3331 4130 3475 4194 liber,
3505 4134 3670 4202 magis
3689 4142 3825 4186 utere
3848 4148 3867 4185 :

2274 4224 2376 4278 hoc
2403 4233 2505 4284 est,
2540 4223 2802 4277 Permane
2841 4223 3019 4291 potius
3047 4221 3100 4275 in
3130 4221 3407 4297 servitute.
3441 4222 3609 4286 Quam
3641 4221 3713 4275 ob
3741 4236 3863 4275 cau-

2274 4316 2426 4369 sam?
2459 4315 2561 4385 Qui
2586 4314 2718 4367 enim
2746 4315 2799 4367 in
2834 4312 3056 4367 Domino
3092 4322 3295 4367 vocatus
3325 4323 3396 4366 est
3422 4328 3594 4367 servus
3614 4355 3629 4379 ,
3665 4314 3867 4368 libertus

2275 4416 2346 4460 est
2371 4404 2576 4459 Domini
2602 4404 2651 4471 (Ι
2660 4403 2764 4457 bid.
2788 4419 2837 4457 υ.
2861 4403 2977 4474 22).
3008 4402 3170 4457 Vides
3196 4404 3411 4458 nomine
3435 4404 3551 4457 solo
3576 4415 3732 4459 tenus
3750 4419 3865 4459 cs~e

2275 4497 2604 4558 servitutem.
2638 4510 2697 4550 re
2723 4503 2901 4549 autem
2930 4496 3040 4563 ipsa
3071 4495 3414 4551 libertatem?
3441 4495 3550 4549 Cur
3578 4511 3737 4565 porro
3759 4510 3866 4549 ser-

2275 4603 2399 4641 vum
2427 4602 2645 4641 inauerc
2682 4586 2958 4655 permisit?
2985 4585 3053 4642 Ut
3093 4587 3353 4642 libertatis
3393 4588 3750 4656 prmstantiam
3775 4603 3862 4641 co-

2273 4692 2582 4748 gnosceres.
2618 4677 2750 4734 Nam
2791 4678 2928 4732 sicut
2964 4679 3129 4733 multo
3166 4679 3339 4747 majus
3377 4694 3440 4732 ac
3478 4678 3666 4747 majori
3704 4680 3863 4733 adini~

2275 4771 2481 4824 mtione
2518 4770 2736 4841 dignum
2780 4778 2864 4825 est
2910 4770 3074 4824 illzesa
3120 4784 3336 4824 servare
3379 4771 3539 4823 trium
3590 4785 3863 4836 puerorum

2277 4876 2501 4931 corpora
2532 4872 2781 4917 manente
2813 4861 3026 4916 fornace
3052 4903 3067 4925 ,
3098 4878 3256 4932 quam
3298 4862 3441 4915 illam
3481 4862 3821 4929 exstinguere
3852 4880 3861 4910 :

2277 4952 2355 5006 sic
2393 4952 2559 5005 multo
2600 4954 2772 5020 majus
2810 4962 2866 5007 et
2902 4952 3267 5008 admirabilius
3306 4962 3427 5019 est,
3461 4968 3622 5022 quam
3665 4953 3867 5007 solvere

2276 5045 2587 5100 servitutem
2609 5088 2622 5110 ,
2665 5055 2912 5102 manente
2954 5046 3036 5099 illa
3080 5036 3377 5100 libertatem
3409 5046 3719 5102 ostendere.
3750 5044 3869 5099 Ideo

2276 5138 2409 5192 dixit
2432 5154 2448 5192 :
2468 5135 2536 5191 Et
2560 5139 2601 5191 si
2634 5148 2773 5208 potes
2802 5138 2914 5207 ﬁeri
2939 5140 3081 5201 liber,
3107 5139 3267 5208 magis
3297 5149 3436 5192 utere
3459 5154 3475 5200 ;
3506 5138 3606 5190 hoc
3629 5147 3730 5201 est,
3752 5136 3868 5191 Scr-

2279 5244 2375 5284 vus
2400 5244 2557 5285 mane
2588 5245 2603 5285 :
2630 5230 2964 5284 verissimam
2996 5234 3139 5284 enim
3171 5228 3413 5298 possides
3444 5228 3766 5285 libertatem.

2345 5321 2401 5375 2.
2435 5320 2595 5375 Visne
2616 5323 2667 5376 in
2691 5321 3090 5392 magistratibus
3115 5322 3278 5377 etiam
3308 5322 3446 5377 istud
3475 5324 3740 5378 cernerel
3764 5323 3868 5379 Rus

2279 5413 2377 5469 fuit
2408 5414 2923 5477 Nabuchodonosor,
2964 5415 3053 5487 qui
3088 5414 3360 5470 fornacem
3393 5430 3552 5484 quam
3582 5415 3869 5470 vehemen-

2281 5507 2486 5561 tissime
2511 5508 2716 5562 curavit
2757 5508 3013 5573 accendi,
3057 5523 3119 5562 ac
3156 5516 3266 5562 tres
3309 5521 3504 5575 pueros
3543 5507 3595 5559 in
3644 5506 3870 5561 medium

2280 5586 2494 5662 adduci,
2528 5598 2764 5667 iuvenes,
2811 5597 3077 5663 desertos,
3130 5598 3275 5652 omni
3321 5597 3521 5652 auxilio
3566 5597 3869 5654 destitutos.

2284 5702 2491 5755 servos,
2536 5691 2793 5757 captivos,
2827 5700 3091 5745 extorres.
3125 5688 3189 5743 Et
3214 5688 3341 5760 quid
3372 5688 3487 5743 ait?
3529 5687 3590 5741 Si
3624 5703 3756 5751 rere,
3780 5688 3869 5742 διο

2284 5782 2429 5845 drac,
2467 5781 2648 5844 illum,
2691 5782 2986 5852 Abdeuago,
3010 5784 3128 5837 deos
3161 5800 3297 5838 meos
3320 5800 3421 5836 non
3452 5782 3639 5845 colitis,
3672 5790 3718 5835 ct
3746 5782 3868 5833 inia-

2286 5878 2451 5945 giuem
2480 5891 2684 5929 auream
2710 5890 2862 5945 quam
2898 5878 3053 5929 statui
3084 5894 3183 5930 non
3222 5878 3445 5932 adoratis
3468 5874 3630 5952 (Dan.
3662 5878 3698 5934 3
3755 5872 3871 5937 ill?
