4134 6480
287 418 381 475 silli

284 528 423 598 Quid
450 545 579 602 ergo
606 529 879 595 illi?Vide,
904 546 1012 601 quo
1041 541 1195 600 pacto
1226 528 1394 586 virtus
1421 545 1536 596 eos,
1563 530 1654 599 qui
1683 529 1882 599 captivi

282 632 456 689 erant,
479 624 646 695 magis
677 624 852 693 regios
878 638 1038 693 quant
1070 638 1250 694 regem
1280 622 1454 692 ipsum
1482 621 1797 685 reddiderit,
1824 636 1888 677 ac

284 714 455 769 multo
478 712 759 769 excelsiori
787 712 967 768 animo
989 712 1241 783 pneditos
1262 713 1383 766 illos
1414 712 1730 767 ostenderit.
1768 710 1885 767 Non

282 804 429 861 enim
454 815 720 874 tamquam
752 819 932 876 regem
960 805 1317 874 alloquentes.
1342 804 1435 859 sed
1468 814 1736 873 tamquam
1764 820 1885 857 cum

282 894 463 965 aliquo
489 893 591 949 sibi
630 893 849 950 subdito
885 908 1192 950 sermonem
1236 904 1482 950 serentes
1520 908 1645 948 cum
1694 893 1887 949 ﬁducia

282 982 701 1055 respondebant.
748 984 872 1039 Non
916 1001 1045 1053 opus
1090 985 1351 1051 habemus,
1382 985 1648 1055 inquiunt,
1692 1002 1783 1038 nos
1824 987 1888 1039 de

280 1076 428 1131 uerbo
456 1078 551 1131 hoc
585 1077 892 1146 respondere
922 1078 1029 1149 regi
1071 1080 1090 1143 (
1119 1077 1257 1131 Dan.
1291 1078 1345 1134 ὅ.
1382 1079 1511 1149 16).
1545 1078 1660 1133 Non
1687 1078 1884 1146 verbis,

281 1166 377 1222 sed
422 1168 587 1223 rebus
632 1167 762 1238 ipsis
808 1167 1326 1224 demonstrationem
1369 1169 1765 1225 exhibebimus.
1795 1168 1888 1224 Est

277 1256 418 1313 Deus
447 1260 498 1312 in
527 1258 674 1326 catlo,
706 1270 883 1328 potens
908 1260 1109 1331 eripere
1129 1276 1221 1315 nos
1247 1259 1428 1331 (Ibid.
1452 1277 1501 1315 υ.
1527 1259 1651 1332 17).
1679 1261 1886 1316 Benen-

280 1348 423 1403 cium
465 1365 495 1403 a
538 1349 758 1405 Daniele
805 1360 1085 1419 acceptum
1137 1352 1188 1406 in
1227 1351 1543 1406 memoriam
1573 1352 1651 1407 illi
1677 1368 1888 1408 revoca-

280 1448 408 1495 runt
448 1439 636 1495 iisdem
677 1442 757 1494 usi
803 1443 1000 1504 verbis,
1033 1458 1153 1509 qua:
1184 1442 1448 1513 propheta
1488 1452 1613 1498 tunc
1643 1444 1880 1514 protulit.

274 1531 413 1601 Quid
453 1533 599 1589 enim
630 1534 720 1589 ille
761 1534 1009 1589 dicebat?
1042 1532 1161 1588 Non
1193 1546 1268 1590 est
1294 1552 1561 1607 magorum
1596 1535 1887 1592 ϐαλανωτο-

273 1640 409 1691 rum,
458 1622 818 1680 Chaldaorum
860 1625 1083 1689 uerbum,
1116 1626 1251 1696 quod
1284 1628 1495 1697 requirit
1537 1644 1664 1682 rex:
1690 1628 1780 1683 sed
1811 1639 1886 1683 est

274 1713 417 1771 Deus
432 1716 483 1769 in
512 1716 651 1772 aclis
670 1715 899 1772 revelatis
924 1719 1163 1787 mysteria
1192 1719 1210 1786 (
1244 1715 1330 1771 Id.
1360 1717 1418 1772 2.
1436 1716 1529 1772 27.
1557 1717 1629 1774 28
1735 1718 1885 1775 lianc

273 1807 435 1878 igitur
472 1808 547 1863 illi
578 1823 764 1863 vocem
799 1811 851 1863 in
874 1809 1187 1864 memoriam
1218 1818 1490 1873 revocant,
1511 1819 1566 1865 ut
1587 1810 1884 1866 modestio-

272 1915 387 1957 rem
411 1900 560 1955 illum
580 1900 826 1956 reddant.
851 1900 1051 1956 Deinde
1066 1900 1213 1955 addit
1253 1900 1560 1971 Scriptura:
1594 1899 1728 1956 Etsi
1757 1919 1879 1969 non,

271 2002 448 2045 notum
473 1992 537 2044 sit
564 1992 676 2055 tibi,
708 2008 820 2058 rex,
850 1994 969 2062 quia
994 1992 1114 2045 deos
1140 2001 1252 2045 tuos
1276 2009 1377 2045 non
1404 1992 1639 2057 colimus,
1672 2002 1719 2046 et
1748 1993 1882 2046 ima-

270 2082 439 2152 ginem
468 2098 698 2149 auream,
753 2100 906 2151 quant
957 2083 1198 2149 statuisti,
1229 2100 1330 2136 non
1364 2084 1643 2139 adoramus
1668 2083 1792 2155 (Id.
1825 2087 1879 2140 4.

271 2173 339 2228 18
371 2174 418 2243 ).
444 2172 580 2229 Vide
605 2173 866 2244 juvenum
896 2175 1236 2244 sapientiam.
1266 2173 1403 2229 Nam
1435 2184 1601 2242 utne,
1632 2178 1724 2247 qui
1757 2188 1883 2233 tunc

266 2264 514 2328 aderant,
558 2265 723 2320 Deum
766 2264 1097 2320 inﬁrmitatis
1138 2277 1475 2334 accusarent,
1516 2268 1565 2322 si
1603 2266 1741 2322 forte
1769 2270 1884 2324 col-

266 2357 447 2426 lapsos
479 2356 599 2410 illos
642 2356 693 2409 in
734 2356 1006 2411 iornaccm
1045 2356 1182 2412 mori
1217 2357 1549 2428 contigisset,
1585 2360 1877 2429 potentiam

267 2446 390 2516 ejus
421 2457 547 2501 ante
576 2447 901 2502 conﬁtentur
926 2448 1188 2514 dicentes,
1228 2446 1325 2502 Est
1363 2447 1503 2503 Deus
1541 2450 1594 2503 in
1623 2451 1769 2516 caelo,
1792 2452 1881 2521 qui

266 2549 428 2610 potest
458 2556 550 2595 nos
592 2540 785 2611 eripere
817 2555 837 2593 :
869 2556 937 2595 ne
974 2552 1153 2594 autem
1202 2556 1389 2595 rursus
1434 2557 1554 2595 eum
1603 2541 1877 2598 ﬂammam

264 2631 585 2696 evasissent,
614 2631 881 2686 mercedis
900 2647 962 2686 ac
986 2633 1190 2702 praemii
1211 2647 1373 2687 causa
1406 2633 1513 2688 Deo
1538 2636 1751 2689 servire
1779 2650 1872 2706 pu-

265 2732 528 2788 tarentur,
560 2724 911 2794 adjecerunt:
944 2723 1011 2778 Et
1045 2725 1090 2779 si
1132 2741 1254 2788 non,
1289 2736 1462 2779 notum
1500 2726 1565 2779 sit
1604 2726 1713 2791 tibi,
1758 2744 1872 2793 rex,

261 2816 383 2885 quia
434 2817 555 2870 deos
602 2826 716 2870 tuos
755 2833 855 2871 non
906 2818 1153 2885 colimus,
1194 2827 1243 2873 et
1300 2818 1574 2889 imaginem
1623 2835 1834 2873 auream
1855 2858 1871 2885 ,

261 2924 416 2976 quam
449 2908 689 2974 statuisti,
731 2926 832 2963 non
862 2910 1175 2975 adoramus;
1204 2909 1399 2981 quibus
1429 2910 1607 2966 verbis
1632 2912 1790 2966 simul
1820 2922 1877 2968 et

267 3000 560 3067 praedicant
598 3000 693 3055 Dei
739 3002 988 3056 virtutem
1013 3012 1067 3057 et
1089 3016 1407 3072 generosam
1438 3004 1632 3058 animce
1660 3019 1774 3059 sua:
1810 3006 1878 3059 il-

262 3089 476 3145 duciatn
523 3107 631 3162 prie
677 3107 738 3147 se
783 3094 981 3159 ferunt,
1022 3110 1088 3148 ne
1129 3095 1266 3149 forte
1302 3094 1371 3149 de
1411 3096 1516 3150 illis
1543 3096 1665 3165 quis
1688 3096 1875 3154 dicere

267 3190 467 3249 posset,
486 3198 609 3253 quae
622 3184 909 3241 adversum
932 3185 1034 3240 Job
1053 3186 1299 3241 diabolus
1316 3187 1695 3245 calumniando
1708 3190 1873 3260 jacta-

264 3271 379 3328 bat.
410 3272 547 3341 Quid
580 3289 708 3329 vero
738 3274 951 3330 dicebat
976 3276 1267 3331 diabolus?
1299 3275 1420 3331 Non
1462 3280 1621 3350 gratis
1658 3281 1779 3334 colit
1825 3290 1874 3336 te

260 3361 362 3418 Job
384 3380 403 3418 :
422 3364 670 3436 siquidem
697 3368 903 3420 munisti
925 3384 1004 3421 res
1028 3368 1161 3438 ejus,
1192 3384 1307 3438 qui:
1335 3370 1490 3435 intra,
1515 3380 1562 3423 et
1590 3387 1706 3439 quas
1726 3382 1872 3427 astra

261 3466 382 3510 sunt
426 3455 566 3529 (Job
618 3460 669 3512 1.
703 3459 927 3529 9.1Ο).
974 3459 1051 3515 Ne
1096 3460 1255 3528 igitur
1295 3461 1362 3515 de
1409 3463 1491 3516 his
1534 3464 1695 3517 etiam
1740 3464 1869 3519 illud

259 3544 365 3600 dici
400 3558 601 3616 posset,
627 3550 699 3606 illi
724 3560 1087 3611 autevertunt,
1106 3561 1162 3605 et
1194 3551 1476 3622 impudens
1500 3567 1563 3607 os
1590 3553 1863 3610 obturant.

344 3636 591 3692 Virtutem
627 3642 714 3708 qui
750 3651 992 3705 sectatur,
1024 3641 1149 3695 liber
1177 3653 1250 3696 est
1286 3652 1331 3696 et
1364 3644 1598 3712 superior
1618 3646 1821 3715 regibus
1847 3663 1867 3711 ;

257 3732 418 3784 uirtus
438 3749 638 3786 onmem
662 3744 847 3787 metum
870 3734 1297 3790 excludit.—‘Sed
1314 3776 1329 3800 ,
1360 3744 1417 3789 ut
1449 3734 1717 3804 dicebam,
1743 3738 1868 3794 licet

259 3820 505 3890 captivus
536 3824 607 3877 sit
632 3824 845 3895 aliquis,
889 3825 1013 3880 licet
1038 3840 1248 3891 servus,
1289 3825 1415 3881 licet
1442 3826 1777 3896 peregrinus,
1802 3828 1869 3883 li-

253 3924 342 3969 cet
370 3914 423 3969 in
450 3916 622 3971 aliena
648 3918 863 3987 regione
895 3926 1157 3983 versetur,
1189 3928 1243 3973 et
1267 3918 1519 3972 virtutem
1550 3934 1735 3973 secum
1769 3919 1864 3975 ha-

254 4006 375 4060 beat
401 4048 414 4069 ,
448 4008 693 4075 superior
724 4008 973 4063 omnibus
1000 4008 1103 4062 erit
1127 4007 1365 4077 regibus.
1399 4007 1562 4063 Vides
1584 4018 1640 4064 et
1668 4008 1863 4065 mulie-

254 4112 374 4151 rum
397 4097 626 4152 solutam
649 4113 769 4154 esse
795 4100 1130 4163 servitutem,
1151 4108 1205 4154 et
1222 4098 1564 4167 famulorum,
1593 4110 1647 4155 et
1673 4115 1861 4157 eorum

251 4189 342 4259 qui
375 4189 703 4259 principibus
727 4190 990 4245 subsunt?
1018 4192 1130 4261 Age
1157 4190 1413 4261 deinceps
1454 4191 1735 4247 ostendam
1766 4192 1860 4248 tibi

252 4288 457 4334 metum
503 4295 715 4350 quoque
756 4282 1046 4336 bestiarum
1089 4296 1209 4337 esse
1239 4281 1544 4350 depulsum.
1579 4282 1636 4337 In
1667 4282 1858 4338 eadem

249 4371 519 4441 quondam
553 4371 825 4442 Babylone
843 4374 1119 4441 conjec'us
1142 4372 1315 4428 fuerat
1346 4375 1398 4427 in
1428 4373 1604 4428 lacum
1636 4374 1820 4429 Daniel
1845 4392 1858 4427 :

250 4464 346 4518 sed
388 4479 511 4519 eum
562 4464 751 4520 leones
795 4465 1060 4536 attingere
1103 4480 1211 4520 non
1261 4464 1549 4519 audebant.
1597 4463 1863 4521 Videbant

248 4555 395 4610 enim
431 4557 703 4625 antiquam
732 4566 786 4611 et
813 4558 1011 4628 regiam
1044 4558 1333 4628 imaginem
1363 4558 1414 4611 in
1444 4557 1562 4627 ipso
1592 4558 1863 4629 refulgen-

253 4658 383 4709 tent,
435 4646 686 4718 illamque
731 4648 959 4703 formam
1003 4651 1319 4716 cernebant,
1361 4667 1521 4719 quam
1567 4651 1619 4706 in
1653 4653 1861 4707 Adamn

250 4738 499 4792 viderant
543 4749 667 4794 ante
714 4750 1012 4809 peccatum.
1050 4740 1326 4811 Siquidem
1359 4758 1481 4796 cum
1516 4742 1705 4798 eadem
1733 4744 1862 4803 sub-

242 4830 501 4900 jectione,
528 4846 650 4886 cum
677 4832 744 4886 ad
774 4832 1038 4887 Adamum
1080 4836 1465 4903 accessissent,
1499 4838 1714 4891 nomina
1747 4849 1858 4893 tum

248 4933 592 4989 acceperunt.
624 4923 806 4993 Neque
836 4923 927 4978 hic
951 4925 1127 4979 solum
1152 4943 1167 4991 ;
1200 4926 1294 4981 sed
1324 4937 1381 4982 et
1420 4928 1474 4982 in
1506 4928 1666 4983 beato
1694 4928 1861 4985 Paulo

250 5013 392 5065 idem
434 5014 677 5082 contigit.
712 5015 841 5068 Nam
867 5024 921 5069 et
950 5017 1038 5070 ille
1076 5032 1199 5071 cum
1228 5020 1278 5071 iu
1309 5019 1660 5074 barbarorum
1712 5021 1861 5075 insu-

249 5108 356 5157 lam
384 5102 589 5171 ejectus
626 5115 791 5167 esset,
825 5121 970 5176 pyra:
1000 5108 1287 5171 assidebat,
1321 5119 1378 5161 nt
1410 5109 1686 5164 calt-fieret
1717 5109 1854 5183 (Act.

245 5192 394 5262 28):
446 5193 643 5248 deinde
692 5195 974 5263 prosiliens
1006 5212 1037 5250 e
1069 5200 1355 5251 sarmentis
1404 5199 1584 5268 vipera
1631 5215 1852 5255 manum

249 5287 367 5354 ejus
412 5288 622 5341 invasit.
661 5286 797 5355 Quid
848 5302 976 5357 ergo
1024 5298 1204 5357 postea
1252 5291 1518 5361 contigit?
1558 5289 1853 5347 Confestim

250 5380 421 5433 bestia
452 5380 664 5434 cecidit.
702 5379 830 5433 Nam
864 5382 1116 5449 quoniam
1148 5395 1426 5451 peccatum
1476 5400 1581 5438 non
1626 5384 1851 5451 invenit,

250 5485 323 5525 ne
353 5472 599 5526 mordere
624 5474 837 5542 quidem
875 5474 1088 5541 potuit:
1128 5474 1220 5528 scd
1250 5476 1699 5545 quemadmodum
1734 5494 1853 5543 nos,

248 5566 297 5618 si
330 5566 541 5634 quando
568 5566 740 5621 levem
790 5568 1022 5637 aliquem
1060 5568 1339 5636 scapulmn
1380 5569 1671 5623 ascendere
1702 5570 1853 5622 volu-

252 5675 398 5722 nius,
426 5659 552 5714 dum
594 5676 857 5731 nusquam
904 5660 1221 5730 reperimus,
1273 5662 1414 5731 quod
1455 5660 1854 5731 apprehensum

254 5764 570 5817 teneamus,
626 5764 848 5823 repente
886 5752 1250 5819 concidimus,
1302 5754 1415 5809 sive
1460 5754 1509 5807 in
1554 5752 1853 5821 subjectum

256 5851 499 5919 pelagus,
531 5849 639 5901 sive
668 5850 715 5902 in
752 5846 1097 5918 ptucipitium
1134 5865 1143 5900 :
1177 5849 1251 5902 sic
1293 5854 1344 5901 ct
1383 5848 1468 5902 illa
1510 5845 1699 5913 bestia,
1730 5861 1849 5900 cum

1574 416 1637 473 IN
1677 410 1981 472 GENESIM
2016 412 2248 471 SERMO
2282 414 2347 471 Υ.

3509 416 3619 472 ﬁt?!

1998 528 2236 600 subjecta
2270 537 2415 585 esset
2440 543 2572 602 pyra
2594 569 2611 596 ,
2644 527 2786 600 quod
2819 540 3099 601 peccatum
3126 573 3141 596 ,
3174 529 3259 583 cui
3283 527 3589 585 adhaereret

1998 634 2103 673 non
2136 619 2452 687 invenisset,
2484 635 2659 691 neque
2696 621 2785 675 cui
2807 620 3001 676 dentes
3032 621 3301 691 indigeret,
3338 621 3389 674 in
3421 635 3613 694 pyram

1995 708 2215 775 decidit,
2244 720 2299 768 et
2331 712 2655 781 interempta
2687 721 2791 766 est.
2829 711 2922 767 Vis
2952 712 3181 767 alterum
3214 713 3307 766 tibi
3335 710 3613 767 delensio-

1997 801 2081 854 nis
2124 815 2297 871 genus
2346 800 2398 856 in
2445 802 2680 857 medium
2728 802 2996 857 all'eram?
3040 803 3216 859 Unum
3262 802 3479 873 quidem
3504 811 3611 867 est,

1994 895 2137 963 quod
2169 912 2275 947 non
2311 897 2518 963 priores
2550 904 2755 949 tantum
2797 898 3103 963 pecc:trint,
3136 896 3231 949 sed
3274 906 3330 950 ct
3364 894 3457 964 qui
3492 904 3615 963 post

1997 984 2115 1038 illus
2140 986 2250 1039 nati
2281 994 2442 1047 sunt;
2472 985 2701 1038 alterum
2735 1000 2884 1047 vero,
2919 985 3059 1053 quod
3092 986 3181 1053 qui
3212 986 3351 1039 bene
3393 998 3454 1037 se
3490 998 3615 1054 ges-

1994 1076 2202 1141 serint,
2238 1076 2399 1145 idque
2427 1075 2554 1129 dum
2583 1076 2635 1129 in
2668 1076 2769 1131 bac
2798 1076 2905 1129 vita
2937 1087 3309 1140 versarentur,
3353 1074 3613 1131 leviorem

1994 1168 2345 1237 experiantur
2374 1169 2691 1222 servitutem
2720 1184 2735 1222 :
2768 1168 2850 1222 vel
2878 1168 3054 1237 potius
3082 1168 3150 1223 ab
3182 1168 3269 1222 illa
3298 1170 3506 1238 integra
3542 1166 3611 1222 li-

1996 1258 2273 1324 berentur,
2324 1267 2381 1312 nt
2424 1259 2587 1314 etiam
2628 1260 2679 1312 in
2724 1258 3064 1324 mulieribus,
3096 1271 3152 1315 et
3181 1260 3233 1313 in
3262 1259 3515 1325 subditis,
3550 1265 3608 1313 et

1994 1352 2047 1407 in
2081 1351 2274 1407 bclluis
2318 1368 2345 1403 a
2384 1351 2541 1406 nobis
2576 1360 2854 1405 ostensum
2898 1361 3000 1405 est.
3032 1351 3274 1406 Tertium
3321 1366 3449 1406 vero
3488 1360 3612 1423 post

1994 1442 2105 1507 illa,
2158 1442 2298 1511 quod
2348 1442 2594 1497 Christus
2647 1457 2770 1494 cum
2818 1442 3162 1508 advenisset,
3208 1442 3413 1510 majora
3464 1455 3609 1495 nunc

1991 1535 2130 1590 botta
2176 1538 2245 1589 sit
2287 1535 2439 1588 nobis
2485 1534 2776 1603 pollicitus,
2824 1550 2986 1602 quam
3043 1548 3105 1588 ea
3149 1532 3343 1603 quibus
3388 1532 3601 1601 slmliati

1992 1626 2188 1681 fuitttus
2214 1628 2285 1680 ab
2314 1627 2398 1688 iis,
2441 1626 2533 1695 qtti
2562 1645 2589 1677 a
2630 1625 2891 1695 principio
2920 1634 3227 1695 peccaram.
3260 1622 3401 1691 Quid
3433 1624 3601 1687 enim,

1989 1733 2192 1788 quaeso,
2228 1735 2369 1772 mine
2400 1718 2584 1788 luges?
2608 1733 2675 1771 an
2707 1717 2850 1786 quod
2885 1718 3123 1771 admisso
3156 1726 3376 1786 peccato
3398 1731 3430 1771 e
3454 1730 3612 1784 pant-

1989 1810 2109 1865 diso
2154 1821 2205 1864 te
2249 1810 2419 1863 Adam
2464 1810 2723 1879 ejeccrit?
2771 1808 2874 1863 Fac
2927 1809 3063 1862 bona
3117 1822 3304 1877 opera,
3355 1812 3605 1860 virtutem

1988 1902 2242 1955 tumulare
2262 1919 2273 1962 ;
2296 1916 2393 1954 nec
2418 1902 2527 1969 jam
2559 1899 2888 1969 paradisum,
2912 1898 3009 1954 sed
3043 1898 3136 1953 tibi
3167 1898 3359 1953 cadum
3394 1913 3602 1962 resera,

1990 2007 2169 2061 neque
2202 1995 2485 2061 permitto,
2522 2001 2577 2043 ut
2601 2007 2666 2045 cx
2700 1991 2854 2059 primi
2893 1990 3130 2061 parentis
3160 1990 3606 2061 pra‘varicitioue

1984 2081 2116 2139 tuali
2150 2086 2244 2137 tilr’.
2278 2084 2568 2153 quidquam
2597 2084 2871 2138 obveniat.
2906 2085 2989 2137 An
3034 2083 3208 2153 luges,
3246 2080 3390 2152 quod
3423 2082 3602 2137 domi—

1987 2186 2113 2231 natu
2144 2176 2195 2229 in
2225 2176 2364 2229 feras
2395 2176 2634 2243 privatus
2656 2174 2769 2229 sis?
2792 2175 2932 2230 Ecce
2956 2174 3048 2229 tibi
3080 2174 3357 2229 dwmoues
3382 2187 3600 2244 quoque

1985 2268 2235 2339 subjicio,
2264 2268 2307 2321 si
2340 2268 2470 2322 velis
2496 2266 2795 2321 attendere.
2826 2265 3033 2321 Calcate
3072 2282 3307 2335 namque
3330 2306 3345 2330 ,
3390 2264 3597 2335 inquit.

1984 2376 2141 2429 supra
2164 2369 2420 2429 serpentes
2447 2368 2492 2411 et
2523 2357 2839 2428 scorpiones,
2872 2367 2919 2410 et
2945 2373 3101 2425 super
3128 2372 3331 2410 omnem
3365 2354 3599 2408 uirtutem

1984 2451 2178 2505 inimici
2204 2455 2218 2520 (
2243 2450 2373 2504 Luc.
2409 2449 2494 2505 10.
2537 2449 2663 2520 l9).
2692 2448 2881 2519 Neque
2907 2448 3040 2503 dixit
3062 2490 3078 2516 ,
3114 2448 3473 2503 Dominamini
3494 2488 3509 2511 ,
3541 2455 3603 2502 ut

1982 2558 2105 2599 cum
2132 2542 2200 2597 de
2228 2543 2414 2597 bestiis
2441 2551 2661 2612 ageret,
2689 2542 2817 2610 sed,
2846 2540 3089 2606 Calacte,
3118 2548 3178 2595 ut
3200 2554 3471 2595 summum
3516 2540 3599 2595 itt-

1985 2637 2208 2691 duceret
2234 2635 2591 2689 dominatum.

2056 2730 2110 2782 3.
2167 2728 2458 2797 Propterea
2490 2727 2688 2783 Paulus
2721 2741 2937 2797 quoque
2964 2742 3070 2781 non
3103 2726 3261 2792 dixit,
3293 2726 3434 2782 Deus
3465 2724 3596 2781 sub-

1976 2818 2126 2888 jiciet
2172 2829 2415 2873 satanam
2457 2820 2559 2873 sub
2601 2816 2825 2888 pedibus
2871 2819 3099 2885 vestris,
3136 2818 3255 2881 sed,
3286 2816 3427 2873 Deus
3469 2834 3593 2873 con-

1980 2921 2102 2966 teret
2146 2923 2379 2967 satnnam
2403 2912 2496 2966 sub
2527 2911 2738 2983 pedibus
2771 2912 2947 2965 uestris
2991 2911 3167 2982 (Rom.
3196 2910 3284 2966 16.
3318 2910 3437 2982 ευ).
3476 2909 3595 2966 Non

1974 3002 2110 3072 jam,
2145 3011 2202 3057 ut
2227 3004 2394 3072 prius,
2419 3002 2542 3073 Ipse
2571 3003 2851 3057 observavit
2886 3013 3042 3070 caput
3083 3012 3247 3069 tuum,
3277 3011 3323 3056 et
3349 3013 3405 3055 tu
3432 3002 3595 3072 ipsius

1977 3095 2275 3148 calcaneum
2304 3094 2589 3147 observabis
2613 3108 2633 3146 .°
2675 3092 2769 3149 sed
2808 3094 3017 3162 integra
3060 3101 3146 3147 est
3186 3092 3431 3159 victoria,
3462 3107 3593 3164 per-

1977 3183 2151 3240 lectus
2179 3185 2502 3255 trimnpbus,
2529 3185 2682 3253 plena
2714 3193 2920 3252 strages
2952 3184 3143 3247 bustis,
3184 3185 3505 3247 iuternecio,
3537 3194 3595 3239 et

1976 3277 2219 3331 exitium.
2259 3276 2384 3330 \‘iro
2422 3285 2472 3331 te
2511 3276 2739 3347 subjecit
2786 3275 2893 3330 Eva
2918 3294 2931 3340 ;
2958 3290 3061 3345 ego
3104 3291 3232 3330 vero
3264 3286 3315 3331 te
3338 3291 3444 3331 non
3476 3277 3592 3331 viro

1978 3378 2205 3431 tanaim,
2237 3367 2332 3423 st-d
2374 3377 2427 3422 et
2472 3368 2603 3437 ipsis
2631 3367 2838 3439 angelis
2864 3366 3073 3422 honore
3099 3369 3365 3438 thualem
3396 3368 3587 3437 reddo,

1974 3458 2019 3512 si
2049 3458 2197 3510 velis.
2234 3458 2347 3511 Vita
2386 3469 2438 3511 te
2484 3458 2733 3527 praesenti
2768 3458 3031 3527 privavit:
3066 3474 3168 3529 ego
3193 3474 3319 3514 vero
3351 3458 3586 3514 futuram

1976 3550 2070 3603 tibi
2100 3551 2329 3620 largior,
2366 3564 2680 3617 perennem,
2733 3550 3115 3617 immortalem,
3153 3560 3208 3605 et
3248 3551 3403 3606 bonis
3430 3552 3590 3606 innu-

1975 3642 2138 3694 meris
2167 3640 2578 3695 redundautem.
2601 3640 2770 3695 Nemo
2793 3643 2955 3711 igitur
2984 3654 3201 3712 pr0pter
3230 3643 3353 3698 illos
3378 3642 3587 3713 priores

1972 3734 2172 3787 damno
2212 3750 2271 3788 se
2318 3735 2568 3788 allectum
2618 3735 2949 3790 arbitretur:
3008 3736 3207 3790 etenim
3256 3735 3303 3789 si
3358 3736 3587 3791 velimus

1972 3826 2176 3891 omnia,
2230 3841 2349 3893 qua:
2394 3825 2550 3879 nobis
2597 3826 2887 3895 largiturus
2938 3837 3042 3892 est,
3088 3827 3362 3898 persequi,
3415 3827 3587 3882 multo

1973 3919 2176 3987 majora
2223 3919 2325 3982 bis,
2354 3933 2476 3988 qua:
2508 3919 2809 3983 illﬂisiIllUS,
2842 3920 2997 3973 nobis
3041 3935 3163 3975 esse
3205 3920 3401 3973 donata
3434 3936 3587 3975 1⁵0111-

1975 4012 2263 4080 periemus.
2306 4010 2574 4065 (Ia-terum
2615 4026 2679 4065 ex
2732 4012 2817 4072 iis,
2852 4028 2973 4081 quae
3010 4012 3151 4068 dicta
3182 4024 3329 4079 sunt,
3360 4014 3427 4070 dc
3456 4015 3585 4070 reli-

1970 4101 2091 4169 quis
2118 4102 2279 4155 etiam
2308 4101 2595 4154 co:.8tabit.
2644 4099 2994 4155 Laboriosum
3040 4103 3279 4157 Adamus
3306 4106 3469 4159 vitam
3505 4106 3587 4159 iu-

1972 4192 2155 4253 vexit;
2188 4201 2242 4243 at
2272 4190 2518 4245 Christus
2548 4191 2707 4244 vitam
2745 4193 3011 4261 promisit,
3047 4194 3188 4249 unde
3231 4195 3362 4265 fugit
3402 4196 3577 4261 dolor,

1972 4281 2206 4343 tristitia,
2238 4291 2289 4334 et
2315 4282 2567 4351 gemitus,
2606 4297 2773 4351 seque
2804 4298 3027 4353 regnuut
3068 4286 3323 4339 earlorum
3358 4286 3580 4357 largitu-

1970 4388 2089 4426 rum
2122 4372 2424 4441 pillicelttr.
2470 4372 2641 4428 Venite
2674 4390 2925 4445 namque,
2972 4375 3163 4445 inquit,
3208 4378 3451 4431 benedicti
3477 4377 3583 4432 Pa-

1970 4465 2061 4517 tris
2080 4464 2193 4525 mei,
2226 4464 2476 4534 possidete
2497 4474 2731 4533 paratum
2758 4467 2895 4519 vobis
2923 4482 3136 4534 regnum
3166 4485 3198 4520 a
3221 4470 3583 4525 constitutione

1932 4583 1936 4586 ‹
1968 4556 2163 4609 mundi.
2182 4555 2387 4610 Esurivi
2408 4559 2563 4623 enim,
2589 4568 2637 4611 et
2666 4558 2877 4611 dedistis
2900 4560 3025 4613 mihi
3046 4560 3396 4617 manducare:
3423 4564 3579 4625 sititu',

1967 4659 2013 4701 et
2040 4649 2248 4702 dedistis
2278 4650 2400 4702 mihi
2426 4650 2632 4704 bibere:
2663 4652 2845 4719 hospes
2872 4668 3032 4720 eram,
3073 4664 3123 4708 et
3154 4656 3431 4726 collegistis
3466 4672 3582 4710 me:

1968 4741 2137 4794 nudus
2171 4757 2335 4806 eram,
2368 4750 2414 4793 et
2447 4741 2777 4810 c00peruistis
2808 4758 2927 4796 me:
2957 4744 3009 4797 in
3048 4761 3270 4811 carcere,
3299 4756 3343 4800 et
3375 4748 3582 4801 uenistis

1965 4833 2034 4885 ad
2065 4849 2142 4885 me
2164 4830 2376 4901 (Matth.
2406 4832 2496 4886 25.
2530 4832 2598 4887 5i
2620 4861 2643 4872 -
2668 4832 2783 4903 36).

2040 4924 2093 4979 Μ
2102 4926 2258 4979 oralis
2272 4924 2522 4995 epilogus.
2550 4924 2802 4979 Hortatur
2822 4926 2891 4978 ad
2911 4928 3301 4999 eleemosyrmm.
3323 4962 3393 4972 —
3415 4932 3577 4987 Num-

1965 5019 2091 5089 quid
2123 5020 2285 5088 igitur
2312 5034 2411 5072 nos
2452 5034 2667 5087 quoque
2715 5018 2927 5073 beatam
2970 5020 3115 5075 illam
3153 5038 3340 5080 Vocem
3386 5026 3575 5082 ειυιιίθ.

1968 5110 2129 5166 mus?
2159 5111 2421 5181 Equidem
2465 5128 2571 5165 non
2612 5113 2901 5165 admodum
2938 5113 2989 5167 id
3020 5116 3194 5170 ausim
3235 5132 3574 5182 asseverare,

1966 5204 2266 5271 przesertim
2298 5217 2419 5255 cum
2452 5217 2717 5271 pauperes
2749 5204 2903 5259 valde
2928 5218 3361 5263 contemnamus.
3381 5209 3575 5280 chtmil

1967 5302 2176 5362 tempus
2201 5303 2304 5358 est,
2338 5302 2411 5346 tot
2440 5293 2597 5347 cubet
2616 5296 2844 5349 lationes
2874 5298 3025 5359 tiunt,
3072 5306 3149 5351 tot
3191 5299 3446 5356 salutaria
3474 5303 3575 5356 do»

1964 5397 2209 5440 contenta
2246 5397 2632 5454 proponuntur,
2680 5403 2864 5453 preces
2904 5390 3196 5456 continuae,
3247 5393 3573 5461 quotidiana!

1966 5476 2225 5534 CttiiBCliB.
2254 5476 2381 5545 quid
2418 5486 2592 5530 lnltlt'l)
2640 5490 2756 5545 post
2790 5488 2991 5535 tantam
3037 5498 3221 5537 curam
3265 5486 3362 5539 ista
3410 5491 3576 5557 proti-

1962 5567 2154 5622 ciuttt?
2186 5566 2325 5620 Nihil
2362 5568 2537 5636 plane.
2572 5569 2706 5623 llinc
2735 5574 2877 5623 enim
2912 5576 3212 5629 recedimus
3243 5578 3433 5633 ordine
3463 5580 3572 5634 dis~

1966 5659 2135 5727 posita
2171 5676 2460 5729 pauperum
2493 5664 2701 5731 agmina
2740 5663 2864 5719 hinc
2901 5666 3025 5721 inde
3064 5671 3319 5723 stantium
3355 5672 3571 5729 intuen-

1966 5761 2079 5817 tes;
2108 5764 2161 5807 et
2189 5754 2339 5823 qttasi
2375 5754 2674 5818 columnas,
2722 5771 2825 5810 non
2866 5758 3095 5812 humana
3124 5775 3350 5830 corpora
3382 5782 3574 5821 cerne--

1968 5859 2168 5913 remus,
2214 5846 2291 5902 sic
2331 5846 2530 5916 absque
2584 5850 2947 5905 misericordia
2992 5855 3349 5923 prxtcrimus.
3386 5859 3567 5930 Itaque
