4180 6468
582 412 695 468 603

588 542 696 582 non
722 538 879 581 secus
904 536 967 577 ac
991 518 1035 576 si
1058 526 1259 575 statuas
1280 515 1454 569 anima
1481 519 1748 575 carentes,
1773 520 1879 562 non
1906 503 2173 574 spirantes

588 617 835 672 homines
863 621 1247 684 Spectaremus,
1266 607 1335 661 ita
1356 605 1572 660 domum
1602 611 1967 671 properamus.
2002 592 2175 649 Enim-

588 722 720 764 vero
739 706 907 760 fames
934 702 1095 773 cogit,
1126 700 1387 771 inquiunt.
1412 696 1524 750 lmo
1553 690 1780 748 suadere
1799 688 1960 745 debet
1983 685 2171 746 fames,

591 809 651 854 ut
676 796 975 860 subsistas;
1007 792 1289 864 siquidem,
1320 798 1380 845 ut
1402 788 1614 858 vulgato
1658 784 1825 839 fertur
1864 775 2169 851 proverbio,

589 888 738 945 Pleni
779 898 994 942 ventres
1034 884 1336 941 esurientes
1376 896 1480 935 non
1521 886 1783 933 noverunt
1810 892 1823 926 :
1847 882 1903 926 at
1938 867 2029 940 qui
2059 882 2175 923 esu-

593 981 738 1035 riunt
774 994 840 1034 ex
886 977 1204 1034 necessitate
1229 989 1323 1031 sua
1370 973 1529 1028 etiam
1569 969 1801 1025 alienam
1842 968 2171 1036 agnoscunt;

590 1072 678 1127 vel
710 1072 886 1142 potius
916 1085 984 1126 ne
1011 1069 1088 1125 sic
1113 1066 1329 1138 quidem
1361 1064 1473 1118 fieri
1501 1070 1693 1132 potest,
1728 1069 1785 1113 ut
1824 1056 1969 1111 illam
2008 1064 2171 1109 totam

589 1173 924 1235 perspectam
968 1162 1217 1216 habeant.
1268 1158 1402 1213 Nam
1448 1165 1509 1209 tu
1545 1152 1759 1224 quidem
1808 1150 1875 1204 ad
1932 1154 2174 1219 paratam

589 1270 830 1310 mensam
866 1254 1103 1320 festinas,
1147 1262 1200 1307 et
1234 1267 1299 1305 ne
1327 1249 1393 1304 ad
1425 1239 1700 1303 modicum
1721 1243 1937 1314 quidam
1965 1250 2174 1307 tempus

587 1356 743 1415 potes
765 1356 1115 1414 exspectare:
1152 1358 1351 1413 pauper
1376 1349 1553 1395 autem
1586 1348 1691 1393 stat
1719 1335 1783 1389 ad
1816 1340 1981 1405 ipsam
2006 1344 2175 1400 usque

588 1452 866 1507 vesperam
889 1437 1143 1493 festinans
1171 1447 1224 1491 et
1255 1434 1441 1490 sedulo
1468 1431 1798 1494 incumbens,
1828 1435 1885 1480 ut
1910 1421 2173 1495 quotidia-

587 1546 717 1585 num
760 1531 957 1585 victum
982 1537 1253 1598 comparet
1276 1545 1289 1580 :
1314 1538 1543 1593 cumque
1565 1522 1706 1576 diem
1732 1519 1935 1573 finitum
1958 1513 2171 1577 viderit.

587 1621 866 1694 pecuniam
896 1636 1025 1676 vero
1054 1618 1287 1673 nondum
1312 1626 1473 1671 totam
1494 1615 1793 1675 collectam,
1814 1624 1931 1678 quae
1951 1607 2017 1661 ad
2044 1620 2178 1676 quo-

591 1713 847 1768 tidianum
878 1711 1074 1766 victum
1102 1708 1351 1771 sufficiat,
1385 1705 1531 1761 dolet
1562 1712 1615 1757 et
1639 1699 1996 1759 extandescit,
2027 1706 2082 1751 et
2107 1694 2173 1781 ad

585 1817 650 1857 ea
680 1816 799 1872 qua:
842 1800 983 1855 vires
1030 1799 1193 1869 ipsius
1238 1797 1503 1853 excedunt
1540 1792 1783 1848 audenda
1814 1787 2169 1858 compellitur.

588 1892 714 1948 Ideo
738 1893 839 1950 sub
862 1907 1140 1963 vesperam
1165 1888 1555 1946 vehementius.
1568 1902 1665 1942 nos
1700 1884 1957 1940 invadunt
1988 1880 2172 1950 juran-

591 1992 693 2051 tes,
720 1982 1045 2053 adiurantes,
1078 1983 1347 2053 lugentes,
1380 1979 1672 2049 plorantes,
1714 1990 1903 2031 manus
1947 1969 2173 2027 tenden-

588 2082 691 2140 tes,
716 2073 817 2129 alia
844 2074 1119 2129 innumera
1153 2071 1487 2141 impudenter
1510 2084 1668 2140 agere
1692 2067 1881 2124 coacti.
1914 2065 2177 2118 Verentur

587 2165 731 2219 enim
785 2179 873 2229 ne,
920 2180 1043 2219 cum
1090 2178 1276 2218 omnes
1313 2164 1528 2217 domum
1578 2160 1915 2223 recesserint,
1958 2158 2008 2209 in
2041 2159 2177 2213 urbe

590 2264 859 2325 tamquam
892 2254 943 2309 in
969 2255 1183 2310 deserto
1211 2255 1320 2309 sint
1346 2252 1575 2309 erraturi
1609 2270 1622 2304 :
1652 2262 1707 2307 et
1732 2253 1866 2306 sicut
1897 2250 1987 2322 qui
2015 2251 2177 2304 inter-

585 2346 679 2402 diu
708 2346 1037 2418 naufragium
1066 2349 1325 2408 fecerunt,
1355 2346 1530 2401 tabula
1562 2352 1793 2415 arrepta,
1824 2353 1949 2397 ante
1989 2357 2177 2410 vespe~

586 2454 705 2493 ram
726 2439 794 2492 ad
823 2447 1033 2508 portum
1062 2439 1343 2507 pervenire
1374 2436 1642 2504 festinant,
1666 2453 1734 2491 ne
1759 2435 1893 2490 forte
1921 2450 2039 2489 cunt
2071 2450 2173 2487 nox

587 2530 885 2591 advenerit,
944 2529 1072 2585 foris
1124 2541 1403 2586 manentes
1450 2529 1663 2599 gravius
1712 2526 2046 2596 naufragium
2078 2541 2174 2594 pa-

588 2620 787 2674 tiantur
814 2640 827 2675 :
864 2622 1019 2690 itaet
1045 2636 1305 2692 pauperes
1334 2621 1460 2677 dum
1501 2620 1696 2676 famem
1742 2630 2013 2689 tamquam
2043 2632 2176 2671 nau-

588 2711 815 2781 fragium
858 2712 1261 2782 pcrtimescunt,
1308 2719 1433 2766 ante
1477 2723 1751 2780 vesperam
1793 2708 2070 2778 pecuniam
2110 2705 2177 2759 ad

589 2801 839 2855 diurnum
873 2801 1072 2855 victum
1122 2800 1475 2856 sufficientem
1522 2800 1775 2870 colligere
1808 2797 2078 2858 festinant.
2110 2810 2178 2851 ne

589 2908 711 2946 enat
737 2906 927 2948 omnes
946 2892 1163 2946 domum
1190 2891 1549 2956 discesserint,
1580 2900 1728 2945 extra
1760 2900 1969 2957 portum
1998 2902 2178 2943 rema-

590 2995 773 3040 neant.
798 2985 989 3041 Portus
1009 2986 1151 3041 enim
1184 2985 1288 3040 illis
1309 2994 1433 3040 sunt
1456 2999 1643 3040 eorum
1670 2999 1881 3051 manus,
1903 2983 1992 3053 qui
2020 2996 2176 3052 opem

590 3076 786 3132 ferunt.

662 3170 717 3223 ὁ.
750 3167 1040 3237 Pauperum
1071 3169 1304 3222 miseram
1338 3167 1675 3222 conditionem
1710 3166 1981 3233 describit,
2010 3167 2180 3221 diviti-

592 3262 780 3330 busque
804 3260 1044 3313 duritiam
1086 3260 1253 3315 cordis
1284 3259 1569 3329 exprobrat.
1594 3289 1666 3299 -
1696 3262 1763 3314 At
1798 3275 1896 3315 nos
1924 3276 2101 3331 neque
2128 3261 2179 3314 in

592 3352 710 3406 foro
733 3350 1119 3419 calamitatibus
1146 3366 1332 3406 eorum
1371 3367 1777 3407 commovemur
1800 3393 1813 3417 ,
1863 3368 2033 3423 neque
2058 3369 2179 3407 cum

591 3442 811 3497 domum
837 3443 1041 3497 reversi
1068 3458 1251 3497 smnus
1284 3459 1299 3495 :
1333 3442 1426 3496 sed
1450 3452 1649 3496 etcum
1688 3459 1870 3498 mensa
1908 3444 2060 3500 nobis
2086 3461 2179 3513 ap-

591 3532 763 3602 posita
783 3531 980 3598 fuerit,
1024 3545 1167 3601 s:t-pe
1198 3532 1413 3587 infinitis
1459 3532 1614 3586 bonis
1646 3532 1840 3588 referta
1882 3536 2179 3605 (siquidem

591 3638 655 3677 ea
706 3622 841 3677 bona
870 3623 1101 3676 vocanda
1133 3632 1257 3677 sunt
1286 3639 1404 3693 qua:
1445 3623 1511 3677 ad
1553 3632 1748 3678 nostra:
1784 3624 2182 3682 iubnmanitatis

591 3714 1090 3770 condemnationem
1135 3717 1549 3785 comedimus),
1606 3732 1970 3773 verumtamen
2021 3721 2179 3773 etiam

592 3820 715 3859 cum
745 3807 983 3876 apposita
1012 3805 1171 3860 fuerit
1200 3822 1407 3873 mensa,
1436 3808 1560 3861 dum
1589 3823 1684 3876 per
1704 3810 2013 3878 angiportus
2045 3810 2182 3863 infe-

595 3897 708 3949 rius
751 3896 872 3951 illos
920 3896 1228 3951 incedentes
1270 3896 1550 3961 audimus,
1597 3906 1651 3951 et
1688 3898 1740 3951 in
1782 3901 1953 3953 triviis
1992 3916 2181 3972 magna

595 4003 728 4043 voce
757 3990 1047 4044 clamantes
1068 4030 1081 4053 ,
1130 3989 1405 4059 profundis
1447 3989 1690 4044 dolentes
1729 3991 1779 4044 in
1810 3992 2042 4046 tenebris
2068 4034 2080 4053 ,
2132 3999 2181 4048 in

594 4078 758 4134 multa
790 4079 1104 4143 solitudine,
1153 4096 1219 4134 ne
1248 4082 1324 4135 sic
1348 4080 1562 4150 quidem
1605 4095 2007 4137 commoremur
2040 4101 2052 4135 :
2085 4085 2183 4140 sed

593 4177 652 4223 et
680 4169 845 4222 saturi
871 4169 996 4223 dum
1026 4168 1093 4223 ad
1135 4185 1381 4224 somnum
1426 4186 1524 4225 nos
1566 4172 1961 4237 convertimus,
1995 4183 2048 4229 et
2093 4175 2183 4229 illo

596 4274 783 4313 rursus
811 4268 1050 4329 tempore
1076 4261 1254 4314 multis
1294 4261 1614 4316 clamoribus
1654 4263 1890 4319 dolorem
1926 4277 2183 4323 testantes

596 4349 864 4413 audimus,
896 4351 1047 4419 quasi
1092 4351 1332 4406 rabidum
1364 4367 1589 4416 canem,
1637 4370 1741 4408 non
1769 4354 2052 4409 lnunamm
2085 4374 2182 4413 vo-

598 4456 713 4495 cem
736 4440 1061 4508 audiremus,
1090 4442 1160 4496 ita
1192 4446 1526 4513 prmterimus
1552 4462 1566 4498 :
1596 4454 1649 4499 et
1678 4461 1851 4515 neque
1877 4446 2186 4517 difficultate

599 4534 859 4602 temporis
888 4550 1184 4599 movemur,
1214 4536 1353 4605 quod
1384 4538 1698 4607 intempesta
1731 4550 1888 4594 nocte
1914 4541 2184 4597 dormien-

597 4624 741 4677 tibus
770 4627 1017 4681 omnibus
1042 4628 1360 4684 lamentetur
1387 4630 1477 4685 ille
1500 4632 1665 4698 solus,
1698 4648 1873 4702 neque
1898 4636 2035 4703 quod
2068 4652 2185 4703 per-

600 4719 846 4787 exiguum
878 4720 1002 4787 quid
1046 4722 1307 4789 postulet,
1357 4724 1495 4791 quod
1524 4726 1649 4777 nihil
1680 4728 1907 4794 amplius
1956 4745 1983 4781 a
2031 4731 2184 4786 nobis

598 4826 759 4878 quam
786 4828 976 4885 panem
997 4852 1011 4876 ,
1058 4823 1147 4865 aut
1175 4814 1389 4882 paulum
1419 4817 1619 4884 argenti
1648 4828 1821 4884 petat,
1869 4837 2037 4889 neque
2070 4840 2182 4878 ma-

598 4899 872 4968 gnitudine
894 4903 1209 4957 calamitatis
1236 4945 1249 4967 ,
1288 4904 1429 4973 quod
1462 4915 1715 4974 perpetua
1748 4910 1883 4963 fame
1909 4912 2185 4969 cottfléctc-

601 5001 709 5057 tur,
745 5008 916 5062 neque
962 4994 1220 5049 modestia
1262 4995 1629 5065 supplicantis,
1661 5001 1748 5067 qui
1772 5017 1888 5054 cum
1925 5013 2065 5056 tanta
2095 5021 2188 5058 ne-

597 5084 848 5136 cessitate
891 5096 1186 5153 prematur,
1230 5102 1333 5139 non
1380 5086 1442 5141 ad
1486 5086 1626 5143 fores
1659 5091 1915 5146 accedere
1955 5094 2185 5161 audeat,

601 5189 708 5228 non
734 5177 977 5231 cominus
1008 5186 1164 5241 stare,
1199 5179 1290 5231 sed
1323 5180 1541 5232 inferius
1563 5181 1717 5250 longo
1749 5192 1985 5238 remotus
2018 5197 2183 5240 mter-

599 5272 742 5327 vallo
772 5270 1207 5342 supplicationem
1255 5286 1402 5325 suam
1435 5274 1641 5327 offerat.
1683 5277 1757 5329 Ac
1788 5277 1829 5329 si
1853 5278 2063 5345 quidem
2095 5296 2187 5333 ac-

602 5364 762 5432 cipiat
789 5405 803 5427 ,
846 5362 1148 5417 innumeras
1180 5380 1363 5431 preces
1406 5366 1649 5433 rependit
1675 5385 1687 5421 :
1717 5369 1760 5422 si
1790 5384 1893 5423 non
1938 5369 2182 5439 accipiat,

604 5470 670 5510 ne
692 5455 770 5508 sic
787 5455 999 5525 quidem
1023 5470 1266 5525 asperum
1296 5457 1515 5511 verbum
1534 5460 1746 5524 emittit,
1780 5476 1949 5531 neque
1979 5463 2186 5532 probris

603 5546 893 5601 insectatur
916 5556 1007 5600 aut
1031 5547 1246 5601 infamat
1273 5565 1388 5613 eos,
1417 5548 1507 5618 qui
1535 5563 1652 5603 cum
1681 5551 1810 5606 dare
1837 5554 2062 5621 possint,
2108 5556 2187 5609 ni—

605 5638 677 5691 hil
711 5639 948 5706 prmbcnt
977 5657 989 5691 :
1024 5639 1114 5693 sed
1159 5649 1214 5692 ut
1252 5641 1512 5709 quispiam
1543 5639 1666 5695 dum
1696 5642 1762 5697 ad
1793 5643 2181 5700 intolerandum

602 5730 868 5797 quoddam
895 5731 1212 5800 supplicium
1242 5747 1272 5784 a
1297 5732 1545 5789 carnifice
1571 5733 1778 5790 ducitur
1799 5777 1813 5801 ,
1841 5736 2035 5793 deinde
2062 5754 2184 5793 cum

605 5829 987 5889 praetereuntes
1010 5837 1194 5877 omnes
1219 5822 1502 5880 cohortalis
1529 5836 1580 5883 et
1621 5828 1909 5886 obsecrans
1928 5871 1943 5897 ,
1978 5829 2179 5888 nullout

1361 401 1416 455 S.
1460 395 1740 454 JOANNIS
1777 380 2254 449 CHRYSOSTOMI
2297 378 2619 436 AllClllEP.
2658 379 3193 437 CONSTANTINUP.

3778 380 3880 436 ὕοι

2289 493 2585 550 subsidium
2612 494 2859 549 obtinere
2885 494 3136 563 potuerit,
3161 492 3322 547 multa
3347 507 3470 548 cum
3495 492 3883 551 inhumanitate

2284 587 2351 640 ad
2379 586 2695 657 supplicium
2723 586 2972 640 ducitur:
3002 586 3072 640 ita
3103 583 3191 640 hic
3217 600 3431 655 quoque
3460 584 3583 638 dum
3608 595 3879 654 nunquam

2282 695 2312 733 a
2334 679 2586 735 carnifice
2617 678 2844 733 trahitur
2872 678 2936 731 ad
2965 687 3176 733 noctem
3203 692 3233 731 a
3258 677 3420 741 fame,
3449 687 3611 748 atque
3639 677 3707 732 ad
3744 679 3874 747 vigi-

2284 771 2382 827 lias
2425 771 2784 829 intolerabiles
2808 813 2823 835 ,
2877 785 3068 824 manus
3093 768 3296 832 tendit,
3336 780 3391 824 et
3422 770 3728 825 vehementi
3755 786 3876 822 rum

2282 865 2520 918 clamore
2565 877 2775 918 sursum
2807 862 2859 916 in
2888 861 3095 917 :rdibus
3122 861 3373 918 sedentes
3399 861 3732 930 deprecans.
3782 876 3879 916 nec

2283 954 2444 1007 ullum
2477 953 2820 1009 humanitatis
2858 952 3116 1007 auxilium
3164 952 3495 1029 impetratis,
3541 941 3685 1008 cum’
3715 953 3875 1008 multa

2280 1045 2597 1102 crudelitate
2639 1046 3135 1103 immisericorditer
3158 1044 3494 1100 amandatur.
3527 1045 3668 1100 Nihil
3701 1056 3877 1101 tamen

2282 1140 2470 1195 horum
2501 1154 2600 1194 nos
2634 1140 2851 1196 inflectit
2872 1182 2887 1206 ,
2934 1139 3028 1195 sed
3050 1148 3171 1209 post
3201 1148 3399 1193 tantam
3436 1137 3877 1193 inlmmauitatem

2280 1245 2470 1285 manus
2501 1230 2553 1284 in
2578 1231 2768 1284 ctelum
2795 1229 3019 1285 tendere
3043 1228 3304 1285 audemus
3327 1270 3343 1292 ,
3391 1244 3455 1282 ac
3479 1228 3549 1283 de
3575 1218 3880 1284 misericor‘

2278 1321 2363 1374 dia
2394 1319 2534 1389 apud
2577 1321 2741 1376 Deum
2767 1320 2928 1376 verba
2957 1320 3135 1376 facere
3159 1360 3175 1385 ,
3220 1321 3541 1390 veniamque
3571 1329 3876 1376 nostrorum

2279 1412 2597 1467 delictorum
2629 1413 2941 1482 postulare;
2997 1427 3096 1468 nec
3127 1413 3411 1476 timemus,
3454 1429 3521 1468 ne
3552 1411 3716 1468 finitis
3736 1413 3881 1484 ejus-

2280 1504 2424 1557 tnodi
2455 1505 2704 1573 precibus
2732 1513 2848 1573 post
2894 1515 3093 1558 tantam
3136 1504 3507 1559 crudelitatem
3550 1515 3604 1559 et
3633 1506 3878 1558 imntatti-
3922 1514 3935 1527 ’

2280 1606 2440 1652 tatem
2468 1597 2535 1652 de
2558 1598 2691 1653 cado
2718 1597 2914 1652 fulmen
2949 1598 2999 1651 in
3035 1612 3132 1651 nos
3158 1606 3298 1653 ruat.
3329 1596 3454 1665 Qui,
3483 1611 3685 1667 qna‘so,
3715 1596 3793 1662 fit,
3822 1606 3880 1651 ut

2279 1701 2399 1741 cum
2422 1688 2487 1741 ad
2511 1703 2758 1741 somnum
2779 1696 2834 1743 et
2861 1687 3095 1758 quietem
3121 1687 3413 1758 pergimus,
3441 1700 3546 1743 non
3573 1702 3877 1753 vereamur,

2282 1795 2349 1833 ne
2374 1778 2531 1834 nobis
2562 1778 2649 1835 hic
2675 1779 2793 1851 ipse
2819 1794 3022 1849 pauper
3051 1779 3103 1833 in
3143 1780 3348 1835 somnis
3384 1794 3649 1850 apparens
3675 1780 3878 1850 squali.

2258 1858 2403 1934 ~dus,
2434 1858 2708 1934 sordidus,
2741 1869 2932 1938 pannis
2957 1869 3185 1937 obsitus,
3214 1870 3559 1935 lamentetur,
3588 1885 3653 1925 ac
3679 1870 3878 1939 lugeat,

2280 1967 2335 2012 cl
2371 1959 2744 2015 crudelitatem
2792 1960 3123 2030 exprobret?
3166 1960 3258 2016 Sic
3299 1960 3445 2016 enim
3477 1961 3676 2016 multos
3700 1959 3879 2015 auditi

2281 2048 2520 2103 dicentes
2561 2064 2621 2104 se
2649 2091 2665 2116 ,
2715 2066 2837 2105 cum
2886 2050 2956 2106 de
3003 2050 3090 2106 die
3119 2051 3443 2123 pauperibus
3467 2052 3756 2109 subvenire
3788 2070 3878 2108 ne.

2280 2139 2589 2209 glexissent,
2611 2142 2756 2197 visos
2782 2141 2881 2197 sibi
2908 2142 2975 2199 de
2998 2154 3155 2199 nocte
3176 2142 3393 2200 funibus
3418 2144 3736 2201 constrictus
3756 2162 3878 2215 ege-

2282 2246 2473 2286 norum
2493 2247 2650 2287 manu
2674 2233 2834 2297 trahi.
2859 2235 3110 2299 cruciari,
3134 2246 3189 2291 et
3213 2235 3510 2291 innumeris
3539 2238 3695 2292 malis
3716 2236 3876 2290 affici.

2280 2321 2387 2377 Sed
2416 2322 2531 2378 haec
2552 2323 2768 2394 quidem
2796 2340 3019 2380 somnus
3034 2336 3154 2381 sunt
3178 2335 3233 2382 et
3259 2326 3608 2391 insomnium.
3635 2342 3700 2383 ac
3723 2343 3879 2398 pmna

2282 2417 2602 2485 temporaria
2630 2434 2643 2470 :
2676 2432 2776 2473 nos
2802 2425 2983 2473 autem
3002 2433 3181 2475 nonne
3208 2420 3517 2483 metuimus.
3566 2436 3773 2491 quzeso,
3816 2436 3884 2475 ne

2280 2504 2495 2575 quando
2522 2521 2810 2576 pauperem
2834 2508 2975 2564 hunc
2997 2507 3405 2576 lamentantem,
3437 2510 3760 2565 clamantem
3778 2552 3793 2576 ,
3822 2520 3881 2565 et

2282 2597 2583 2666 plorantem
2610 2599 2661 2652 in
2686 2598 2917 2655 Abraba:
2931 2600 3049 2654 sinu
3071 2600 3370 2667 videamus,
3394 2612 3451 2657 ut
3473 2603 3599 2658 olim
3623 2602 3879 2658 Lazarum

2283 2690 2373 2745 ille
2394 2690 2589 2745 dives?
2612 2691 2745 2759 Qua:
2769 2707 2900 2747 vero
2929 2701 2985 2749 et
3012 2704 3309 2764 sequuntur
3340 2695 3462 2750 inde
3478 2736 3495 2761 ,
3528 2705 3721 2751 vestra:
3747 2710 3881 2751 con-

2283 2781 2524 2836 scientia:
2548 2782 2852 2853 colligenda
2882 2783 3148 2855 relinquo,
3178 2787 3501 2860 peracerba,
3518 2796 3572 2841 et
3596 2786 3883 2843 intoleran-

2282 2872 2349 2928 da
2376 2873 2465 2929 illa
2494 2883 2775 2942 tormenta,
2802 2892 2917 2947 quo
2946 2886 3104 2947 pacto
3132 2894 3324 2948 aquam
3347 2879 3579 2948 petierit,
3601 2894 3709 2949 quo
3731 2892 3885 2949 pacto

2283 2982 2352 3023 ne
2374 2976 2579 3038 guttam
2602 2967 2824 3039 quidem
2853 2970 3167 3034 obtinuerit,
3202 2987 3309 3041 qtto
3343 2980 3498 3040 pacto
3527 2971 3762 3026 cruciata
3786 2973 3883 3025 litt—

2282 3072 2385 3128 gua
2414 3057 2593 3125 fuerit,
2622 3059 2893 3128 quomodo
2920 3070 3039 3129 post
3068 3062 3264 3115 multas
3294 3075 3483 3131 preces
3509 3061 3652 3116 fusas
3679 3062 3880 3116 nullam

2287 3149 2447 3204 fuerit
2483 3150 2693 3206 veniam
2733 3162 3135 3220 consequutus,
3188 3161 3245 3207 et
3290 3152 3565 3223 quomodo
3610 3154 3885 3222 suppliciis

2287 3250 2630 3312 torqueretur
2655 3242 2891 3297 :eternis.
2921 3245 2990 3297 At
3017 3244 3161 3298 enim
3191 3243 3331 3298 absit
3371 3252 3431 3298 ut
3460 3243 3558 3297 ista
3591 3258 3690 3297 nos
3717 3259 3883 3313 expe-

2284 3331 2519 3386 rimento
2546 3344 2830 3401 noscamus
2853 3372 2869 3397 ,
2924 3332 3020 3387 sed
3045 3348 3107 3387 ea
3136 3342 3341 3388 tantum
3382 3334 3524 3389 dicta
3571 3334 3884 3401 audientes.

2285 3422 2459 3476 minas
2479 3422 2733 3493 operibus
2761 3423 2933 3478 illatas
2953 3425 3237 3491 evitemus,
3258 3442 3322 3481 ac
3347 3426 3490 3498 digni
3516 3428 3730 3495 redditi,
3751 3445 3887 3498 quos

2288 3528 2519 3584 proavus
2547 3516 2813 3570 Abraham
2845 3516 3071 3573 comiter
3092 3533 3155 3573 ac
3183 3532 3527 3589 peramanter
3546 3522 3799 3591 excipiat,
3823 3521 3886 3576 ad

2286 3604 2535 3660 eumdem
2566 3621 2690 3660 cum
2718 3606 2811 3659 illo
2834 3608 3115 3676 pervenire
3153 3610 3327 3665 locum
3375 3613 3675 3681 possimus,
3720 3616 3887 3685 gratia

2287 3704 2342 3749 et
2372 3695 2699 3768 benignitate
2732 3697 2940 3752 Domini
2970 3701 3135 3754 nostri
3168 3700 3294 3755 Jesu
3335 3700 3569 3767 Christi,
3620 3719 3743 3758 cum
3783 3719 3890 3773 quo

2288 3785 2431 3840 Patri
2455 3786 2644 3856 gloria,
2666 3785 2857 3852 honor,
2882 3788 3188 3859 imperium,
3209 3808 3310 3845 una
3326 3807 3447 3846 cum
3464 3792 3662 3862 Spiritu
3680 3803 3888 3862 sancto,

2291 3894 2431 3933 nunc
2461 3888 2514 3934 et
2540 3894 2771 3949 semper,
2807 3889 2859 3936 et
2882 3882 2936 3936 in
2965 3883 3162 3936 smcula
3186 3872 3529 3940 'stcculorum.
3560 3890 3751 3941 Amen.

2858 4014 3090 4072 SERMO
3130 4017 3196 4072 γι
3222 4017 3320 4092 (a).

2290 4147 2367 4203 De
2410 4149 2566 4219 ligno,
2617 4166 2683 4204 an
2725 4167 2788 4204 ea:
2839 4167 2895 4206 eo
2930 4153 3266 4222 cognitionem
3296 4155 3414 4209 boni
3436 4166 3484 4209 et
3511 4157 3633 4210 ntali
3662 4156 3893 4213 Adanms

2358 4242 2572 4309 adeptus
2592 4244 2677 4307 sit,
2705 4261 2772 4297 cn
2798 4260 2910 4297 vero
2942 4255 3209 4315 antequam
3253 4248 3439 4311 ederet,
3468 4248 3562 4302 Imc
3585 4250 3893 4321 dignoscan-

2360 4333 2413 4384 di
2439 4333 2682 4402 facilitate
2708 4335 2948 4403 prtcdittts
2978 4336 3127 4404 fuerit
3162 4354 3180 4389 :
3207 4336 3423 4406 itemque
3472 4340 3534 4393 de
3571 4341 3799 4412 jejunio,
3845 4354 3893 4397 et

2360 4424 2494 4492 quod
2514 4434 2740 4491 Oporteat
2770 4426 2907 4478 denti
2943 4428 3175 4481 meditari
3199 4444 3313 4497 qua
3337 4430 3389 4482 in
3418 4430 3622 4487 ecclesia
3652 4434 3892 4487 dicuntur

2363 4514 2532 4580 (Gen.
2556 4517 2724 4570 2.17.
2748 4533 2856 4587 sqq.
2893 4518 2933 4585 ).

2364 4628 2415 4682 1.
2442 4610 2663 4692 Quanto
2715 4628 2889 4683 utilius
2929 4631 2996 4684 sit
3033 4631 3357 4686 concionibus
3405 4632 3686 4697 interesse,
3739 4652 3893 4703 quant

2295 4719 2524 4787 profanis
2550 4721 2890 4775 conventibus.
2922 4752 2991 4761 -—-
3017 4721 3285 4790 Jejunium
3314 4724 3527 4794 quidem
3557 4725 3721 4796 diligo
3747 4729 3890 4797 quod

2296 4812 2658 4879 temperantia:
2695 4814 2764 4865 sit
2800 4828 3014 4881 parens,
3047 4823 3100 4869 et
3123 4814 3240 4869 fons
3266 4816 3441 4871 omnis
3488 4818 3844 4889 philosophia:
3876 4840 3891 4873 :

2293 4900 2387 4955 Sed
2442 4912 2496 4956 et
2544 4902 2671 4956 illud
2709 4912 2924 4972 propter
2954 4918 3049 4959 vos
3067 4904 3253 4974 diligo.
3284 4917 3338 4962 et
3390 4919 3611 4979 propter
3658 4922 3893 4966 vestram

2292 4995 2591 5060 caritatem,
2614 4996 2752 5063 quod
2782 4996 3065 5051 buncmihi
3094 5012 3303 5053 sacrum
3335 5009 3493 5070 atque
3519 5004 3889 5058 venerandum

2293 5096 2485 5139 curtum
2499 5088 2750 5156 coegerit,
2767 5088 2923 5159 idque
2941 5097 3175 5159 prmslet,
3192 5100 3246 5142 ut
3264 5100 3475 5157 optatos
3490 5094 3665 5148 vultus
3684 5105 3894 5149 vestros

2294 5175 2483 5228 intueri
2501 5178 2782 5242 possimus,
2797 5180 3142 5243 etconcedat,
3167 5190 3224 5234 ttt
3242 5180 3342 5233 hoc
3370 5196 3524 5238 sacro
3542 5196 3813 5238 conventu
3833 5202 3893 5242 ac

2296 5266 2437 5320 festi\
2454 5269 2576 5323 itate
2588 5283 2708 5323 cum
2734 5269 2919 5325 fiducia
2938 5271 3282 5327 delectemur.
3306 5274 3419 5331 Non
3444 5278 3587 5331 enim
3600 5279 3801 5333 errabit
3829 5280 3893 5343 is,

2294 5360 2381 5426 qui
2402 5376 2710 5415 consessum
2730 5361 2871 5417 hunc
2887 5374 3122 5419 vestrum
3148 5378 3201 5420 et
3230 5384 3441 5423 sacrum
3458 5382 3804 5433 conventum,
3842 5386 3892 5428 et

2296 5449 2650 5515 festivitatem,
2681 5461 2734 5505 ct
2758 5452 2858 5507 alia
2881 5465 3127 5510 sexcenta
3151 5456 3286 5511 booa
3309 5460 3650 5529 nuncuparit.
3682 5462 3819 5516 Nam
3849 5468 3894 5519 si

2295 5539 2347 5593 in
2388 5538 2557 5594 forum
2599 5541 2864 5611 profectus
2890 5545 3173 5613 quispiam,
3206 5558 3260 5601 et
3282 5548 3333 5601 in
3363 5550 3593 5621 aliquem
3648 5553 3892 5611 incidens

2295 5645 2357 5685 es
2381 5632 2583 5696 amicis,
2613 5649 2827 5690 omnem
2852 5650 2993 5706 saape
3022 5638 3291 5694 tristitiam
3334 5641 3597 5713 abstergit
3628 5660 3642 5697 :
3669 5660 3769 5700 nos
3804 5662 3895 5715 qu:

2464 5791 2602 5897 animi
2617 5794 2896 5898 ﬁgi-monent
2923 5800 2985 5843 et
2997 5801 3297 5856 sequentem
3312 5794 3481 5848 confer
3497 5812 3607 5851 cum
3618 5798 3778 5852 Bomil
3789 5840 3800 5850 .
3820 5799 3880 5850 ιι
