4180 6466
290 520 399 560 non
448 502 503 558 in
531 499 730 563 forum,
782 496 874 551 sed
903 494 954 548 in
972 490 1253 549 ecclesiam
1286 486 1551 549 venimus,
1604 494 1659 539 et
1688 482 1741 538 in
1760 496 1895 535 con-

286 612 535 672 gressum
556 611 655 652 nos
669 593 860 649 damus
879 604 983 643 non
1003 585 1159 642 unius
1178 581 1358 643 amici,
1372 578 1465 635 sed
1483 587 1589 633 tam
1604 580 1896 632 multorum

285 670 353 748 ac
379 689 569 747 talium
589 688 811 742 fratrum
838 691 1176 752 patrumque,
1204 673 1295 745 qui
1324 671 1439 727 fieri
1463 670 1677 740 poterit,
1701 677 1759 720 ut
1787 679 1892 721 non

284 798 506 840 omnem
534 777 843 837 maestitiam
868 773 1219 841 deponamus,
1243 781 1347 821 non
1370 762 1553 819 latitia
1580 760 1727 815 omni
1745 757 1891 813 frua-

286 876 442 935 mur?
471 874 587 931 Non
608 872 752 929 enim
779 876 997 940 propter
1015 859 1411 919 multitudinem
1440 863 1649 911 tantum
1693 851 1886 906 melior

283 980 373 1027 est
401 965 708 1024 forensibus
737 962 843 1018 illis
883 957 1117 1013 coetibus
1150 954 1238 1008 bic
1256 963 1565 1013 consessus,
1621 944 1715 1001 sed
1761 960 1889 1016 pro-

284 1070 412 1134 pter
463 1058 632 1129 ipsam
677 1051 1064 1121 colloquiorum
1084 1044 1470 1101 conditionem.
1502 1039 1634 1095 Nam
1662 1037 1739 1093 illi
1773 1036 1891 1134 qui-

281 1126 408 1207 dem
432 1126 497 1204 iui
514 1146 631 1203 foro
656 1142 1020 1201 considentes,
1043 1138 1169 1193 etin
1196 1135 1381 1189 orbem
1404 1132 1545 1186 inter
1573 1145 1633 1185 se
1654 1126 1887 1191 collecti,

280 1241 517 1313 atquein
538 1237 751 1295 circulis
766 1233 923 1289 otiosi
948 1244 1187 1300 pers-epe
1207 1227 1275 1281 de
1297 1226 1455 1280 rebus
1476 1222 1753 1277 inutilibus
1774 1233 1889 1273 ser-

280 1307 475 1390 mones
493 1333 807 1390 conserunt,
832 1336 879 1377 et
908 1322 1088 1391 jejuna
1119 1315 1518 1387 mlloquutione
1544 1309 1781 1368 instituta
1819 1307 1889 1361 de

281 1425 349 1479 iis
377 1422 539 1478 verba
585 1419 808 1480 faciunt,
837 1431 957 1486 qua:
1006 1411 1072 1467 ad
1124 1411 1272 1481 ipsos
1314 1404 1446 1461 nihil
1495 1405 1742 1458 attinent.
1796 1399 1889 1456 Sic

276 1515 428 1572 enim
458 1514 569 1568 fere
591 1512 668 1574 lit,
701 1519 760 1565 ut
788 1507 974 1577 majori
1002 1502 1180 1559 studio
1196 1517 1286 1556 res
1304 1500 1509 1555 alienas
1530 1497 1883 1567 inquiramus,

275 1620 335 1665 et
360 1606 626 1665 curiosius
655 1597 987 1673 indagemus.
1014 1596 1133 1654 Jam
1164 1610 1293 1650 vero
1338 1591 1603 1648 lubricum
1653 1604 1775 1644 esse
1821 1601 1887 1642 ac

276 1699 503 1775 periculi
530 1698 749 1769 plenum
796 1692 918 1748 talia
950 1690 1112 1747 verba
1144 1686 1366 1743 fundere
1395 1693 1556 1755 atque
1582 1681 1798 1745 audire,
1830 1688 1886 1734 et

275 1791 487 1857 seduci,
517 1788 821 1857 multasque
846 1785 915 1838 ob
943 1780 1205 1851 ejusmodi
1252 1788 1551 1835 conventus
1604 1775 1879 1829 multnties

274 1886 543 1942 excitatas
571 1895 692 1938 esse
739 1880 793 1934 in
840 1876 1054 1933 familiis
1101 1881 1465 1944 tempestates.
1513 1871 1693 1923 dicere
1741 1882 1884 1921 nunc

274 1976 606 2050 supersedeo
639 1982 823 2031 :certc
849 1971 1089 2027 inutilem
1123 1984 1186 2023 ac
1213 1980 1405 2022 vanam
1430 1978 1551 2020 esse
1576 1974 1734 2034 atque
1782 1978 1885 2016 sa:-

273 2071 519 2127 cularem
568 2080 785 2123 omnem
834 2060 1099 2134 ejusmodi
1142 2057 1647 2121 confabulationem,
1706 2067 1883 2124 neque

273 2164 432 2221 facile
476 2159 809 2234 spiritualem
855 2170 1111 2226 umquam
1167 2166 1472 2209 sermonem
1506 2150 1559 2204 in
1609 2147 1879 2219 ejusmodi

272 2272 590 2314 consessum
629 2254 860 2320 admitti,
892 2250 1107 2323 negabit
1130 2262 1309 2304 nemo.
1338 2246 1433 2301 llic
1459 2254 1642 2299 autem
1669 2257 1774 2297 non
1807 2244 1881 2296 ita

275 2351 356 2415 fit,
385 2348 479 2406 sed
537 2346 866 2403 contrarium
893 2342 1055 2414 plane
1093 2338 1405 2410 :siquidem
1451 2335 1629 2390 omnis
1676 2330 1879 2387 inutilis

272 2414 458 2496 sermo
478 2438 736 2508 rejicitur,
760 2435 937 2489 omnis
956 2446 1085 2488 vero
1105 2431 1348 2486 doctrina
1373 2414 1665 2499 spiritualis
1688 2426 1740 2479 in
1767 2439 1880 2479 me-

270 2533 421 2588 dium
449 2528 737 2602 profertur.
793 2527 1082 2582 Enimvero
1107 2523 1176 2578 de
1205 2523 1383 2577 anima
1414 2527 1594 2575 nostra
1647 2516 1874 2573 disseri-

268 2640 415 2687 mus,
454 2623 630 2694 deque
677 2620 831 2677 bonis
889 2618 1014 2683 illis,
1069 2632 1190 2685 quae
1217 2614 1283 2670 ad
1322 2613 1555 2668 animam
1587 2610 1876 2681 pertint-nt,

267 2716 447 2786 deque
474 2712 724 2784 repositis
749 2711 801 2767 in
828 2710 963 2766 caelo
982 2708 1220 2769 coronis,
1238 2707 1305 2759 de
1330 2708 1567 2759 virorum
1589 2702 1875 2758 illustrium

266 2807 587 2880 vita,deque
612 2805 705 2862 Dei
735 2802 1063 2874 benignitate
1086 2809 1246 2871 atque
1266 2798 1498 2854 universi
1519 2794 1875 2867 providentia,

266 2902 504 2973 denique
522 2900 591 2957 do
615 2898 735 2955 aliis
762 2898 1029 2962 omnibus,
1062 2911 1183 2966 qttze
1209 2895 1274 2949 ad
1308 2910 1406 2949 nos
1453 2893 1729 2963 pertinent
1754 2905 1872 2945 ma-

267 2994 434 3061 xime,
460 2994 613 3063 cujus
633 2992 709 3048 rei
733 2990 903 3062 gratia
934 2989 1040 3044 nati
1072 2988 1262 3053 simus,
1286 2998 1338 3041 et
1369 3002 1489 3057 quzc
1517 2983 1731 3038 tandem
1760 2997 1878 3037 sors
1916 3015 1923 3019 Ï…

266 3096 324 3143 et
351 3085 591 3141 conditio
611 3092 854 3139 nostrum
879 3099 945 3138 ex
975 3082 1075 3137 bac
1103 3081 1205 3135 vita
1232 3080 1530 3134 discessum
1580 3086 1872 3145 exceptura

264 3179 358 3245 sit,
380 3192 593 3249 quoque
619 3174 671 3231 in
693 3184 832 3231 statu
857 3190 946 3231 res
972 3183 1170 3229 nostra:
1188 3183 1300 3231 tum
1319 3170 1579 3242 temporis
1594 3168 1703 3224 sint
1732 3168 1876 3222 futu-

270 3285 368 3325 rae.
402 3271 577 3340 Atque
616 3267 776 3338 hujus
794 3265 1070 3322 concionis
1100 3265 1387 3335 participes
1418 3277 1524 3317 non
1552 3262 1727 3316 solum
1772 3275 1874 3315 nos

265 3376 475 3427 sumus,
502 3359 599 3416 sed
619 3368 675 3414 et
711 3357 987 3429 prOphetae
1013 3366 1069 3412 et
1109 3355 1337 3427 apOslttIi
1358 3397 1375 3420 ,
1423 3353 1673 3425 quodque
1704 3353 1876 3423 majus

265 3467 352 3511 est
429 3455 701 3519 omnibus,
759 3452 875 3522 ipse
924 3450 1180 3506 Dominus
1228 3447 1467 3502 omnium
1519 3455 1624 3501 stat
1668 3444 1877 3500 medius

266 3550 409 3603 inter
437 3560 535 3600 nos
564 3544 740 3600 Jesus.
792 3542 912 3612 Ipse
934 3542 1129 3611 quippe
1154 3540 1284 3595 dicit
1317 3557 1331 3593 :
1369 3538 1468 3594 Ubi
1507 3540 1609 3592 duo
1655 3538 1733 3592 vel
1775 3547 1894 3591 tres-

265 3637 563 3712 congregati
598 3646 716 3693 sunt
739 3636 795 3689 in
817 3634 1022 3689 nomine
1046 3650 1176 3695 meo,
1218 3632 1328 3686 illic
1353 3648 1466 3686 sum
1496 3632 1548 3684 in
1580 3630 1746 3683 medio
1787 3645 1873 3682 eo-

264 3750 382 3788 rtnn
418 3730 635 3802 (Matth.
664 3729 753 3785 18.
776 3726 850 3783 20
869 3729 911 3799 ).
943 3726 1095 3794 Quod
1118 3727 1162 3780 si
1192 3726 1277 3779 ubi
1302 3725 1409 3779 duo
1432 3733 1612 3778 tresve
1640 3736 1865 3792 congre-

263 3828 370 3898 gati
401 3834 548 3890 sunt,
571 3824 626 3880 in
671 3822 851 3879 medio
906 3832 989 3876 est
1043 3821 1301 3890 ipsorum.
1359 3819 1526 3873 multo
1570 3818 1738 3887 magis
1784 3817 1871 3871 ubi

265 3916 491 3980 totviri,
543 3922 626 3970 tot
672 3913 967 3978 mulieres,
1019 3924 1123 3967 tam
1178 3912 1329 3966 multi
1377 3909 1539 3965 etiam
1582 3919 1785 3979 patres,
1818 3913 1873 3962 et

262 4008 490 4081 apostoli
519 4023 583 4064 ac
622 4005 899 4078 prophetae
928 4006 979 4060 in
1011 4005 1188 4060 medio
1212 4012 1513 4060 versantur.

337 4100 565 4155 Adnuntia
583 4116 653 4154 an
679 4098 943 4154 scientiam
971 4098 1089 4152 boui
1115 4107 1161 4151 et
1192 4097 1313 4150 mali
1339 4094 1589 4149 habuerit.
1647 4093 1869 4162 Quinam

261 4194 493 4265 ignorent
522 4194 709 4248 bonum
732 4200 782 4245 et
810 4190 1021 4245 malum.
1049 4219 1123 4229 â€”
1144 4188 1484 4258 Quapropter
1526 4198 1583 4242 et
1609 4202 1706 4242 nos
1752 4203 1866 4239 tua-

263 4286 367 4355 jori
396 4300 518 4341 cum
551 4283 739 4339 fiducia
774 4284 938 4338 verba
967 4281 1212 4345 facimus,
1247 4296 1313 4335 eo
1340 4280 1460 4335 freti
1488 4278 1751 4343 subsidio,
1810 4288 1868 4333 et

265 4378 424 4432 fidem
454 4377 605 4431 vobis
630 4376 811 4430 datam
838 4375 1098 4431 solvimus
1121 4375 1159 4427 Â¹.
1197 4373 1445 4428 Dicturos
1466 4373 1610 4428 enim
1634 4388 1730 4427 nos
1752 4372 1868 4444 pol~

267 4470 396 4525 liciti
418 4484 624 4532 stnnus,
650 4469 881 4541 primum
904 4468 974 4524 de
1003 4469 1169 4538 ligno,
1210 4482 1277 4521 an
1301 4482 1366 4522 es
1392 4481 1459 4523 eo
1503 4467 1865 4536 cognitionem

264 4563 390 4617 boni
412 4578 476 4618 ac
494 4563 619 4619 mali
647 4578 719 4619 stt
745 4561 972 4633 adeptus
996 4563 1254 4626 Adatnus,
1305 4576 1374 4615 an
1419 4577 1549 4616 vero
1577 4572 1864 4631 antequam

260 4654 467 4721 ederet,
514 4652 818 4725 huiusmodi
847 4653 1033 4709 notitia
1084 4653 1337 4723 praeditus
1384 4663 1547 4707 esset.
1600 4653 1868 4708 Audacter

265 4746 425 4821 hitur
465 4763 608 4803 nunc
653 4747 897 4802 dicamus
924 4788 940 4810 ,
1000 4747 1160 4803 etiam
1202 4756 1488 4817 antequam
1532 4747 1862 4809 cuinedert-t,

263 4838 366 4894 hac
387 4855 509 4893 eum
535 4839 841 4909 cognitione
862 4840 1143 4910 prieditum
1174 4838 1337 4893 fuisse
1367 4838 1504 4893 :nisi
1546 4841 1690 4893 enim
1737 4840 1863 4909 quid

265 4930 463 4986 bonum
494 4932 758 4986 malumve
790 4930 945 4991 foret.
976 4932 1232 4997 novisset,
1253 4931 1385 5001 ipsis
1415 4930 1637 4986 rationis
1662 4946 1862 5000 exper-

264 5022 407 5078 tibus
432 5022 794 5077 auimantibus
820 5023 1124 5085 immanior,
1159 5033 1213 5077 et
1238 5023 1488 5078 dominus
1512 5024 1685 5078 servis
1730 5023 1863 5077 stul-

264 5119 366 5171 tior
390 5114 705 5171 exstitisset.
766 5116 961 5170 Antt0n
1012 5116 1155 5169 enim
1204 5116 1494 5170 absurdqu
1541 5115 1770 5180 videtur,
1805 5125 1862 5169 ut

255 5221 438 5277 capue
465 5205 679 5277 quidem
702 5214 759 5263 et
784 5220 917 5261 oves
944 5207 1211 5267 neverint.
1251 5222 1496 5277 quamam
1542 5205 1707 5261 herba
1758 5205 1861 5261 sibi

253 5302 325 5355 sit
372 5300 537 5365 utilis,
584 5313 773 5368 quaeve
801 5299 1123 5369 perniciosa.
1174 5314 1346 5369 neque
1388 5301 1455 5353 ad
1500 5314 1690 5354 omnes
1741 5316 1864 5369 qua:

256 5403 565 5461 occurrunt,
579 5393 970 5454 adbatescant.
992 5391 1087 5448 sed
1104 5392 1411 5449 discernere
1443 5393 1645 5462 possint
1660 5408 1723 5447 ac
1740 5408 1867 5447 nos-

256 5505 338 5556 se,
364 5489 494 5559 quid
525 5490 655 5560 ipsis
675 5490 903 5545 tnosium
934 5491 1024 5552 sit,
1053 5496 1107 5541 et
1132 5487 1257 5558 quid
1288 5486 1629 5543 commodum
1656 5506 1671 5545 ;
1702 5488 1865 5543 homo

261 5597 397 5639 vero
421 5592 565 5638 tanta
580 5583 829 5639 cautione
855 5581 1167 5639 fraudetur?
1185 5580 1296 5635 Nisi
1318 5579 1462 5635 enim
1486 5580 1588 5636 hoc
1616 5581 1859 5647 haberet,

260 5676 455 5735 nullius
481 5687 624 5733 esset
646 5675 824 5745 pretii,
869 5674 965 5730 sed
990 5674 1229 5728 omnium
1260 5673 1651 5746 abjcctissimus
1699 5690 1862 5745 appa-

322 5835 337 5867 Î¹
376 5838 516 5898 Ieg.,
539 5831 667 5884 rabie
689 5828 941 5881 solremus.

1540 366 1606 425 IN
1644 361 1942 424 GENESIM
1982 360 2213 419 SEINO
2256 362 2341 417 Vl.

3500 376 3608 432 6M

2008 490 2172 536 reret.
2198 481 2361 537 Multo
2389 482 2532 539 enim
2560 486 2727 539 satius
2754 486 2851 557 ipsi
2875 488 3013 550 foret
3042 494 3098 553 III
3122 500 3359 560 tenebris
3378 506 3593 569 versari

2004 573 2281 645 oculisque
2306 585 2522 645 captum
2572 592 2714 643 esse,
2758 555 2823 636 ac
2872 583 3004 641 lucis

2002 679 2164 734 quam
2192 667 2400 739 utquid
2448 666 2647 723 bonum
2674 671 2765 737 sit,
2817 673 3014 744 quidve
3062 682 3284 743 malum.
3315 686 3607 757 ignoraret.

2002 757 2161 816 Tolle
2189 759 2329 816 hanc
2354 776 2386 817 e
2409 761 2514 817 vita
2544 772 2729 819 nostra
2780 766 3107 839 facultatem,
3134 774 3245 845 jam
3279 779 3448 848 ipsam
3489 797 3611 835 om.

2004 870 2126 910 nem
2177 856 2339 912 vitam
2396 867 2634 916 nostram
2684 863 2989 927 sustuleris.
3032 875 3088 921 et
3136 872 3375 926 omnimn
3431 889 3614 931 rerum

2003 947 2461 1014 perturbationem
2484 950 2775 1009 invexeris.
2810 954 2923 1011 Hoc
2941 958 3085 1013 enim
3120 960 3246 1017 illud
3273 974 3376 1027 est,
3427 984 3537 1037 quo
3586 987 3616 1024 a

2002 1038 2172 1093 brutis
2190 1040 2554 1099 animantibus
2573 1044 2894 1114 dilferimus,
2914 1058 2969 1105 et
2988 1066 3095 1123 quo
3117 1052 3245 1108 feris
3266 1069 3517 1125 pnestam
3530 1076 3615 1122 ns.

1999 1131 2141 1201 quod
2170 1132 2354 1188 vitium
2378 1137 2738 1207 virtutemque
2766 1143 3096 1211 noverimus,
3128 1154 3186 1201 et
3236 1149 3381 1217 quod
3437 1167 3612 1223 agno-

2000 1237 2217 1278 scamus
2245 1224 2371 1294 quid
2420 1228 2621 1282 malmn
2663 1232 2755 1293 sit,
2792 1247 2967 1302 neque
2989 1234 3117 1305 quid
3139 1237 3210 1292 sit
3232 1216 3431 1296 bonum
3459 1216 3653 1314 igne:

1999 1329 2198 1371 remus.
2252 1316 2407 1385 Quod
2455 1320 2499 1374 si
2532 1336 2632 1376 nos
2693 1320 2745 1376 id
2817 1339 2960 1380 nunc
3010 1328 3232 1397 scimus,
3287 1348 3463 1403 neque
3509 1353 3611 1393 nos

1998 1416 2227 1475 tantum,
2281 1410 2379 1465 sed
2427 1412 2588 1467 etiam
2637 1411 2853 1487 Scytlne
2897 1430 2961 1471 ac
3007 1418 3245 1489 barbari,
3276 1425 3448 1481 multo
3496 1444 3611 1484 ma-

1994 1500 2076 1569 gis
2107 1508 2216 1555 tum
2250 1504 2508 1573 temporis
2555 1504 2719 1561 homo
2766 1506 2855 1561 ille
2908 1518 3033 1565 ante
3080 1526 3357 1580 peccatum
3400 1518 3453 1573 id
3503 1536 3607 1576 no-

1996 1601 2147 1646 verat
2195 1609 2211 1647 :
2258 1608 2431 1666 neque
2503 1611 2627 1651 cum
2696 1599 2859 1655 tantis
2921 1600 3218 1660 honoribus
3293 1612 3603 1669 cumulatus

1998 1695 2164 1746 esset,
2222 1697 2408 1755 utpote
2455 1689 2598 1758 quod
2651 1692 2718 1746 ad
2760 1693 3042 1765 imaginem
3100 1709 3154 1754 et
3196 1701 3605 1764 similitudinem

1996 1776 2087 1831 Dei
2138 1776 2397 1835 formatus
2449 1792 2611 1846 esset,
2643 1784 2868 1854 aliisque
2910 1786 3188 1847 beneficiis
3234 1806 3480 1865 ornatus,
3537 1815 3609 1859 eo

1991 1869 2133 1938 quod
2192 1880 2353 1941 caput
2400 1871 2661 1927 bonorum
2709 1883 2812 1940 est,
2879 1878 3103 1935 orbatus
3153 1888 3603 1945 essetrrclictus.

1991 1961 2123 2016 Nam
2174 1962 2300 2033 quid
2332 1964 2528 2018 bonmn
2560 1965 2629 2018 sit
2673 1975 2730 2021 et
2757 1968 2979 2037 malum,
3010 1971 3083 2025 illi
3134 1973 3309 2030 solum
3333 1974 3603 2049 ignorant,

1988 2054 2079 2124 qui
2120 2055 2347 2108 naturali
2400 2055 2625 2110 rationis
2667 2057 2874 2125 judicio
2911 2072 3037 2116 sunt
3089 2065 3279 2134 privati
3324 2069 3604 2127 :Adamus

1988 2156 2167 2201 autem
2191 2147 2353 2200 multa
2381 2148 2639 2217 sapientia
2660 2151 2896 2219 repletus
2916 2161 3054 2217 erat.
3095 2163 3153 2211 et
3192 2156 3353 2227 hujus
3402 2163 3605 2217 utrius-

1987 2252 2092 2307 que
2116 2237 2454 2294 discernendi
2488 2237 2740 2296 facultate
2770 2241 3023 2311 pollebat.
3044 2245 3222 2318 Atque
3250 2257 3305 2303 ut
3333 2250 3602 2323 intelligas

1987 2344 2110 2384 eum
2135 2329 2395 2401 spirituali
2430 2331 2695 2401 repletum
2740 2331 2908 2390 fuisse
2933 2336 3218 2406 sapientia.
3260 2340 3603 2399 deutonstm-

1987 2421 2188 2475 tionem
2213 2421 2330 2491 ejns
2362 2422 2437 2476 rei
2468 2422 2614 2478 audi.
2656 2424 2890 2479 Adduxit
2940 2430 3013 2480 ad
3045 2443 3159 2482 eum
3182 2426 3345 2497 Deus,
3398 2433 3592 2504 inquit,

1985 2513 2189 2577 bestias,
2219 2524 2276 2567 Î¹Î¹Î¹
2304 2514 2491 2569 videret
2515 2515 2641 2588 quid
2663 2526 2862 2570 Î½Î¿Î¹ÎµÎ±Î¹-ÎµÎ¹
2891 2534 2977 2571 eas
2996 2534 3016 2583 ,'
3032 2529 3080 2575 et
3102 2521 3151 2574 si
3172 2523 3297 2591 quid
3324 2539 3411 2578 eos
3435 2541 3594 2579 Î½Î¿ÏƒÎ±-

1985 2605 2055 2681 rit
2074 2604 2261 2669 Adam,
2282 2606 2378 2659 hoc
2399 2615 2472 2659 est
2502 2623 2686 2661 nomen
2718 2608 2845 2676 ipsis
2876 2607 3043 2680 (Gen.
3069 2611 3124 2665 2.
3154 2613 3283 2685 19).
3301 2614 3599 2672 Considi-ra

1984 2712 2135 2767 ergo,
2184 2707 2380 2767 quanta
2439 2699 2701 2770 sapientia
2755 2701 3061 2757 cumulatus
3116 2714 3284 2772 esset,
3339 2707 3431 2778 qui
3484 2715 3597 2764 tata

1985 2790 2167 2843 multis
2180 2789 2491 2859 generibus,
2512 2800 2618 2845 tam
2643 2792 2804 2845 variis
2823 2801 2877 2848 et
2890 2793 3128 2864 cujusvis
3147 2797 3599 2866 speciei,jumen-

1984 2882 2497 2952 torum,reptilium,
2524 2894 2579 2938 et
2597 2884 2875 2938 volucrum
2902 2888 3327 2961 nomina,eaqne
3351 2894 3593 2961 prepria,

1984 2974 2264 3044 imponere
2300 2975 2553 3043 potuerit.
2584 2972 2674 3029 Sic
2700 2976 2845 3030 enim
2876 2975 3014 3032 hanc
3044 2982 3327 3036 nominum
3371 2984 3599 3053 imposi-

1985 3066 2185 3120 tionem
2211 3066 2527 3137 approbavit
2558 3067 2697 3120 Deus
2718 3109 2734 3133 ,
2775 3075 2832 3121 ut
2873 3084 2978 3124 non
3001 3071 3232 3140 amplius
3252 3073 3374 3131 illas
3401 3081 3591 3148 appel-

1983 3156 2213 3212 lationes
2267 3158 2509 3220 mutaril,
2538 3172 2713 3228 neque
2738 3174 2859 3213 cn-n
2891 3161 2977 3216 ille
3006 3173 3323 3231 peccasset,
3353 3166 3585 3224 voluerit

1982 3262 2076 3325 eas
2125 3265 2155 3303 e
2203 3248 2381 3303 medio
2407 3248 2596 3305 tollere
2622 3268 2637 3305 :
2672 3249 2836 3305 Omne
2861 3252 3026 3318 enim,
3068 3252 3262 3325 inquit,
3285 3257 3423 3327 quod
3449 3276 3595 3315 reca-

1982 3345 2051 3397 rit
2080 3360 2140 3397 ea
2162 3342 2348 3409 Adam,
2381 3343 2477 3397 hoc
2504 3353 2575 3398 est
2594 3360 2776 3398 nomen
2806 3345 2953 3413 ipsis.

2053 3436 2111 3489 2.
2135 3436 2217 3490 Î‘Î¹Î¹
2250 3436 2410 3506 igitur
2440 3436 2559 3500 iste,
2589 3437 2715 3507 quid
2746 3437 2943 3493 bonum
2970 3449 3134 3507 esset,
3167 3441 3367 3515 quidve
3393 3447 3594 3505 malum

1982 3525 2304 3596 ignorabat?
2348 3525 2448 3581 Cui
2479 3542 2609 3582 vero
2656 3527 2706 3582 id
2739 3528 3014 3597 probabile
3055 3531 3347 3590 videatur?
3389 3536 3598 3597 Rursus

1984 3621 2265 3675 mulierem
2290 3620 2357 3674 ad
2380 3620 2562 3691 ipsum
2592 3620 2833 3684 adduxit,
2865 3635 2919 3677 et
2948 3639 3011 3679 ea
3042 3625 3154 3680 visa
3178 3628 3464 3686 confestim
3492 3646 3595 3692 na-

1983 3723 2116 3766 tune
2160 3723 2469 3767 consortem
2521 3713 2758 3783 agnovit.
2817 3713 2884 3769 Et
2928 3716 3056 3784 quid
3086 3717 3206 3772 ait?
3233 3717 3347 3774 Hoc
3376 3738 3511 3775 nunc
3538 3739 3600 3780 os

1978 3822 2043 3860 ea:
2094 3806 2289 3860 ossibus
2340 3808 2485 3871 meis,
2538 3819 2587 3861 et
2627 3823 2750 3861 caro
2781 3808 2845 3862 de
2868 3824 3022 3885 fame
3040 3825 3154 3865 utea
3180 3809 3347 3882 (Ibid.
3377 3830 3425 3868 Î½.
3451 3813 3590 3887 25).

1978 3898 2111 3955 Cum
2154 3900 2297 3955 enim
2349 3901 2508 3971 paulo
2553 3910 2681 3957 ante
2723 3902 2863 3957 Deus
2887 3903 2954 3957 ad
2979 3920 3104 3961 eum
3120 3918 3316 3963 cuncta
3340 3909 3595 3967 animalia

1976 3992 2308 4057 adduxisset,
2367 3992 2656 4048 ostendere
2688 3993 2877 4049 volens
2927 3994 3097 4051 Adam
3136 4013 3245 4053 non
3282 3999 3500 4071 aliquod
3526 4017 3595 4059 ex

1978 4088 2191 4141 ca-teris
2218 4102 2339 4141 esse
2369 4086 2471 4142 hoc
2500 4088 2719 4154 animal,
2746 4087 2879 4141 dixit
2916 4107 2929 4143 :
2958 4087 3071 4143 Hoc
3095 4106 3234 4145 nunc
3272 4108 3329 4147 os
3358 4109 3423 4147 Î±
3460 4095 3595 4150 ossi-

1975 4178 2069 4232 bus
2092 4180 2237 4241 meis,
2260 4189 2308 4231 et
2332 4194 2452 4232 caro
2498 4179 2562 4233 de
2604 4196 2757 4234 carne
2783 4196 2917 4234 mea.
2944 4179 3198 4238 Nonnulli
3225 4198 3355 4240 vero
3382 4185 3593 4253 dicunt,

1977 4286 2083 4324 non
2109 4269 2159 4325 id
2190 4270 2362 4324 solum
2391 4286 2514 4325 eum
2561 4270 2803 4339 innuere,
2833 4272 2928 4326 sed
2968 4273 3130 4330 etiam
3158 4277 3452 4334 creationis
3472 4295 3595 4335 mo-

1975 4362 2127 4428 dum,
2150 4378 2325 4433 neque
2348 4361 2462 4417 fore
2485 4372 2541 4416 ttt
2563 4377 2750 4417 rursus
2773 4364 2966 4419 mulier
2990 4381 3054 4420 ea
3081 4368 3292 4430 ratione
3317 4381 3594 4434 nascatur,

1977 4464 2260 4524 propterea
2305 4454 2528 4514 dixisse,
2569 4450 2680 4508 Hoc
2708 4472 2863 4519 nunc,
2909 4456 3051 4527 quod
3093 4458 3279 4522 uti.,ue
3321 4459 3460 4516 alius
3509 4462 3595 4517 in-

1976 4557 2183 4620 terpres
2226 4549 2530 4605 accuratius
2557 4548 2918 4617 interpretans
2937 4549 3093 4613 dixit,
3130 4550 3244 4606 Hoc
3270 4555 3427 4607 senth
3458 4555 3545 4625 (al
3565 4598 3583 4622 ,

1972 4642 2123 4712 quasi
2150 4640 2377 4706 diceret,
2404 4638 2557 4695 Nunc
2584 4649 2790 4694 tantum
2821 4641 3012 4695 undier
3058 4660 3122 4698 ex
3156 4645 3273 4699 solo
3300 4645 3414 4700 viro
3445 4648 3581 4705 facta

1971 4742 2095 4797 est,
2148 4730 2373 4801 posthac
2417 4739 2597 4784 autem
2642 4746 2749 4785 non
2795 4732 2872 4785 sic
2913 4732 3038 4798 erit,
3083 4735 3179 4789 sed
3208 4751 3277 4790 es
3308 4738 3589 4809 utrisque:

1974 4826 2047 4880 0s
2068 4841 2133 4880 ea:
2151 4824 2345 4880 ossibus
2372 4824 2513 4887 meis,
2537 4834 2584 4879 et
2606 4841 2724 4878 curo
2746 4825 2810 4878 de
2824 4842 2977 4880 cerne
2999 4844 3130 4883 utea.
3156 4827 3288 4884 Nam
3311 4844 3593 4902 assumpto

1971 4935 2037 4974 es
2060 4928 2168 4973 tota
2191 4931 2367 4973 massa
2400 4915 2702 4987 fragmento
2718 4934 2849 4984 uno,
2876 4920 2955 4973 sic
2997 4922 3282 4978 mulierem
3310 4924 3587 4994 lormavit,

1973 5021 2029 5063 Î¹Î¹Î¹
2058 5011 2109 5064 in
2140 5010 2391 5064 omnibus
2417 5009 2537 5063 viro
2576 5010 2961 5066 communicet.
3011 5011 3138 5067 Hm:
3179 5018 3443 5071 vocabitur
3468 5037 3585 5074 mu-

1969 5107 2085 5166 lier,
2144 5103 2338 5175 inquit,
2387 5102 2629 5173 quoniam
2678 5102 2743 5157 de
2791 5104 2899 5157 viro
2943 5116 3148 5177 sumpta
3191 5117 3284 5162 est.
3343 5108 3506 5167 Vides
3532 5124 3591 5169 Î¹Î¹Î¹

1972 5198 2135 5252 etiam
2168 5196 2583 5265 appellationem
2634 5196 2833 5251 idcirco
2879 5196 3143 5269 imponat,
3188 5209 3250 5255 ut
3300 5204 3592 5274 appellatio

1971 5288 2404 5344 communionem
2432 5298 2637 5342 naturre
2661 5289 3017 5356 demonstret,
3047 5302 3102 5346 et
3128 5292 3298 5364 ipsius
3329 5298 3592 5356 naturalis

1970 5378 2366 5436 cmmnnnionis
2406 5376 2800 5434 demonstratio
2829 5388 2884 5434 et
2911 5382 3203 5439 creationis
3244 5387 3439 5444 modus
3469 5405 3588 5460 per-

1974 5474 2119 5545 petui
2160 5472 2362 5528 amoris
2399 5472 2636 5539 occasio,
2695 5481 2753 5529 et
2810 5472 3080 5529 vinculum
3125 5478 3197 5534 sit
3244 5481 3593 5541 concordiaÂ»?

2033 5632 2108 5698 (á¾³)
2142 5636 2285 5682 Juxta
2307 5630 2432 5680 duos
2454 5632 2774 5698 interpretes.
2792 5644 2982 5698 nempe
2998 5635 3331 5698 Symmachum
3356 5646 3409 5691 et
3431 5638 3589 5692 Theo-

1969 5694 2391 5754 dotidneta,voces
2415 5694 2664 5744 Hebraicae
2699 5699 2864 5753 D3193
2889 5694 3001 5750 ï¬t"
3028 5694 3287 5749 vertendaÂ»
3322 5714 3381 5753 su
3402 5709 3455 5756 tt,
3494 5700 3589 5755 hx

1970 5768 2153 5835 seruet:
2177 5772 2235 5814 au
2263 5762 2469 5835 litteram
2491 5778 2611 5835 vero
2648 5768 2719 5815 sic
2742 5767 3143 5835 interpretamur,
3177 5771 3272 5835 hoc
3294 5771 3412 5828 rice.
3452 5774 3589 5835 quod

1975 5827 2153 5880 eodeni
2175 5826 2365 5893 recidit.
2391 5827 2431 5876 si
2458 5825 2723 5889 intelligas.
2749 5828 2839 5879 huc
2863 5825 2962 5881 rice
2986 5825 3157 5891 solum,
3180 5834 3227 5881 id
3250 5842 3348 5894 est,
