4180 6478
656 367 759 420 Μ’]

661 478 864 536 Deinde
902 491 1029 535 vero
1054 476 1177 548 quid
1207 475 1322 530 sit?
1349 473 1567 544 Propter
1587 473 1682 527 hoc
1696 472 1940 539 relinquet
1966 469 2115 522 homo
2143 484 2240 538 pa-

655 582 969 631 tremsuttm,
1005 576 1053 620 et
1091 575 1303 620 matrem
1342 581 1509 631 suam,
1554 574 1599 619 et
1637 561 1909 617 adhterebit
1945 560 2092 615 navari
2137 573 2245 612 stite

655 655 821 727 (Gen.
852 655 1208 721 2.2t).Nou
1256 655 1567 725 simpliciter
1621 654 1774 716 dixit,
1826 650 2071 709 Unietur.
2123 646 2242 711 sed.

650 746 961 819 Adhtrrrbit,
1009 756 1070 803 ut
1112 762 1373 802 summam
1411 744 1845 814 conjunctiouem
1870 739 2193 811 signiﬁcaret
2224 756 2237 792 :

656 839 720 892 Et
741 848 885 892 erunt
913 839 1013 892 duo
1047 840 1097 892 in
1135 854 1340 892 carnem
1380 852 1551 891 unum.
1584 834 1792 905 Ergone
1821 832 1910 904 qui
1940 843 2043 885 tam
2076 830 2243 885 multa

650 939 891 994 noverat,
923 931 1024 993 ilic,
1050 944 1230 998 quatso
1257 970 1274 993 ,
1300 927 1423 997 quid
1454 935 1596 981 esset
1628 926 1846 991 bonum,
1872 923 1994 993 quid
2021 920 2241 985 malum,

650 1020 968 1090 ignorabat?
1004 1021 1067 1073 Et
1106 1020 1188 1073 cui
1221 1019 1462 1073 videatur
1486 1019 1537 1071 id
1570 1018 1758 1069 rationi
1783 1010 2242 1069 consentaneum?

651 1112 708 1168 Si
736 1112 876 1166 enim
909 1110 1177 1165 nesciebat
1203 1109 1325 1180 quid
1368 1109 1564 1161 bonum
1590 1116 1752 1171 es~et,
1785 1117 1838 1161 et
1866 1106 1990 1175 quid
2020 1104 2239 1171 malum,

648 1215 934 1273 antequam
959 1202 1026 1256 de
1056 1202 1199 1271 ligno
1234 1200 1561 1263 comederet,
1603 1199 1696 1254 sed
1729 1209 1845 1269 post
1874 1198 2239 1253 manducatio-

650 1310 770 1347 nem
794 1292 844 1347 id
868 1293 1071 1356 didicit,
1098 1302 1366 1362 peccatum
1391 1291 1757 1361 illiisapientiaz
1781 1290 2031 1360 magister
2046 1290 2241 1341 factum

650 1392 755 1448 est,
790 1392 845 1438 et
872 1398 1094 1452 serpens
1120 1396 1223 1437 non
1250 1381 1360 1449 jam
1391 1381 1660 1446 seductor,
1703 1378 1795 1434 sed
1828 1381 2032 1432 utilium
2060 1392 2236 1434 rerum

652 1473 990 1529 consiliarius
1036 1483 1119 1527 est
1170 1472 1511 1534 constitutus,
1567 1486 1796 1540 eumque
1854 1471 2122 1525 hominem
2172 1483 2236 1523 es

651 1564 824 1619 bellua
849 1563 1095 1619 reddidit.
1129 1563 1277 1617 Absit
1308 1561 1410 1615 hoc
1433 1580 1446 1615 :
1472 1577 1576 1615 non
1598 1561 1739 1615 enim
1768 1563 1837 1615 ita
1861 1576 1921 1616 se
1947 1576 2033 1616 res
2057 1559 2238 1625 habet,

649 1671 755 1710 non
779 1663 861 1709 est
886 1656 975 1708 ita.
1000 1654 1131 1708 Nam
1162 1655 1207 1708 si
1240 1653 1512 1711 nesciebat
1538 1653 1663 1725 quid
1696 1653 1891 1709 bonum
1920 1662 2081 1713 esset.
2109 1652 2236 1723 quid

649 1746 865 1806 malum,
914 1730 1183 1813 quomodo
1214 1745 1518 1798 mandatum
1558 1743 1798 1813 accepit?
1850 1744 2014 1798 Nemo
2042 1742 2238 1814 quippe

649 1837 817 1905 legem
846 1835 948 1889 furi.
974 1837 1043 1900 ei,
1074 1836 1161 1904 qui
1192 1836 1391 1890 nesciat
1416 1835 1611 1888 malum
1636 1835 1763 1905 quid
1790 1850 1909 1890 esse
1936 1844 2234 1905 transgres-

647 1927 851 1979 sionem
883 1944 895 1976 :
929 1926 1072 1994 atqui
1106 1925 1245 1979 Deus
1271 1934 1326 1980 et
1372 1926 1509 1987 tulit,
1539 1934 1594 1979 et
1642 1934 2087 1994 trausgressorem
2138 1940 2236 1994 puc

653 2017 803 2081 nivit,
834 2016 920 2085 qui
948 2017 1130 2086 utique
1173 2026 1414 2071 neutrum
1447 2017 1633 2069 horum
1652 2015 1887 2077 fecisset,
1916 2016 2014 2070 nisi
2040 2032 2071 2071 e
2095 2018 2238 2086 prin-

652 2109 789 2177 cipio
838 2109 1135 2162 facultatem
1185 2107 1525 2178 dignoscettdi
1583 2109 1827 2162 virtutem
1865 2121 1927 2161 ac
1974 2107 2158 2161 vitium
2186 2109 2234 2163 ei

650 2200 939 2254 tribuisset.
971 2199 1131 2253 Vides
1158 2210 1209 2252 ut
1235 2200 1385 2254 nobis
1412 2199 1556 2255 omni
1596 2216 1659 2253 ex
1693 2210 1843 2268 parte
1866 2199 2082 2268 liqueat,
2112 2215 2235 2253 eum

649 2306 754 2344 non
802 2292 972 2344 solum
1007 2299 1283 2359 postquam
1313 2291 1565 2355 comedit,
1613 2291 1823 2343 novisse
1868 2289 1993 2358 quid
2038 2294 2235 2344 bonum

645 2393 809 2447 esset,
837 2383 961 2453 quid
992 2383 1207 2445 malum,
1238 2382 1330 2437 sed
1360 2392 1413 2435 et
1438 2394 1591 2435 antea
1623 2382 1747 2435 illud
1780 2382 2020 2435 scivisse.

720 2473 967 2544 Epilogus
989 2474 1249 2527 sermonis.
1273 2503 1342 2512 —
1360 2471 1484 2527 lianc
1512 2472 1669 2542 igitur
1688 2472 1864 2527 omnia
1889 2472 2232 2534 retineamus,

646 2566 1009 2629 dilectissimi,
1055 2580 1117 2619 ae
1164 2564 1379 2618 domum
1425 2565 1623 2617 reversi
1673 2564 1937 2633 duplicem
1995 2577 2235 2617 mensam

648 2669 997 2725 apponatuus,
1028 2671 1185 2709 unam
1216 2655 1482 2717 ciborum,
1510 2654 1729 2707 alteram
1759 2668 1925 2707 sacra:
1947 2654 2189 2709 lectionis
2219 2671 2231 2706 :

650 2757 706 2799 et
731 2745 809 2799 vir
834 2745 1044 2814 quidem
1076 2760 1136 2797 ea
1163 2760 1282 2815 qua:
1308 2744 1444 2801 dicta
1469 2753 1592 2798 sunt
1622 2751 1845 2813 repetat,
1892 2760 2027 2797 uxor
2056 2754 2232 2797 autem

648 2837 872 2899 ediscat,
926 2835 1144 2889 audiant
1186 2834 1369 2901 liberi,
1428 2850 1599 2903 neque
1658 2834 1838 2888 famuli
1888 2849 1949 2887 ea
2007 2835 2234 2887 lectione

649 2930 979 2984 fraudentur.
1021 2930 1241 2983 Domum
1272 2940 1411 2983 tuam
1439 2929 1592 2985 efﬁce
1616 2927 1893 2982 ecclesiam
1930 2945 1941 2978 :
1971 2927 2230 2997 s‘quiilem

647 3033 700 3075 et
733 3022 1016 3075 liberorum
1045 3031 1098 3076 et
1125 3020 1441 3075 famulorqu
1485 3020 1666 3074 salutis
1688 3028 1771 3072 est
1808 3019 1900 3071 tibi
1932 3021 2065 3072 ratio
2109 3018 2230 3071 red-

650 3112 823 3164 ilemla
851 3129 863 3163 :
893 3120 946 3163 et
986 3112 1121 3165 sicut
1140 3126 1170 3164 a
1200 3111 1353 3164 nobis
1376 3111 1651 3179 exigentur
1676 3110 1908 3162 rationes
1935 3125 2031 3178 pro
2060 3109 2231 3175 vobis,

650 3203 728 3256 sic
754 3203 821 3255 ab
847 3217 1161 3273 unoquoque
1203 3211 1434 3257 vestrum
1463 3216 1559 3271 pro
1591 3200 1809 3263 famulo,
1840 3215 1934 3269 pro
1956 3215 2139 3265 uxore,
2173 3214 2235 3253 ac

648 3309 744 3363 pro
767 3293 871 3347 ﬁlio
893 3294 1025 3347 ratio
1054 3304 1383 3362 reposcelur.
1424 3293 1602 3361 Itaque
1633 3300 1751 3361 post
1778 3291 2078 3358 huiusmodi
2110 3307 2237 3345 nar~

646 3386 878 3439 rationes
924 3383 1235 3438 suavissima
1275 3398 1372 3437 nos
1397 3383 1661 3451 excipient
1690 3383 1971 3445 iusonuna,
2018 3384 2227 3437 omnis-

644 3492 746 3545 que
781 3476 1000 3529 visionis
1050 3475 1285 3544 expertia
1320 3492 1333 3529 :
1363 3474 1538 3545 qualia
1592 3487 1818 3541 namque
1866 3474 2002 3527 solet
2054 3472 2229 3527 anima

647 3567 875 3623 interdiu
904 3566 1172 3629 meditari,
1218 3565 1341 3618 talia
1390 3573 1444 3618 et
1476 3564 1528 3616 in
1573 3564 1776 3615 somnis
1816 3562 2133 3634 imaginatur
2179 3574 2232 3617 et

644 3661 862 3729 attingit.
909 3659 1061 3725 Quod
1091 3658 1134 3712 si
1174 3674 1291 3727 qua:
1334 3657 1553 3727 singulis
1577 3654 1764 3711 diebus
1810 3658 2076 3721 dicuntur,
2112 3674 2226 3709 tne-

643 3755 777 3807 mori
807 3762 980 3807 mente
1006 3765 1301 3827 servemus,
1329 3765 1519 3819 magno
1542 3750 1722 3803 labore
1750 3764 1887 3817 Opus
1924 3764 2027 3803 non
2076 3750 2177 3803 erit
2214 3767 2227 3803 :

645 3860 979 3915 consequens
1034 3822 1233 3915 qdippe
1281 3858 1459 3897 sermo
1510 3842 1791 3895 diiucidior
1844 3843 1993 3896 vobis
2029 3844 2150 3907 erit,
2179 3852 2233 3897 et

643 3940 845 3992 facilior
873 3940 958 3991 liet
986 3946 1038 3993 et
1060 3936 1345 4005 proclivior
1372 3943 1552 3997 noster
1577 3934 1642 3987 ad
1670 3934 1964 3988 ducendum
1988 3946 2227 3988 conatus.

648 4028 713 4084 Ut
740 4029 893 4099 igitur
912 4029 1083 4097 aliqua
1106 4025 1229 4079 inde
1250 4025 1447 4079 utilitas
1470 4035 1525 4079 et
1552 4031 1617 4077 ad
1649 4039 1745 4078 nos
1766 4034 1820 4079 et
1844 4025 1909 4079 ad
1944 4040 2036 4079 vos
2057 4026 2228 4079 dima-

642 4130 733 4175 net
763 4120 865 4174 :ad
899 4134 993 4172 nos
1039 4118 1274 4186 quidem,
1301 4132 1368 4171 eo
1392 4116 1531 4186 quod
1557 4116 1862 4185 doceamus,
1891 4118 1956 4172 ad
2001 4134 2094 4172 vos
2138 4134 2232 4170 au-

644 4222 772 4274 tem,
804 4210 941 4279 quod
973 4210 1198 4262 audiatis
1228 4226 1241 4261 :
1274 4217 1394 4276 post
1438 4223 1673 4262 mensam
1701 4210 2030 4278 corporalem
2072 4210 2230 4278 spiri-
2284 4209 2289 4215 ’

645 4300 798 4355 tualis
840 4301 999 4353 etiam
1045 4312 1225 4353 mensa
1259 4298 1410 4351 Vobis
1437 4297 1743 4351 instruatur.
1788 4298 1876 4352 Illa
1908 4301 2051 4353 enim
2079 4300 2229 4353 vobis

640 4404 692 4448 et
720 4392 785 4446 ad
816 4396 1152 4446 securitatem
1170 4400 1223 4444 et
1239 4390 1306 4443 ad
1327 4398 1573 4443 ornatum
1594 4390 1708 4443 usui
1731 4400 1904 4455 erunt,
1928 4400 1981 4445 et
2010 4391 2231 4459 hujusce

640 4485 760 4537 vitze
822 4483 1029 4551 negotia
1090 4481 1156 4534 ad
1210 4490 1443 4534 vestram
1502 4480 1778 4535 utilitatem
1820 4482 2008 4551 diriget
2051 4482 2225 4548 Deus,

636 4576 919 4643 omniaque
970 4573 1121 4627 vobis
1155 4588 1317 4643 pruna
1350 4581 1406 4627 et
1450 4574 1701 4642 proclivia
1734 4574 2041 4628 reddentur.
2076 4574 2227 4637 Quie-

637 4667 731 4718 rt'te
760 4665 915 4727 enim,
972 4665 1159 4733 inquit,
1212 4666 1430 4733 primum
1477 4679 1684 4731 regnum
1733 4665 1992 4730 cwlorum,
2047 4675 2090 4717 et
2120 4665 2227 4718 [nec

636 4758 807 4809 omnia
853 4755 1154 4825 adjiciantur
1200 4753 1335 4807 vobis
1384 4752 1607 4823 (Matth.
1655 4754 1707 4807 6.
1764 4755 1895 4823 55).
1933 4756 2041 4809 lloc
2066 4756 2227 4825 igitur

636 4862 965 4924 quaeramus,
1009 4846 1359 4910 dilectissimi,
1387 4856 1441 4899 ut
1472 4855 1525 4898 et
1557 4845 1705 4897 istius
1754 4856 1808 4898 et
1853 4847 1987 4899 illius
2037 4848 2225 4903 futura:

637 4947 761 4995 vita:
786 4941 922 4996 bona
947 4955 1360 5009 consequamur.
1390 4939 1555 5009 gratia
1583 4948 1638 4993 et
1667 4939 1992 5007 benignitate
2017 4941 2223 4998 Domini

637 5034 805 5087 nostri
834 5032 958 5085 Iesu
986 5032 1204 5095 Christi,
1233 5047 1326 5101 per
1351 5046 1511 5100 quem
1541 5039 1734 5085 etcum
1757 5045 1863 5099 quo
1887 5030 2051 5100 gloria
2084 5032 2224 5089 Patri

634 5135 687 5179 et
712 5124 930 5193 Spiritui
964 5133 1171 5189 sancto,
1206 5138 1345 5177 nunc
1383 5131 1436 5177 et
1463 5137 1695 5192 semper,
1725 5132 1779 5177 et
1808 5124 1858 5177 in
1885 5128 2080 5180 szecula
2119 5141 2223 5183 sa:-

633 5214 897 5269 eulorum.
944 5216 1134 5268 Amen.

1190 5282 1419 5340 SERMO
1471 5284 1555 5337 vu
1588 5284 1682 5355 (a).

634 5375 805 5443 Quare
851 5373 1040 5447 lignum
1089 5376 1311 5429 scientia:
1357 5376 1475 5429 boni
1518 5386 1562 5429 et
1623 5378 1744 5429 mali
1790 5387 1989 5431 vocetur
2033 5379 2224 5451 lignum

702 5468 831 5521 illud
859 5484 876 5522 :
904 5478 949 5521 et
989 5468 1109 5538 quid
1136 5469 1220 5527 sit.
1257 5466 1425 5521 llodie
1469 5482 1673 5521 mecum
1717 5470 1825 5523 eris
1878 5470 1928 5522 in
1979 5472 2224 5539 paradiso

705 5560 869 5628 (σει.
896 5560 951 5613 2.
983 5561 1034 5615 9.
1070 5558 1195 5612 Luc.
1219 5559 1308 5615 23.
1340 5561 1409 5615 45

706 5656 755 5707 l.
793 5652 1061 5707 llesterno
1092 5652 1176 5707 die
1200 5652 1473 5708 caritatem
1504 5662 1735 5707 vestram
1768 5654 1944 5707 multis
1982 5654 2222 5707 hortatus

692 5743 765 5807 (a)
801 5745 1038 5807 tuCouice
1059 5750 1174 5807 Reg.
1199 5743 1320 5793 25H
1345 5743 1422 5793 hic
1440 5757 1601 5794 sermo
1623 5746 2029 5807 ιοτ.ριρτιιιὶιιὶιιιτ,
2056 5757 2148 5794 nec
2174 5746 2221 5793 in

628 5806 763 5855 serie
781 5804 981 5853 aliorum
1004 5804 1213 5868 ponitur.

1396 359 1452 416 8.
1493 357 1770 416 JOANNIS
1810 351 2287 412 ClilWSOSTOMl
2328 352 2643 408 ABCIIIEP.
2688 350 3225 411 CONSTANTINOP.

3847 352 3956 412 608

2351 479 2493 531 sum,
2526 477 2585 521 ut
2610 481 2818 532 eorum,
2846 481 2966 537 qua:
2984 466 3124 522 dicta
3156 467 3385 534 fuerant,
3426 467 3871 530 recorilarenum.
3892 484 3961 525 se

2348 555 2615 626 duplicem
2658 560 2865 626 vesperi
2907 572 3144 613 mensam
3188 561 3569 629 apponemtis,
3598 576 3759 615 unam
3802 561 3955 616 cibo-

2346 663 2465 703 rum
2491 688 2507 713 ,
2535 657 2591 704 et
2615 648 2837 703 alteram
2862 648 2910 703 ei
2936 662 3243 703 sermonum
3272 649 3659 721 adjungcretis.
3689 650 3830 719 Quid
3858 652 3956 722 igi-

2348 740 2472 795 tur?
2513 754 2639 795 num
2672 738 2771 794 hoc
2797 738 3000 795 fecistis
3022 779 3039 805 ,
3069 739 3441 809 duplicemque
3488 756 3731 796 mensam
3783 756 3955 811 appo-

2346 830 2568 885 suistis?
2596 830 2720 886 Scio
2745 845 2839 885 vos
2864 829 2915 885 id
2945 829 3134 885 fecisse
3154 872 3169 895 ,
3201 846 3373 900 neque
3404 841 3610 886 tantum
3636 832 3779 887 illius
3804 873 3820 900 ,
3848 828 3946 887 sed

2347 922 2505 991 hujus
2536 924 2698 977 etiam
2732 922 2894 977 fuisse
2924 922 3231 993 participes.
3264 922 3446 993 Neque
3466 925 3607 978 enim
3643 940 3769 980 cum
3802 924 3955 981 dete-

2348 1013 2472 1068 riori
2513 1022 2717 1067 tantum
2748 1014 2979 1069 studium
3026 1014 3406 1071 adhibuissetis
3428 1057 3442 1080 ,
3475 1018 3645 1071 multo
3690 1017 3950 1083 potiorem

2344 1115 2687 1159 contemnere
2715 1106 2995 1159 debuistis.
3029 1106 3160 1160 Nam
3184 1109 3298 1162 ba'c
3325 1107 3411 1161 illa
3438 1108 3628 1162 melior
3651 1117 3737 1162 est
3765 1127 3781 1162 :
3808 1109 3952 1161 illam

2344 1196 2485 1250 enim
2523 1210 2716 1249 manus
2765 1197 3130 1251 instruxerunt
3172 1210 3516 1267 coquorum,
3569 1198 3709 1252 hanc
3759 1198 3952 1267 lingua:

2349 1285 2727 1354 prolihetarum
2758 1296 3012 1356 pararunt
3044 1304 3059 1341 :
3092 1288 3144 1341 in
3173 1287 3258 1341 illa
3289 1297 3448 1342 terra!
3470 1287 3612 1343 fetus
3646 1288 3867 1353 insunt,
3894 1289 3945 1342 in

2343 1376 2442 1429 ista
2464 1376 2692 1446 Spiritus
2719 1376 2922 1431 fructus
2950 1395 2965 1430 :
2995 1377 3136 1431 illius
3163 1392 3365 1433 menste
3404 1378 3508 1432 cibi
3549 1387 3842 1449 properant
3879 1378 3946 1434 ad

2344 1470 2746 1539 corruptionem
2768 1512 2786 1535 ,
2818 1470 2977 1539 hujus
3003 1470 3169 1540 dapes
3208 1471 3275 1525 ad
3327 1472 3783 1541 incorruptionem
3816 1491 3831 1528 :
3862 1473 3945 1527 illa

2342 1571 2663 1628 pncsentem
2691 1561 2848 1613 vitam
2882 1570 3078 1621 tuetur.
3100 1562 3199 1615 ista
3226 1576 3323 1615 nos
3350 1561 3417 1615 ad
3445 1560 3679 1617 futuram
3707 1562 3941 1619 deducit.

2342 1651 2491 1707 Hanc
2517 1653 2693 1723 itaque
2717 1666 2814 1705 vos
2856 1652 3175 1706 instruxisse
3202 1666 3321 1706 cum
3355 1651 3441 1705 illa
3469 1651 3632 1722 probe
3660 1654 3773 1707 scio
3796 1695 3812 1719 ,
3842 1667 3944 1708 non

2344 1761 2407 1799 ex
2465 1746 2783 1815 pedissequo
2810 1757 2990 1799 vestro
3006 1786 3021 1808 ,
3046 1761 3143 1799 uec
3166 1760 3229 1799 ex
3265 1744 3461 1798 famqu
3485 1745 3792 1800 sciscitatus
3814 1788 3827 1808 ,
3852 1745 3943 1800 sed

2342 1851 2409 1888 ex
2457 1835 2642 1889 nuntio
2670 1835 2750 1888 his
2774 1834 3025 1889 omnibus
3054 1834 3299 1888 ﬁdeliori.
3332 1834 3410 1888 Ex
3440 1850 3670 1903 quonam
3697 1834 3945 1889 tandem?

2343 1925 2419 1978 Ex
2450 1925 2637 1992 plausu
2665 1926 2911 1978 nimirum
2937 1966 2951 1989 ,
2976 1940 3080 1993 quo
3110 1940 3171 1979 ea
3195 1938 3313 1994 qua:
3352 1923 3493 1978 dicta
3518 1923 3769 1989 fuerant,
3799 1932 3853 1978 et
3875 1940 3940 1977 ex

2342 2018 2494 2073 laude
2515 2057 2535 2086 ,
2562 2034 2666 2088 qua
2710 2018 3005 2072 doctrinam
3030 2016 3182 2071 vobis
3223 2016 3470 2072 traditam
3504 2016 3941 2071 commendasti.

2340 2108 2473 2165 Cum
2507 2124 2648 2165 enim
2701 2109 2812 2162 heri
2853 2108 3127 2173 dixissem,
3178 2109 3401 2179 quisque
3444 2120 3680 2163 vestrum
3726 2108 3942 2160 domum

2341 2214 2489 2255 suam
2512 2200 2791 2254 ecclesiam
2821 2200 3018 2254 efﬁciat
3043 2200 3110 2268 (α
3132 2198 3176 2265 ),
3203 2214 3391 2269 magna
3429 2214 3559 2253 voce
3584 2198 3942 2259 acclamastis,

2339 2306 2403 2347 ac
2426 2280 2712 2362 voluptatis
2732 2332 2747 2355 ,
2776 2308 2877 2361 qua
2908 2306 3001 2344 vos
3048 2292 3134 2345 illa
3164 2292 3326 2345 verba
3368 2290 3712 2361 perfuderant
3735 2334 3749 2357 ,
3782 2291 3947 2360 sign?-

2341 2383 2641 2438 licationem
2680 2383 2921 2437 dedistis.
2967 2383 3134 2437 Porro
3180 2383 3223 2437 is
3253 2382 3341 2451 qui
3372 2397 3492 2436 cum
3522 2381 3796 2452 voluptate
3825 2397 3946 2451 qua:

2340 2472 2591 2528 dicuntur
2620 2474 2787 2538 audit,
2832 2474 2876 2527 is
2916 2488 2974 2528 se
3016 2472 3083 2527 ad
3140 2487 3301 2547 opera
3354 2471 3654 2526 exhibenda
3703 2483 3945 2542 paratum

2339 2564 2589 2619 ostendit.
2651 2565 2939 2635 Propterea
2962 2566 3258 2635 promptius
3297 2562 3456 2619 hodie
3495 2578 3582 2619 me
3627 2564 3693 2619 ad
3737 2562 3937 2620 decen-

2339 2657 2464 2711 dum
2508 2659 2733 2712 accimi.

2414 2750 2619 2817 Quanta
2645 2751 2707 2803 sit
2738 2750 2975 2822 obligatio
3000 2750 3198 2804 verbum
3225 2750 3451 2804 divinum
3473 2755 3524 2803 in
3544 2767 3672 2821 opus
3690 2750 3942 2821 redigere.

2337 2870 2409 2881 -—
2432 2840 2627 2896 Verum
2654 2857 2701 2896 ei
2718 2842 2842 2913 igite
2867 2858 3007 2898 nunc
3031 2834 3477 2912 quoque'mentes
3500 2852 3705 2897 vestras
3730 2859 3745 2896 :
3771 2856 3950 2912 neque

2338 2935 2481 2988 enim
2508 2936 2680 2989 solum
2714 2936 3018 3005 IOquentem
3070 2946 3247 2999 erecta
3297 2946 3477 2991 mente
3523 2944 3737 3005 oportet
3784 2950 3942 3000 esse,

2337 3043 2521 3082 verum
2577 3028 2735 3081 etiam
2774 3028 3045 3083 auditores
3096 3039 3330 3083 attentos
3374 3043 3518 3094 esse,
3568 3044 3768 3098 eosque
3823 3043 3947 3081 ani-

2340 3120 2477 3187 phus
2529 3134 2688 3189 quam
2744 3131 3034 3174 oratorem.
3086 3119 3215 3173 Nam
3258 3133 3354 3173 nos
3402 3118 3617 3189 quidem
3672 3119 3723 3173 id
3775 3135 3947 3174 unum

2339 3210 2637 3278 studemus,
2685 3220 2741 3265 ut
2780 3210 3097 3265 dominicum
3145 3211 3423 3279 pecuniam
3456 3210 3947 3267 collocemusnos

2339 3315 2469 3355 vero
2506 3300 2764 3370 majorem
2794 3302 3028 3355 laborem
3067 3301 3367 3366 adhibetis,
3404 3312 3463 3355 ut
3495 3315 3614 3354 eam
3658 3311 3944 3371 exceptant

2337 3408 2457 3448 cum
2489 3395 2653 3448 multa
2684 3395 2931 3448 cautione
2957 3392 3203 3449 servetis.
3235 3392 3522 3465 Postquam
3563 3394 3724 3466 igitur
3754 3393 3943 3449 audie—

2338 3486 2477 3551 ritis,
2505 3501 2656 3542 seras
2681 3488 2830 3541 ostiis
2855 3495 2909 3541 et
2929 3495 3105 3541 vectes
3134 3486 3337 3552 obdito,
3364 3501 3426 3541 ac
3447 3487 3714 3543 terribiles
3735 3488 3945 3559 cogita-

2338 3580 2509 3633 tiones
2551 3579 2785 3646 undique
2822 3577 3015 3631 anima:
3057 3585 3325 3647 tamquam
3378 3574 3631 3631 custodes
3676 3577 3942 3647 quosdam

2336 3674 2607 3741 apponite.
2652 3669 2921 3740 Siquidem
2971 3667 3251 3738 impudens
3288 3679 3369 3723 est
3420 3668 3537 3731 fur.
3583 3680 3639 3723 et
3682 3680 3944 3739 perpetuo

2339 3762 2553 3831 vigilat,
2608 3776 2671 3814 ac
2721 3767 3025 3831 trequcnter
3074 3761 3330 3829 impetum
3379 3757 3504 3815 facit
3546 3768 3649 3816 :rt
3695 3762 3942 3831 quamvis

2336 3870 2477 3923 sepe
2502 3854 2744 3919 aberret,
2776 3870 2917 3921 siepe
2947 3853 3267 3923 aggreditur.
3302 3854 3526 3910 Adstent
3556 3856 3717 3925 igitur
3743 3864 3933 3912 cu~to-

2336 3947 2431 4001 des
2455 3947 2728 4001 terribiles
2751 3989 2765 4009 ,
2799 3957 2853 3999 ct
2882 3946 2925 3999 si
2966 3945 3236 3999 diabolum
3267 3945 3494 4001 viderint
3518 3946 3635 4000 adv:
3656 3959 3892 4003 ntantem
3916 3990 3933 4015 ,

2338 4048 2391 4093 et
2415 4054 2597 4091 eorum
2628 4053 2747 4107 qua:
2779 4038 3019 4106 deposita
3046 4045 3172 4090 sunt
3213 4036 3411 4107 aliquid
3453 4037 3701 4108 abripere
3747 4055 3934 4109 paran-

2336 4141 2465 4195 tem,
2499 4146 2691 4200 magno
2721 4145 2840 4184 cum
2868 4131 3101 4183 clamore
3129 4130 3276 4183 illum
3294 4130 3506 4197 abigant
3536 4147 3549 4183 :
3578 4132 3622 4185 si
3647 4147 3737 4185 saec
3759 4131 3936 4188 ulares

2334 4222 2720 4277 Sollicitudines
2749 4221 3040 4275 invaserint
3059 4260 3075 4285 ,
3104 4235 3197 4275 eas
3223 4221 3485 4290 repellant
3513 4238 3528 4275 :
3555 4223 3601 4277 si
3632 4222 3833 4279 oblivio
3868 4239 3932 4280 ex

2337 4325 2536 4367 natura:
2588 4312 2892 4367 inﬁrmitate
2938 4312 3206 4382 negotium
3262 4311 3508 4376 facessat,
3553 4316 3937 4372 exercitatione

2336 4409 2647 4461 memoriam
2675 4410 2936 4462 excitent.
2965 4408 3145 4478 Neque
3172 4409 3312 4464 enim
3339 4411 3610 4465 mediocre
3634 4412 3935 4482 periculum

2337 4496 2614 4563 imminet,
2648 4497 2690 4550 si
2720 4499 2975 4567 pecunias
3004 4498 3295 4553 dominicas
3325 4501 3683 4569 perdideritis.
3730 4501 3863 4560 Nam
3889 4504 3936 4559 si

2336 4587 2409 4640 illi
2455 4590 2542 4655 qui
2593 4597 2844 4656 acceptas
2891 4589 3141 4657 pecunias
3170 4589 3551 4660 disperserint,
3587 4608 3731 4663 smpe
3760 4604 3936 4649 morte

2334 4681 2656 4734 mulctantur
2684 4699 2698 4735 :
2724 4680 2813 4751 qui
2840 4681 3008 4735 multo
3030 4682 3342 4751 pretiosiora
3371 4683 3489 4737 istis
3517 4685 3726 4755 eloquia
3747 4686 3933 4742 divina

2334 4774 2654 4843 receperint,
2688 4788 2857 4842 eaque
2887 4773 3216 4843 perdiderint
3242 4816 3256 4837 ,
3285 4789 3393 4845 quo
3428 4776 3640 4831 tandem
3672 4779 3937 4847 supplicia

2335 4881 2438 4919 non
2472 4866 2803 4935 plectantur?
2832 4865 2963 4919 Nam
2995 4867 3082 4936 qui
3116 4866 3369 4936 pecunias
3416 4869 3546 4923 istas
3586 4870 3931 4939 acceperint,

2336 4957 2620 5012 reddendae
2651 4959 2840 5011 rationi
2874 4968 2997 5013 sunt
3024 4967 3231 5013 tantum
3262 4959 3505 5027 obnoxii,
3542 4963 3813 5029 quomodo
3839 4980 3933 5021 eas

2334 5048 2713 5110 custodierint.
2749 5066 2848 5104 nec
2872 5051 2997 5120 quid
3045 5051 3181 5106 ultra
3210 5053 3500 5122 requiritur
3560 5054 3732 5121 Quam
3764 5059 3931 5113 multa

2335 5144 2475 5199 enim
2529 5145 2867 5212 receperint,
2926 5154 3032 5198 tam
3082 5147 3244 5199 multa
3297 5144 3421 5201 illos
3461 5146 3623 5221 plane
3670 5164 3934 5218 reponere

2336 5250 2555 5291 necesse
2578 5244 2681 5298 est,
2712 5252 2881 5305 neque
2908 5235 3193 5305 quidquam
3221 5237 3451 5307 amplius
3472 5240 3662 5294 abillis
3688 5242 3933 5311 reposci-

2334 5337 2420 5382 tur
2448 5345 2460 5381 :
2490 5327 2723 5397 acceptis
2754 5336 2928 5380 autem
2957 5326 3152 5383 divinis
3176 5327 3423 5399 eloquiis,
3471 5344 3574 5385 non
3616 5331 3777 5387 modo
3806 5332 3933 5388 illo.

2332 5434 2449 5472 rum
2476 5416 2730 5473 custodia:
2758 5414 3025 5471 reddenda
3057 5426 3141 5472 est
3192 5422 3348 5484 ratio,
3398 5420 3492 5474 sed
3541 5418 3723 5476 multm
3767 5422 3929 5477 etiam

2332 5508 2721 5579 negotiationis.
2758 5506 2872 5561 Non
2918 5509 3058 5562 enim
3090 5525 3149 5562 ea
3180 5511 3352 5564 solum
3390 5512 3620 5567 reddere
3655 5513 3928 5583 iubemur,

2331 5615 2448 5669 qua!
2488 5601 2810 5667 recepimus.
2862 5597 2954 5652 sed
3006 5609 3059 5653 et
3116 5600 3340 5653 Domino
3388 5602 3657 5673 duplicata
3710 5604 3928 5663 olferre.

2332 5692 2663 5758 Quamquam
2717 5689 2759 5741 si
2824 5703 2884 5743 ea
2938 5691 3207 5753 custodire
3265 5702 3468 5747 tantum
3516 5694 3725 5762 iussum
3774 5698 3931 5756 nobis

2396 5804 2469 5867 (a)
2503 5810 2599 5853 Hoc
2622 5803 2741 5852 dixit
2770 5803 2909 5866 [aulo
2922 5816 3035 5856 ante
3059 5805 3205 5857 ﬁnem
3230 5809 3556 5872 przccedcntis
3570 5804 3802 5862 bomlilze.
