4180 6520
288 423 395 479 (πη

284 549 448 597 esset.
481 538 642 593 multa
667 534 1023 593 Soliit'illltiittc
1049 548 1110 585 ac.
1127 529 1304 585 studio
1329 546 1413 584 res
1443 529 1703 598 indigeret
1730 546 1739 578 :
1775 540 1898 580 cum

286 646 416 684 vero
446 641 500 684 ιιι
529 633 690 685 etiam
722 626 1162 696 multiplicemur,
1194 623 1349 677 nobis
1381 621 1636 676 Dominus
1666 620 1900 688 impera-

285 723 378 788 rit,
407 725 578 793 cogita
605 731 861 792 quantum
892 718 1092 772 laboris
1127 725 1182 771 ct
1225 729 1368 770 cura:
1401 715 1467 767 sit
1516 730 1544 764 a
1584 711 1756 775 nobis,
1788 709 1906 780 qui-

282 817 387 870 bus
418 834 478 870 ea
527 814 813 868 commissa
863 819 1007 875 sunt,
1039 805 1448 863 conferendum.
1505 803 1628 858 Ideo
1651 793 1902 872 quidam,

286 910 372 962 cui
423 908 710 964 commissa
764 906 976 960 fuerant
1030 904 1225 955 talenta
1270 899 1507 969 quinque
1556 896 1787 968 (Matth.
1811 892 1900 948 25.

291 1000 376 1056 ιι.
404 1018 512 1070 sqq.
541 1001 582 1067 ),
630 1015 734 1052 non
767 995 986 1051 totidem
1040 994 1254 1056 obtulit,
1286 992 1381 1046 sed
1438 989 1726 1060 duplicata.
1771 987 1903 1040 Nam

289 1094 378 1146 illa
410 1090 650 1160 quidem,
697 1089 1039 1158 benignitatis
1069 1095 1225 1141 erant
1268 1083 1470 1138 domini
1503 1102 1514 1135 :
1549 1081 1643 1137 sed
1671 1082 1906 1150 oportuit

286 1187 450 1242 ctiam
494 1200 710 1238 Servum
742 1197 892 1236 suam
946 1179 1201 1234 exhibere
1251 1178 1602 1246 diligentiam.
1646 1173 1906 1228 Similiter

283 1291 343 1335 ct
371 1280 415 1333 is
444 1280 527 1332 eui
556 1277 662 1333 duo
685 1279 881 1330 talenta
911 1274 1112 1329 credita
1148 1273 1379 1338 fuerant,
1403 1271 1505 1324 alia
1530 1270 1636 1322 duo
1669 1270 1904 1323 lucratus

285 1384 370 1427 est
395 1415 408 1435 ,
440 1383 600 1440 atque
624 1369 820 1423 idcirco
853 1370 962 1438 pari
995 1383 1116 1422 cttnt
1148 1365 1401 1418 dominus
1426 1364 1629 1417 honore
1655 1363 1903 1431 dignatus

287 1476 391 1518 est.
423 1464 575 1516 Alius
607 1477 733 1516 vero
762 1476 945 1514 rursus
985 1460 1068 1512 cui
1118 1459 1372 1511 talentum
1427 1472 1589 1509 unum
1637 1454 1902 1509 creditum

288 1554 483 1620 fuerat,
511 1564 565 1609 et
595 1553 723 1607 illttd
750 1555 922 1622 ipsum
946 1551 1234 1614 obtulerat,
1268 1549 1410 1619 quod
1457 1547 1720 1601 creditum
1749 1555 1859 1599 erat
1882 1584 1899 1609 ,

285 1647 378 1717 qui
436 1662 541 1700 non
594 1646 957 1708 imminuerat,
1001 1660 1107 1697 non
1153 1642 1387 1696 deterius
1432 1639 1737 1695 reddiderat
1774 1637 1902 1691 illud

285 1740 612 1809 depositura,
658 1754 831 1806 neque
890 1735 1225 1790 dimidiatum
1285 1743 1487 1786 tantum
1548 1730 1900 1785 reddiderat:

288 1833 412 1901 quia
446 1839 707 1901 quaestum
750 1844 852 1881 non
884 1827 1102 1890 fecerat,
1133 1840 1306 1895 neque
1329 1823 1657 1893 duplicatum
1690 1821 1904 1876 obtule-

288 1935 392 1989 rat,
418 1923 555 1994 quod
582 1921 844 1977 creditum
879 1920 1070 1984 fuerat,
1099 1928 1344 1973 extremo
1382 1914 1644 1985 supplicio
1687 1913 1905 1982 punitus

286 2019 420 2082 fuit;
453 2033 515 2072 ac
538 2015 730 2071 merito
753 2029 902 2070 sane.
936 2014 1064 2068 Nam
1103 2014 1145 2066 si
1178 2028 1238 2066 ea
1269 2011 1526 2066 custodiri
1571 2020 1772 2062 tantum
1806 2024 1903 2062 vo-

289 2115 533 2174 luIsSem,
591 2110 780 2179 inqttit,
827 2124 926 2163 nec
976 2107 1120 2161 aliud
1169 2107 1373 2161 lucrum
1419 2121 1482 2160 ex
1519 2106 1632 2159 istis
1658 2103 1900 2173 acquiri,

288 2225 395 2260 non
427 2207 513 2260 illa
549 2219 826 2259 set'vnrtuu
863 2203 1106 2256 lMlllllJUS
1147 2201 1504 2254 tradidissem.
1537 2199 1615 2252 Tu
1647 2213 1774 2252 vero
1803 2197 1902 2250 do-

286 2299 420 2353 tnini
467 2297 848 2366 benignitatem
888 2296 1188 2350 Considera.
1228 2293 1275 2347 Is
1302 2294 1384 2348 cui
1439 2293 1638 2347 talenta
1673 2294 1905 2361 quinque

284 2391 578 2445 couuniSsa
599 2389 827 2452 fuerant,
860 2388 1051 2442 obtulit
1072 2388 1174 2440 alia
1199 2387 1458 2456 quinque,
1493 2396 1543 2438 et
1571 2387 1612 2438 is
1641 2386 1725 2438 cui
1750 2384 1858 2437 duo
1884 2424 1899 2448 ,

285 2484 454 2537 altera
479 2491 620 2536 tanta
639 2522 652 2544 ,
680 2491 732 2536 ct
753 2482 940 2535 eadem
960 2491 1184 2549 uterque
1209 2480 1423 2548 pra'mia
1449 2479 1649 2532 retulit.
1677 2477 1740 2533 Ut
1759 2479 1901 2530 enim

288 2576 362 2630 illi
392 2574 526 2629 dixit
554 2595 565 2628 :
601 2573 764 2643 Euge,
794 2589 934 2625 serve
955 2573 1079 2625 bone
1105 2588 1164 2624 tu:
1186 2572 1373 2639 ﬁdelis,
1402 2587 1556 2640 super
1581 2587 1742 2640 puncti
1760 2570 1902 2641 [nisti

285 2665 477 2736 fidelis,
495 2681 649 2734 super
666 2663 1202 2717 multatecoustimam
1233 2665 1249 2733 (
1275 2662 1410 2715 Ibid.
1430 2678 1475 2714 υ.
1494 2661 1553 2715 21
1582 2664 1598 2732 )
1622 2665 1900 2716 :sicctiam

287 2759 366 2811 illi
385 2756 474 2826 qui
491 2758 598 2810 duo
619 2756 906 2818 obtulerat,
934 2755 1123 2824 inquit,
1144 2753 1304 2824 Euge,
1328 2767 1469 2806 serve
1490 2753 1615 2805 boue
1634 2771 1693 2804 ac
1709 2753 1899 2819 ﬁdelis,

284 2868 442 2920 super
479 2865 642 2919 pauca
686 2849 824 2916 {nisti
863 2849 1064 2916 ﬁdelis,
1110 2863 1264 2916 super
1308 2847 1470 2900 nutlta
1515 2857 1562 2900 te
1601 2847 1904 2900 conuitio-nu

285 2944 454 3014 (Ibid.
485 2961 529 2998 υ.
560 2944 680 3013 95).
710 2943 1010 2997 Proventu»
1034 2942 1171 2994 haud
1199 2940 1335 2995 idem
1367 2951 1448 2994 tst
1469 2982 1482 3006 ,
1513 2950 1564 2994 ct
1589 2954 1796 2994 merces
1822 2947 1904 2992 est

285 3039 478 3093 eadem
536 3055 548 3091 ;
598 3039 674 3092 sic
722 3046 777 3090 et
824 3036 966 3089 hunc
1017 3034 1205 3089 eodem
1264 3034 1468 3089 honore
1513 3034 1760 3104 dignatus
1797 3043 1898 3087 est.

283 3129 427 3199 Quid
462 3128 570 3182 ita?
597 3128 860 3194 Quoniam
887 3141 990 3181 noa
1020 3141 1208 3180 eorum
1237 3141 1355 3196 quae
1381 3126 1558 3179 oblata
1584 3138 1708 3178 sunt
1737 3140 1906 3195 quau-

289 3226 520 3285 titatem,
549 3222 642 3275 sed
683 3236 870 3276 eorum
906 3221 1176 3282 Virtutem,
1209 3221 1298 3290 qui
1349 3219 1605 3288 negotiali
1656 3218 1903 3286 fuerant,

287 3315 599 3370 attendebat
631 3314 786 3368 Dens.
833 3312 963 3366 Nam
999 3324 1223 3382 uterque
1250 3328 1346 3381 pro
1373 3311 1508 3365 virili
1542 3327 1660 3381 qua:
1684 3326 1904 3366 suarum

287 3408 520 3479 partium
568 3414 720 3459 erant
778 3405 1099 3474 pra~stiterat
1142 3422 1154 3456 :
1197 3418 1284 3458 res
1336 3413 1514 3458 autem
1562 3395 1757 3457 oblata:
1797 3417 1904 3457 non

288 3499 660 3571 multiplicatae
692 3499 901 3552 fuerant
931 3506 1024 3551 aut
1045 3497 1340 3551 imminutae
1370 3499 1449 3552 vel
1481 3496 1552 3551 ob
1578 3497 1722 3550 illius
1751 3497 1904 3566 igna-

291 3595 458 3654 viam,
497 3591 576 3644 vel
615 3590 686 3644 ob
715 3586 1045 3659 diligentiam
1091 3587 1265 3653 istius,
1295 3587 1388 3642 sed
1422 3603 1517 3656 pro
1547 3588 1772 3656 depositi
1819 3585 1904 3640 di-

291 3686 567 3740 versitate.
596 3684 688 3738 Ille
707 3683 944 3753 quinque
966 3682 1194 3752 accepit,
1212 3691 1266 3736 et
1291 3681 1487 3736 obtulit
1507 3681 1610 3736 alia
1634 3683 1901 3752 quinque;

290 3779 382 3834 hic
407 3778 611 3847 accepit
636 3777 765 3841 duo,
789 3785 844 3830 et
863 3776 1055 3828 obtulit
1083 3774 1391 3845 duo,noque
1416 3775 1556 3844 quod
1580 3774 1646 3827 ad
1669 3773 1906 3829 studium

290 3873 503 3935 attinet,
535 3869 755 3925 inferior
784 3867 1010 3924 exstitit.
1041 3867 1314 3936 Siquidem
1346 3877 1400 3922 et
1444 3867 1531 3922 bic
1555 3865 1819 3936 duplicia,
1853 3873 1908 3920 et

292 3965 386 4018 ille
414 3963 644 4032 duplicia
679 3962 916 4015 lucratus
944 3969 1028 4015 est
1067 3959 1267 4014 credita
1303 3977 1315 4014 :
1348 3959 1392 4013 is
1434 3974 1565 4013 vero
1606 3958 1695 4028 qui
1742 3973 1906 4012 unum

291 4065 596 4126 acceperat,
626 4055 850 4124 simplex
877 4054 1007 4109 illud
1037 4054 1266 4119 obtulit;
1291 4068 1453 4124 quam
1481 4053 1551 4108 ob
1582 4066 1797 4107 caus-am
1825 4058 1910 4106 est

289 4153 454 4206 etiam
483 4151 794 4219 castigatus.

366 4246 422 4297 ἓ.
449 4244 686 4299 Audistis
714 4258 841 4314 ergo
865 4252 1121 4312 quantum
1153 4242 1272 4298 illos
1299 4251 1512 4296 maneat
1535 4241 1858 4311 supplicium
1886 4281 1901 4305 ,

291 4338 388 4408 qui
416 4353 477 4390 ex
508 4336 795 4390 dominicis
824 4335 1064 4406 pecuniis
1089 4335 1340 4405 ncgotiati
1375 4349 1481 4388 non
1513 4331 1731 4388 fuerint.
1765 4333 1908 4400 Ergo

291 4441 351 4486 et
396 4430 765 4485 custodiamus
791 4470 806 4493 ,
852 4439 904 4483 et
951 4429 1324 4498 negoticmur,
1367 4435 1423 4482 et
1450 4427 1676 4480 multum
1708 4441 1772 4480 ex
1804 4425 1910 4480 illis

295 4525 506 4578 lucrum
533 4521 902 4577 exhibeamus.
929 4520 1111 4592 Neque
1135 4520 1276 4576 dicat
1301 4520 1495 4590 aliquis
1523 4537 1538 4573 :
1563 4517 1727 4573 Idiota
1755 4533 1873 4572 sum
1891 4559 1905 4582 ,

294 4615 595 4683 discipulus
638 4629 796 4679 sunt,
840 4612 1062 4666 verbum
1093 4611 1353 4667 doctrina:
1396 4629 1501 4666 non
1544 4611 1750 4675 habeo,
1783 4625 1906 4663 cum

295 4706 578 4776 imperitus
620 4706 721 4759 sim
771 4713 826 4758 et
862 4703 1059 4758 nullius
1090 4704 1267 4775 pretii.
1303 4702 1538 4758 Tametsi
1567 4704 1712 4758 enim
1746 4701 1908 4755 idiota

294 4800 374 4853 sis
396 4839 412 4861 ,
446 4799 568 4852 licet
593 4797 888 4865 discipulus
910 4837 924 4862 ,
951 4796 1077 4851 licet
1104 4810 1269 4850 unum
1299 4794 1396 4850 tibi
1424 4794 1679 4850 talentum
1703 4794 1771 4849 sit
1791 4808 1911 4848 cre-

293 4891 469 4946 ditum
492 4932 505 4952 .
543 4891 818 4960 negotiare
846 4904 909 4943 ex
950 4903 1016 4942 eo
1041 4888 1183 4958 quod
1217 4887 1309 4942 tibi
1332 4887 1679 4941 commissum
1711 4896 1792 4938 est
1812 4927 1826 4948 ,
1856 4894 1911 4939 et

297 4982 544 5036 eanulem
573 4998 694 5036 cum
721 4981 944 5035 doctore
970 4980 1275 5034 mercedem
1301 4980 1550 5048 accipies.
1579 4981 1653 5031 Ae
1679 4993 1771 5030 vos
1791 4977 1910 5048 qui-

293 5078 421 5130 dem
463 5089 526 5129 ea
570 5089 689 5142 quae
717 5073 857 5127 dicta
903 5083 1028 5127 sunt
1054 5073 1326 5127 custodire
1355 5081 1407 5127 et
1435 5081 1622 5125 exacte
1651 5073 1908 5124 memoria

300 5181 488 5222 tenere
517 5168 735 5219 omnino
761 5167 924 5220 Credo
956 5184 968 5219 :
1003 5166 1096 5221 sed
1128 5181 1195 5220 ne
1221 5166 1273 5220 in
1307 5165 1406 5220 hoc
1426 5174 1587 5220 totam
1612 5166 1911 5220 orationem

299 5261 705 5331 impendamus,
754 5275 852 5329 age
898 5275 1017 5329 qua:
1063 5271 1363 5331 sequuntur
1389 5276 1448 5316 ea
1475 5278 1594 5332 qua:
1625 5262 1762 5316 dicta
1787 5271 1912 5315 sunt

297 5375 327 5407 a
375 5355 529 5409 nobis
577 5355 688 5408 beri
723 5354 862 5423 apud
904 5355 1183 5409 caritatem
1215 5366 1488 5420 vestram,
1518 5354 1908 5424 adiungamus,

298 5459 358 5499 et
400 5445 538 5500 hanc
581 5446 730 5497 vobis
756 5447 1018 5498 custodite
1047 5445 1350 5499 mercedem
1388 5446 1773 5514 persolvanms.
1809 5445 1906 5510 Qu'

298 5538 444 5590 enim
495 5537 671 5606 priora
712 5536 813 5590 sibi
851 5535 1052 5590 credita
1085 5540 1456 5598 cooserrarit,
1489 5538 1683 5605 dignus
1713 5547 1794 5590 est
1823 5538 1909 5605 qtti

299 5630 401 5682 alia
428 5643 615 5683 rursus
645 5628 892 5698 accipiat.
921 5627 1179 5697 Quwnam
1209 5627 1370 5697 igitur
1401 5627 1512 5681 heri
1537 5630 1805 5697 proposita
1829 5639 1908 5683 est

299 5737 326 5774 a
353 5723 509 5776 nobis
538 5722 774 5775 nat-ratio
796 5723 818 5773 ‘3
845 5725 916 5775 De
941 5721 1082 5790 ligno
1110 5736 1289 5776 sermo
1321 5729 1431 5775 erat
1452 5764 1464 5783 ,
1497 5731 1551 5776 et
1580 5723 1909 5778 ostemlimus

298 5815 608 5877 ltomittetlt,
653 5829 939 5885 antetpzant
985 5815 1052 5869 de
1101 5816 1243 5885 ligno
1286 5817 1504 5881 ederet,
1545 5816 1668 5870 boni
1697 5832 1758 5872 ac
1785 5818 1910 5872 mali

289 5911 662 5985 cogiitionem
712 5909 994 5975 habuisse,
1044 5909 1314 5979 multaque
1355 5911 1614 5981 repletum
1646 5913 1903 5981 sapientia

1584 411 1647 468 ΙΝ
1689 409 1988 466 ϐἑ·;ΝΙ’ἰΞΙΜ
2030 407 2263 464 ΞΕΜΙΟ
2305 408 2413 464 νιι.

3528 409 3635 464 till."

2020 522 2216 586 fuisse,
2259 537 2324 577 cx
2377 536 2442 575 eo
2473 519 2614 591 quod
2644 518 2860 573 nomina
2895 517 3084 574 beatiis
3114 517 3461 588 imposuerit,
3488 520 3634 589 quod

2018 630 2242 670 uxorem
2279 628 2430 668 suam
2473 614 2788 682 agnoverit,
2821 611 2963 682 quod
2991 610 3192 667 dixerit
3226 651 3238 664 .
3278 609 3390 664 Iloc
3417 627 3554 664 nunc
3575 632 3634 665 os

2014 723 2078 761 ex
2099 707 2296 762 ossibus
2323 705 2446 760 meis
2470 703 2622 777 (Gen.
2653 705 2708 756 ‘3.
2731 703 2824 774 23)
2850 721 2864 767 ;
2890 702 3032 773 quod
3053 703 3119 757 de
3140 704 3342 772 nuptiis
3361 703 3642 759 ὥδευεναο-

2014 801 2083 854 ῖέι
2107 839 2122 865 ,
2151 797 2220 852 de
2248 799 2623 867 procreatione
2652 795 2976 860 liberorum,
3011 796 3080 850 de
3107 794 3376 866 conjugcli
3401 796 3637 866 conjun-

2012 890 2192 946 ctione
2223 898 2276 944 ct
2303 888 2371 944 de
2394 897 2544 958 patre
2569 903 2633 942 ac
2662 898 2870 952 matre;
2897 886 3042 958 quod
3071 888 3378 943 nicndatum
3411 898 3640 953 accepe-

2012 987 2101 1038 rit.
2132 983 2316 1054 Neque
2341 985 2485 1037 enim
2516 981 2825 1036 mandatum
2853 980 2946 1036 dat
2971 983 3253 1053 quilqttatn
3280 996 3342 1035 ac
3367 980 3540 1052 legem
3565 981 3632 1040 de

2012 1075 2177 1128 rebus
2219 1073 2472 1144 gerendis
2515 1083 2603 1126 aut
2646 1088 2752 1127 non
2794 1073 3050 1142 gerendis
3090 1090 3136 1127 υς
3161 1113 3177 1139 ,
3219 1073 3307 1143 qui
3343 1071 3539 1125 bonum
3569 1086 3633 1125 ac

2013 1168 2213 1219 malum
2260 1166 2488 1234 ignoret.
2538 1165 2710 1219 Hodie
2750 1164 2932 1219 dicere
2963 1180 3143 1234 tlpt'rz‘t!
3175 1164 3333 1218 fuerit
3360 1162 3588 1233 pretium
3615 1203 3634 1230 ,

2013 1274 2172 1327 quam
2212 1257 2281 1312 ob
2318 1273 2573 1322 causam,
2603 1259 2646 1309 si
2674 1271 2702 1311 a
2737 1256 2882 1326 ligno
2910 1257 3187 1310 scientiam
3218 1255 3381 1310 homo
3411 1270 3516 1310 non
3545 1270 3634 1309 ποι

2011 1354 2184 1419 cepit,
2239 1351 2438 1418 lignum
2484 1350 2726 1404 scicnlize
2779 1349 2902 1403 boni
2950 1366 3014 1403 ac
3055 1348 3179 1403 mali
3211 1350 3366 1403 fuerit
3396 1349 3635 1419 appella-

2015 1452 2125 1495 tum
2175 1442 2336 1513 (Ibid.
2373 1460 2419 1495 v.
2467 1442 2522 1511 9)
2569 1461 2580 1495 :
2629 1456 2803 1512 neque
2842 1442 2984 1496 enim
3017 1443 3150 1496 leris
3181 1446 3435 1496 momenti
3467 1443 3626 1498 fuerit

2012 1533 2268 1586 didicisse
2289 1573 2304 1597 ,
2336 1549 2432 1586 cur
2464 1533 2580 1587 haec
2606 1534 2900 1602 appellatio
2931 1533 3076 1605 ligno
3103 1536 3169 1588 sit
3203 1534 3389 1589 indita.
3418 1534 3550 1588 Nam
3578 1545 3634 1590 ct

2011 1626 2257 1680 diabolus
2304 1627 2434 1679 dixit
2471 1643 2482 1678 :
2516 1627 2631 1691 Qua
2677 1626 2759 1680 die
2796 1627 3222 1680 manducarcritis
3246 1627 3308 1680 de
3333 1644 3389 1681 eo
3413 1671 3427 1691 ,
3460 1630 3633 1697 operi-

2010 1729 2157 1771 entur
2196 1719 2332 1771 oculi
2369 1719 2520 1772 resu'i
2543 1760 2557 1784 ,
2599 1729 2643 1771 et
2669 1719 2808 1773 eritis
2833 1719 2962 1772 sicut
2994 1719 3065 1770 (lii
3084 1761 3096 1783 ,
3127 1718 3339 1773 scientes
3369 1718 3556 1772 bonum
3584 1731 3633 1773 ct

2013 1811 2202 1863 nmium
2236 1810 2395 1883 (Ibid.
2441 1812 2492 1864 3.
2531 1812 2606 1881 5).
2645 1811 2926 1876 Quomodo
2959 1811 3147 1882 igitur,
3183 1811 3374 1881 inquit,
3412 1821 3467 1866 tu
3496 1813 3632 1866 dicis

2011 1902 2291 1959 scientiam
2342 1918 2446 1957 non
2497 1905 2789 1958 inseruisse
2841 1903 2966 1956 boni
3012 1918 3074 1958 ac
3105 1903 3270 1956 mali?
3301 1903 3434 1971 Quis
3462 1918 3627 1968 vero,

2011 2012 2224 2066 quieso,
2269 1997 2535 2051 inseruit?
2573 2013 2698 2051 num
2732 1996 3023 2052 diabolus?
3049 1997 3230 2064 Certe,
3263 1998 3471 2068 inquit,
3505 2014 3629 2052 cum

2015 2090 2241 2156 dixerit,
2270 2088 2432 2143 Eritis
2458 2092 2586 2144 sicut
2616 2092 2707 2156 dii,
2738 2091 2949 2144 scientes
2972 2091 3158 2144 bonum
3186 2101 3232 2145 et
3253 2094 3466 2146 malum.
3493 2091 3630 2147 Tum

2013 2195 2066 2239 ttt
2115 2186 2272 2255 igitur
2317 2186 2684 2239 testimonium
2713 2186 2842 2239 mihi
2875 2185 3045 2238 hostis
3075 2185 3237 2240 all‘ers
3265 2196 3319 2241 et
3349 2186 3631 2241 insidiato-

2015 2277 2126 2331 ris?
2168 2279 2329 2348 Atqui
2371 2278 2505 2332 dixit
2552 2277 2636 2333 hic
2680 2294 2894 2349 quoque
2920 2321 2934 2345 ,
2974 2280 3132 2332 Erilis
3161 2281 3323 2333 etiam
3353 2278 3424 2334 uit
3454 2293 3474 2340 :
3505 2295 3632 2334 num

2013 2371 2174 2441 igitur
2215 2371 2286 2424 dii
2315 2381 2439 2424 sunt
2468 2370 2638 2424 lacti?
2674 2369 2740 2425 Ut
2771 2371 2931 2441 igitur
2963 2371 3034 2424 dii
3068 2370 3191 2424 facti
3225 2386 3328 2425 non
3359 2383 3524 2435 sunt,
3554 2373 3635 2427 sic

2012 2479 2186 2530 neque
2228 2463 2504 2518 rc'eatiam
2541 2464 2663 2518 boni
2708 2478 2771 2517 ac
2814 2464 2936 2517 nali
2965 2472 3075 2519 tum
3101 2473 3446 2533 acceperunt.
3478 2463 3630 2518 Men-

2010 2556 2112 2610 dax
2155 2557 2295 2610 enim
2341 2564 2423 2611 est
2464 2556 2550 2611 ille
2574 2597 2589 2622 ,
2617 2555 2857 2626 nihilque
2885 2571 3065 2610 \Ct'ttttt
3099 2556 3432 2628 proloquitur
3463 2575 3475 2610 :
3506 2571 3632 2611 nam

2013 2647 2076 2704 In
2101 2651 2304 2704 veritate
2325 2693 2338 2716 ,
2371 2651 2572 2721 inquit,
2605 2666 2705 2705 non
2735 2651 2868 2706 stetit
2903 2648 3142 2722 (Joau,8.
3173 2650 3288 2722 Η).

2083 2744 2186 2798 Cur
2207 2745 2403 2816 lignum
2423 2744 2648 2799 scientiis
2665 2745 2784 2798 boni
2809 2753 2852 2798 et
2875 2743 2999 2798 mali
3023 2744 3094 2796 sic
3122 2753 3349 2797 vocatam
3367 2742 3540 2815 fuerit.
3561 2774 3630 2786 --

2010 2836 2087 2890 Ne
2139 2840 2295 2905 igitur
2343 2837 2546 2892 inimici
2602 2837 2968 2892 testimonium
3014 2837 3411 2905 producamus,
3441 2836 3536 2890 sed
3562 2850 3630 2891 ex

2015 2934 2143 3000 ipsis
2173 2934 2332 2987 rebus
2360 2933 2707 3003 colligamus,
2742 2947 2848 3003 qua
2876 2933 2942 2986 de
2970 2947 3130 2985 causa
3161 2932 3362 3002 lignum
3390 2932 3634 2987 scientia:

2012 3024 2137 3078 boni
2185 3040 2247 3079 ac
2276 3026 2401 3079 mali
2437 3034 2681 3079 vocetur.
2725 3026 2804 3078 Ac
2835 3025 2982 3094 prius
3004 3064 3021 3093 ,
3050 3025 3094 3080 si
3128 3025 3337 3078 vidi-tur
3359 3063 3373 3086 ,
3407 3023 3534 3094 quid
3565 3022 3637 3078 sit

2015 3120 2212 3172 bonum
2255 3133 2318 3172 ac
2365 3118 2566 3171 malum
2609 3117 3044 3173 consideremus.
3087 3117 3225 3183 Quid
3268 3132 3399 3187 ergo
3433 3117 3634 3172 bonum

2012 3213 2138 3268 est?
2169 3211 2508 3267 Obedientia.
2540 3211 2677 3278 Quid
2703 3211 2949 3266 malum?
2978 3212 3369 3268 inobedientia.
3403 3215 3478 3265 Ac
3505 3222 3629 3265 tan-

2015 3306 2184 3377 tisper
2222 3322 2252 3360 a
2293 3307 2446 3361 nobis
2474 3307 2589 3361 haec
2620 3321 2684 3360 ex
2720 3307 2850 3376 ipsis
2881 3306 3176 3376 Scriptor-is
3201 3315 3392 3361 exacte
3423 3306 3636 3364 exami-

2016 3412 2213 3456 nentur
2233 3442 2246 3464 ,
2282 3416 2350 3455 ne
2377 3400 2519 3455 forte
2538 3441 2554 3467 ,
2586 3399 2714 3455 dunt
2741 3400 2867 3454 boni
2890 3416 2953 3456 ac
2980 3401 3105 3455 mali
3134 3410 3378 3455 naturam
3405 3401 3638 3471 inquiri-

1969 3512 1988 3548 κ
2015 3510 2135 3550 mus
2154 3536 2170 3560 ,
2211 3495 2549 3550 aberremus.
2597 3494 2712 3550 lloc
2750 3495 2894 3549 enim
2924 3509 3047 3549 esse
3075 3495 3273 3550 bonum
3304 3509 3368 3549 ac
3397 3495 3597 3550 malmn
3621 3536 3637 3560 ,

2012 3586 2138 3642 audi
2178 3602 2285 3658 quo
2328 3596 2484 3662 pacto
2511 3587 2702 3642 doceat
2732 3588 2991 3657 prepheta
3021 3603 3142 3642 cum
3173 3588 3303 3643 dicit
3333 3607 3346 3642 :
3379 3587 3518 3654 Quid
3543 3588 3636 3642 bo-

2014 3697 2136 3734 num
2156 3721 2172 3746 ,
2205 3690 2251 3735 et
2285 3681 2410 3750 quid
2438 3682 2690 3735 Dominus
2717 3680 2855 3735 Deus
2883 3683 3095 3751 requirit
3121 3699 3153 3735 a
3179 3684 3269 3738 te?
3296 3681 3392 3736 Dic
3418 3683 3542 3754 quid
3568 3684 3640 3740 sit

2014 3773 2223 3827 bonum.
2260 3772 2326 3828 Ut
2354 3774 2541 3844 diligas
2570 3772 2848 3827 Demittunt
2883 3773 3047 3828 Deum
3077 3783 3218 3828 tuum
3247 3775 3438 3845 (illic/1.
3459 3775 3516 3831 ti.
3540 3775 3628 3846 8).

2017 3866 2182 3922 Vides
2228 3867 2425 3921 bonum
2473 3881 2595 3923 esse
2636 3867 3038 3922 obedientiam?
3080 3869 3345 3940 siquidem
3387 3885 3455 3924 ex
3496 3869 3632 3925 dile—

2013 3962 2193 4017 ctione
2216 3962 2386 4016 oritur
2409 3960 2738 4016 obedientia.
2770 3962 2835 4016 Et
2861 3977 3048 4017 rursus
3071 3979 3084 4018 :
3108 3962 3226 4018 Duo
3248 3965 3386 4018 nulla
3408 3964 3527 4036 fecit
3548 3981 3642 4034 po.

2015 4054 2170 4124 pulus
2195 4069 2336 4106 meus
2357 4053 2440 4106 Iu'c
2469 4067 2488 4106 :
2519 4069 2599 4106 me
2624 4053 3001 4122 dereliqueruut
3031 4056 3222 4124 [autent
3251 4072 3400 4126 aqua:
3421 4057 3565 4121 view,
3589 4067 3640 4110 et

2015 4147 2257 4216 [oderunt
2285 4147 2381 4198 sibi
2409 4148 2655 4199 cisternas
2675 4145 2922 4199 contritas
2946 4187 2961 4210 ,
2985 4161 3100 4216 qua:
3127 4163 3230 4201 non
3252 4157 3490 4217 poterunt
3511 4164 3638 4202 cou-

2015 4240 2174 4293 tiuere
2202 4255 2388 4305 aquam
2415 4236 2551 4308 (λεν.
2576 4237 2634 4291 2.
2667 4239 2784 4308 l3).
2814 4238 2976 4295 Vides
3007 4239 3425 4296 iuobedicntiam
3454 4251 3511 4298 ct
3540 4243 3637 4299 de-

2017 4335 2348 4388 relictionem
2395 4333 2595 4388 malum
2642 4334 2810 4390 esse?
2858 4335 2972 4390 Hoc
3018 4336 3179 4407 igitur
3206 4338 3422 4393 interim
3453 4347 3639 4394 tenea-

2016 4442 2171 4495 mus,
2216 4427 2577 4483 obedientiam
2617 4429 2816 4484 bonum
2838 4443 2994 4494 esse,
3027 4439 3189 4500 atque
3215 4430 3635 4489 inobedieotiam

2017 4520 2215 4573 malum
2243 4561 2258 4582 ,
2286 4529 2342 4574 ct
2367 4521 2446 4575 sic
2477 4519 2605 4574 illud
2637 4520 2800 4576 etiam
2827 4535 3243 4592 cognoscemus.
3275 4522 3407 4578 Nam
3437 4523 3642 4579 idcirco

2019 4610 2221 4680 lignmn
2267 4611 2510 4666 scicntia:
2553 4611 2678 4666 boni
2709 4627 2772 4666 ae
2799 4612 2924 4666 mali
2957 4624 3212 4679 vocatur,
3241 4615 3385 4685 quod
3417 4617 3642 4671 manda-

2018 4713 2130 4759 tum
2164 4703 2234 4759 de
2261 4705 2410 4775 ligno
2437 4704 2690 4760 traditum
2720 4705 2904 4772 fuerit,
2931 4707 3087 4776 cujus
3107 4709 3393 4764 occasione
3442 4710 3525 4765 vel
3559 4711 3644 4766 in-

2017 4797 2325 4852 obedieotia
2377 4797 2460 4853 vel
2485 4797 2792 4853 obedientia
2820 4809 3134 4855 exercetur.
3158 4798 3296 4856 Nam
3322 4811 3480 4858 antea
3502 4804 3643 4860 scie-

2018 4891 2109 4946 bat
2138 4890 2378 4945 Adainus
2403 4889 2768 4946 obedientiam
2799 4891 2999 4946 bonunt
3027 4908 3183 4960 esse,
3210 4894 3635 4952 inobedieotiam

2017 4992 2195 5036 autem
2227 4981 2428 5036 malum
2460 5000 2473 5034 :
2502 4983 2845 5039 manifestius
2870 4995 3054 5040 autem
3087 4995 3273 5054 postea
3302 5002 3367 5042 ex
3401 4990 3515 5058 ipsa
3548 5005 3640 5045 re-

2018 5091 2139 5130 rmn
2166 5075 2498 5144 experientia
2527 5075 2731 5131 didicit.
2758 5078 2830 5130 Sit
2850 5087 2909 5131 ut
2929 5078 3093 5132 etiam
3118 5079 3321 5154 emdcm
3344 5079 3639 5136 fraternam

2017 5169 2218 5224 malum
2272 5183 2394 5223 esse
2438 5183 2662 5223 noverat
2713 5168 2883 5234 Cain,
2934 5171 3018 5224 vel
3071 5181 3363 5242 antequam
3416 5172 3639 5228 fratrem

2018 5277 2174 5316 suum
2204 5261 2473 5317 occideret
2513 5280 2526 5317 :
2562 5271 2617 5314 ut
2644 5263 2787 5316 enim
2817 5263 3086 5334 intelligas
3112 5279 3236 5318 eum
3264 5264 3488 5319 scivisse
3520 5281 3637 5320 ma-

2020 5355 2122 5408 lam
2161 5369 2272 5406 rem
2317 5351 2516 5417 fuisse,
2558 5354 2683 5408 audi
2729 5354 2857 5424 quid
2902 5354 3090 5410 dicat:
3132 5354 3278 5424 Veni,
3321 5373 3562 5411 exeamus
3591 5359 3642 5412 in

2018 5464 2252 5519 mntpttut
2290 5446 2441 5514 (Gen.
2489 5449 2544 5502 4.
2587 5449 2664 5518 δ).
2701 5448 2896 5503 Verqu
2939 5465 3044 5521 qua
3071 5450 3138 5503 de
3168 5467 3330 5505 cau~a
3363 5452 3584 5507 fratrem
3611 5470 3641 5508 ει

2020 5541 2260 5608 internis
2290 5541 2428 5593 tllttiS
2455 5542 2700 5596 avulsum
2727 5545 2777 5595 in
2810 5558 3060 5614 campum
3093 5545 3306 5598 trabis?
3332 5561 3431 5600 cur
3462 5549 3511 5598 in
3543 5548 3643 5603 de-

2020 5641 2164 5685 serto
2206 5633 2532 5686 constituis?
2571 5649 2668 5687 cur
2705 5636 2912 5690 auxilio
2947 5637 2980 5690 d
3004 5639 3263 5692 ‘Siitttlnm
3301 5640 3522 5694 reddis?
3546 5655 3644 5695 cur

2021 5725 2179 5794 longe
2220 5739 2248 5776 a
2283 5733 2505 5792 paterno
2548 5740 2837 5796 conspectu
2879 5729 3147 5785 abducis?
3185 5746 3284 5786 cur
3312 5731 3484 5785 audax
3515 5732 3640 5787 lati-

2023 5835 2123 5873 nus
2153 5826 2415 5881 occultas,
2435 5819 2478 5872 si
2512 5831 2790 5887 peccatum
2815 5835 2921 5876 non
2951 5821 3270 5877 reformidas
3293 5825 3317 5874 ’ξ
3344 5834 3644 5879 curantem

2025 5925 2078 5969 (τι
2125 5919 2246 5983 post
2275 5909 2477 5966 caulem
2507 5922 2867 5984 perpetratam
2902 5932 3086 5972 rursus
3118 5916 3478 5989 interrogatus
3507 5917 3646 5978 indi-
