4134 6496
664 399 758 453 liii

660 530 834 590 gnam
877 531 938 571 ac
961 509 1242 570 mentiris?
1265 510 1395 565 Cum
1423 510 1564 564 enim
1593 508 1814 564 dixisset
1838 509 1975 563 Dens
1995 551 2008 570 ,
2040 507 2136 562 (Ibi
2162 521 2238 566 ru

1335 393 1391 448 S.
1433 391 1711 448 JOANNIS
1749 390 2220 448 Clllli'SOSTUMl
2264 391 2579 449 AllCllll-IP.
2621 395 3155 455 CONSTANTINUP.

3849 409 3942 466 612

2360 521 2459 577 rat,
2485 511 2657 566 locum
2684 514 2961 583 appellarit
2985 517 3007 570 ?
3032 516 3121 571 Sic
3142 517 3302 571 ctiam
3328 518 3530 587 lignum
3552 521 3794 578 scientie
3823 525 3941 579 boui

661 612 782 666 Αιιοι
821 616 979 680 frater
1003 607 1162 661 tuus?
1195 605 1513 674 respondisti
1547 625 1560 661 :
1593 605 1859 672 Numquid
1884 619 2051 662 custos
2072 609 2248 675 fratris
2351 621 2414 659 ac
2435 606 2558 660 mali
2582 617 2831 669 vocatur,
2859 623 2962 661 non
2993 606 3137 678 quod
3160 608 3332 678 ipsum
3357 610 3483 664 boni
3511 612 3744 683 malique
3768 616 3939 668 scicn-

658 705 754 756 mri
795 718 906 756 sum
936 717 1024 771 ego
1051 698 1203 773 (Gen.
1225 700 1280 754 ι.
1314 697 1416 768 9)?
1444 699 1516 753 Ex
1543 713 1648 770 quo
1671 699 1831 769 liquet
1853 741 1870 764 ,
1891 715 2014 754 eum
2043 714 2165 754 cum
2194 700 2243 754 id

656 794 820 864 probe
849 800 1060 858 nosset,
1089 789 1156 845 ad
1178 789 1278 844 hoc
1304 789 1506 846 facinus
1527 791 1852 860 prorupisse.
1880 789 1944 846 Ut
1967 791 2124 860 igitur
2146 792 2244 847 iste

651 893 908 947 noverat,
961 893 1244 953 antequam
1286 883 1650 950 experiretur,
1701 883 1902 938 eaedem
1957 897 2079 938 esse
2128 898 2242 939 rem

652 976 845 1032 malam
873 993 886 1039 ;
933 985 1111 1045 postea
1158 989 1283 1045 vero
1321 974 1504 1028 didicit
1535 974 1694 1028 etiam
1721 974 2056 1029 manifestius
2076 1015 2090 1039 ,
2119 990 2241 1030 cum

651 1083 866 1138 poenam
907 1067 1158 1122 sustinuit
1195 1065 1535 1136 audivitque.
1578 1065 1791 1120 Canens
1817 1083 1876 1120 ac
1904 1076 2120 1120 tremens
2144 1066 2242 1120 cria

648 1176 805 1229 super
848 1168 1033 1212 terram
1084 1157 1244 1228 (Ibid.
1275 1174 1321 1210 υ.
1354 1157 1444 1229 η)
1475 1177 1488 1213 :
1513 1159 1590 1214 sic
1617 1168 1669 1213 et
1696 1158 1847 1212 istius
1876 1167 2026 1228 pater
2047 1198 2062 1223 ,
2091 1167 2242 1212 antc-

647 1265 808 1319 quum
852 1249 1069 1314 ederet,
1117 1248 1241 1304 boni
1283 1263 1344 1302 ac
1372 1249 1496 1303 mali
1529 1250 1830 1316 cognitione
1858 1247 2082 1318 ptillebat
2107 1291 2122 1312 ,
2158 1259 2237 1302 ta-

649 1341 803 1396 metsi
848 1356 951 1394 non
981 1342 1049 1395 ita
1079 1342 1348 1406 evidenti,
1389 1356 1452 1397 ac
1487 1357 1611 1397 cum
1637 1341 1705 1397 dc
1729 1342 1869 1412 ligno
1894 1342 2234 1397 comedisset.

649 1433 829 1488 Dicam
856 1434 1112 1504 apertius.

721 1524 868 1579 Mala
915 1525 1093 1579 melius
1138 1525 1396 1590 novitmts,
1437 1534 1700 1595 postquam
1725 1540 1786 1579 ca
1811 1527 2228 1594 pcrpctrnrimus.

646 1648 717 1658 —
740 1617 875 1672 Mala
919 1618 1116 1671 scimus
1161 1631 1346 1671 omnes
1371 1659 1386 1679 ,
1428 1617 1588 1671 etiam
1623 1625 1908 1686 antequam
1932 1617 2018 1670 illa
2045 1633 2234 1686 perpe-

646 1721 884 1771 tremus;
953 1705 1283 1762 manifestius
1326 1721 1455 1761 vero
1500 1721 1562 1760 ea
1605 1705 1896 1767 discimus.
1951 1717 2232 1777 postquam

629 1802 731 1868 illa
760 1800 1180 1872 perpetravimns
1202 1842 1216 1862 .
1239 1815 1302 1855 ac
1327 1801 1495 1856 multo
1523 1803 1683 1856 etiam
1708 1801 2039 1856 manifestius
2061 1843 2077 1869 ,
2108 1815 2231 1856 cum

640 1893 910 1961 punimur.
941 1890 1029 1947 Sic
1055 1891 1214 1946 etiam
1243 1890 1371 1947 Cain
1393 1891 1596 1947 sciebat
1617 1892 1830 1962 quidem
1852 1903 2005 1946 antea
2027 1893 2229 1948 etedvm

638 1981 930 2038 fraternam
975 1984 1172 2038 malum
1218 1998 1338 2039 esse
1380 2000 1393 2036 :
1437 1993 1621 2052 postea
1658 1999 1785 2037 vero
1811 1984 1995 2038 didicit
2015 1984 2230 2040 evide’n-

641 2074 776 2138 tius,
806 2087 926 2128 cum
957 2073 1216 2144 supplicio
1262 2074 1544 2130 mulctatus
1571 2083 1690 2130 est:
1724 2091 1820 2130 nos
1849 2076 1990 2128 enim
2018 2090 2230 2144 queque

643 2166 925 2218 sanitatem
959 2180 1070 2218 rt-m
1101 2165 1290 2218 bonam
1322 2179 1441 2220 esse
1471 2165 1714 2220 navimns
1738 2206 1755 2229 ,
1783 2174 1835 2219 et
1859 2165 2228 2236 rgritndinem

639 2272 754 2311 rem
797 2256 1103 2317 molestam.
1149 2267 1431 2328 antequam
1472 2257 1598 2314 i‘lud
1643 2259 2028 2328 experiamur:
2062 2261 2228 2314 multo

633 2362 767 2406 vero
791 2351 987 2406 certius
1007 2393 1021 2416 ,
1049 2363 1172 2406 cum
1202 2352 1254 2406 in
1275 2353 1520 2408 morbum
1551 2352 1895 2410 inciderimus
1911 2395 1927 2420 ,
1953 2354 2226 2426 utriusque

637 2444 714 2498 rei
746 2444 1032 2498 discrimen
1059 2446 1416 2514 agnoscimus.

804 2533 1002 2589 Eadem
1043 2535 1291 2591 nimirum
1317 2536 1525 2593 ratione
1555 2548 1772 2591 noverat
1799 2542 1959 2594 etiam
1990 2539 2226 2596 Adamtts

635 2625 994 2681 obedientiam
1019 2641 1132 2680 rem
1155 2627 1346 2682 bonam
1370 2642 1510 2691 esse,
1537 2628 1947 2685 inobcdientiam
1968 2646 2093 2686 vero
2112 2645 2226 2687 ma-

637 2715 745 2772 lam
771 2736 784 2773 :
817 2717 1071 2785 deinceps
1097 2734 1225 2774 vero
1249 2719 1435 2776 didicit
1461 2721 1758 2777 evidentius
1775 2764 1791 2790 ,
1820 2739 1940 2780 cuin
1971 2725 2110 2796 ligno
2127 2737 2228 2796 gu—

635 2817 776 2866 stato
811 2826 843 2865 e
881 2812 1127 2879 paradiso
1155 2813 1356 2884 eiectus
1383 2825 1462 2870 est
1487 2855 1500 2874 .
1533 2817 1585 2870 et
1611 2817 1680 2871 ab
1707 2817 1794 2872 illa
1825 2820 2018 2874 excidit
2048 2819 2222 2877 felici-

637 2911 768 2958 tate.
783 2901 918 2958 Cum
951 2905 1107 2974 igitur
1132 2906 1183 2959 in
1212 2920 1426 2975 ponam
1447 2908 1763 2974 incurrerit,
1795 2913 1966 2981 quod,
1992 2913 2102 2969 Deo
2129 2931 2222 2971 ve-

634 3003 810 3057 tante.
857 2995 1052 3065 lignum
1101 2996 1426 3068 degustarit,
1469 2996 1801 3055 manifestius
1841 3017 1964 3058 eum
2010 3019 2104 3074 per
2131 3021 2225 3060 ex-

635 3088 947 3155 perientiam
999 3101 1150 3158 pana
1179 3089 1398 3157 docuit,
1433 3090 1542 3146 Deo
1568 3108 1672 3146 non
1703 3093 2076 3165 obtemperare
2105 3113 2220 3152 ma-

630 3177 743 3234 lum
767 3218 784 3243 .
807 3187 862 3234 at
889 3177 1261 3250 obtemperare
1291 3181 1489 3237 bonum
1514 3196 1634 3237 esse
1658 3200 1672 3236 :
1697 3195 1975 3255 propterea
2022 3187 2222 3257 lignum

629 3268 868 3325 scientias
905 3270 1029 3326 boni
1075 3285 1138 3325 ac
1181 3272 1305 3326 mali
1331 3281 1574 3327 vocatur.
1617 3273 1682 3329 Et
1714 3287 1814 3344 qua
1859 3277 1927 3332 de
1953 3293 2146 3340 causa.
2177 3280 2223 3335 si

632 3375 741 3414 non
782 3360 894 3430 ipsa
923 3361 1049 3430 ligni
1091 3371 1277 3418 natura
1305 3363 1583 3419 scientiam
1612 3365 1797 3420 habuit
1821 3366 1945 3422 boni
1971 3379 2026 3422 et
2055 3369 2178 3424 mali
2202 3409 2221 3436 .

629 3451 725 3508 sed
762 3467 828 3508 ex
867 3453 977 3522 ipsa
1006 3469 1162 3524 pmna
1192 3464 1409 3525 propter
1434 3456 1846 3513 inoltedientiam
1877 3459 1946 3514 ob
1969 3459 2222 3530 degusta-

631 3559 742 3602 tum
786 3543 986 3614 lignum
1032 3545 1176 3600 illata
1215 3543 1547 3603 manifestius
1588 3548 1689 3604 boc
1727 3550 1911 3605 didicit
1933 3549 2127 3617 homo,
2160 3553 2223 3607 li-

629 3654 792 3705 gnum
829 3641 1069 3696 scientia:
1107 3640 1232 3696 boni
1252 3649 1322 3697 ac
1346 3642 1470 3697 mali
1501 3654 1720 3699 meatur
1739 3644 1766 3699 ἵ
1790 3644 1942 3712 Quod
1970 3646 2222 3702 nimirum

631 3728 718 3782 hic
768 3730 1056 3798 Scriptum
1103 3745 1220 3786 mos
1244 3733 1308 3786 sit
1331 3774 1345 3795 ,
1379 3733 1466 3786 ubi
1492 3749 1581 3789 res
1604 3735 1865 3804 qua‘piam
1894 3736 1946 3789 in
1975 3736 2108 3791 locis
2131 3746 2224 3792 aut

633 3822 963 3890 temporibus
992 3821 1310 3888 quibusdam
1328 3823 1622 3888 acciderit,
1654 3839 1683 3878 a
1709 3825 1868 3879 rebus
1897 3825 2000 3879 illis
2026 3835 2080 3880 et
2106 3825 2218 3880 loca

629 3922 684 3965 ct
726 3919 965 3981 tempota
1007 3928 1222 3968 vocare.
1265 3913 1370 3969 Sed
1411 3926 1462 3968 ut
1507 3915 1703 3970 clarius
1749 3917 1889 3985 quod
1928 3917 2050 3972 dico
2097 3917 2220 3983 liat,

631 4002 757 4056 illud
785 4003 1032 4073 exemplo
1054 4004 1205 4058 vobis
1231 4004 1527 4061 illnstrabo.
1557 3990 1750 4062 linteos
1777 4007 2065 4078 aliquando
2083 4008 2224 4064 fodit

631 4093 778 4148 Isaac
807 4112 822 4148 :
851 4095 950 4149 bos
971 4106 1148 4150 autem
1181 4107 1371 4166 puteos
1401 4097 1556 4152 vicini
1579 4098 1853 4154 destruere
1878 4113 1997 4155 cum
2019 4103 2221 4170 agressi

629 4199 841 4253 essent,
893 4187 1014 4241 inde
1056 4188 1298 4242 simultas
1339 4190 1582 4258 quaedam
1622 4201 1704 4246 est
1747 4202 1893 4253 orta.
1925 4203 1979 4246 et
2007 4195 2223 4248 vocavit

631 4288 852 4344 putennt
906 4278 1212 4333 Inimicitias
1263 4296 1277 4334 :
1331 4295 1435 4334 non
1487 4281 1627 4349 quod
1679 4291 1867 4351 puteus
1913 4282 2222 4339 inimicitias

632 4377 940 4435 exerceret,
973 4368 1068 4423 sed
1095 4369 1235 4438 quod
1265 4371 1404 4426 circa
1436 4371 1579 4426 illum
1606 4372 1893 4427 inimicitia:
1913 4384 2117 4430 exorta:
2138 4388 2223 4428 es-

631 4471 748 4517 seut
783 4460 933 4528 (Gen.
956 4461 1046 4516 36.
1072 4459 1184 4524 21).
1209 4460 1298 4517 Sic
1323 4472 1376 4517 ct
1399 4462 1594 4533 lignum
1618 4463 1854 4518 scientia!
1877 4464 1998 4518 boni
2021 4473 2074 4519 et
2098 4464 2221 4518 ntali

632 4565 853 4608 vocatur
873 4597 887 4616 ,
921 4570 1024 4607 non
1053 4554 1192 4624 quod
1221 4555 1392 4624 ipsum
1424 4555 1641 4610 scientia
1675 4556 1895 4625 polleret
1917 4600 1931 4619 ,
1961 4557 2053 4611 sed
2082 4556 2222 4627 quod

632 4648 774 4703 circa
803 4647 930 4701 illud
958 4646 1092 4701 facta
1121 4656 1262 4702 esset
1287 4648 1522 4703 scientia!
1545 4648 1666 4702 boni
1689 4663 1751 4702 ac
1768 4649 1890 4703 mali
1914 4649 2220 4704 declaratio.

637 4739 843 4794 Rursus
881 4748 1096 4808 puteum
1128 4737 1260 4792 fodit
1284 4738 1551 4793 Abraham
1572 4781 1586 4803 ,
1615 4740 1834 4794 insidias
1860 4741 2064 4810 paravit
2093 4743 2222 4795 Abi-

635 4829 844 4886 melech
891 4849 904 4884 :
946 4838 1343 4891 convenerunt,
1393 4830 1696 4885 inimicitias
1741 4830 2131 4898 deposuerunt,
2163 4848 2225 4887 ac

633 4923 874 4993 pratstito
916 4936 1103 4976 mutuo
1138 4921 1440 4991 jnramento
1481 4933 1698 4989 puteum
1742 4921 1887 4976 illum
1931 4921 2224 4977 Jnramenti

637 5027 853 5085 puteum
893 5015 1226 5084 appellarunt
1254 5013 1418 5086 (Ibid.
1444 5014 1534 5070 21.
1566 5015 1655 5070 51.
1687 5013 1777 5082 52)
1804 5032 1818 5079 ;
1849 5031 1951 5070 non
1977 5016 2116 5086 quod
2143 5018 2229 5085 in-

637 5117 807 5160 rassct
849 5117 1076 5175 puteus,
1125 5105 1219 5160 sed
1258 5105 1398 5175 quod
1437 5106 1576 5162 circa
1618 5116 1830 5174 puteum
1867 5106 2228 5175 iuramentnm

635 5199 931 5267 prrrstitum
969 5206 1132 5252 esset.
1185 5197 1342 5250 Vides
1367 5197 1478 5251 loca
1511 5213 1612 5250 non
1647 5196 1758 5251 fieri
1785 5210 1976 5252 causas
2005 5210 2186 5252 rerum
2215 5241 2228 5259 ,

639 5289 761 5343 licet
809 5305 838 5341 a
885 5287 1040 5342 rebus
1081 5302 1273 5342 nomen
1321 5287 1627 5356 accipiant?
1656 5289 1926 5357 Siquidem
1951 5288 2104 5342 valde
2135 5305 2223 5341 nc-

637 5383 929 5437 cessarium
955 5390 1070 5448 est,
1100 5389 1157 5435 ut
1181 5380 1534 5436 adhibeantur
1553 5381 1794 5448 exempla
1817 5421 1830 5444 ,
1864 5395 1970 5452 quo
2004 5379 2230 5434 manife-

637 5476 799 5529 stiora
835 5473 959 5528 [iant
981 5490 1099 5546 qua:
1122 5473 1370 5528 dicimus.
1399 5471 1603 5526 Rursus
1632 5483 1975 5526 occurrentes
2005 5471 2105 5526 sibi
2135 5487 2231 5524 an-

637 5568 786 5634 gelus
817 5565 944 5619 vidit
967 5565 1129 5620 Jacob
1155 5574 1211 5620 et
1233 5572 1409 5619 castra
1443 5563 1536 5618 Dei
1562 5605 1577 5627 ,
1611 5572 1717 5616 tum
1744 5564 2029 5634 appellavit
2055 5565 2231 5618 locum

638 5659 824 5713 Castra
853 5656 1012 5729 (Ibid.
1045 5655 1134 5711 32.
1164 5654 1244 5728 ἰ).
1274 5655 1508 5711 Tametsi
1536 5663 1685 5709 locus
1708 5666 1878 5709 castra
1912 5670 2016 5708 non
2047 5664 2187 5710 esset
2212 5694 2229 5719 .

639 5748 986 5803 nihilominus
1012 5745 1196 5802 Castra
1225 5754 1443 5800 vocatus
1465 5756 1542 5800 est
1575 5745 1754 5810 locus,
1785 5745 1903 5814 quia
1929 5745 2037 5801 illic
2058 5755 2230 5800 castra

635 5839 866 5897 viderat.
895 5831 1054 5894 Vides
1094 5845 1154 5893 ut
1181 5837 1249 5894 ab
1272 5847 1467 5896 eventu
1496 5837 1574 5894 rei
1594 5879 1610 5907 ,
1639 5852 1757 5911 qum
1787 5838 1838 5892 in
1870 5838 1985 5893 loco
2009 5835 2216 5895 accide-

2353 697 2693 788 tiayolleret.
2713 697 2806 753 sed
2827 698 2968 768 quod
2995 699 3232 754 scientia:
3263 701 3385 756 boni
3405 717 3466 757 ac
3487 703 3611 758 mali
3634 703 3772 759 facta
3795 706 3942 761 fuerit

2349 789 2489 843 circa
2521 788 2648 844 illud
2677 789 3087 856 demonstratio,
3129 800 3184 845 et
3211 792 3588 866 inobedientia:
3626 805 3791 866 atque
3819 797 3944 852 ohe-

2349 882 2563 936 dientim
2584 886 2915 939 exercitatio.
2937 884 3143 940 Rursus
3156 885 3322 942 Deum
3342 887 3473 943 vidit
3494 889 3939 961 Jacob.quantum

2349 973 2462 1027 fieri
2493 984 2686 1042 potest,
2711 986 2768 1030 nt
2797 975 2865 1030 ab
2881 976 3095 1033 homine
3120 977 3379 1039 videatur.
3419 990 3472 1035 et
3498 983 3706 1036 vocavit
3746 997 3936 1038 nomen

2349 1063 2450 1119 loci
2481 1067 2623 1122 illius
2660 1067 2870 1134 Species
2915 1067 3027 1123 Dei.
3060 1070 3281 1136 Quare?
3303 1071 3437 1137 Quia
3460 1070 3567 1126 tidi
3589 1070 3754 1128 Datur
3787 1073 3934 1141 (Cat.

2344 1156 2431 1212 δὲ.
2458 1157 2571 1227 30),
2589 1159 2777 1227 inquit.
2802 1160 3134 1229 Quamquam
3161 1162 3436 1217 nonlocus
3464 1161 3555 1217 Dei
3575 1161 3786 1232 species
3805 1174 3938 1230 erat,

2343 1247 2436 1302 sed
2487 1264 2514 1302 a
2563 1265 2622 1303 re
2665 1265 2785 1317 qu:e
2829 1260 3082 1306 evenerat
3107 1251 3158 1306 itt
3190 1251 3338 1319 loco,
3371 1260 3493 1308 nata
3517 1261 3603 1308 est
3631 1255 3937 1323 appellatio.

2343 1339 2504 1394 Vides
2545 1355 2705 1409 quam
2756 1342 2936 1396 multis
2975 1358 3040 1398 ex
3085 1342 3216 1397 locis
3263 1358 3468 1400 morem
3497 1359 3620 1401 esse
3646 1344 3938 1414 Scriptura

2339 1431 2922 1497 demonstraret-imus,
2970 1443 3025 1487 ut
3067 1448 3096 1488 a
3144 1435 3306 1490 rebus
3353 1451 3474 1505 qua:
3515 1437 3810 1492 acciderint
3840 1451 3935 1491 no.

2339 1524 2480 1577 mina
2531 1523 2661 1579 locis
2705 1525 2983 1592 imponat?
3017 1524 3254 1595 idipsum
3281 1539 3495 1598 quoque
3524 1529 3574 1582 in
3606 1529 3937 1599 temporibus

2336 1631 2498 1686 agere
2546 1616 2844 1672 consuerit.
2887 1617 2995 1674 Sed
3042 1633 3110 1674 ne
3158 1620 3316 1674 tzedio
3347 1636 3442 1674 vos
3485 1621 3812 1678 alliciamus.
3841 1636 3937 1691 age

2338 1722 2641 1762 sermonem
2709 1724 2742 1764 a
2805 1710 3130 1766 tristioribus
3175 1715 3242 1766 ad
3281 1712 3598 1781 iucundiora
3649 1714 3936 1769 transfun-

2337 1814 2474 1853 mus.
2518 1799 2726 1854 Etenim
2759 1801 2868 1870 jam
2900 1800 3184 1871 defatigata
3216 1812 3300 1858 cst
3339 1819 3490 1858 mens
3525 1817 3702 1860 veSIra
3763 1807 3935 1860 subfi-

2337 1890 2560 1945 linribns
2585 1893 2868 1947 sententiis
2897 1893 3175 1947 immorata
3205 1913 3218 1948 :
3248 1905 3576 1964 quapropter
3598 1911 3777 1964 operm
3809 1913 3932 1966 pre-

2335 1981 2465 2035 tium
2483 1980 2645 2035 fnerit
2670 1983 2808 2036 illam
2837 1997 2908 2039 rei
2927 1997 3080 2038 reare
3093 2001 3156 2038 ac
3177 1985 3593 2057 sinudicEOribns
3607 1987 3930 2045 iunioribus-

2333 2075 2745 2144 qne‘sententlis
2775 2077 2916 2130 illam
2948 2093 3185 2146 pascere.

2409 2165 2484 2219 Dc
2505 2167 2648 2220 bonis
2674 2168 2779 2238 agit
2809 2184 2899 2235 per
2917 2184 3116 2223 crucem
3145 2170 3373 2225 invectis.
3404 2169 3559 2226 Latro
3584 2188 3676 2226 cur
3699 2173 3750 2226 in
3775 2191 3928 2241 puru-

2332 2257 2499 2310 disum
2525 2256 2859 2312 introductus.
2877 2289 2949 2299 —
2969 2259 3051 2315 Ad
3079 2261 3315 2317 salutare
3339 2262 3500 2333 igitur
3527 2263 3726 2334 lignum
3759 2267 3932 2323 crucis

2331 2348 2634 2404 redeamus.
2685 2349 2796 2404 lloc
2821 2351 2962 2406 enim
2997 2351 3175 2406 omnia
3205 2353 3342 2407 mala
3372 2355 3587 2410 sustulit
3607 2397 3622 2420 ,
3654 2371 3776 2426 qua:
3803 2353 3931 2412 illud

2330 2437 2605 2493 invexerat
2651 2457 2664 2493 :
2707 2439 2790 2494 vel
2832 2441 3009 2508 potius
3035 2455 3140 2497 non
3168 2442 3296 2498 illud
3328 2444 3464 2498 mala
3495 2444 3768 2501 invexerat
3788 2488 3805 2511 ,
3836 2448 3930 2502 sed

2331 2528 2491 2585 homo
2534 2535 2648 2601 ipse
2683 2542 2873 2588 cuncta
2898 2575 2912 2598 ,
2935 2550 3056 2606 quae
3083 2535 3282 2592 deinde
3307 2535 3550 2594 Christus
3574 2539 3730 2609 plane
3755 2549 3932 2594 sustuo

2331 2620 2391 2675 lit
2411 2661 2428 2688 ,
2467 2632 2632 2692 atque
2681 2624 2785 2682 illis
2809 2626 3068 2696 ampliora
3100 2628 3270 2684 multo
3299 2628 3435 2685 bona
3463 2630 3683 2686 invexit.
3715 2631 3799 2688 0b
3825 2632 3927 2687 hoc

2331 2714 2503 2784 ipsum
2529 2715 2604 2769 ait
2629 2716 2824 2772 Paulus
2851 2737 2865 2774 :
2904 2719 3003 2775 Ubi
3022 2720 3548 2778 abundavitdcltctum
3569 2767 3584 2791 ,
3614 2727 3927 2795 mperat-u-

2327 2809 2658 2879 dattit'gratia
2687 2810 2862 2880 (liam.
2895 2813 2949 2867 5.
2980 2812 3073 2883 ω)
3096 2830 3111 2879 ;
3139 2813 3242 2870 hoc
3265 2824 3350 2870 est
3369 2858 3385 2882 ,
3413 2817 3588 2883 majus
3611 2827 3694 2872 est
3720 2818 3924 2874 donum

2325 2915 2484 2971 quam
2531 2911 2828 2972 peccatum.
2873 2903 3075 2960 Idcirco
3122 2919 3310 2961 rursus
3334 2906 3410 2962 ait
3447 2926 3462 2963 :
3492 2906 3772 2963 Nausia!
3792 2911 3923 2965 deli.

2324 3003 2460 3046 ctum
2484 3034 2500 3059 ,
2531 2995 2606 3047 ita
2647 3003 2696 3049 et
2723 2994 2912 3048 denum
2934 2995 3110 3063 (Rom.
3133 2996 3187 3053 5.
3217 2996 3310 3064 l5)
3337 3015 3352 3051 :
3385 3013 3492 3054 non
3513 3012 3768 3068 quantum
3796 3017 3923 3072 pec-

2327 3085 2467 3139 cavit
2507 3084 2668 3140 homo
2691 3126 2706 3150 ,
2750 3094 2954 3140 tantum
2997 3085 3217 3142 donavit
3259 3089 3401 3145 Deus
3441 3107 3455 3143 :
3488 3105 3593 3146 non
3623 3102 3820 3162 quanta
3843 3095 3925 3162 iis

2326 3184 2501 3240 ctdra,
2527 3187 2706 3236 tantus
2730 3188 2812 3236 est
2842 3188 3081 3248 quastus
3104 3199 3119 3233 :
3146 3195 3251 3236 non
3279 3191 3536 3254 quantum
3563 3183 3918 3254 naufragium.

2328 3277 2474 3322 tanta
2517 3271 2679 3326 cti:tn
2728 3272 3020 3341 negotiatio
3070 3270 3168 3326 fuit
3216 3289 3232 3326 :
3282 3272 3376 3328 sed
3423 3273 3572 3344 plura
3605 3275 3741 3330 bona
3773 3276 3923 3333 fuere

2325 3373 2487 3428 quam
2533 3361 2704 3425 mala;
2750 3371 2806 3415 et
2849 3361 3061 3418 merito.
3090 3361 3363 3434 Siquidem
3391 3365 3532 3420 mala
3557 3378 3748 3422 servus
3779 3367 3924 3423 iure.

2324 3450 2424 3518 xit,
2449 3461 2500 3506 et
2526 3451 2728 3506 minora
2760 3462 2914 3508 erant
2939 3473 2952 3509 :
2981 3449 3122 3508 bona
3146 3469 3274 3510 vero
3295 3456 3518 3525 largitus
3537 3466 3619 3512 est
3642 3453 3922 3525 Dominus,

2324 3544 2575 3612 quocirca
2604 3543 2814 3598 fuerunt
2839 3554 2894 3599 et
2911 3544 3063 3615 plura
3093 3561 3108 3598 :
3140 3553 3422 3614 propterea
3443 3545 3573 3602 dicit
3601 3566 3614 3601 :
3650 3545 3775 3603 Non
3795 3551 3925 3604 sicut

2325 3633 2564 3686 delictum
2587 3673 2601 3689 .
2647 3633 2718 3686 ita
2755 3644 2802 3686 et
2847 3633 3058 3688 deum.
3090 3634 3293 3690 Deinde
3319 3635 3608 3691 discrimen
3637 3637 3880 3710 adiungit
3907 3657 3922 3693 :

2328 3722 2467 3777 Nam
2481 3723 2738 3793 judicium
2758 3724 2960 3792 quidem
2988 3740 3052 3778 ca;
3075 3738 3184 3779 uno
3209 3725 3262 3778 in
3282 3724 3776 3790 condemnationem.
3805 3744 3924 3800 gru-

2326 3818 2398 3869 tia
2443 3826 2610 3870 autem
2639 3831 2706 3872 ea:
2744 3817 2914 3871 multis
2956 3816 3153 3871 delictis
3179 3817 3234 3871 iu
3251 3818 3694 3886 justi/icationem.
3722 3821 3923 3877 Obscu-

2327 3909 2438 3962 rins
2459 3918 2540 3962 est
2563 3949 2578 3973 ,
2611 3909 2752 3976 quod
2773 3907 3004 3963 diximus
3029 3927 3043 3962 :
3079 3910 3260 3980 itaque
3283 3925 3504 3966 necesse
3528 3920 3612 3966 est
3633 3951 3653 3978 ,
3677 3922 3736 3966 ut
3757 3927 3926 3982 expo-

2327 4001 2575 4055 sitionem
2604 3999 2977 4070 adjnngamus.
3009 3999 3155 4055 Nam
3173 4002 3436 4070 judicium
3455 4005 3688 4072 quidem.
3713 4003 3816 4060 hoc
3844 4017 3926 4062 est

2327 4106 2482 4160 pmna
2507 4133 2520 4154 ,
2564 4092 2882 4160 supplicium
2905 4131 2921 4157 ,
2959 4105 3138 4157 mors;
3173 4092 3254 4146 E1
3273 4109 3374 4147 uno
3391 4133 3407 4156 .
3433 4093 3640 4150 scilicet
3660 4106 3881 4165 pecuda
3908 4119 3926 4156 τ

2325 4184 2588 4250 εἰτυίόαη
2639 4194 2805 4238 unum
2853 4194 3127 4252 peccatum
3177 4193 3382 4240 tantum
3432 4185 3630 4242 malum
3678 4188 3924 4254 invexit;

2325 4277 2493 4346 gratia
2537 4289 2664 4332 vero
2708 4292 2814 4332 non
2864 4275 2993 4332 illud
3043 4278 3216 4332 solum
3267 4289 3581 4349 peccatum,
3612 4280 3707 4336 sed
3740 4291 3797 4337 et
3823 4281 3924 4338 alia

2329 4369 2489 4422 multa
2534 4369 2770 4424 sustulit.
2815 4367 3020 4423 Idcirco
3057 4368 3188 4425 dicit
3219 4387 3232 4422 :
3267 4369 3449 4425 Gratia
3471 4381 3640 4426 autem
3666 4388 3730 4426 et
3753 4374 3926 4445 multis

2328 4460 2524 4515 delictis
2567 4461 2620 4513 iu
2659 4461 3108 4529 justiﬁcatioueut.
3154 4460 3445 4531 Propterea
3489 4462 3724 4521 Joannes
3766 4467 3925 4521 etiam

2330 4551 2563 4620 Baptista
2607 4551 2874 4606 clamabat
2920 4567 2934 4604 :
2976 4549 3111 4608 Ecce
3148 4568 3313 4622 agnus
3338 4551 3440 4606 Dei
3459 4595 3476 4620 ,
3500 4569 3606 4608 non
3627 4596 3642 4618 ,
3670 4556 3761 4626 qui
3790 4556 3929 4611 tollit

2330 4653 2604 4710 peccatum
2653 4641 2884 4707 Adatni.
2935 4643 3064 4710 sed,
3123 4643 3225 4711 Qui
3263 4645 3397 4698 tam!
3441 4656 3703 4715 peccatum
3751 4649 3930 4701 uitandi

2333 4733 2512 4802 (Joau.
2557 4733 2608 4788 1.
2643 4734 2758 4802 ‘29).
2796 4734 3006 4798 Vidisti,
3037 4751 3144 4805 quo
3174 4747 3329 4805 pacto
3354 4753 3461 4792 non
3486 4738 3627 4793 sicut
3651 4738 3924 4803 delictum.

2331 4823 2399 4877 ita
2427 4833 2480 4877 ct
2508 4824 2673 4895 gratia
2696 4865 2710 4887 ,
2735 4824 2828 4881 sed
2854 4826 3003 4895 plura
3026 4827 3224 4896 lignum
3249 4827 3352 4881 hoc
3369 4829 3567 4884 invexit
3587 4828 3752 4895 bona.
3770 4847 3926 4900 quam

2329 4932 2357 4970 a
2390 4918 2651 4988 principio
2683 4917 2880 4973 iuerint
2911 4921 3117 4975 invecta
3147 4921 3324 4974 mala?

2403 5011 2456 5066 4.
2487 5010 2613 5066 llaec
2643 5023 2819 5066 autem
2843 5028 2868 5064 a
2895 5027 2980 5066 me
3002 5012 3140 5066 dicta
3171 5021 3317 5079 sunt,
3350 5028 3416 5067 ne
3442 5024 3472 5066 a
3501 5009 3686 5082 primis
3715 5016 3817 5069 illis
3841 5029 3931 5085 pa-

2331 5103 2574 5158 rentibus
2603 5103 2802 5158 damno
2825 5114 2875 5158 te
2903 5103 3151 5159 allectum
3180 5104 3478 5160 arbitreris.
3505 5107 3760 5162 Diabolus
3787 5108 3930 5163 Ada-

2333 5211 2477 5248 ninm
2501 5193 2679 5262 ejecit,
2717 5195 2976 5250 latronem
2999 5195 3244 5250 Christus
3269 5195 3589 5252 introduxit.
3620 5199 3699 5254 Ac
3724 5201 3927 5256 discre-

2334 5286 2569 5355 pantiam
2598 5285 2738 5340 vide.
2772 5287 2864 5340 llle
2896 5287 3166 5342 hominem
3206 5288 3355 5343 nullo
3380 5289 3637 5345 infectum
3678 5304 3929 5361 metato.

2335 5379 2428 5433 sed
2474 5379 2586 5434 sola
2634 5377 3010 5434 inoboedientiae
3053 5379 3278 5441 macula,
3327 5380 3487 5449 eiecit
3518 5399 3530 5434 :
3561 5381 3806 5438 Christus
3851 5384 3926 5438 la-

2337 5480 2542 5523 tronem
2589 5469 2867 5523 innumera
2916 5479 3250 5538 peccatorum
3278 5482 3474 5540 genera
3529 5478 3829 5542 gestantem
3881 5475 3928 5526 in

2341 5563 2644 5632 paradisum
2704 5563 3019 5618 introduxit.
3077 5565 3159 5618 An
3217 5563 3376 5634 igitur
3434 5564 3536 5620 hoc
3592 5573 3795 5622 tantum
3850 5577 3932 5623 est

2337 5652 2672 5716 admirabile,
2703 5653 2846 5722 quod
2881 5652 3139 5707 latronem
3183 5653 3234 5707 in
3264 5654 3572 5725 paradisum
3603 5656 3931 5722 introduxit,

2339 5744 2480 5798 aliud
2504 5759 2630 5798 vero
2658 5743 2830 5798 nihil?
2853 5743 3034 5796 Potest
3054 5754 3108 5798 et
3128 5743 3270 5798 aliud
3302 5743 3470 5815 majus
3491 5745 3618 5800 dici.
3648 5745 3764 5802 Non
3787 5749 3930 5803 enim

2334 5836 2512 5891 solum
2544 5835 2834 5891 introduxit
2865 5835 3150 5906 latronem,
3182 5837 3278 5892 scd
3309 5848 3360 5894 ct
3389 5848 3510 5894 ante
3538 5839 3794 5896 mundum
3820 5840 3937 5895 uui-

3038 6470 3105 6475 ἠ
3208 6471 3269 6477 Ἤ
3346 6119 4101 6496 ἡὴ.ηῴ
