4180 6516
282 457 382 513 6H

285 577 395 648 γὰρ
416 573 553 630 Θεοῦ
574 576 842 641 εἰπόντος·
868 575 992 633 Ποῦ
1040 577 1234 642 Ἅϐελ,
1273 577 1307 631 ό
1344 573 1613 645 ἁδελφός
1632 588 1782 636 σονς
1803 567 1878 624 εἰ-

283 676 427 724 πας·
450 658 549 728 Μὴ
589 660 795 730 φύλαξ
831 659 948 730 εἰμί
985 663 1094 715 τοῦ
1129 658 1398 729 ἀδελφοῦ
1411 675 1532 728 μου
1549 656 1691 725 ἐγώ;
1716 654 1879 709 Ὅθεν

283 745 447 815 δῆλον
465 746 548 800 ὄτι
571 746 760 815 σαφῶς
779 745 932 810 εἰδὼς
949 741 1114 816 ἦλθεν
1135 745 1230 798 ἐπὶ
1247 745 1347 817 τὴν
1366 741 1631 814 ἐργασίαν
1650 739 1875 808 ταύτην.

287 829 502 901 Ὥσπερ
535 825 629 884 οῦν
666 824 824 892 οὗτος
841 829 958 900 ᾔδει
982 828 1082 900 μὲν
1103 829 1198 882 καὶ
1217 828 1323 900 πρὸ
1341 828 1440 898 τῆς
1460 825 1656 896 πείρας
1671 824 1756 877 ὅτι
1775 838 1877 875 κα-

285 914 383 969 κον
402 917 432 969 6
452 915 633 981 φόνος,
655 912 828 982 ἔμαθε
848 913 906 966 δὲ
927 912 1260 985 σαφέστερον
1279 913 1374 968 καὶ
1395 909 1536 981 μετὰ
1553 908 1747 973 ταῦτα,
1787 908 1878 960 ὅτε

284 999 386 1072 τὴν
413 999 683 1070 τιμωρίαν
714 996 954 1062 ἐδέξατο,
977 999 1071 1051 καί⁸
1091 999 1290 1068 ήκουσε
1312 1013 1326 1027 °
1351 995 1586 1051 Στένων
1617 993 1715 1047 καὶ
1747 991 1879 1059 τρέε

281 1104 415 1156 μων
430 1088 546 1154 ἔσῃ
569 1085 667 1140 ἐπὶ
706 1083 820 1154 τῆς
855 1084 970 1154 τῆς
990 1102 1003 1116 ο
1025 1083 1168 1138 οὕτω
1187 1086 1282 1138 καὶ
1301 1084 1331 1137 6
1351 1082 1533 1155 πατὴρ
1553 1080 1744 1135 τούτου
1764 1074 1880 1149 εἶχε

283 1170 382 1224 τοῦ
421 1169 588 1225 καλοῦ
626 1168 833 1223 καὶτοῦ
855 1169 1026 1222 κακοῦ
1050 1170 1144 1223 καὶ
1164 1168 1271 1240 πρὸ
1289 1168 1382 1222 τοῦ
1405 1169 1600 1236 φαγεῖν
1620 1165 1718 1237 τὴν
1740 1162 1882 1232 γνῶ-

287 1270 396 1316 σιν.
419 1256 468 1308 εἰ
489 1255 584 1307 καὶ
609 1252 685 1326 μὴ
706 1252 851 1307 οὓτω
874 1253 1042 1325 σαφῆ,
1057 1253 1134 1317 ὡς
1157 1252 1294 1324 μετὰ
1318 1251 1416 1324 τὴν
1435 1249 1530 1304 τοῦ
1553 1248 1710 1315 ξύλου
1739 1244 1882 1319 βρῶ-

288 1354 393 1396 σιν.
423 1338 490 1394 Τί
518 1337 665 1408 λέγω
683 1356 698 1407 ;

356 1458 440 1512 Τά
474 1459 583 1530 γάρ
615 1459 763 1515 κακά
787 1459 990 1523 πάντες
1017 1459 1248 1528 οἴδαμεν
1288 1456 1384 1510 καὶ
1421 1453 1552 1526 πρὶν
1583 1453 1617 1525 ἢ
1651 1450 1888 1523 πρᾶξαι,

285 1542 621 1614 σαφέστερον
645 1542 701 1596 δὲ
737 1542 1085 1614 μανθάνομεν
1137 1539 1277 1611 μετά
1325 1540 1386 1593 τὸ
1434 1537 1661 1611 πρᾶξαι·
1701 1532 1883 1605 πολλῷ

281 1626 343 1680 δὲ
380 1626 737 1699 σαφέστερον,
777 1628 907 1680 ὅταν
944 1623 1322 1695 κολαζώμεθα.
1361 1622 1520 1677 Ούτω
1557 1625 1652 1676 καὶ
1679 1623 1709 1674 6
1741 1620 1883 1674 Κάῖν

283 1710 405 1782 ᾔδει
446 1709 546 1781 μὲν
579 1710 662 1763 ὅτι
701 1709 872 1766 κακὸν
912 1711 946 1782 ή
985 1709 1375 1778 ἀδελφοκτονία
1402 1708 1497 1760 καὶ
1529 1707 1634 1778 πρὸ
1664 1707 1879 1758 τούτουο

283 1792 457 1863 ἔμαθε
508 1790 568 1845 δὲ
613 1790 841 1862 ὕστερον
891 1792 979 1846 διά
1025 1791 1127 1861 τῆς
1180 1791 1461 1854 κολάσεως
1504 1789 1839 1859 σαφέστερον
1867 1802 1880 1816 '

286 1877 412 1930 ἐπεὶ
434 1876 526 1929 καὶ
555 1874 715 1945 ἡμεῖς
738 1873 959 1944 οἴδαμεν
979 1874 1061 1926 ὃτι
1084 1873 1246 1926 καλὸν
1279 1875 1311 1944 ή
1346 1873 1546 1940 ὑγίεια,
1579 1872 1674 1926 καὶ
1692 1887 1881 1940 φορτι-

285 1960 384 2012 κον
403 1959 438 2029 ή
457 1958 611 2021 νόσος
639 1957 732 2010 καὶ
757 1956 863 2026 πρὸ
879 1956 980 2025 τῆς
1001 1956 1091 2008 πεί
1099 1972 1216 2026 ραςο
1236 1955 1418 2025 πολλῷ
1433 1955 1489 2009 δὲ
1509 1954 1731 2025 μᾶλλον,
1755 1954 1884 2006 ὅταν

284 2043 368 2105 εἰς
397 2041 497 2112 τὴν
531 2040 688 2093 νόσον
729 2039 1084 2110 ἐμπέσωμεν,
1121 2039 1451 2109 ἀμφοτέρων
1493 2037 1593 2107 τὴν
1620 2035 1884 2108 διαφοράν

283 2124 652 2195 γινώσκομεν.

358 2235 429 2305 γ’.
466 2235 571 2289 Τὸν
596 2234 759 2288 αὑτὸν
786 2234 851 2304 δὴ
881 2235 1086 2305 τρόπον
1120 2235 1214 2288 καὶ
1239 2235 1267 2286 6
1312 2233 1482 2304 Ἀδὰμ
1517 2233 1634 2306 ᾔδει
1663 2233 1764 2304 μὲν
1800 2233 1883 2286 ὅτι

286 2321 454 2376 καλὸν
487 2321 520 2389 ή
555 2318 797 2390 ὑπακοὴ,
851 2319 946 2370 καὶ
969 2317 1142 2372 κακὸν
1173 2319 1208 2387 ή
1233 2320 1485 2388 παρακοὴ
1510 2334 1522 2348 ·
1562 2318 1789 2390 ὕστερον
1826 2318 1889 2372 δὲ

285 2403 624 2474 σαφέστερον
653 2401 882 2472 ἔμαθεν,
914 2402 1003 2454 ὅτε
1053 2401 1150 2455 τοῦ
1186 2400 1345 2466 ξύλου
1385 2401 1728 2471 γευσάμενος
1763 2402 1883 2466 ἐξε-

283 2486 460 2557 ϐλήθη
481 2484 577 2540 τοῦ
606 2483 963 2556 παραδείσου,
989 2485 1083 2537 καὶ
1107 2487 1206 2554 τῆς
1244 2485 1645 2555 μακαριότητος
1668 2484 1885 2552 ἐκείνης

285 2572 569 2638 ἐξέπεσεν.
606 2567 762 2622 Ἐπεὶ
782 2563 876 2621 οὖν
910 2570 990 2632 εἰς
1028 2567 1304 2639 τιμωρίαν
1335 2567 1616 2630 ἐνέπεσεν,
1656 2567 1762 2630 ὅτι,
1787 2565 1882 2620 τοῦ

284 2655 426 2711 Θεοῦ
472 2653 837 2716 κωλύσαντος,
888 2652 1154 2722 ἐγεύσατο
1190 2653 1286 2706 τοῦ
1343 2653 1523 2718 ξύλου,
1576 2655 1610 2722 ἡ
1641 2653 1886 2724 τιμωρία

285 2739 451 2804 αύτδν
479 2738 810 2808 σαφέστερον
842 2737 1133 2791 ἐπαίδευσε
1161 2736 1248 2790 διὰ
1276 2737 1373 2807 τῆς
1399 2737 1616 2808 πείρας,
1643 2737 1766 2790 ὅσον
1789 2754 1882 2790 κα-

289 2823 388 2877 κὸν
414 2819 549 2874 Θεοῦ
588 2819 950 2888 παρακούειν,
975 2821 1070 2873 καὶ
1094 2820 1219 2874 ὅσον
1252 2820 1550 2872 ὑπακούειν
1571 2819 1737 2872 καλόν
1757 2838 1769 2851 ο
1796 2819 1884 2872 διὰ

284 2904 448 2973 τοῦτο
478 2901 721 2974 γνωστὸν
759 2901 927 2956 καλοῦ
959 2903 1052 2955 καὶ
1074 2903 1314 2973 πονηροῦ
1338 2903 1397 2955 :6
1425 2902 1579 2970 ξύλον
1612 2903 1879 2956 καλεῖται.

287 2989 401 3060 καὶ
429 2988 573 3052 τίνος
604 2988 814 3050 ἕνεκεν,
845 2989 892 3039 εἰ
929 2985 1004 3058 μὴ
1035 2987 1172 3058 αύτή
1208 2989 1240 3058 ή
1283 2987 1441 3055 φύσις
1477 2986 1571 3040 τοῦ
1604 2987 1761 3052 ξύλου
1783 2987 1884 3056 τὴν

285 3071 492 3140 γνῶσιν
519 3067 645 3141 εἶχε.
665 3069 760 3123 τοῦ
789 3069 956 3123 καλοῦ
981 3070 1075 3122 καὶ
1105 3069 1198 3122 τοῦ
1237 3069 1497 3138 πονηροῦ,
1534 3069 1650 3122 ἀλλ’
1679 3072 1743 3122 ἐκ
1782 3069 1884 3138 τῆς

284 3154 558 3227 τιμωρίας
581 3154 681 3223 τῆς
714 3151 804 3206 διὰ
832 3151 929 3223 τὴν
951 3152 1238 3223 παρακοήν
1269 3153 1368 3223 τὴν
1392 3154 1484 3205 ἐπὶ
1510 3152 1588 3222 τῷ
1614 3151 1754 3222 ξύλῳ
1790 3169 1886 3204 σα-

287 3239 554 3309 φέστερον
602 3235 762 3290 τοῦτο
794 3235 997 3306 ἔμαθεν
1035 3238 1064 3287 6
1093 3235 1400 3305 ἄνθρωπος,
1437 3236 1681 3303 γνωστὸν
1713 3234 1883 3288 καλοῦ

287 3323 386 3377 καὶ
413 3321 653 3392 πονηροῦ
676 3321 739 3373 :6
768 3319 928 3386 ξύλον
957 3319 1236 3380 καλεῖταις
1294 3320 1414 3373 Ὅτι
1451 3319 1570 3380 ἔθος
1597 3323 1662 3390 τῇ
1693 3321 1882 3391 Γραφῇ

287 3404 468 3469 τοῦτο,
493 3404 711 3457 ἐπειδάν
740 3403 800 3456 :6
823 3405 1057 3473 πρᾶγμα
1086 3404 1332 3472 γένηται,
1357 3404 1388 3474 ἦ
1416 3405 1473 3455 ἐν
1496 3404 1702 3466 τόποις.
1728 3403 1883 3476 [678]

289 3491 322 3560 ῆ
351 3491 409 3542 ἐν
431 3486 777 3556 καιροῖς-,ἀπὸ
800 3485 908 3538 τῶν
934 3486 1275 3558 πραγμάτων
1301 3485 1488 3538 καλεῖν
1522 3487 1614 3539 καὶ
1643 3488 1768 3548 τοὺς
1796 3485 1885 3538 τό-

289 3589 427 3642 1:un
458 3572 550 3623 ml
579 3573 705 3633 τοὺς
728 3568 976 3638 καιρούς.
1014 3569 1125 3622 Καὶ
1164 3569 1251 3622 ἵνα
1282 3569 1615 3637 σαφέστερον
1657 3568 1884 3638 γένηται

285 3655 351 3708 :6
371 3653 684 3724 λεγόμενον,
723 3653 816 3706 ἐπὶ
859 3651 1260 3722 ύποδείγματος
1311 3651 1440 3721 ὑμῖν
1479 3651 1637 3706 τοῦτο
1673 3653 1885 3722 ποιήσω

289 3737 546 3810 φανερόν.
595 3737 653 3788 '0
711 3735 896 3789 Ἰσαάκ
943 3753 1070 3790 ποτε
1128 3737 1340 3808 φρέατα
1374 3735 1587 3805 ὤρυξε·
1615 3733 1789 3787 ταῦτα
1816 3735 1885 3788 τά

289 3823 503 3892 φρέατα
537 3821 903 3892 ἐπεχείρησαν
924 3822 970 3873 οἰ
993 3820 1232 3887 γείτονες
1261 3820 1602 3891 διαφθεῖραι·
1631 3818 1884 3872 ἐντεῦθεν

291 3905 508 3974 ἐγένετό
533 3921 615 3964 τις
644 3903 935 3972 ἀπέχθεια,
972 3903 1067 3955 καὶ
1090 3901 1314 3954 ἐκάλεσε
1331 3902 1391 3956 :6
1415 3900 1592 3973 φρέαρ
1606 3900 1848 3972 Ἐχθραν
1867 3918 1880 3933 ο

289 3991 392 4044 οὐκ
421 3988 610 4058 ἐπειδὴ
636 3987 768 4040 αὐτὸ
789 3987 851 4039 :6
883 3987 1060 4057 φρέαρ
1083 3985 1374 4055 ήχθρανεν,
1407 3984 1520 4036 ἀλλ’
1546 3985 1732 4056 ἐπειδὴ
1759 3986 1884 4055 περὶ

290 4072 427 4127 αὸτὸ
454 4073 488 4141 ή
519 4071 689 4141 ἔχθρα
717 4071 961 4138 γέγονεν.
998 4069 1154 4122 Οῦτω
1203 4068 1295 4121 καὶ
1344 4067 1404 4121 :6
1453 4067 1609 4135 ξύλον
1641 4070 1884 4137 γνωστὸν

292 4155 463 4211 καλοῦ
516 4151 610 4207 καί
637 4152 879 4223 πονηροῦ
914 4151 1185 4215 καλεῖται,
1239 4153 1339 4204 ούκ
1373 4152 1560 4223 ἐπειδὴ
1606 4151 1738 4205 αὐτὸ
1770 4147 1884 4222 εἶχε

290 4240 516 4308 γνῶσιν,
552 4237 665 4290 ἀλλ’
701 4237 889 4308 ἐπειδὴ
918 4237 1047 4307 περὶ
1081 4236 1213 4288 αὐτὸ
1235 4237 1452 4302 ἐγένετο
1476 4238 1504 4288 6
1531 4237 1752 4306 ἐλεγχος
1787 4239 1886 4309 τῆς

289 4323 549 4391 γνώσεως
594 4320 690 4373 τοῦ
743 4319 909 4372 καλοῦ
943 4320 1036 4372 καὶ
1078 4318 1172 4371 τοῦ
1209 4318 1466 4390 πονηροῦ.
1514 4319 1681 4372 Πάλιν
1709 4320 1885 4390 ὤρυξε

291 4405 476 4476 φρέαρ
504 4404 532 4456 6
576 4402 847 4474 Ἀϐραὰμ,
883 4403 1278 4455 ἐπεϐούλευσεν
1312 4404 1340 4456 6
1390 4402 1711 4475 ’Δϐιμέλεχο
1757 4422 1878 4456 συνο

291 4489 479 4562 ἦλθον,
512 4486 815 4540 κατέλυσαν
848 4485 946 4555 τὴν
972 4483 1193 4555 ἔχθραν,
1218 4486 1309 4537 καὶ
1357 4486 1552 4556 ὅρκους
1576 4485 1755 4550 δόντες
1793 4489 1889 4541 ἀλ-

291 4572 498 4642 λήλοις,
530 4569 796 4623 ἐκάλεσαν
831 4569 891 4620 :6
926 4569 1104 4639 φρέαρ
1139 4569 1314 4622 ἐκεῖνο
1338 4570 1520 4640 Φρέαρ
1552 4571 1716 4641 ὅρκου
1736 4588 1749 4601 ’
1786 4574 1889 4626 ούκ

291 4653 487 4724 ἐπειδὴ
519 4654 581 4708 :6
616 4653 793 4722 φρέαρ
825 4651 1059 4721 ῶμοσεν,
1093 4652 1208 4704 ἀλλ’
1246 4653 1432 4722 ἐπειδὴ
1462 4655 1589 4723 περὶ
1619 4654 1677 4706 τὸ
1712 4656 1889 4726 φρέαρ

291 4741 326 4790 6
352 4739 514 4808 ὅρκος
544 4737 778 4804 ἐγένετο.
827 4735 989 4807 Ὁρᾷς
1016 4735 1134 4798 πῶς
1170 4735 1290 4805 οὐχὶ
1331 4736 1438 4789 τῶν
1473 4739 1817 4808 πραγμάτων
1840 4740 1888 4792 οἰ

292 4821 455 4872 τόποι
489 4819 651 4872 αἴτιοι
677 4821 942 4886 γίνονται,
991 4821 1040 4871 εἱ
1079 4819 1175 4872 καὶ
1218 4819 1326 4872 τῶν
1369 4821 1713 4892 πραγμάτων
1745 4820 1888 4891 λαμ-

295 4904 522 4957 ϐάνουσι
566 4909 635 4956 τά
671 4904 915 4977 ὀνόματα
946 4921 959 4968 ;
1002 4904 1112 4957 Καὶ
1139 4903 1247 4974 γάρ
1275 4904 1444 4975 πολλὴ
1477 4905 1689 4976 ἀνάγκη
1715 4924 1888 4977 παρα-

295 4990 494 5055 γαγεῖν
521 4987 967 5057 παραδείγματα,
997 4986 1138 5041 ὥστε
1172 4989 1506 5058 σαφέστερον
1536 4990 1788 5056 γενέσθαι
1830 4991 1890 5044 :6

293 5071 612 5141 λεγόμενον.
655 5071 824 5124 Πάλιν
867 5068 1007 5124 εἶδεν
1031 5074 1060 5126 6
1096 5071 1293 5124 Ἰακὼϐ
1344 5072 1610 5138 ἀγγέλους
1637 5075 1889 5144 ἀπαντή-

297 5170 494 5215 σοντας
542 5151 694 5221 αύτῷ
743 5155 836 5205 καὶ
881 5155 1234 5225 παρεμϐολὴν
1293 5155 1464 5212 Θεοῦ.
1525 5155 1616 5207 καὶ
1661 5156 1889 5210 ἐκάλεσε

293 5237 392 5292 τὸν
425 5239 588 5292 τόπον
632 5235 1014 5308 Ιίαρεμϐολήν.
1067 5239 1261 5292 Καίτοι
1310 5239 1408 5308 ούχ
1453 5239 1482 5290 6
1527 5240 1692 5302 τόπος
1744 5237 1812 5310 ἦν
1856 5244 1888 5311 ἡ

297 5319 645 5389 παρεμϐολὴ,
682 5320 796 5380 ἀλλ’
836 5321 984 5390 ὅμως
1017 5319 1222 5389 ἐκλήθη
1254 5323 1282 5372 6
1317 5323 1478 5386 τόπος
1524 5322 1888 5397 Παρεμϐολὴ,

297 5402 491 5474 ἐπειδὴ
537 5404 653 5455 ἐκεῖ
695 5399 801 5455 εἶδε
850 5405 949 5473 τὴν
989 5405 1362 5474 παρεμϐολήν.
1407 5407 1571 5476 Ὁρᾷς
1613 5409 1730 5472 πῶς
1783 5411 1892 5463 ἀπὸ

294 5486 396 5540 τοῦ
443 5487 768 5557 πράγματος
813 5487 909 5539 τοῦ
958 5487 1266 5556 συμϐάντος
1305 5490 1362 5541 ἐν
1401 5491 1478 5559 τῷ
1507 5491 1655 5560 τύπῳ
1681 5493 1772 5545 τὸν
1798 5495 1890 5547 τό-

297 5587 402 5625 πον
444 5570 763 5640 ὡνόμασενς
815 5571 969 5623 Οῦτω
1001 5572 1092 5623 καὶ
1132 5571 1194 5623 τὸ
1242 5571 1397 5637 ξύλον
1431 5579 1671 5640 γνωστὸν
1723 5577 1892 5632 καλοῦ

298 5652 399 5709 καὶ
444 5654 686 5727 πονηροῦ
719 5654 990 5715 καλεῖται,
1031 5653 1133 5706 ούκ
1157 5655 1345 5725 ἐπειδὴ
1377 5657 1508 5708 αὐτὸ
1549 5653 1660 5727 εἶχε
1694 5660 1894 5727 γνῶσιν

298 5735 468 5794 καλοῦ
491 5737 583 5790 καὶ
616 5738 878 5808 πονηροῦ,
911 5738 1025 5792 ἀλλ’
1060 5739 1246 5810 ἐπειδὴ
1280 5738 1410 5810 περὶ
1447 5741 1579 5793 αὐτὸ
1614 5744 1829 5808 ἐγένετο
1858 5749 1889 5818 ὴ

298 5819 576 5884 ἀπόδειξις
605 5822 701 5891 τῆς
731 5821 985 5888 γνώσεως
1031 5823 1126 5875 τοῦ
1166 5822 1334 5876 καλοῦ
1377 5825 1469 5876 καὶ
1512 5825 1605 5876 τοῦ
1638 5830 1890 5898 πονηροῦ,

301 5906 393 5960 καὶ
423 5906 453 5977 ἡ
482 5907 755 5976 γυμνασία
784 5907 882 5976 τῆς
918 5907 1202 5977 παρακοῆς
1228 5909 1318 5960 καὶ
1351 5908 1448 5979 τῆς
1483 5909 1749 5977 ὑπακοῆς.
1782 5915 1886 5967 Πά-

1528 448 1596 506 lN
1627 444 1932 508 GENESIM
1969 443 2204 504 SERMO
2234 446 2345 505 VII.

3473 454 3577 510 (ἱίῖ

1985 568 2068 624 λιν
2093 567 2199 625 εἰδε
2228 571 2321 627 :6v
2351 572 2484 629 Θεὸν
2503 577 2534 630 6
2570 574 2788 641 Ἰακὼϐ,
2834 575 2909 641 ὡς
2943 575 3069 630 ἰδεῖν
3101 573 3376 647 ἀνθρώπῳ
3417 573 3570 629 δυναο

1983 667 2076 722 τὸν
2100 663 2299 741 ἦν,καὶ
2321 671 2556 726 ἐκάλεσε
2578 671 2638 727 :6
2661 673 2833 745 ὄνομα
2848 672 2943 728 τοῦ
2973 674 3142 728 τόπου
3161 672 3377 727 ἐκείνου
3402 672 3578 739 Εἰδος

1987 760 2157 816 Θεοῦ.
2183 761 2283 816 Διά
2306 762 2359 816 τί
2380 780 2393 792 ·
2420 763 2549 818 Ὀτι
2575 761 2742 819 εἶδον
2764 764 2873 819 τὸν
2902 765 3083 827 Θεὸν,
3127 766 3282 835 φησί.
3324 764 3437 820 Καὶ
3472 764 3580 836 μὴν

1982 851 2082 922 ούχ
2120 853 2150 905 6
2190 851 2354 918 τόπος
2381 852 2522 920 εἶδος
2545 855 2683 910 Θεοῦ
2715 852 2807 928 ἦν,
2847 857 2966 911 ἀλλ’
2987 857 3097 912 ἀπὸ
3125 857 3220 911 τοῦ
3249 857 3579 928 πράγματος

1983 945 2078 1000 τοῦ
2127 947 2435 1018 συμϐάντος
2475 950 2534 1003 ἐν
2570 949 2647 1021 τῷ
2679 950 2831 1021 τόπῳ
2874 951 2908 1020 ή
2951 948 3300 1022 προσηγορία
3330 948 3574 1018 γέγονεν.

1997 1037 2163 1110 Ὀρᾷς
2189 1038 2280 1092 διὰ
2309 1040 2493 1095 πόσων
2532 1041 2942 1105 ἀποδέδεικται,
2977 1042 3060 1095 ὅτι
3105 1040 3226 1105 ἔθος
3271 1043 3340 1112 τῇ
3383 1040 3578 1112 Γραφῇ

1985 1129 2096 1183 ἀπὸ
2122 1129 2233 1186 τῶν
2255 1131 2599 1203 πραγμάτων
2618 1132 2727 1186 τῶν
2749 1131 3159 1203 συμϐαινόντων
3181 1133 3240 1186 ἐν
3257 1134 3372 1196 τοίς
3389 1131 3584 1196 τόποις

1986 1225 2184 1290 αὐτοὺς
2229 1227 2360 1288 τοῦς
2392 1226 2594 1291 τόπους
2641 1227 2856 1292 καλεῖν;
2900 1227 2976 1281 ἰὀ
3015 1228 3149 1282 αὐτὸ
3194 1227 3252 1280 δέ
3289 1227 3451 1283 τοῦτο
3487 1227 3584 1282 καὶ

1987 1316 2080 1370 ἐπὶ
2105 1316 2314 1387 καιρῶν
2343 1320 2514 1371 ποιεῖν
2537 1316 2748 1371 εἴωθεν.
2789 1317 2928 1372 Ἀλλ’
2953 1318 3038 1372 ἴνα
3073 1319 3147 1391 μὴ
3169 1320 3583 1391 κατατείνωμεν

1989 1408 2154 1480 ὑμᾶς,
2185 1412 2317 1483 φέρε
2350 1412 2749 1482 μεταγάγωμεν
2775 1411 2869 1465 τὸν
2883 1411 3042 1481 λόγον
3065 1412 3174 1466 ἀπὸ
3199 1411 3310 1468 τῶν
3333 1412 3584 1485 σκυθρω·

1988 1503 2236 1574 ποτέρων
2260 1504 2355 1558 ἐπὶ
2383 1504 2454 1558 τά
2483 1503 2835 1575 φαιδρότερα.
2867 1503 2977 1558 Καὶ
3003 1504 3114 1576 γάρ
3133 1504 3341 1578 ἔκαμεν
3363 1505 3520 1576 ὑμῶν
3547 1507 3583 1577 ἡ

1985 1591 2196 1652 διάνοια
2245 1595 2359 1657 τοῖς
2409 1593 2761 1665 λεπτοτέροις
2796 1596 3066 1666 νοήμασιν
3116 1595 3536 1669 ἐνδιατρίϐουσα
3566 1615 3578 1628 °

1985 1683 2177 1755 διόπερ
2202 1685 2372 1755 αὐτὴν
2389 1686 2704 1740 ἀναπαῦσαι
2731 1685 2916 1750 καλὸν,
2944 1689 3057 1751 τοίς
3086 1687 3473 1761 άφελεστέροις
3489 1688 3586 1744 καὶ

1990 1776 2367 1851 φαιδροτέροις
2393 1778 2718 1843 διαιτῶντας
2753 1780 3044 1850 νοήμασιν.

2073 1869 2417 1942 Ἐπανίωμεν
2446 1871 2628 1926 τοίνυν
2664 1871 2759 1925 ἐπὶ
2805 1872 2866 1925 :6
2897 1872 3169 1943 σωτήριον
3210 1872 3305 1925 τοῦ
3343 1871 3584 1945 σταυροῦ

1991 1960 2170 2028 Ε-ύλον..
2224 1961 2395 2015 Τοῦτο
2428 1963 2558 2034 γάρ,
2594 1962 2753 2017 τοῦτο
2803 1963 2982 2017 πάντα
3029 1962 3260 2016 ἀνέλυσε
3307 1963 3378 2017 τὰ
3411 1964 3585 2028 δεινὰ,

1989 2050 2088 2103 ὅσα
2120 2051 2297 2103 ἐκεῖνο
2327 2053 2590 2121 εἰσήγαγε
2615 2067 2627 2080 ·
2659 2050 2862 2122 μᾶλλον
2893 2050 2950 2104 δὲ
2981 2049 3082 2106 ούκ
3110 2052 3290 2106 ἐκεῖνο
3319 2052 3587 2122 εἰσήγαγε

1988 2141 2059 2196 τά
2085 2141 2254 2207 δεινά,
2278 2143 2393 2198 ἀλλ’
2421 2146 2448 2197 6
2476 2142 2764 2214 ἅνθρωπος
2791 2143 3027 2203 ἅπαντα,
3046 2142 3191 2214 ειπερ
3222 2143 3362 2214 μετὰ
3383 2143 3591 2215 πολλῆς

1993 2234 2222 2306 ὕστερον
2255 2237 2488 2291 ἀνέλυσε
2535 2238 2636 2306 τῆς
2685 2237 3007 2308 περιουσίας
3041 2240 3068 2291 6
3115 2236 3370 2307 Χριστὸς,
3406 2239 3590 2310 πολλῷ

1993 2325 2218 2397 μείζονα
2253 2328 2434 2382 αὐτῶν
2467 2329 2780 2398 εἰσαγαγὼν
2825 2329 3028 2397 ἀγαθά.
3084 2333 3163 2384 Δι’
3198 2331 3332 2385 αὐτὸ
3364 2330 3527 2386 τοῦτο
3558 2333 3589 2385 ό

1993 2418 2204 2484 Παῦλός
2261 2438 2424 2490 φησιν
2457 2439 2470 2452 ·
2515 2423 2710 2475 Ὅπου
2761 2420 3142 2477 ἐπλεόνασεν
3191 2424 3230 2491 ἠ
3285 2424 3587 2493 ἁμαρτία,

1990 2512 2594 2580 ὑπερεπερίσσευσεν
2630 2514 2669 2581 ἠ
2720 2513 2923 2584 χάρις’
2974 2515 3244 2580 τουτέστι,
3296 2517 3483 2586 μεῖζον
3527 2517 3590 2570 :6

1990 2599 2164 2672 δῶρον
2198 2603 2294 2655 τοῦ
2342 2604 2765 2674 ἁμαρτήματος.
2819 2605 2919 2659 Διά
2957 2605 3118 2659 τοῦτο
3162 2605 3325 2660 πάλιν
3374 2607 3540 2678 φησίν
3572 2625 3584 2638 ·

1997 2696 2120 2763 οὐχ
2153 2695 2234 2760 ὡς
2277 2694 2346 2748 τὸ
2384 2696 2792 2764 παράπτωμα,
2841 2696 2997 2750 οὕτω
3035 2697 3139 2752 καὶ
3180 2697 3245 2751 τὸ
3277 2696 3547 2768 χάρισμα
3571 2716 3584 2730 °

1990 2792 2088 2860 οὐχ
2119 2791 2241 2844 ὅσον
2275 2790 2528 2862 ἥμαρτεν
2551 2793 2580 2844 6
2605 2790 2932 2862 άνθρωπος,’
2953 2792 3211 2846 τοσοῦτον
3239 2793 3537 2863 ἐχαρίσατο
3559 2795 3592 2848 6

1989 2882 2122 2945 Θεός
2142 2897 2156 2912 ο
2182 2881 2280 2952 ούχ
2304 2883 2404 2952 ὅση
2429 2884 2461 2952 ή
2489 2882 2683 2953 ζημία,
2707 2881 2943 2954 τοσαύτη
2974 2880 3126 2955 [679]
3146 2883 3242 2936 καὶ
3267 2885 3301 2954 ή
3327 2900 3586 2956 πραγμαο

1989 2972 2110 3028 τεία
2130 2988 2143 3001 °
2177 2973 2278 3042 οὐχ
2314 2973 2437 3025 ὅσον
2463 2973 2524 3026 τὸ
2551 2972 2833 3041 ναυάγιον,
2855 2973 3093 3044 τοσαύτη
3117 2974 3212 3026 καὶ
3239 2976 3273 3044 ή
3307 2975 3550 3046 ἐμπορία
3573 2991 3587 3006 ’

1991 3062 2130 3117 ἀλλά
2165 3062 2336 3115 πλείω
2367 3063 2438 3115 τά
2467 3062 2646 3130 ἀγαθὰ.
2680 3064 2792 3115 τῶν
2823 3064 3010 3116 κακῶν
3033 3081 3046 3094 ο
3091 3065 3188 3116 καὶ
3225 3066 3474 3129 εἰκότως.
3509 3067 3593 3121 Τά

1994 3152 2094 3221 μὲν
2121 3152 2231 3220 γάρ
2260 3150 2407 3204 κακὰ
2437 3151 2623 3214 δοῦλος
2661 3152 2947 3220 εἰσήγαγε,
2979 3152 3076 3205 καὶ
3104 3152 3364 3206 ἐλάττονα
3386 3149 3485 3225 ἦν’
3520 3156 3592 3209 τά

1989 3245 2047 3298 δὲ
2079 3243 2263 3313 άγαθά
2294 3241 2571 3312 Δεσπότης
2615 3241 2934 3313 ἐχαρίσατο,
2983 3241 3064 3295 6:6
3107 3243 3202 3297 καὶ
3244 3244 3466 3300 πλείονα
3497 3242 3588 3317 ἦν.

1991 3336 2090 3390 Διὰ
2109 3335 2268 3389 τοῦτό
2291 3352 2457 3406 φησιν
2479 3351 2493 3364 ο
2520 3336 2645 3401 Οὐχ
2676 3333 2758 3399 ὡς
2789 3333 2858 3385 τὸ
2889 3332 3281 3404 παράπτωμα,
3305 3337 3460 3390 οὕτω
3489 3337 3591 3392 καὶ

1990 3426 2056 3481 τὸ
2085 3423 2370 3496 χάρισμα.
2396 3422 2528 3479 Εἶτα
2559 3425 2754 3493 ἐπάγει
2779 3427 2876 3479 καὶ
2903 3424 3001 3497 τὴν
3025 3427 3290 3497 διαφοράν
3309 3446 3323 3460 ο
3375 3430 3445 3482 Τὸ
3470 3431 3592 3498 μὲν

1989 3519 2102 3588 γὰρ
2139 3517 2320 3586 κρῖμα
2353 3517 2422 3582 ἐξ
2451 3516 2590 3583 ἑνὸς
2637 3519 2726 3581 εἰς
2759 3516 3111 3587 κατάκριμα,
3137 3518 3204 3573 τὸ
3226 3518 3295 3573 δὲ
3323 3520 3591 3592 χάρισμα

1988 3611 2057 3665 ἐκ
2113 3608 2365 3666 πολλῶν
2396 3607 2890 3678 παραπτωμάτων
2929 3612 3018 3676 εἰς
3059 3609 3370 3682 δικαίωμα.
3424 3614 3588 3668 ’Δσα-

1993 3708 2254 3776 φέστερον
2305 3705 2366 3758 :6
2416 3703 2743 3775 εἰρημένον·
2802 3703 2999 3756 οὐκοῦν
3048 3704 3263 3775 ἀνάγκη
3296 3707 3395 3775 τὴν
3433 3706 3591 3761 λύσιν

1993 3801 2320 3868 ἐπαγαγεῖν.
2362 3796 2434 3851 T6
2446 3795 2565 3866 μὲν
2597 3800 2706 3865 γὰρ
2744 3795 2940 3865 κρῖμα,
2972 3797 3251 3850 τουτέστιν
3282 3800 3315 3870 ή
3342 3799 3588 3864 κόλασις,

1992 3895 2026 3966 ή
2049 3891 2310 3964 τιμωρία,
2342 3893 2370 3944 ὁ
2391 3889 2620 3952 θάνατος
2640 3907 2653 3920 ο
2697 3887 2793 3953 Ἐξ
2818 3889 2995 3955 ἑνός’,
3022 3890 3304 3944 τουτέστιν
3331 3893 3589 3966 ἁμαρτή-

1996 4002 2165 4055 ματος
2189 4001 2203 4017 ο
2233 3981 2341 4038 Μία
2367 3982 2498 4054 γὰρ,
2532 3983 2720 4052 φησὶν,
2750 3981 2997 4052 ἁμαρτία
3032 3982 3288 4036 τοσοῦτον
3323 3985 3592 4056 εἰσήγαγε

1992 4077 2161 4130 κακόν
2181 4094 2195 4109 ·
2225 4075 2287 4129 :6
2326 4077 2384 4129 δέ
2413 4075 2660 4146 χάρισμα
2693 4075 2793 4127 ούκ
2821 4073 3037 4143 ἐκείνην
3073 4074 3240 4144 μόνην
3279 4075 3377 4147 τὴν
3407 4077 3594 4149 ἁμαρ-

1989 4169 2112 4222 τίαν
2132 4167 2344 4231 ἔλυσεν,
2379 4166 2514 4219 ἀλλά
2543 4166 2639 4218 καὶ
2666 4165 2862 4234 ἐτέρας
2892 4164 3110 4228 πολλάς,
3165 4165 3264 4219 Διά
3297 4166 3457 4219 τοῦτο
3490 4167 3586 4220 λέ-

1991 4280 2078 4330 γει
2101 4279 2116 4291 ·
2154 4261 2225 4316 Τὸ
2250 4259 2318 4313 δὲ
2346 4258 2612 4329 χάρισμα
2638 4258 2705 4311 ὲκ
2736 4255 2987 4312 πολλῶν
3002 4257 3491 4327 παραπτωμάτων
3506 4263 3594 4327 εἰς

1993 4353 2305 4420 δικαίωμα.
2347 4351 2448 4404 Διὰ
2495 4349 2655 4403 τοῦτο
2689 4351 2782 4403 καὶ
2829 4351 2858 4403 6
2913 4351 3168 4419 Ἰωάννης
3214 4353 3243 4404 6
3288 4352 3594 4425 βαπτιστὴς

1993 4445 2122 4498 ἐϐόα
2144 4463 2157 4476 ·
2195 4444 2318 4498 Ἴδε
2356 4447 2390 4497 ὀ
2421 4443 2611 4509 ἀμνὸς
2660 4442 2768 4496 τοῦ
2823 4444 2994 4507 Θεοῦ,
3050 4445 3194 4513 ούχί,
3227 4445 3255 4496 6
3286 4447 3461 4517 αἴρων
3494 4448 3596 4516 τὴν

1993 4535 2268 4603 ἁμαρτίαν
2286 4534 2380 4587 τοῦ
2419 4532 2612 4604 Ἀδάμ,
2643 4533 2780 4596 ἀλλ’,
2829 4534 2891 4587 '0
2917 4535 3103 4603 αἴρων
3133 4534 3248 4601 τὴν
3297 4537 3596 4606 ἁμαρτίαν

1992 4628 2098 4680 τοῦ
2123 4628 2379 4693 κόσμου.
2409 4620 2567 4688 Εἶδες
2607 4625 2727 4686 πῶς
2751 4627 2848 4697 οὐχ
2871 4625 2944 4689 ὼς
2965 4627 3028 4679 :6
3056 4627 3430 4699 παράπτωμα,
3450 4629 3596 4685 οὕτω

1995 4721 2090 4772 καὶ
2135 4720 2198 4772 :6
2247 4718 2532 4789 χάρισμα,
2580 4717 2720 4771 ἀλλὰ
2759 4718 2982 4772 πλείονα
3015 4721 3281 4789 εἰσήγαγε
3332 4721 3493 4774 τοῦτο
3533 4725 3595 4776 :6

1996 4811 2154 4878 ξύλον
2202 4810 2386 4880 ἁγαθά
2435 4810 2543 4864 τῶν
2596 4811 2748 4881 παρὰ
2791 4811 2893 4882 τὴν
2947 4812 3126 4882 ἀρχὴν
3171 4813 3594 4884 εἰσενεχθέντων

1996 4905 2182 4959 κακῶν
2204 4922 2217 4969 ;
3429 4900 3431 4902 ’

2067 4996 2129 5050 6'.
2154 4993 2341 5048 Ταῦτα
2360 4994 2416 5048 δὲ
2437 4989 2612 5058 εἷπον,
2636 4994 2726 5047 ἴνα
2751 4992 2824 5064 μὴ
2849 4994 3082 5064 νομίσῃς
3103 4993 3512 5065 ἐπηρεάζεσθαί
3535 5015 3596 5051 σε

1996 5087 2148 5159 παρὰ
2177 5087 2285 5139 τῶν
2317 5087 2573 5157 πρώτων.
2615 5084 2901 5150 Ἐξέϐαλεν
2935 5088 2964 5139 6
2993 5086 3242 5149 διάϐολος
3260 5090 3351 5141 :6v
3397 5090 3595 5160 Ἀδάμ,

1995 5182 2258 5251 εἰσήγαγε
2276 5180 2366 5231 τὸν
2395 5178 2599 5249 λῃστὴν
2624 5179 2653 5231 6
2679 5178 2934 5250 Χριστός.
2955 5179 3064 5230 Καὶ
3092 5179 3288 5232 σκόπει
3317 5181 3378 5234 :6
3407 5181 3597 5251 διάφο-

2000 5292 2109 5345 ρον.
2165 5274 2404 5335 Ἐκεῖνος
2451 5271 2551 5324 ούκ
2600 5269 2794 5340 ἔχοντα
2824 5270 3104 5340 ἁμαρτίαν
3154 5270 3245 5321 :6v
3279 5271 3595 5342 ἄνθρωπον,

1995 5364 2134 5419 άλλά
2191 5364 2319 5434 μίαν
2371 5362 2566 5432 κηλῖδα
2608 5362 2924 5432 παρακοῆς,
2970 5361 3228 5426 ἐξέϐαλεν
3253 5379 3266 5392 ⁸
3296 5365 3324 5416 6
3357 5365 3599 5434 Χριστὶις

1997 5457 2201 5527 λῃστὴν
2220 5456 2386 5527 μυρία
2405 5454 2602 5527 φορτία
2627 5455 3046 5526 ἁμαρτημάτων
3067 5454 3405 5524 βαστάζοντα
3424 5457 3598 5520 οὕτως

1998 5547 2295 5616 εἰσήγαγεν
2325 5548 2403 5609 εἰς
2430 5546 2521 5598 :6v
2552 5545 2904 5614 παράδεισον.
2932 5541 3060 5616 Ἆρ’
3100 5541 3194 5598 οὖν
3233 5546 3391 5599 τοῦτο
3437 5547 3597 5618 μόνον

1998 5641 2059 5692 :6
2091 5638 2276 5708 Θαῦμά
2302 5640 2471 5700 ἐστιν,
2501 5638 2583 5690 ὅτι
2608 5635 2813 5708 λῃστὴν
2832 5637 3127 5708 εἰσήγαγεν
3147 5639 3226 5700 εἰς
3243 5640 3595 5710 παράδεισον,

2000 5731 2129 5785 ἄλλο
2158 5730 2214 5782 δὲ
2244 5730 2395 5783 οὐδέν
2423 5747 2434 5793 ;
2473 5731 2630 5783 Ἔστι
2653 5731 2747 5782 καὶ
2783 5729 2912 5783 ἄλλο
2947 5730 3134 5800 μεῖζον
3158 5733 3355 5784 εἰπεῖν.
3389 5734 3462 5783 ού
3491 5735 3604 5804 γὰρ

2001 5822 2204 5895 λῃστὴν
2240 5823 2500 5890 εἰσήγαγε
2542 5821 2722 5891 μόνον,
2743 5819 2876 5873 ἀλλά
2905 5823 2998 5874 καί
3024 5822 3127 5892 πρὸ
3149 5825 3245 5892 τῆς
3275 5823 3602 5893 οἰκουμένης

2007 5915 2244 5984 ἁπάσης,
2301 5916 2388 5967 καὶ
2445 5915 2549 5986 πρὸ
2585 5914 2691 5967 τῶν
2737 5915 3082 5969 ἀποσῖύλυω·
3146 5916 3231 5970 ἵνα
3272 5917 3459 5988 μηδεὶς
3493 5917 3604 5972 τῶν
