4180 6492
306 471 411 521 (illi

306 594 553 641 versum,
585 587 637 631 et
678 587 800 630 ante
844 574 1160 644 apostolos:
1197 584 1264 624 ne
1310 568 1429 638 quis
1467 574 1809 637 posterorum
1854 578 1913 619 se

305 672 513 739 ingredi
544 685 699 738 posse
730 669 1015 738 desperet,
1050 680 1221 735 neque
1249 677 1400 733 Spem
1438 676 1656 715 onmem
1686 674 1799 713 sua:
1827 673 1917 713 sa-

304 762 434 816 lotis
464 762 681 831 abjiciat
705 802 719 823 ,
749 775 869 814 cum
904 756 1201 811 innumeris
1236 761 1534 809 scatentem
1577 752 1731 805 malis
1775 764 1834 804 se
1864 750 1916 804 in

306 857 455 926 regio
486 853 689 910 versari
717 853 922 923 palatio
949 852 1142 906 videat.
1176 848 1283 905 Sed
1312 846 1722 903 consideremus
1742 887 1757 911 ,
1787 858 1917 898 num

309 952 523 1004 labores
558 957 613 1003 et
638 959 785 1002 recte
812 948 947 1001 facta
988 956 1044 1002 et
1074 945 1278 1000 fructus
1308 942 1611 998 exhibuerit
1653 942 1806 995 latro.
1838 938 1917 995 Ne

308 1044 412 1098 hoc
434 1034 650 1112 quidem
678 1039 781 1095 dici
818 1049 1014 1109 potest,
1046 1038 1141 1093 sed
1175 1038 1318 1091 nudo
1343 1035 1511 1091 verbo
1543 1035 1772 1104 prolato,
1803 1032 1917 1087 sola

310 1136 413 1190 tide
445 1134 682 1189 exhibita
714 1134 766 1187 in
802 1132 1106 1203 paradisum
1149 1140 1277 1186 ante
1305 1129 1580 1200 apostolos
1609 1129 1797 1182 insiliit
1819 1170 1833 1194 ,
1864 1136 1921 1181 ut

312 1225 578 1295 intelligas
606 1240 711 1278 non
730 1224 845 1293 ejus
868 1224 1191 1293 probitatem
1222 1230 1425 1277 tantum
1449 1221 1703 1284 valuisse,
1734 1232 1919 1272 verum

313 1320 521 1374 Domini
547 1319 929 1385 benignitatem
961 1326 1131 1371 totum
1164 1317 1434 1387 negotium
1461 1316 1750 1384 peregisse.
1781 1310 1920 1379 Quid

308 1412 452 1464 euim
497 1411 632 1464 latro
670 1410 843 1464 dixit?
871 1408 999 1477 quid
1048 1408 1221 1463 fecit?
1266 1422 1393 1461 num
1440 1403 1746 1476 jejuuavit?
1794 1418 1919 1456 num

310 1502 492 1556 ﬂevit?
528 1517 654 1555 num
682 1516 742 1555 se
773 1500 1001 1554 afﬂixit?
1026 1517 1150 1554 num
1184 1500 1345 1569 longo
1380 1507 1623 1569 tempore
1650 1496 1920 1567 [militen-

312 1593 438 1645 tiam
469 1591 754 1645 exhibuit?
798 1590 1142 1661 Nequaquam
1176 1609 1189 1643 :
1224 1590 1318 1645 sed
1362 1589 1412 1643 in
1448 1590 1559 1657 ipsa
1601 1604 1761 1643 cruce
1804 1595 1923 1657 post

308 1683 633 1737 sententiam
698 1683 927 1737 salutem
991 1682 1243 1736 obtinuit.
1285 1680 1417 1735 Vide
1446 1680 1779 1735 celeritatem
1830 1698 1841 1731 :
1890 1694 1920 1731 a

309 1788 471 1827 cruce
503 1774 551 1826 in
584 1773 796 1837 cadum,
830 1788 859 1825 a
890 1773 1156 1842 supplicio
1198 1774 1253 1827 in
1304 1771 1557 1825 salutem.
1589 1770 1717 1838 Qum
1763 1784 1921 1838 porro

309 1872 438 1918 (illul
466 1863 551 1917 illa
579 1863 778 1918 verba?
805 1878 963 1932 quam
994 1862 1208 1917 tandem
1230 1863 1335 1917 vim
1364 1863 1580 1924 habent,
1606 1871 1662 1915 ut
1690 1864 1791 1916 hoc
1816 1876 1922 1915 uno

312 1967 457 2009 tanta
489 1964 911 2025 consequeretur
954 1955 1132 2009 bona?
1168 1952 1424 2007 Memento
1465 1954 1596 2017 mei,
1632 1952 1835 2021 inquit.
1868 1953 1922 2005 in

310 2065 467 2118 regno
494 2058 579 2101 tuo
610 2047 760 2115 (Luc.
788 2046 882 2102 25.
912 2048 1028 2115 49.).
1058 2047 1195 2115 Quid
1228 2048 1330 2100 hoc
1354 2046 1428 2099 rei
1456 2045 1753 2099 est?l’etiit
1780 2045 1917 2100 bona

307 2138 449 2206 dari,
502 2155 607 2193 non
653 2139 908 2208 operibus
951 2138 1081 2209 ipsis
1121 2137 1356 2192 studium
1408 2138 1575 2190 ul'mn
1624 2136 1918 2191 adhibuit:

309 2246 498 2286 verum
537 2231 581 2286 is
626 2231 711 2284 cui
743 2246 837 2285 cor
867 2230 984 2300 ejus
1034 2241 1217 2285 notum
1246 2240 1397 2294 erat,
1434 2246 1539 2283 non
1585 2228 1814 2283 attendit
1854 2228 1921 2283 ad

311 2324 473 2379 verba
497 2365 511 2387 ,
545 2324 638 2378 sed
666 2323 733 2377 ad
763 2323 961 2377 mentis
990 2323 1266 2377 aﬁ'cctum.
1298 2321 1430 2377 Nam
1474 2322 1549 2376 illi
1580 2321 1797 2390 quidem
1830 2322 1921 2391 qui

314 2416 701 2487 praphctaruni
733 2415 944 2470 fuerant
969 2415 1310 2470 documentis
1342 2416 1625 2479 instructi,
1650 2415 1740 2483 qui
1772 2414 1923 2482 signa

310 2508 579 2573 viderant,
602 2507 691 2577 qui
715 2508 966 2562 miracula
1012 2506 1225 2563 fuerant
1271 2506 1641 2574 contemplati,
1678 2505 1745 2561 de
1777 2503 1927 2561 Citri-

307 2609 395 2654 sto
439 2598 725 2654 dicebant:
753 2598 1075 2653 Dtcutoniunt
1118 2598 1288 2663 habet,
1336 2606 1428 2662 et,
1470 2596 1681 2651 Seducit
1725 2597 1925 2649 turbam

310 2688 528 2760 (.llatth.
562 2691 647 2743 tl.
679 2689 769 2761 18)
801 2707 814 2744 :
844 2689 982 2744 latro
1024 2704 1176 2755 vero,
1205 2689 1296 2759 qui
1330 2687 1618 2758 pmplictas
1668 2702 1773 2742 non
1824 2703 1922 2741 au-

310 2781 507 2846 dierat,
527 2782 616 2851 qui
649 2780 889 2852 prodigia
913 2796 1022 2836 non
1046 2782 1275 2846 viderat,
1300 2780 1392 2851 qui
1416 2782 1465 2836 in
1488 2796 1648 2837 cruce
1674 2778 1925 2836 sul‘lixum

314 2873 545 2935 viderat,
577 2889 682 2926 non
712 2872 939 2927 attendit
963 2872 1029 2926 ad
1054 2872 1428 2943 ignominiam,
1461 2888 1567 2927 non
1596 2872 1835 2943 respexit
1857 2871 1927 2927 ad

313 2964 612 3029 infamiam,
643 2964 739 3021 sed
780 2964 1115 3020 divinitatem
1167 2965 1335 3034 ipsam
1379 2963 1765 3030 considerans,
1813 2962 1928 3018 Me-

310 3066 500 3119 mento,
533 3056 724 3125 inquit,
767 3055 863 3109 mei
891 3056 945 3109 in
970 3070 1127 3127 regno
1167 3065 1274 3110 tuo.
1317 3054 1429 3109 lloc
1464 3069 1597 3109 sane
1642 3070 1840 3108 novum
1872 3061 1929 3110 et

312 3148 649 3204 inusitatum.
681 3149 911 3203 Crucem
940 3148 1109 3215 vides,
1140 3156 1196 3204 et
1237 3148 1387 3219 regni
1426 3145 1755 3203 meministi?
1785 3146 1927 3215 Quid

308 3243 530 3314 dignum
577 3258 743 3313 regno
778 3242 1007 3297 vidisti?
1041 3242 1326 3297 llominem
1367 3240 1688 3296 cruciﬁxum
1710 3280 1726 3307 ,
1757 3240 1928 3312 alapis

308 3350 538 3403 caesum,
565 3336 801 3405 illusum,
833 3343 1149 3392 accusatum
1169 3377 1185 3404 ,
1218 3336 1390 3408 sputis
1418 3350 1793 3405 conspersum,
1822 3333 1923 3390 ﬁa-

308 3428 569 3500 geilatum
595 3443 608 3480 :
638 3428 876 3483 lnecciue
905 3438 1052 3493 sunt,
1081 3442 1265 3499 quaeso
1285 3468 1302 3495 ,
1335 3427 1495 3497 digna
1528 3425 1736 3496 regno?
1766 3425 1927 3482 Vides

309 3538 437 3578 eum
463 3521 634 3577 oculis
670 3522 789 3577 ﬁdei
821 3522 1133 3592 respexisse
1155 3562 1170 3587 ,
1214 3535 1322 3576 non
1348 3535 1411 3575 ea
1438 3536 1559 3591 qua:
1587 3517 1925 3590 apparebant

311 3612 675 3684 expendisse?
704 3613 996 3684 Propterea
1028 3627 1203 3684 neque
1253 3613 1397 3668 Deus
1438 3613 1580 3668 nuda
1619 3614 1783 3668 verba
1826 3628 1925 3669 ex-

313 3704 618 3776 pendebat,
647 3704 741 3760 sed
774 3715 831 3759 ut
863 3704 952 3759 ille
982 3704 1034 3759 in
1066 3703 1437 3770 divinitatem,
1466 3704 1545 3759 sic
1577 3703 1719 3758 Deus
1748 3704 1799 3757 iu
1829 3718 1926 3759 cor

315 3799 540 3854 latronis
565 3797 905 3869 respiciebat,
934 3804 991 3851 et
1028 3796 1103 3851 ait
1132 3811 1147 3854 :
1182 3793 1350 3850 Hodie
1376 3811 1571 3849 mecum
1601 3794 1700 3849 eris
1730 3794 1783 3849 in
1821 3811 1923 3864 pa-

314 3890 488 3945 radiso
518 3888 666 3961 (Luc.
692 3890 782 3944 25.
808 3889 924 3957 45).

395 3982 739 4051 Objectiouem
768 3982 953 4053 refellit
982 3978 1413 4034 Manichworum.
1442 4010 1515 4020 -—
1544 3979 1657 4036 Hoc
1689 3980 1808 4035 loco
1836 3988 1922 4033 at-

315 4073 550 4130 tendite:
580 4072 845 4145 siquidem
866 4070 1095 4143 quzestia
1121 4087 1228 4128 non
1246 4070 1481 4143 vulgaris
1501 4072 1762 4127 exoritur.
1786 4070 1921 4127 Nam

315 4166 620 4232 Ilanicbzei,
651 4181 815 4222 canes
841 4165 974 4221 muti
995 4172 1052 4222 et
1072 4164 1267 4231 rabidi,
1301 4165 1540 4236 speciem
1565 4165 1782 4238 quidem
1811 4180 1922 4233 prae

312 4276 376 4316 se
405 4261 586 4317 ferunt
609 4259 911 4326 modestiae,
947 4260 1092 4314 intus
1118 4273 1250 4314 vero
1278 4274 1497 4330 gravem
1542 4274 1737 4314 canum
1776 4259 1922 4313 insa-

321 4353 466 4407 uiam
497 4350 700 4415 fovent,
731 4358 787 4405 et
816 4350 933 4404 ovis
964 4350 1101 4421 pelle
1135 4350 1318 4420 lupum
1346 4349 1636 4405 occultant.
1668 4350 1738 4404 At
1768 4358 1825 4404 tu
1852 4364 1922 4405 ne

312 4445 456 4518 quod
488 4452 714 4516 apparet
734 4444 987 4515 aspicias,
1018 4458 1205 4499 verum
1238 4444 1384 4499 intus
1410 4442 1666 4498 latentem
1689 4443 1919 4500 belluam

315 4538 639 4609 pervestiga.
675 4534 765 4590 lsti
805 4550 937 4606 ergo
965 4534 1141 4592 locum
1185 4534 1329 4591 hunc
1354 4535 1676 4605 arripientes
1718 4536 1868 4590 aiunt
1900 4552 1916 4591 :

317 4629 461 4684 Dixit
480 4626 747 4692 Christus,
774 4626 955 4693 Amen,
984 4643 1133 4680 auten
1154 4626 1268 4681 dico
1290 4625 1400 4692 tibi,
1426 4625 1579 4680 hodie
1604 4643 1798 4681 mecum
1820 4626 1921 4681 eris

312 4720 367 4773 iu
397 4720 640 4789 paradiso
668 4735 687 4773 :
715 4719 875 4790 igitur
898 4718 1011 4789 jam
1055 4720 1188 4773 facta
1219 4728 1301 4774 est
1328 4720 1595 4774 bonorum
1637 4719 1920 4775 retributio

311 4822 367 4866 et
397 4809 666 4881 superﬂua
712 4810 816 4865 erit
842 4812 1190 4866 resurrectio.
1240 4810 1296 4864 Si
1333 4810 1478 4866 enim
1520 4810 1612 4865 illo
1640 4810 1729 4865 die
1782 4810 1920 4866 latro

314 4904 451 4961 bona
481 4904 706 4973 recepit,
760 4919 957 4976 corpus
1001 4919 1183 4961 autem
1214 4905 1334 4976 ejus
1380 4902 1619 4960 nondum
1664 4904 1731 4960 ad
1776 4904 1918 4962 hunc

317 5011 488 5065 usque
517 4995 661 5051 diem
689 4996 1009 5065 resurrexit,
1044 5014 1151 5052 non
1182 4998 1288 5052 erit
1332 4998 1589 5067 deinceps
1628 5012 1916 5069 corporum

318 5090 663 5144 resurrectio.
696 5089 964 5159 Numquid
998 5090 1341 5146 intellexistis
1371 5091 1513 5162 quod
1547 5091 1819 5159 diximus,
1846 5108 1917 5149 an

310 5194 444 5235 vero
473 5179 665 5235 iterum
695 5181 821 5235 illud
849 5181 954 5237 dici
995 5198 1212 5238 neceSSe
1236 5194 1316 5239 est
1338 5184 1365 5238 ἲ
1389 5182 1551 5237 Amen
1570 5225 1584 5249 ,
1617 5201 1767 5239 amen
1799 5185 1915 5241 dico

310 5273 423 5337 tibi,
452 5273 603 5329 hodie
626 5290 823 5327 mecum
849 5274 947 5329 eris
968 5276 1019 5328 in
1042 5277 1301 5346 paradiso.
1328 5275 1607 5348 Ingressus
1623 5287 1705 5333 est
1732 5277 1914 5349 igitur,

316 5363 510 5432 inquit,
562 5365 614 5418 in
654 5365 958 5434 paradisum
996 5367 1131 5421 latro
1176 5384 1283 5423 non
1323 5382 1445 5423 cum
1490 5384 1717 5439 corpore
1762 5387 1917 5441 :quo

318 5456 459 5509 enim
506 5466 683 5526 pacto,
715 5473 836 5513 cum
882 5459 1150 5529 sepultura
1198 5476 1307 5515 non
1347 5469 1492 5522 esset
1538 5476 1733 5531 corpus
1758 5464 1906 5533 ejus,

314 5561 494 5614 neque
537 5547 896 5617 dissolutum,
926 5560 979 5605 et
1031 5551 1085 5607 in
1125 5551 1338 5608 cineres
1382 5550 1695 5607 redactum?
1742 5572 1917 5627 neque

313 5636 515 5693 dictum
566 5653 787 5709 usquam
848 5640 947 5696 fuit
996 5644 1373 5700 resuscitatum
1425 5643 1574 5699 illtttn
1628 5660 1659 5700 a
1698 5644 1916 5704 Christo

317 5727 341 5783 I‘
341 5728 501 5784 uisse.
527 5730 679 5799 Quod
696 5732 740 5786 si
764 5732 1028 5789 latronem
1048 5735 1362 5799 introduxit,
1387 5748 1437 5791 et
1464 5737 1667 5807 absque
1686 5754 1919 5810 corpore

312 5820 473 5875 btmis
498 5824 694 5891 potitus
720 5834 822 5888 est,
867 5828 1206 5883 manilesttnu
1248 5838 1330 5884 est
1372 5830 1615 5898 corporis
1658 5847 1901 5887 resurre-

320 5911 550 5969 ctionem
583 5929 687 5971 non
716 5932 856 5974 esse.
885 5916 1018 5975 Nam
1048 5920 1093 5975 si
1124 5924 1371 5991 corporis
1393 5932 1533 5977 esset
1564 5927 1909 5994 resurrectio,

1585 451 1649 505 ΙΝ
1691 447 1987 506 ΟΙΞΝΕΒΙΜ
2030 444 2263 501 SERMO
2305 442 2413 497 ιιι.

3536 444 3637 502 6H

2030 576 2134 617 non
2163 559 2423 618 dixisset:
2458 556 2627 613 Hodie
2666 574 2858 612 mecum
2887 559 2985 611 eris
3017 557 3066 609 in
3098 555 3374 624 paradiso,
3424 558 3538 623 sed,
3577 559 3633 614 lu

2029 664 2273 722 tempore
2316 649 2835 713 consummationis,
2886 648 3103 719 quando
3144 650 3468 703 resurrectio
3519 667 3643 704 eor-

2029 760 2219 816 porum
2249 746 2372 800 erit.
2404 743 2557 810 Quod
2588 743 2630 796 si
2660 744 2771 811 jam
2797 744 3060 797 latronem
3095 741 3412 806 introduxit,
3438 758 3638 813 eorpus

2028 848 2205 892 autem
2255 838 2373 905 ejus
2416 835 2545 889 loris
2588 843 2906 904 corruptum
2953 833 3243 897 remansit,
3274 833 3433 903 plane
3478 835 3645 904 liquet

2030 943 2316 998 corporum
2347 926 2804 982 resurrectionem
2849 942 2955 980 non
2997 940 3139 980 esse.
3171 926 3347 996 Atque
3378 926 3493 981 lucc
3522 928 3642 996 qui-
3720 946 3733 953 ί

2028 1020 2151 1075 dem
2184 1019 2257 1074 illi
2288 1036 2301 1073 :
2330 1019 2442 1089 jam
2474 1032 2605 1073 vero
2635 1034 2753 1089 qua:
2801 1033 2829 1070 a
2871 1018 3025 1071 nobis
3058 1016 3475 1087 proﬁciscuntur
3502 1021 3644 1074 acci-

2033 1114 2174 1181 pite;
2209 1114 2317 1167 imo
2367 1127 2496 1166 vero
2538 1126 2642 1165 non
2687 1126 2808 1181 qua:
2855 1125 2885 1163 a
2928 1109 3119 1175 nobis,
3162 1109 3256 1164 sed
3286 1125 3405 1180 quze
3431 1125 3461 1164 a
3491 1126 3645 1166 sacra

2028 1205 2301 1275 Scriptura
2332 1215 2459 1259 sunt
2482 1222 2495 1257 :
2525 1218 2699 1273 neque
2721 1204 2864 1258 enim
2888 1216 3006 1271 qua:
3030 1212 3210 1256 nostra
3233 1212 3362 1256 sunt
3391 1203 3643 1269 dicimus,

2029 1298 2124 1352 Sed
2154 1315 2273 1368 qua:
2302 1298 2535 1369 Spiritus
2567 1297 2761 1351 sancti.
2796 1297 2933 1364 Quid
2966 1296 3086 1349 ais?
3116 1313 3219 1349 non
3253 1299 3393 1351 venit
3419 1298 3469 1350 in
3497 1313 3645 1353 com-

2032 1390 2343 1444 munionem
2391 1404 2716 1445 coronarum
2760 1388 2929 1442 caro?
2961 1387 3067 1442 Sed
3114 1388 3164 1440 in
3205 1390 3644 1455 couummimtetn

2031 1481 2247 1552 quidem
2294 1482 2537 1536 laborum
2582 1482 2751 1548 venit,
2804 1480 3039 1549 prarmiis
3090 1494 3221 1534 vero
3269 1482 3545 1549 privatur?
3594 1494 3651 1538 ct

2030 1573 2247 1644 quando
2278 1574 2595 1628 certandum
2626 1573 2844 1643 quidem
2879 1571 2996 1636 fuit,
3021 1574 3283 1641 majorem
3321 1585 3526 1642 partem
3558 1591 3647 1629 su-

2030 1665 2223 1719 dorum
2250 1666 2536 1730 sustinuit;
2561 1663 2775 1734 quando
2804 1679 2931 1717 vero
2959 1678 3283 1717 coronarum
3319 1674 3531 1735 tempus
3557 1670 3651 1719 ad-

2034 1758 2153 1825 fuit,
2183 1760 2361 1814 anima
2408 1759 2522 1813 sola
2573 1759 2906 1813 coronatur?
2936 1752 3052 1813 Non
3098 1759 3252 1813 audis
3298 1759 3517 1815 Paulum
3570 1763 3651 1817 di-

2032 1855 2288 1907 centem?
2331 1853 2485 1908 Stare
2526 1869 2619 1906 nos
2659 1863 2858 1919 oportet
2907 1864 3025 1907 ante
3066 1853 3292 1907 tribunal
3336 1855 3547 1923 Christi,
3594 1868 3651 1910 ut

2032 1945 2219 2013 referat
2254 1946 2599 2016 unusquisque
2627 1945 2838 2015 propria
2863 1945 3096 2016 corporis
3116 1986 3129 2011 ,
3167 1955 3316 2014 prout
3341 1948 3516 2016 gessit,
3550 1948 3653 2002 sire

2033 2039 2241 2105 bonum,
2274 2042 2377 2094 sire
2398 2042 2587 2094 malum
2618 2040 2796 2113 (Ilom.
2824 2043 2911 2095 Μ.
2945 2041 3029 2095 10.
3058 2042 3130 2105 2;
3161 2041 3278 2094 Cor.
3314 2044 3365 2098 5.
3401 2044 3509 2112 l0).
3536 2044 3650 2099 Non

2031 2134 2187 2187 audis
2229 2135 2402 2202 ipsum
2454 2149 2641 2189 rursus
2686 2116 2998 2190 dicentem:
3035 2134 3251 2205 Oportet
3291 2138 3511 2191 mortale
3556 2138 3653 2193 hoc

2033 2226 2247 2279 induere
2287 2225 2757 2291 immortalitatem,
2812 2235 2860 2278 et
2912 2227 3246 2295 corruptibile
3292 2230 3390 2281 hoc
3438 2228 3654 2286 induere

2033 2320 2476 2389 incorruptionem
2499 2319 2576 2391 (l.
2610 2318 2730 2374 Cor.
2766 2319 2854 2373 15.
2890 2318 3024 2389 55)?
3054 2318 3321 2374 Mortale?
3347 2320 3654 2389 quodnam?

2034 2415 2269 2467 animam
2298 2429 2363 2467 au
2398 2413 2637 2483 corpus?
2667 2411 2820 2466 llaud
2856 2411 3112 2474 dubium,
3144 2413 3271 2481 quin
3302 2427 3500 2483 corpus
3532 2433 3544 2467 :
3573 2417 3651 2470 sio

2034 2503 2253 2572 quidem
2278 2504 2455 2557 anima
2487 2511 2673 2557 natura
2701 2517 2797 2558 sua
2825 2511 2910 2557 est
2936 2502 3290 2567 immortalis;
3312 2518 3516 2573 corpus
3547 2521 3647 2561 au-

2036 2604 2143 2650 tem
2170 2605 2358 2649 natura
2385 2595 2610 2650 mortale
2635 2605 2738 2649 est.
2773 2597 2842 2648 At
2862 2595 3005 2648 enim
3030 2594 3199 2648 multa
3222 2609 3286 2648 ex
3320 2596 3437 2649 istis
3461 2596 3535 2650 illi
3565 2614 3654 2651 re-

2036 2696 2254 2742 secant:
2276 2696 2513 2741 attamen
2532 2702 2597 2741 ex
2618 2687 2724 2740 illis
2743 2686 2874 2756 ipsis
2890 2700 3010 2755 qua:
3033 2696 3255 2752 reSIant,
3272 2690 3652 2757 cognationem

2035 2796 2224 2836 eorum
2241 2796 2359 2851 qua-
2379 2788 2587 2835 rcseeta
2616 2787 2743 2833 sunt
2763 2776 3255 2848 deprchendemus.
3279 2779 3558 2850 Ingressus
3571 2792 3656 2837 est

2035 2874 2175 2930 latro
2220 2875 2273 2930 in
2305 2874 2645 2946 paradisum,
2681 2874 2873 2945 inquit.
2914 2872 3054 2940 Quid
3101 2882 3214 2927 tum
3257 2875 3485 2943 postea?
3523 2892 3652 2931 num

2035 2967 2181 3023 enim
2209 2966 2325 3023 haec
2352 2966 2438 3021 illa
2469 2974 2596 3020 sunt
2624 2966 2787 3033 bona,
2814 2980 2936 3037 qua:
2966 2964 3121 3019 nobis
3152 2964 3293 3018 Deus
3324 2966 3655 3034 pollicetur?

2108 3062 2163 3117 5.
2192 3060 2310 3115 Non
2332 3060 2485 3116 audis
2510 3060 2637 3131 quid
2670 3059 2737 3113 de
2764 3059 2922 3113 bonis
2952 3058 3058 3111 illis
3090 3057 3287 3111 Paulus
3313 3058 3502 3112 dicat?
3529 3058 3659 3124 Quae

2036 3154 2217 3208 oculus
2244 3170 2345 3207 non
2375 3152 2521 3215 vidit,
2552 3161 2597 3205 et
2621 3150 2762 3205 auris
2793 3166 2897 3204 non
2919 3148 3137 3215 audivit,
3162 3158 3207 3201 et
3232 3149 3287 3201 in
3315 3165 3404 3202 eor
3435 3150 3658 3208 hominis

2037 3262 2141 3301 non
2178 3245 2518 3301 ascenderunt
2545 3242 2624 3313 (l.
2674 3241 2795 3296 Cor.
2839 3240 2897 3295 2.
2928 3238 3022 3311 9):
3051 3238 3199 3309 atqui
3244 3238 3555 3309 paradisum
3599 3250 3662 3297 et

2035 3340 2225 3396 oculus
2261 3339 2392 3393 vidit
2422 3336 2636 3399 Adami,
2666 3346 2719 3391 et
2746 3334 2893 3389 auris
2936 3333 3166 3397 audivit,
3204 3340 3258 3388 et
3282 3347 3378 3389 cor
3422 3332 3662 3390 hominis

2035 3432 2294 3501 excepit:
2326 3429 2511 3483 multis
2533 3431 2679 3483 enim
2714 3429 2823 3497 jam
2855 3426 3047 3481 diebus
3072 3425 3140 3479 de
3181 3425 3277 3480 illo
3318 3425 3481 3481 verba
3518 3426 3656 3482 fact-

2034 3538 2154 3579 mus
2186 3542 2199 3577 :
2233 3520 2508 3593 quomodo
2540 3519 2701 3591 igitur
2742 3520 2882 3572 bona
2914 3518 3053 3572 latro
3089 3515 3337 3586 recepit?
3361 3515 3479 3571 Non
3506 3517 3655 3575 enini

2032 3618 2172 3674 sein
2222 3614 2523 3687 paradisum
2564 3627 2662 3668 nos
2702 3610 3130 3667 introducturum
3179 3608 3445 3679 promittit
3472 3609 3654 3676 Deus,

2031 3711 2128 3767 sed
2152 3710 2203 3765 in
2235 3712 2411 3780 ipsum
2432 3708 2624 3764 cadum
2656 3724 2669 3763 :
2701 3720 2875 3777 neque
2898 3720 3120 3775 regnum
3150 3704 3405 3776 paradisi,
3439 3705 3533 3761 sed
3562 3722 3653 3763 rc-

2030 3819 2197 3876 gnum
2222 3802 2480 3858 etclorum
2515 3798 2845 3871 prtedicavit.
2879 3797 3039 3868 Crepit
3080 3797 3248 3858 enim.
3284 3796 3493 3869 inquit,
3518 3816 3657 3870 pra:-

2033 3896 2225 3960 dicare,
2265 3903 2313 3948 et
2362 3892 2553 3957 dicere,
2588 3889 2946 3945 Pmnitentiam
2987 3888 3124 3959 agite
3168 3887 3387 3958 (Matth.
3434 3890 3489 3945 4.
3522 3891 3638 3962 l7)i

2032 3985 2465 4059 approyinquavit
2488 3983 2659 4049 enim,
2691 3995 2797 4036 non
2842 3994 3070 4051 regnum
3112 3979 3372 4049 paradisi,
3420 3980 3538 4045 sed,
3572 3998 3657 4037 rs-

2031 4095 2190 4152 gnum
2227 4076 2494 4132 striarum.
2523 4073 2658 4130 Nam
2687 4084 2741 4128 tu
2778 4070 2999 4143 quidem
3040 4072 3350 4143 paradisum
3393 4073 3650 4141 amisisti,

2035 4172 2180 4227 Deus
2204 4180 2383 4225 autem
2425 4165 2619 4223 etclam
2646 4164 2740 4221 tibi
2770 4163 2940 4226 dedit,
2988 4172 3047 4218 ut
3076 4177 3190 4217 sua:
3238 4163 3330 4219 tibi
3370 4165 3653 4233 specimen

2032 4264 2219 4320 ederet
2258 4260 2633 4332 benignitatis,
2672 4272 2737 4314 ac
2767 4256 2987 4312 diabolo
3025 4255 3269 4311 dolorem
3300 4255 3563 4324 inureret,
3597 4270 3655 4315 ct

2030 4353 2362 4417 ostenderet,
2384 4351 2595 4407 tametsi
2620 4349 2935 4405 innumeras
2961 4348 3051 4403 ille
3074 4351 3127 4402 lu
3153 4362 3328 4420 genus
3350 4347 3660 4409 humanum

2033 4446 2257 4503 insidias
2300 4445 2581 4511 moliatur,
2614 4443 2748 4499 nihil
2802 4452 2983 4498 tamen
3022 4442 3128 4497 hoc
3156 4442 3235 4497 illi
3279 4443 3648 4513 profuturam,

2028 4553 2152 4596 cum
2182 4538 2324 4593 Deus
2359 4550 2576 4608 semper
2601 4535 2864 4606 majorem
2890 4534 2958 4590 ad
3000 4534 3259 4590 honorem
3307 4549 3409 4591 uos
3430 4537 3648 4595 evehat.

2030 4630 2273 4686 Amisisti
2321 4644 2454 4702 ergo
2498 4629 2842 4700 paradisum,
2890 4636 2944 4683 et
2987 4628 3183 4682 caelum
3231 4626 3326 4682 tibi
3373 4627 3515 4684 Deus
3557 4639 3647 4679 ra-

2028 4723 2274 4778 seravit:
2325 4719 2653 4791 temporaria
2706 4718 2892 4775 labore
2940 4717 3230 4774 damnatus
3280 4732 3373 4785 es,
3427 4729 3481 4775 ct
3530 4720 3646 4777 vita

2027 4825 2229 4871 mterna
2255 4813 2563 4870 decoratus.
2595 4809 2860 4882 Prmcepit
2890 4818 3051 4865 terra:
3084 4818 3142 4865 ut
3161 4811 3346 4881 spinas
3374 4812 3648 4881 proferret

2026 4922 2091 4963 ac
2122 4905 2384 4973 tribulos,
2414 4915 2472 4962 et
2516 4904 2748 4960 fructum
2794 4902 2892 4960 tibi
2939 4902 3174 4973 Spiritus
3215 4902 3394 4958 anima
3439 4906 3647 4974 gerati-

2028 5001 2175 5057 navit
2203 4998 2357 5073 (Gen.
2389 5000 2444 5056 ‘5.
2490 4998 2605 5070 18).
2638 4997 2806 5054 Vides
2837 5006 2896 5053 ut
2940 4997 3176 5066 majores
3206 4998 3317 5051 sint
3354 4997 3528 5066 pinnis
3558 4998 3645 5054 fa—

2025 5097 2284 5159 cultates,
2315 5104 2374 5148 ut
2402 5093 2699 5163 ampliores
2724 5092 2834 5147 siut
2867 5090 3106 5147 divitiae?
3134 5089 3377 5159 Exempli
3422 5104 3588 5148 catis:
3623 5106 3647 5152 :

2029 5189 2281 5245 formavit
2307 5188 2451 5244 Deus
2492 5187 2766 5242 hominem
2796 5201 2830 5242 e
2861 5195 3005 5241 terra
3045 5194 3103 5240 et
3151 5199 3312 5254 aqua,
3358 5184 3648 5257 ipsumque

2028 5283 2208 5355 posuit
2234 5282 2285 5336 in
2314 5279 2584 5351 paradiso.
2615 5277 2732 5334 Non
2759 5278 2931 5333 evasit
2975 5277 3130 5331 boote
3177 5275 3343 5347 frugis
3364 5316 3379 5339 ,
3409 5278 3500 5347 qui
3531 5277 3648 5334 for-

2026 5387 2202 5432 matus
2228 5374 2421 5440 fuerat,
2450 5372 2545 5428 sed
2571 5372 2896 5442 depravatus
2928 5380 3047 5425 est:
3084 5386 3189 5425 ιιοιι
3212 5370 3324 5439 jam
3352 5385 3383 5425 e
3414 5378 3557 5427 terra
3591 5385 3650 5431 et

2024 5482 2160 5535 aqua
2188 5466 2363 5536 ipsum
2395 5464 2628 5535 reﬁngit,
2657 5462 2751 5518 sed
2781 5479 2847 5520 ex
2874 5478 3013 5533 aqua
3040 5474 3095 5517 et
3122 5462 3323 5531 Spiritu
3355 5479 3369 5516 :
3399 5478 3505 5517 non
3526 5464 3643 5534 jam

2026 5559 2100 5613 illi
2145 5558 2488 5629 paradisum,
2518 5557 2611 5613 sed
2656 5573 2879 5627 regnum
2920 5556 3178 5611 calorum
3218 5555 3527 5626 pollicetur.
3574 5558 3645 5613 Et

2024 5667 2132 5721 quo
2160 5662 2314 5720 pacto
2337 5649 2386 5704 id
2412 5650 2522 5716 ﬁat,
2550 5649 2697 5704 audi.
2727 5648 2862 5704 Cum
2885 5650 3029 5704 enim
3057 5649 3305 5719 princeps
3323 5645 3641 5707 Judamrutu

2031 5744 2355 5800 Nicodemns
2391 5744 2571 5812 lapsus
2596 5752 2771 5807 esset,
2802 5751 2854 5796 et
2888 5742 3048 5811 hujus
3080 5744 3205 5795 vitm
3239 5744 3431 5796 natalia
3466 5743 3644 5813 lltqltl-

2027 5848 2195 5903 reret,
2246 5836 2578 5907 diceretque,
2630 5836 2745 5889 ticri
2790 5852 2897 5887 non
2948 5850 3137 5903 posse.
3172 5843 3225 5887 ιιι
3265 5848 3431 5887 senex
3461 5834 3643 5889 denuo

2030 5937 2361 5991 nasceretur,
2384 5945 2402 5979 ι
2418 5926 2502 5983 ide
2524 5942 2629 5998 quo
2653 5937 2809 5997 pacto
2829 5926 3078 5983 Christus
3102 5925 3175 5979 ιΙΙι
3203 5924 3400 5980 clarius
3422 5922 3643 5980 modum
