4180 6474
603 419 705 474 Olli

601 534 815 605 detegat
842 530 1114 587 natalium.
1143 527 1260 582 A'isi
1296 528 1406 584 auis
1423 536 1569 580 natus
1582 525 1732 597 fuerit
1754 539 1816 578 ex
1836 537 1968 593 aqua
1988 531 2033 576 et
2058 517 2185 588 Spi-

606 642 625 676 r
635 626 727 688 itu,
745 640 841 678 non
855 630 1011 692 potest
1023 617 1294 675 introiroin
1305 634 1510 689 regnum
1523 617 1761 671 calorum
1776 612 1934 684 (Joan
1948 614 2004 668 ,⁸5
2016 613 2070 666 ,4
2087 611 2189 672 .5).

617 717 670 768 Si
724 714 881 783 igitur
930 725 1149 782 regnum
1189 709 1443 765 ett-lorum
1484 706 1754 778 promisit,
1791 708 1842 760 in
1888 703 2188 775 paradisum

607 819 781 860 autem
799 805 1061 858 latronem
1086 801 1400 866 introduxit,
1419 801 1652 854 nondum
1675 799 1749 854 illi
1769 799 1904 853 bona
1923 794 2190 851 retribuit.

680 895 816 963 Quid
851 895 1053 947 nomine
1087 893 1314 964 paradisi
1350 894 1414 946 sit
1457 890 1859 962 intelligendum.
1895 917 1968 929 —
1997 887 2190 942 Verum

606 984 746 1039 aliud
799 993 1056 1054 praeterea
1096 982 1346 1055 quiddam
1388 981 1662 1051 objiciunt.
1715 979 2047 1043 Paradisum,
2108 979 2189 1032 in-

604 1075 814 1145 qttittnl,
849 1075 948 1129 hoc
978 1085 1130 1139 loco,
1160 1088 1265 1128 non
1297 1073 1597 1142 paradisum
1629 1071 1798 1136 dixit,
1833 1072 1928 1126 sed
1961 1071 2190 1140 paradisi

608 1167 824 1223 nomine
865 1179 1086 1235 regnum
1115 1163 1369 1221 ca-lorutu
1415 1162 1736 1234 designavit.
1766 1161 1898 1218 Nam
1948 1163 2070 1231 quia
2114 1164 2190 1216 lt-

606 1266 814 1313 tronotn
865 1255 1263 1323 alloquebatur,
1300 1253 1569 1310 hominem
1612 1253 1706 1324 qui
1736 1253 2050 1309 sublimibus
2101 1256 2192 1305 do.

603 1345 870 1416 gmntilnts
909 1345 1142 1402 imbutus
1173 1360 1279 1400 non
1323 1345 1528 1412 fuerat,
1577 1360 1750 1415 neque
1793 1344 1863 1400 de
1915 1343 2190 1414 prophetia

605 1437 894 1509 quidquam
923 1445 1164 1504 noverat,
1197 1436 1290 1492 sed
1311 1451 1472 1492 omne
1500 1446 1707 1505 tempus
1729 1436 1782 1490 in
1813 1435 2039 1489 desertis
2064 1433 2193 1487 locis

606 1536 964 1599 transegerat,
991 1528 1272 1598 etdesque
1301 1535 1555 1595 patraret,
1585 1540 1758 1596 neque
1787 1524 1851 1577 ad
1877 1524 2192 1578 concionem

606 1636 856 1690 umquam
881 1620 932 1674 itt
963 1620 1188 1680 transitu
1214 1618 1529 1684 declinarat,
1558 1632 1730 1687 neque
1752 1633 1919 1672 sacra:
1945 1616 2194 1672 lectionis

609 1711 875 1777 particeps
908 1709 1114 1773 fuerat,
1157 1722 1331 1778 neque
1373 1706 1499 1778 quid
1547 1707 1760 1762 tandem
1791 1717 1935 1762 esset
1972 1721 2192 1776 regnum

607 1800 856 1862 tatlorutn
885 1807 1128 1864 noverat,
1164 1799 1265 1854 hoc
1300 1796 1516 1854 dicebat
1545 1815 1558 1851 :
1595 1796 1764 1852 Hodie
1788 1814 1982 1852 mecum
2016 1797 2193 1850 crisin

609 1891 850 1960 paradiso
883 1889 1034 1959 (Luc.
1064 1889 1155 1946 23.
1192 1891 1319 1962 l5);
1353 1890 1546 1946 notiori
1574 1899 1624 1944 et
1670 1890 1931 1945 usitatiori
1977 1892 2194 1946 nomine

606 1983 833 2055 paradisi
866 1999 1088 2054 regnum
1114 1983 1366 2038 caelorum
1396 1982 1688 2053 significat,
1714 1991 1767 2036 et
1805 1982 1873 2037 de
1903 1982 1994 2038 illo
2035 1983 2191 2038 Chri-

609 2083 724 2131 stus
766 2075 837 2129 ad
894 2075 1066 2145 ipsum
1111 2073 1271 2132 verba
1321 2072 1474 2128 facit.
1527 2072 1786 2128 Admitto.
1836 2072 1989 2130 Unde
2035 2074 2194 2145 igitur

605 2174 818 2226 cOnstat
857 2165 1030 2235 ipsum
1074 2166 1126 2221 in
1161 2180 1381 2236 regnum
1409 2164 1663 2220 ca-lorum
1712 2166 2006 2236 ingressum
2038 2169 2194 2223 esse?

609 2259 689 2318 Ex
716 2260 786 2313 eo
807 2262 953 2328 quod
991 2258 1208 2323 dixerit,
1246 2257 1414 2312 Hodie
1460 2275 1654 2312 mecum
1698 2261 1796 2313 eris
1833 2261 1885 2313 in
1925 2261 2188 2329 paradiso.

604 2349 755 2418 Quod
783 2351 828 2406 si
858 2350 1140 2408 violentior
1160 2350 1278 2406 han:
1303 2351 1499 2405 solutio
1530 2349 1792 2419 videatur,
1821 2353 2192 2408 dilucidiorcm

602 2443 972 2513 adjungcmus.
1014 2446 1266 2510 Quatnam
1295 2443 1383 2496 illa
1426 2456 1584 2512 porro
1611 2444 1730 2497 est?
1753 2442 1999 2499 Christus
2037 2445 2190 2511 dixit,

607 2536 708 2601 Qui
753 2552 853 2590 non
890 2535 1047 2589 credit
1089 2553 1141 2590 tn
1191 2535 1404 2598 Filium,
1426 2537 1541 2605 jam
1579 2536 1846 2605 judicatus
1894 2549 1966 2592 est
2013 2537 2190 2608 (Joan.

601 2625 655 2679 3.
689 2624 798 2692 18).
835 2624 972 2692 Quid
1013 2625 1206 2694 igitur?
1228 2624 1413 2696 jamuc
1429 2626 1696 2696 judicatus
1723 2628 1841 2682 est?
1873 2631 2029 2699 At1ui
2055 2647 2191 2685 non-

602 2715 729 2772 dtttn
758 2723 842 2769 est
871 2716 1194 2769 resurrectio
1213 2757 1228 2781 ,
1258 2715 1492 2770 nondum
1535 2718 1852 2786 supplicium
1897 2730 1946 2774 et
1979 2735 2148 2788 penne
2178 2739 2192 2777 :

601 2807 871 2878 quomodo
898 2822 1029 2878 ergo
1051 2807 1160 2876 jam
1186 2807 1451 2877 judicatus
1479 2811 1597 2864 est?
1623 2810 1845 2878 Propter
1882 2823 2190 2879 peccatum.

604 2899 669 2955 Et
700 2913 882 2954 rursus
913 2913 935 2962 ξ
977 2898 1079 2965 Qui
1118 2900 1277 2952 credit
1319 2899 1370 2952 in
1397 2898 1610 2966 Filium,
1660 2901 1849 2970 inquit,
1875 2904 2104 2956 transivit
2132 2905 2195 2959 de

603 3000 762 3044 morte
788 2991 859 3044 ad
884 2991 1037 3045 vitam
1061 2989 1238 3063 (loca.
1271 2991 1322 3046 5.
1354 2988 1468 3062 2i).
1495 2990 1673 3062 Neque
1699 2992 1860 3058 dixit,
1888 2993 2190 3063 Transihit,

601 3081 696 3140 sed
718 3125 731 3142 ι
753 3082 862 3153 jam
897 3082 1169 3148 Transivit,
1193 3093 1249 3140 et
1276 3084 1360 3140 hic
1377 3100 1562 3139 rursus
1587 3096 1799 3154 propter
1821 3088 2015 3141 bonum
2035 3104 2191 3159 opus,

602 3185 660 3234 et
687 3175 775 3231 ille
820 3191 1005 3232 rursus
1045 3187 1262 3247 propter
1307 3187 1599 3247 peccatum.
1641 3179 1706 3233 [ι
1737 3180 1895 3248 igitur
1931 3196 2067 3236 unus
2107 3183 2191 3251 ju-

603 3265 813 3322 dicatus
845 3277 946 3330 est,
978 3281 1097 3321 cum
1132 3268 1365 3322 nondum
1396 3267 1553 3322 fuerit
1579 3268 1866 3338 judicatus,
1897 3272 2034 3327 alter
2061 3289 2192 3343 quo-

604 3371 710 3426 que
739 3355 982 3411 transivit
1018 3357 1086 3410 ad
1117 3357 1277 3411 vitam
1300 3398 1315 3422 ,
1357 3373 1474 3412 cum
1527 3359 1760 3414 nondum
1813 3364 2110 3430 transierit,
2141 3375 2196 3421 et

603 3459 711 3505 tam
751 3449 826 3505 ad
863 3463 1027 3504 unum
1076 3449 1146 3503 ob
1191 3451 1390 3504 bonum
1437 3467 1606 3518 opus,
1654 3468 1810 3521 quam
1861 3455 1924 3508 ad
1967 3456 2190 3512 alterum

602 3541 672 3598 ob
697 3550 995 3612 peccatum,
1026 3539 1178 3611 quasi
1200 3540 1308 3610 jam
1337 3556 1424 3595 res
1449 3542 1758 3609 acciderint,
1789 3560 1909 3598 rum
1956 3548 2191 3602 nondum

602 3633 916 3701 acciderint,
949 3633 1110 3689 verba
1157 3632 1322 3689 facit:
1360 3633 1438 3688 sic
1478 3643 1530 3688 et
1562 3634 1626 3688 ad
1673 3635 1929 3691 latronem
1962 3639 2191 3694 dicebat.

603 3723 738 3779 Nam
764 3733 818 3778 et
845 3725 1036 3779 medici
1068 3734 1345 3795 postquam
1375 3725 1603 3796 aliquem
1623 3727 1960 3795 desperatum
1993 3731 2191 3797 vident,

608 3831 732 3872 cum
747 3815 969 3886 periisse
985 3815 1091 3886 jam
1115 3824 1170 3871 et
1196 3825 1459 3871 mortuum
1483 3832 1604 3872 esse
1623 3805 1828 3886 dicunt,
1854 3823 2065 3876 tametsi
2089 3825 2195 3891 spi-

611 3917 818 3965 rantem
846 3907 1021 3963 adhuc
1067 3908 1358 3964 intuentur.
1391 3909 1497 3964 Sed
1535 3921 1589 3963 ttt
1622 3911 1730 3976 ille,
1761 3915 2011 3981 quoniam
2049 3917 2193 3971 nulla

608 4007 857 4070 superest
885 4015 1009 4071 spes
1033 4000 1148 4071 ejus
1174 3999 1383 4069 salutis,
1411 4003 1548 4071 apud
1573 4003 1806 4059 medicos
1822 4006 1931 4075 jam
1955 4019 2196 4064 mortuus

610 4102 694 4149 est
723 4111 738 4147 :
765 4093 844 4148 sic
883 4094 1043 4148 etiam
1074 4094 1244 4161 latro,
1291 4097 1539 4164 quoniam
1583 4098 1874 4165 periculum
1922 4117 2078 4155 omne
2106 4118 2194 4156 re-

609 4181 871 4238 versionis
901 4185 965 4238 ad
996 4182 1344 4254 perditionem
1369 4185 1478 4254 jam
1511 4199 1772 4254 evaserat,
1805 4191 1856 4244 in
1887 4193 2075 4245 caelum
2111 4209 2191 4246 tn-

612 4274 790 4329 travit.
816 4274 907 4329 Sic
937 4275 1098 4328 etiam
1140 4273 1341 4328 audivit
1371 4275 1538 4328 Adam
1574 4295 1586 4328 :
1622 4277 1733 4344 Quo
1761 4280 1840 4332 die
1879 4292 2044 4335 autem
2080 4284 2197 4337 ede-

619 4367 731 4423 tritis
756 4383 818 4421 ex
842 4382 922 4433 eo,
952 4376 1113 4419 morte
1135 4366 1419 4419 ntoriemini
1446 4366 1595 4438 (Gen.
1625 4369 1679 4420 2.
1716 4370 1822 4440 l7).
1847 4372 1982 4438 Quid
2007 4375 2196 4443 igitur?

609 4478 677 4515 an
724 4462 815 4516 illo
841 4461 959 4530 ipso
991 4459 1079 4515 dic
1122 4471 1362 4514 mortuus
1403 4460 1522 4514 est?
1553 4461 1918 4532 Nequaquam,
1955 4467 2046 4520 sed
2077 4477 2199 4537 post

608 4553 754 4606 illum
779 4551 922 4607 diem
948 4559 1247 4622 nongentos
1271 4550 1398 4605 vixit
1420 4560 1474 4605 et
1493 4553 1670 4620 plures
1695 4569 1883 4609 annos.
1911 4557 2016 4611 Cur
2041 4560 2198 4629 igitur

611 4646 746 4699 dixit
771 4645 938 4706 Deus,
972 4645 1062 4699 Illa
1108 4644 1217 4712 ipsa
1253 4642 1340 4697 dic
1377 4645 1716 4699 tttorictniui?
1745 4645 2036 4714 Sententia,
2089 4669 2194 4708 non

617 4735 967 4804 experientia.
1001 4733 1092 4789 Sic
1126 4733 1287 4788 etiam
1319 4734 1454 4788 latro
1486 4735 1535 4788 in
1568 4736 1754 4790 cadum
1794 4740 2061 4808 ingressus
2091 4756 2192 4799 est.

616 4827 748 4882 Audi
777 4840 926 4888 sane,
955 4824 1078 4894 quid
1108 4824 1249 4878 dicat
1277 4824 1491 4887 Paulus,
1525 4835 1581 4878 ut
1610 4828 1873 4882 neminem
1903 4832 2073 4887 adhuc
2103 4834 2194 4889 ho-

614 4932 803 4972 rtorum
844 4914 1247 4970 retributionem
1289 4915 1561 4982 accepisse
1607 4915 1882 4973 declaret:
1930 4937 2048 4974 nam
2075 4939 2194 4979 cum

610 5008 678 5060 de
708 5006 983 5076 prophetis
1009 5020 1070 5059 ac
1089 5006 1246 5073 justis
1267 5006 1577 5071 dissereret,
1601 5007 1794 5078 adjecit
1824 5027 1835 5062 :
1858 5010 2025 5065 Juxta
2045 5015 2196 5082 ﬁdem

614 5099 840 5157 defuncti
870 5105 987 5150 sunt
1018 5096 1099 5149 isti
1125 5111 1314 5159 omnes,
1342 5111 1454 5148 cum
1486 5099 1896 5166 repromissiones
1924 5120 2020 5155 non
2051 5123 2195 5159 arre-

612 5199 818 5258 pmcnt,
847 5188 935 5242 sed
963 5205 994 5241 a
1023 5189 1170 5258 longe
1196 5204 1278 5242 eas
1307 5189 1636 5257 aspexissent,
1665 5203 1711 5245 et
1739 5193 2058 5258 salutassent,
2094 5197 2198 5252 Dco

613 5282 788 5339 melius
825 5279 1017 5350 aliquid
1056 5294 1147 5348 pro
1175 5279 1318 5332 nobis
1353 5280 1674 5346 providente,
1707 5293 1759 5335 nt
1795 5301 1893 5338 non
1921 5288 2027 5340 sine
2061 5291 2200 5344 nobis

608 5384 1078 5429 consummarentur
1116 5372 1300 5442 (Hebr.
1335 5373 1421 5426 ll.
1463 5372 1549 5426 15.
1582 5373 1695 5441 40).
1743 5375 1864 5431 ΙΙτιτρ
1895 5391 2092 5446 notate,
2137 5399 2199 5438 ac

614 5464 869 5519 memoria
910 5473 1108 5530 tenete,
1137 5479 1333 5533 eosque
1361 5464 1448 5533 qui
1493 5479 1598 5519 non
1629 5466 1908 5523 audierunt
1928 5513 1941 5535 ,
1976 5475 2196 5541 docete;

609 5565 770 5624 atque
811 5556 926 5610 hzec
967 5556 1018 5609 in
1063 5555 1318 5617 ecclesia,
1361 5555 1412 5622 in
1459 5553 1578 5609 (oro
1625 5572 1686 5609 ac
1729 5559 1868 5613 domi
1917 5569 2199 5635 unusquis-

610 5663 712 5713 que
743 5647 1047 5702 meditetur.
1088 5643 1226 5699 Nihil
1265 5645 1403 5699 enim
1442 5661 1592 5700 sacra
1627 5648 1852 5705 lecticae
1888 5653 2191 5721 jucundius,

615 5739 774 5805 Audi,
801 5755 1005 5808 qttarso,
1027 5737 1153 5807 quid
1183 5737 1248 5791 de
1273 5737 1358 5790 illa
1386 5739 1527 5791 dicat
1559 5741 1815 5809 propinata
1845 5762 1854 5796 :
1890 5746 2051 5812 Quam
2083 5751 2198 5803 dul-

610 5845 691 5884 εδει
736 5830 965 5896 faucibus
1016 5829 1136 5882 utris
1182 5830 1379 5898 eloquia
1423 5841 1544 5898 tua,
1597 5847 1748 5900 super
1790 5838 1883 5890 mel
1931 5852 1971 5892 ct
2025 5847 2197 5910 fat-nm

1313 413 1367 469 S.
1409 410 1687 471 JO.\NNIS
1715 400 2191 467 ειιιιγδοδτωιι

2300 400 2546 458 lClllEP.
2588 399 3123 459 CONSTANTINOP.
3797 402 3850 451 ti:
3868 406 3893 450 ti

2299 516 2376 570 ori
2400 532 2511 571 meo
2538 514 2712 570 lPsal.
2747 515 2869 570 ll8.
2905 515 3051 585 105).
3091 513 3242 569 lluuc
3282 512 3461 582 itaque
3489 511 3666 567 favum
3713 512 3767 567 in
3807 528 3892 565 vc-

2298 614 2537 679 spertina
2585 627 2772 666 mensa
2827 625 3066 682 appone,
3117 618 3174 662 ut
3232 616 3394 661 totam
3445 607 3592 660 illaut
3622 605 3893 676 spirituali

2297 704 2510 773 replens
2560 704 2854 774 voluptate.
2890 702 3005 758 Non
3049 700 3242 756 vidctis
3289 699 3536 755 homines
3585 699 3894 768 opulentos,

2298 794 2571 864 quomodo
2602 803 2722 864 post
2763 794 2948 865 epulas
2976 791 3303 848 cithara-dos
3344 805 3408 851 ac
3455 790 3704 846 tibicines
3730 789 3896 843 intro-

2300 883 2536 940 ducam?
2582 885 2659 939 ΙΙΙὶ
2705 899 2830 939 suas
2862 883 3009 940 a‘tles
3057 884 3324 938 theatrum
3367 883 3637 947 efficiunt;
3685 891 3742 938 tu
3783 892 3896 937 tuas

2298 977 2444 1032 aedes
2491 978 2682 1032 caelum
2732 977 2887 1033 effice
2921 995 2935 1032 :
2965 977 3015 1032 id
3062 992 3190 1031 vero
3221 975 3444 1039 eflieies,
3503 992 3610 1030 non
3662 976 3896 1046 parietes

2300 1072 2608 1133 immutans,
2627 1079 2720 1124 aut
2741 1068 3068 1125 transferens
3084 1069 3450 1134 fundamenta,
3472 1067 3566 1123 sed
3591 1068 3635 1123 si
3661 1067 3730 1123 ad
3752 1077 3895 1122 tuam

2299 1175 2537 1215 nn-nsam
2581 1160 2864 1214 Dominum
2900 1160 3072 1230 ipsum
3118 1159 3377 1214 cat-lorum
3406 1173 3583 1213 voces.
3618 1157 3735 1213 Non
3770 1173 3895 1212 cru-

2300 1253 2470 1306 bescit
2515 1250 2780 1321 ejusmodi
2827 1251 3092 1306 convivia
3124 1250 3283 1304 Deus.
3327 1249 3427 1306 Ubi
3466 1265 3695 1320 namque
3737 1250 3894 1319 spiri-

2297 1343 2456 1397 tualis
2483 1343 2750 1409 doetrina,
2782 1344 2856 1399 ibi
2903 1354 2957 1399 ct
3005 1343 3379 1414 temperantia,
3426 1352 3482 1397 et
3530 1343 3892 1406 modestia,et

2299 1437 2490 1492 lenitas
2519 1454 2533 1491 :
2562 1437 2650 1492 tibi
2681 1437 2760 1492 vir
2804 1448 2856 1491 et
2890 1452 3024 1492 uxor
3053 1451 3116 1491 ac
3145 1435 3318 1501 liberi,
3362 1434 3650 1492 concordia
3678 1445 3734 1490 et
3757 1437 3890 1492 ami-

2299 1529 2423 1588 citia
2469 1539 2522 1582 et
2569 1529 2782 1584 virtutis
2816 1527 3044 1582 vinculis
3096 1529 3298 1582 fuerint
3337 1528 3595 1597 colligati,
3639 1525 3749 1581 illic
3775 1543 3891 1581 vcr-

2299 1628 2449 1674 satur
2477 1620 2526 1672 itt
2557 1619 2734 1673 medio
2765 1617 3028 1673 Christus.
3059 1616 3177 1672 Non
3207 1617 3348 1671 enim
3381 1633 3605 1671 aureutn
3641 1621 3891 1686 laqttcarc

2299 1711 2513 1780 quau-it,
2543 1726 2642 1765 nec
2671 1711 3042 1764 columnarum
3079 1709 3336 1780 fulgorem
3359 1752 3374 1766 .
3405 1723 3578 1777 neque
3610 1708 3892 1764 marmoris

2299 1803 2789 1873 pulchritudinem,
2819 1803 2911 1857 sed
2946 1804 3140 1857 anima:
3185 1803 3296 1855 dcc.
3323 1817 3433 1856 rem
3461 1816 3525 1855 ac
3560 1803 3754 1855 mentis
3782 1799 3891 1854 for-

2297 1913 2460 1962 mam,
2506 1909 2560 1953 et
2603 1913 2844 1952 mensam
2881 1898 3088 1967 justitia
3132 1897 3415 1959 refertam,
3447 1907 3502 1953 ct
3535 1898 3892 1968 electnosyna:

2300 1992 2561 2046 fructibus
2615 1989 2997 2047 abundantem.
3049 1990 3199 2057 Quod
3246 1990 3289 2042 si
3343 2004 3584 2043 mensam
3631 1987 3890 2058 ejusmodi

2299 2083 2512 2149 viderit,
2544 2085 2826 2138 conchtim
2867 2083 3129 2152 ejusmodi
3159 2091 3461 2136 conventus
3501 2083 3558 2135 tit
3591 2084 3886 2150 particeps,

2298 2187 2352 2231 et
2377 2177 2428 2230 in
2457 2191 2580 2229 eum
2613 2189 2672 2229 se
2718 2174 2895 2228 infert.
2946 2174 3061 2242 lpsc
3087 2175 3229 2228 enim
3277 2181 3378 2237 est,
3425 2172 3513 2242 qui
3557 2173 3695 2226 dixit
3723 2190 3735 2226 :
3763 2171 3894 2225 Este-

2299 2271 2508 2323 rientem
2539 2285 2617 2322 me
2655 2269 2881 2335 vidistis,
2913 2279 2961 2321 et
2991 2269 3194 2322 aluistis
3226 2267 3438 2336 (Matt/1.
3467 2266 3557 2320 9.5.
3608 2267 3720 2334 55).
3762 2264 3890 2318 Cntn

2298 2359 2458 2428 igitur
2488 2358 2712 2413 inferius
2744 2373 2932 2427 magna
2963 2373 3094 2413 voce
3119 2358 3441 2412 clamantem
3474 2355 3744 2410 audiveris
3769 2372 3891 2426 pau-

2299 2463 2502 2520 pcretn,
2534 2447 2730 2505 deinde
2765 2447 3038 2518 quidpiam
3086 2462 3271 2503 eorum
3324 2464 3446 2516 qua:
3492 2448 3739 2516 apposita
3771 2457 3891 2500 smtt

2299 2541 2369 2598 de
2398 2557 2584 2598 mensa
2616 2557 2787 2612 egeno
2830 2541 3068 2606 dederis,
3102 2541 3385 2596 Dominum
3418 2541 3483 2594 ad
3515 2555 3758 2594 mensam
3799 2557 3889 2592 vo-

2299 2633 2430 2688 casti
2465 2649 2560 2703 per
2591 2649 2828 2700 servum,
2852 2643 2908 2686 et
2933 2634 3077 2686 illam
3107 2642 3270 2686 totum
3302 2632 3393 2686 Dei
3427 2630 3891 2686 benedictionibus

2299 2724 2592 2794 rcplevisti,
2621 2725 2926 2794 oblatisque
2958 2724 3204 2794 primitiis
3235 2725 3520 2778 maximam
3553 2724 3888 2777 occasiOuetn

2299 2827 2384 2871 tua
2416 2819 2778 2888 promptuaria
2809 2818 3052 2888 plurimis
3076 2815 3378 2886 complendi
3408 2816 3564 2870 bonis
3591 2814 3891 2884 prtebuisti.

2299 2910 2438 2964 Deus
2465 2919 2645 2964 autem
2671 2909 2815 2979 pacis
2836 2918 2890 2964 et
2912 2908 3175 2974 caritatis,
3199 2909 3289 2977 qui
3318 2908 3407 2961 dat
3437 2923 3628 2976 panem
3652 2908 3717 2960 ad
3745 2920 3897 2959 mau-

2297 3001 2629 3067 ducandum,
2669 3011 2723 3055 et
2748 3016 2933 3055 semen
2966 2999 3288 3064 seminanti,
3317 3007 3549 3053 vestram
3593 3007 3893 3051 sementem

2298 3094 2644 3162 multiplicet,
2677 3106 2732 3148 et
2753 3103 2948 3158 augeat
2985 3093 3314 3147 incrementa
3348 3093 3561 3159 frugum
3588 3091 3809 3157 justitiu-
3839 3089 3892 3142 in

2299 3187 2549 3242 omnibus
2591 3185 2761 3249 vobis,
2805 3200 2957 3240 snam
2999 3185 3132 3240 dans
3175 3184 3426 3255 gratiam,
3476 3198 3680 3252 vosque
3731 3198 3896 3251 regno

2297 3279 2550 3334 mulorum
2592 3278 2840 3348 dignetur
2888 3276 2967 3350 (2.
3015 3275 3133 3330 Cor.
3172 3275 3225 3331 9.
3271 3275 3361 3344 l0)
3395 3290 3408 3327 :
3450 3273 3603 3342 cujus
3645 3289 3745 3328 nos
3774 3289 3894 3343 par-

2300 3374 2485 3442 ticipes
2518 3373 2634 3426 ficri
2677 3372 2988 3440 contingat,
3014 3369 3179 3440 gratia
3211 3379 3266 3423 ct
3309 3367 3636 3438 benignitate
3686 3367 3891 3421 ltotnini

2298 3463 2466 3516 nostri
2497 3461 2623 3517 .lesu
2657 3463 2854 3517 Christi
2876 3501 2892 3528 ,
2930 3477 3024 3530 per
3049 3475 3206 3529 quem
3236 3469 3289 3514 et
3319 3475 3438 3513 Cum
3465 3476 3569 3529 quo
3594 3458 3763 3530 gloria
3793 3459 3892 3512 Pa-

2299 3556 2394 3619 tri,
2428 3564 2480 3607 et
2511 3555 2731 3623 Spiritui
2761 3563 2967 3615 saneto,
2999 3567 3142 3608 nunc
3168 3561 3500 3622 etscmper,
3529 3561 3582 3606 et
3613 3551 3667 3606 itt
3695 3558 3888 3607 summa

2297 3647 2638 3700 smculorum.
2672 3647 2862 3699 Amen.

2889 3738 3121 3796 SERMO
3165 3738 3296 3793 Vlll.

2303 3830 2365 3884 In
2409 3833 2539 3885 diem
2583 3831 2899 3894 nimbosum,
2929 3841 2973 3886 et
3015 3833 3069 3884 in
3115 3841 3410 3885 conventum
3439 3831 3816 3900 episcoporum,
3847 3840 3895 3884 et

2371 3923 2434 3975 de
2475 3922 2715 3976 mandato
2765 3923 2901 3992 quod
2931 3923 3171 3975 traditum
3223 3931 3294 3974 est
3350 3922 3568 3985 Atlanta,
3603 3937 3893 3991 magnaque

2372 4013 2696 4082 providentia:
2722 4015 2877 4083 fuisse
2903 4015 3038 4083 quod
3062 4015 3221 4082 legent
3249 4013 3516 4081 acceperit.

2374 4107 2425 4158 l.
2457 4105 2683 4159 Nubium
2717 4105 2931 4175 quidem
2971 4119 3263 4158 Concursus
3291 4104 3432 4158 diem
3465 4103 3619 4157 nobis
3667 4103 3894 4158 reddidit

2302 4199 2589 4253 tristiorem
2623 4219 2635 4253 :
2667 4198 2927 4252 adventus
2974 4208 3149 4252 autem
3191 4189 3426 4251 doctoris
3471 4196 3546 4269 (α)
3584 4197 3892 4252 hilariorem

2302 4291 2446 4344 illum
2479 4289 2674 4344 effecit.
2711 4289 2824 4343 Non
2851 4289 2992 4344 enim
3026 4303 3092 4340 na
3120 4287 3223 4349 sol,
3265 4302 3384 4341 eum
3416 4287 3483 4341 de
3527 4289 3704 4344 medio
3732 4287 3892 4341 cwlo-

2302 4397 2416 4434 rum
2446 4379 2655 4450 fastigio
2699 4380 2877 4434 radios
2926 4380 3143 4444 emittit,
3172 4394 3398 4449 Corpora
3450 4379 3704 4448 illus-unt,
3748 4389 3893 4433 utet;

2303 4471 2480 4526 medio
2523 4485 2622 4526 suo
2653 4470 2846 4524 throno
2895 4469 3051 4523 facies
3103 4478 3336 4538 paternae
3381 4470 3616 4523 caritatis
3645 4470 3896 4524 eminens

2301 4562 2500 4627 radios,
2533 4562 2739 4615 animas
2761 4571 2972 4616 nostras
3000 4561 3277 4616 illuminat.
3306 4562 3456 4629 Quod
3480 4577 3602 4615 cum
3625 4562 3737 4630 ipse
3759 4578 3895 4631 quo-

2301 4669 2405 4724 que
2437 4655 2601 4724 probe
2650 4665 2852 4719 nosset,
2900 4671 3004 4709 non
3051 4656 3204 4709 nobis
3249 4655 3396 4708 Solus
3435 4655 3672 4722 advenit,
3704 4657 3797 4710 scd
3842 4668 3900 4711 et

2305 4746 2642 4800 luminarinm
2674 4758 2814 4801 cmtu
2841 4749 3125 4802 comitatus
3155 4747 3376 4816 appulit,
3410 4759 3468 4802 ut
3499 4749 3584 4803 lux
3619 4751 3774 4802 nobis
3801 4766 3895 4802 cu-

2309 4838 2509 4908 piosior
2537 4837 2830 4907 affulgeret.
2859 4841 2976 4905 Quo
3007 4841 3058 4892 tit
3091 4850 3145 4892 ttt
3173 4840 3324 4893 nobis
3358 4843 3568 4895 bctetur
3595 4841 3823 4896 cet-lesia
3846 4853 3901 4896 et

2303 4933 2570 4984 exsultent
2617 4945 2827 4999 greges,
2863 4945 3065 4998 nosque
3113 4930 3298 4998 majori
3329 4948 3449 4984 cum
3481 4931 3754 4985 alacritate
3786 4946 3901 4986 scr-

2303 5037 2516 5076 moncm
2561 5022 2916 5075 instituamus.
2967 5023 3065 5078 Ubi
3111 5023 3252 5078 enim
3300 5034 3572 5092 pastorum
3604 5040 3898 5080 concursus

2303 5126 2404 5179 est,
2438 5117 2544 5170 illic
2573 5124 2627 5170 et
2657 5117 2835 5169 ovium
2866 5127 2949 5170 est
2992 5118 3270 5171 securitas.
3318 5117 3388 5169 Ita
3423 5129 3599 5170 nautze
3629 5117 3898 5181 Letantnr,

2305 5226 2424 5263 cum
2476 5214 2655 5276 plures
2685 5204 2813 5263 iillis
2877 5211 3072 5263 adsunt
3119 5212 3504 5278 gubernatores
3536 5229 3547 5263 :
3576 5211 3702 5265 dum
3755 5213 3898 5264 enim

2308 5301 2468 5354 maris
2498 5300 2850 5355 tranquillitas
2878 5312 2931 5353 ct
2977 5302 3116 5356 acris
3147 5312 3226 5354 est
3249 5305 3534 5366 serenitas,
3562 5303 3901 5371 gubernacu-

2309 5392 2478 5445 lorum
2512 5392 2751 5446 subsidio
2799 5392 3034 5446 laborem
3079 5392 3179 5444 illis
3212 5392 3573 5459 rctnigationis
3620 5393 3820 5452 levant,
3847 5401 3903 5445 et

2308 5482 2433 5536 dttttt
2491 5497 2637 5537 mare
2686 5482 2933 5551 procellis
2982 5485 3231 5552 agitatur,
3279 5493 3394 5537 arte
3443 5499 3507 5536 ac
3561 5483 3903 5538 multitudine

2308 5589 2588 5641 operarum
2617 5574 2858 5643 pra-lium
2885 5574 3141 5627 undarum
3165 5575 3371 5626 sedant.
3400 5573 3599 5627 idcirco
3624 5591 3720 5627 nos
3741 5577 3902 5630 etiam

2309 5666 2641 5720 confidenter
2683 5667 2904 5720 tlHt'CIttll
2937 5685 3092 5720 causa
3127 5683 3432 5722 sermonem
3465 5669 3826 5736 aggredimur.
3853 5682 3903 5724 et

2313 5764 2550 5830 ipsorum
2616 5763 2858 5827 precibus
2909 5775 3097 5815 cuneta
3149 5762 3552 5816 committimus.
3611 5761 3670 5811 l‘t
3729 5776 3908 5815 unt-nt}

2376 5855 2448 5916 (υ)
2486 5867 2550 5902 tn:
2571 5851 2784 5900 tlauatn-
2812 5851 2856 5898 lo
2877 5862 3039 5914 putat.
