4180 6470
331 441 439 497 617

332 555 541 610 latitius
572 572 633 610 ac
664 556 947 611 dilucidius
975 572 1093 624 qua-
1118 554 1347 609 audietis
1393 553 1668 624 percipere
1698 549 1933 621 possitis,

328 665 514 703 cortun
546 666 667 718 qua:
695 650 845 701 vobis
879 652 1129 707 hesterno
1158 648 1244 701 die
1277 647 1418 699 dicta
1460 655 1585 700 sum
1617 645 1933 699 memoriam

330 742 514 808 paucis
541 740 949 803 reiricabimus.»
972 740 1085 792 Dixi
1115 738 1412 803 hominem,
1455 747 1744 806 antequam
1769 736 1836 791 de
1865 737 1933 791 li-

326 850 434 900 eno
487 833 818 891 comederit,
856 832 1052 887 bonum
1103 849 1164 885 ac
1216 832 1413 885 malum
1467 832 1701 897 novisse,
1760 846 1935 899 neque

329 938 611 993 posupiam
650 933 940 994 gustasset,
975 924 1110 977 hanc
1153 924 1298 977 illum
1348 923 1628 977 scientiam
1676 922 1933 991 adeptum

324 1032 466 1071 esse.
501 1016 638 1081 Dixi,
672 1033 837 1085 quare
886 1017 1085 1087 lignum
1119 1017 1357 1070 scientia?
1384 1016 1510 1071 bOni
1538 1025 1591 1069 et
1638 1015 1760 1069 tnali
1789 1014 1935 1068 dice-

327 1118 495 1169 retur,
529 1116 591 1161 et.
625 1124 730 1177 quo
760 1119 912 1178 pacto
939 1108 1109 1162 soleat
1136 1108 1433 1179 Scriptura,
1467 1118 1748 1179 postquam
1791 1108 1933 1163 circa

325 1209 541 1268 tempus
586 1201 799 1271 aliquod
846 1202 1090 1255 locuinve
1132 1216 1218 1255 res
1265 1202 1528 1271 quapiam
1556 1201 1817 1267 evenerit,
1865 1199 1934 1255 ab

326 1293 413 1345 illa
469 1310 526 1346 re
576 1294 795 1348 ductum
843 1294 961 1347 loco
1002 1294 1083 1348 vel
1135 1297 1361 1363 tempori
1413 1310 1608 1348 nomen
1652 1294 1930 1347 tribuere:

321 1398 507 1450 opera:
546 1387 775 1454 pri-tium
823 1386 981 1441 hodie
1014 1386 1175 1440 fuerit
1222 1386 1392 1456 ipsum
1439 1388 1749 1441 mandatum
1796 1387 1935 1441 reci-

325 1481 456 1538 tare,
492 1475 645 1543 cujus
678 1477 975 1530 interventu
1021 1477 1232 1531 arboris
1264 1478 1409 1532 illius
1460 1488 1541 1532 est
1572 1492 1698 1533 esus
1746 1478 1933 1548 probi-

326 1566 490 1619 .iitus.
518 1566 798 1633 Quodnam
826 1567 983 1637 igitur
1011 1568 1137 1622 illttd
1166 1568 1292 1623 est?
1321 1569 1388 1623 Et
1417 1571 1653 1640 praxepit
1684 1570 1933 1626 Dominus

326 1656 463 1711 Deus
487 1659 649 1712 Adam
676 1660 848 1712 dicens
880 1677 898 1713 :
931 1660 1015 1713 Ea:
1033 1662 1172 1714 οηιηὶ
1199 1662 1337 1733 ligno
1361 1664 1498 1733 quod
1527 1673 1599 1717 est
1620 1664 1673 1718 in
1692 1664 1933 1733 paradiso

320 1766 437 1803 esca
488 1752 719 1805 comcdes
760 1751 913 1821 (Gen.
969 1754 1023 1807 2.
1070 1754 1185 1825 Hi).
1236 1755 1421 1809 Divina
1478 1756 1561 1809 lex
1609 1766 1713 1821 est,
1742 1772 1929 1811 verum

320 1843 681 1896 attendamus.
714 1844 767 1898 Si
797 1845 940 1898 enim
989 1826 1235 1901 h'omines
1282 1847 1408 1901 dum
1454 1849 1629 1918 regias
1659 1848 1839 1919 legunt
1869 1850 1936 1903 li-

322 1942 487 1995 teras,
519 1934 825 1988 universum
858 1946 1224 2005 spectatorum
1253 1950 1452 1993 emtum
1477 1938 1668 2008 jubeut
1705 1956 1931 1995 consur-

319 2038 447 2091 gere
482 2045 495 2079 :
528 2025 695 2078 multo
739 2027 908 2097 magis
959 2043 1056 2082 nos
1085 2030 1172 2099 qui
1223 2046 1331 2084 non
1365 2030 1664 2097 hominum,
1693 2032 1786 2087 sed
1834 2034 1928 2088 Dei

320 2115 467 2185 leges
511 2117 704 2173 lecturi
744 2134 951 2187 sumus,
998 2124 1207 2177 animos
1249 2133 1459 2195 oportet
1488 2125 1721 2196 erigere,
1769 2135 1930 2195 atque

320 2208 385 2262 iis
410 2225 531 2277 qua:
557 2210 810 2265 dicuntur
837 2214 1137 2270 attendere.

392 2302 470 2353 An
500 2300 583 2355 lea:
611 2305 676 2354 sit
704 2319 861 2357 causa
884 2306 1094 2373 peccati.
1124 2335 1195 2345 —
1220 2305 1344 2361 Scio
1377 2308 1664 2362 neunullos
1689 2307 1928 2378 Legisla-

319 2400 491 2445 torem
521 2407 801 2459 accusare,
833 2411 896 2450 ac
927 2399 1097 2466 legem
1121 2412 1337 2451 causam
1372 2398 1551 2467 lapsus
1574 2415 1694 2454 esse
1724 2401 1926 2456 dicere.

318 2485 597 2539 Adversus
626 2486 727 2540 hoc
758 2488 918 2558 igitur
946 2492 1173 2558 primum
1215 2491 1526 2545 certandum
1552 2503 1654 2558 cst,
1678 2508 1745 2567 ac
1766 2492 1927 2549 rebus

319 2577 453 2646 ipsis
482 2579 897 2643 ostendendum,
924 2597 1032 2635 non
1062 2583 1204 2651 quod
1237 2582 1508 2646 hominem
1532 2583 1656 2637 odio
1678 2583 1924 2651 haberet,

314 2679 409 2723 aut
456 2680 702 2726 naturam
742 2684 980 2727 nostram
1025 2675 1310 2744 ignominia
1358 2687 1547 2730 notare
1596 2677 1780 2742 vellet,
1830 2677 1926 2735 sed

319 2761 464 2828 quod
494 2772 700 2817 amaret
745 2764 965 2835 ejusque
995 2782 1177 2820 curam
1206 2777 1436 2836 gereret,
1475 2769 1645 2838 legem
1686 2767 1925 2825 dedisse.

318 2850 386 2907 llt
416 2854 561 2907 enim
590 2855 772 2909 discas
800 2857 853 2909 in
902 2858 1199 2912 subsidium
1228 2859 1382 2913 nobis
1411 2875 1529 2913 eam
1561 2859 1740 2915 datam
1781 2852 1926 2931 esse,

313 2944 437 2996 audi
467 2945 592 3015 quid
624 2945 769 3001 dicat
801 2948 959 3002 Isaias
993 2969 1006 3005 :
1034 2948 1219 3019 Legem
1247 2951 1378 3004 enim
1400 2951 1453 3004 iu
1494 2953 1742 3007 auxilium
1787 2953 1927 3008 dedit

314 3034 471 3102 (Isui.
504 3037 555 3091 8.
586 3037 704 3109 ευ).
748 3041 817 3093 At
846 3040 935 3109 qui
969 3041 1095 3095 odio
1142 3043 1503 3112 prosequitur,
1536 3058 1641 3097 non
1683 3046 1784 3099 t'crt
1830 3062 1927 3099 au-

315 3128 521 3181 xilium.
560 3130 766 3185 Rursus
815 3131 1139 3186 vociferatur
1169 3134 1427 3203 propheta
1462 3154 1474 3189 :
1506 3134 1741 3191 Lucerna
1778 3140 1925 3209 perli-

312 3219 406 3273 bus
452 3222 573 3274 meis
616 3222 819 3275 verbum
869 3232 1032 3289 tuum,
1065 3233 1112 3277 et
1160 3224 1330 3280 tamen
1355 3227 1546 3280 sentitis
1585 3229 1707 3283 meis
1747 3230 1923 3300 (l’sal.

313 3314 439 3369 “3.
481 3315 623 3383 103).
663 3318 723 3367 At
749 3318 838 3384 qui
873 3316 999 3370 odio
1026 3319 1387 3387 proquuitur,
1419 3320 1668 3375 tenebras
1711 3324 1926 3378 lucerna

313 3421 423 3459 non
466 3406 703 3469 discutit,
737 3422 835 3461 nec
877 3418 1145 3463 i-rrantein
1179 3424 1301 3462 cum
1348 3409 1469 3466 luce
1498 3412 1735 3468 deducit.
1769 3413 1923 3470 Salo-

314 3510 441 3549 mon
470 3511 689 3549 rursus:
724 3495 951 3550 Lucema
977 3498 1273 3551 mandatum
1302 3500 1458 3573 legis,
1490 3512 1538 3554 et
1568 3504 1659 3556 lux
1677 3546 1690 3567 ,
1717 3517 1761 3558 et
1782 3506 1883 3559 rita
1906 3547 1922 3572 ,

312 3598 361 3641 et
403 3589 684 3657 correptio,
736 3600 783 3642 et
828 3589 1099 3659 disciplina
1143 3588 1326 3657 (I’rov.
1365 3593 1419 3646 6.
1445 3594 1565 3662 ‘23).
1625 3595 1763 3650 Ecce
1819 3612 1925 3650 non

311 3680 573 3735 auxilium
625 3680 801 3735 solum
829 3724 844 3747 ,
879 3695 977 3736 nec
1010 3680 1224 3736 lucerna
1252 3683 1426 3737 Solum
1451 3726 1465 3751 ,
1500 3684 1594 3739 sed
1626 3696 1679 3741 et
1708 3688 1794 3740 lux
1843 3698 1927 3743 est

313 3784 371 3827 et
398 3773 503 3825 vita
531 3791 542 3825 :
578 3772 692 3826 lure
738 3789 899 3842 porro
930 3790 1037 3827 non
1068 3784 1191 3827 sunt
1219 3774 1345 3828 odio
1379 3778 1753 3846 prosequentis
1775 3819 1790 3843 ,
1826 3796 1924 3833 ne-

312 3880 419 3932 que
450 3864 674 3933 perdere
703 3865 929 3920 volentis
952 3908 965 3929 ,
1008 3864 1100 3919 sed
1131 3880 1346 3921 manum
1381 3869 1705 3938 porrigentis
1732 3880 1783 3923 et
1814 3872 1924 3925 cri-

312 3955 514 4024 gentis.
550 3956 673 4010 Ideo
703 3956 898 4012 Paulus
926 3972 1141 4028 quoque
1185 3958 1312 4013 dum
1346 3960 1397 4013 iu
1441 3960 1683 4015 .Iudaaun
1717 3961 1927 4018 invehi-

314 4059 439 4115 tur,
479 4061 532 4103 et
559 4058 811 4118 quautam
845 4051 927 4106 lex
976 4052 1237 4107 invexerit
1281 4053 1599 4120 utilitatem,
1650 4057 1921 4125 ostendit,

315 4155 545 4210 eamque
589 4158 693 4196 non
716 4157 941 4212 gravare
972 4153 1213 4198 naturam
1240 4155 1475 4199 nostram
1497 4187 1512 4209 ,
1540 4148 1634 4201 sed
1665 4146 1888 4203 reficere
1907 4188 1922 4213 ,

314 4234 566 4291 diecbat:
603 4233 736 4289 Ecce
762 4246 814 4289 tu
839 4233 1059 4291 Judams
1103 4238 1513 4308 cognominaris,
1566 4250 1611 4293 et
1650 4240 1926 4310 requiescis

315 4326 370 4379 in
398 4326 507 4396 lege
536 4324 712 4397 (Rom.
736 4326 789 4379 9..
816 4327 927 4397 17).
964 4325 1128 4381 Vides
1173 4344 1280 4383 non
1313 4339 1369 4383 ut
1402 4338 1645 4383 naturam
1688 4341 1925 4385 nostram

313 4425 598 4488 gravaret,
651 4416 744 4472 sed
786 4427 842 4471 ut
901 4432 1021 4474 eam
1060 4431 1374 4484 recrearet,
1422 4420 1586 4477 Deum
1618 4422 1791 4493 legent
1831 4424 1929 4480 de-

313 4510 505 4565 disse?
537 4509 697 4564 Visne
746 4510 954 4567 discere
974 4553 990 4578 ,
1025 4512 1076 4565 id
1104 4514 1265 4567 etiam
1296 4514 1444 4567 illum
1471 4514 1646 4585 egisse
1667 4557 1685 4583 ,
1717 4527 1773 4571 ut
1826 4516 1927 4571 hu-

316 4616 505 4656 noreni
534 4601 813 4657 deferret?
843 4602 973 4658 Nam
1002 4614 1246 4675 poterant
1275 4615 1330 4661 et
1359 4607 1457 4661 ista
1486 4608 1617 4662 satis
1643 4611 1929 4669 ostendere

315 4704 373 4749 ct
396 4694 651 4750 honorent
682 4696 955 4763 delatum,
987 4710 1043 4754 et
1071 4714 1258 4754 curam
1303 4701 1640 4771 impensam:
1679 4706 1772 4760 sed
1827 4708 1928 4763 hoc

319 4788 495 4857 ipsum
522 4787 641 4845 aliis
660 4788 910 4845 adhibitis
937 4799 1009 4845 te:
1022 4790 1256 4847 timoniis
1272 4792 1675 4850 demonstrabo.
1707 4796 1887 4853 Lauda
1909 4844 1925 4868 ,

318 4880 511 4952 inquit,
532 4879 855 4951 Jerusalem,
880 4883 1155 4939 Dominum
1170 4902 1188 4947 ς
1206 4886 1361 4941 lauda
1378 4888 1538 4943 Deum
1556 4900 1700 4945 tuum
1723 4936 1738 4960 ,
1763 4892 1931 4951 Sion:

314 4973 560 5042 quoniam
598 4975 919 5043 con/innauit
970 4988 1128 5031 rectes
1174 4989 1435 5048 portarunt
1483 4992 1718 5045 tuarum,
1776 4985 1929 5041 bene-

316 5066 449 5119 dixit
469 5065 592 5134 [iliis
611 5066 708 5121 tuis
728 5068 781 5121 in
802 5078 850 5122 te
868 5084 888 5122 :
911 5069 999 5139 qui
1021 5070 1163 5139 ponit
1184 5072 1311 5138 ﬁnes
1334 5089 1453 5126 suos
1478 5091 1653 5145 pacem
1672 5119 1689 5142 ,
1712 5088 1758 5131 et
1780 5079 1933 5148 adipe

318 5158 564 5227 frumenti
588 5159 741 5212 satiat
761 5160 847 5227 te(
877 5157 1021 5213 Psal.
1052 5161 1173 5216 H7.
1220 5162 1286 5218 12
1311 5194 1333 5204 -
1359 5166 1476 5235 14).
1532 5168 1733 5224 Deinde
1782 5182 1929 5239 pust-

316 5265 482 5318 quant
510 5249 612 5302 alia
639 5250 773 5305 dixit
802 5251 1058 5307 bent-licia
1090 5269 1184 5323 per
1222 5255 1358 5312 alias
1387 5269 1668 5315 creaturas
1696 5264 1890 5319 collata
1911 5308 1927 5331 ,

318 5339 597 5410 subiunxit
640 5343 962 5414 praecipuum
1004 5356 1059 5399 et
1108 5349 1319 5403 carteris
1361 5355 1565 5421 majus,
1623 5352 1706 5409 his
1751 5359 1931 5411 verbis

319 5442 480 5487 utens
504 5451 518 5488 :
551 5434 652 5502 Qui
672 5438 944 5490 annuntiat
965 5439 1166 5491 verbum
1188 5456 1335 5493 suum
1356 5440 1521 5497 Iacob
1541 5484 1557 5510 ,
1607 5447 1903 5519 justi/ieeur.

321 5541 411 5579 nes
431 5536 478 5579 et
486 5526 691 5596 judicia
715 5544 810 5583 sua
838 5526 1025 5585 Israel.
1056 5528 1177 5586 Non
1205 5534 1323 5603 fecit
1353 5535 1521 5589 taliter
1541 5540 1678 5593 omni
1700 5542 1929 5608 nationi,

319 5628 370 5672 et
382 5619 585 5692 judicia
627 5639 719 5677 sua
773 5639 877 5677 non
928 5625 1267 5695 ntaniftstauit
1310 5629 1382 5682 eis
1422 5627 1585 5697 (Ibid.
1611 5650 1656 5686 υ.
1686 5634 1773 5690 19.
1810 5635 1928 5707 20).

325 5712 461 5768 \‘idc
502 5730 663 5784 quam
709 5718 871 5771 multa
903 5719 1236 5774 enumerarit
1286 5719 1451 5777 bona.
1478 5722 1637 5780 Urbis
1666 5730 1927 5785 securitas

323 5815 430 5863 teni
463 5824 475 5860 :
520 5805 847 5872 (Jan/irritavit
874 5811 1015 5864 enim
1035 5850 1051 5875 ,
1084 5808 1289 5881 inquit,
1321 5823 1480 5867 vectes
1515 5827 1776 5884 portarunt
1818 5834 1930 5873 tua-

318 5903 470 5960 rum,-
494 5891 751 5948 hellurutn
795 5893 1164 5965 depulsionem
1193 5912 1205 5946 :
1243 5896 1342 5964 Qui
1362 5898 1503 5967 ponit
1531 5900 1698 5970 enim,
1722 5903 1889 5975 inquit
1912 5947 1928 5969 .

1600 437 1663 493 IN
1705 430 2005 492 GENESIM
2047 429 2281 485 Sl‘lllMO
2315 430 2445 488 Vili.

3567 445 3675 503 618

2052 545 2177 612 ﬁnes
2210 552 2322 599 tuos
2359 562 2577 615 pacem:
2604 548 2903 606 ubertatem
2950 566 3184 607 annona:
3225 568 3239 606 :
3272 551 3339 609 Et
3361 556 3517 625 adipe
3567 567 3680 627 fru-

2046 641 2201 693 menti
2244 642 2394 694 satiat
2439 652 2503 696 te.
2551 644 2802 699 Attamen
2855 645 2937 700 his
2987 648 3237 703 onmibus
3287 652 3673 721 pretiosiorem

2048 733 2178 804 legis
2229 734 2573 791 donationem
2630 753 2751 793 esse
2787 738 3099 793 declaravit.
3136 740 3267 795 Nam
3315 745 3570 813 quoniam
3628 760 3681 804 et

2043 828 2333 883 securitate
2363 839 2416 883 et
2440 845 2601 898 pace,
2632 842 2686 886 et
2707 832 3023 903 drpalsiouc
3055 835 3358 904 bellorum,
3387 847 3442 892 et
3466 838 3677 894 libero—

2043 932 2163 972 rum
2196 918 2521 975 fecunditate
2562 938 2625 976 ae
2671 924 3011 980 multitudine
3032 966 3047 990 ,
3073 938 3233 997 atque
3258 944 3487 983 annona-
3514 932 3585 984 nh
3610 950 3678 987 τ-

2044 1017 2152 1065 tate
2184 1012 2353 1065 multo
2385 1013 2556 1082 majus
2600 1024 2683 1068 est
2711 1016 2911 1070 donum
2952 1017 3122 1087 legem
3155 1022 3461 1091 accepisse,
3487 1040 3550 1077 ac
3577 1027 3665 1082 IL-i

2036 1099 2446 1169 justilicatiottes
2491 1104 2778 1170 didicisse,
2821 1122 2942 1161 cum
2991 1110 3119 1164 illud
3168 1112 3409 1166 onmium
3458 1130 3673 1184 postre—

2044 1210 2190 1248 mum
2235 1206 2506 1266 tamquam
2536 1208 2696 1268 caput
2741 1209 2792 1254 et
2820 1203 3127 1272 congeriem
3181 1204 3443 1260 bonorum
3493 1208 3670 1263 collo~

2040 1297 2246 1356 casset,
2289 1290 2489 1358 adjecit
2515 1291 2700 1347 dicens
2729 1312 2742 1347 :
2774 1293 2893 1347 Non
2918 1295 3035 1365 fecit
3081 1298 3250 1350 taliter
3275 1300 3412 1352 omni
3442 1301 3667 1356 nationi.

2040 1377 2273 1445 Taliter,
2324 1397 2430 1452 quo
2488 1384 2681 1451 pacto?
2714 1387 2872 1455 Atqtti
2904 1402 3134 1442 annuum
3181 1392 3459 1456 ubertate,
3502 1401 3672 1463 atque

2040 1471 2182 1538 aliis,
2211 1488 2329 1541 quze
2361 1484 2487 1527 sunt
2511 1487 2824 1531 enumerata
2848 1519 2861 1542 ,
2896 1479 3047 1533 multi
3079 1481 3275 1550 saepius
3307 1484 3458 1551 potiti
3491 1494 3622 1538 sunt
3650 1504 3662 1539 :

2040 1576 2411 1621 verumtamen
2443 1568 2511 1622 de
2541 1570 2643 1622 illis
2671 1586 2791 1641 qua:
2820 1572 2959 1627 dicta
2992 1584 3114 1626 sunt
3147 1591 3253 1629 non
3303 1578 3522 1647 loquor,
3574 1579 3664 1633 iu-

2040 1657 2189 1725 quit,
2220 1658 2314 1712 sed
2346 1661 2413 1714 de
2445 1662 2560 1730 lege
2582 1704 2595 1727 ,
2622 1663 2763 1733 quod
2791 1664 2939 1718 ouuii
2962 1667 3164 1720 nationi
3198 1668 3276 1722 sic
3306 1685 3414 1724 non
3450 1669 3663 1728 fecerit.

2040 1749 2331 1820 Propterea
2355 1754 2632 1823 subjunxit
2658 1774 2669 1809 :
2703 1755 2770 1809 Et
2804 1758 3008 1827 judicia
3036 1777 3129 1814 sua
3161 1777 3265 1815 non
3316 1766 3665 1836 manifestat-it

2038 1842 2129 1896 eis.
2157 1842 2320 1898 Vides
2355 1849 2591 1900 onntiunr
2620 1848 2883 1903 bonorum
2911 1867 3029 1920 qua:
3056 1862 3182 1907 sunt
3206 1866 3516 1912 citumerata
3548 1875 3665 1913 rna-

2036 1935 2240 1988 ximum
2289 1951 2409 1991 esse
2455 1937 2646 2008 legem.

2107 2027 2162 2080 2.
2203 2029 2314 2084 lloe
2366 2031 2526 2084 etiam
2574 2032 2837 2088 .leremias
2868 2035 3154 2091 indicavit:
3208 2039 3335 2093 dum
3377 2041 3520 2095 enim
3564 2058 3659 2100 eos

2035 2120 2124 2190 qui
2150 2121 2202 2174 in
2230 2123 2537 2191 captivitate
2560 2127 2913 2181 venabantur
2934 2129 3141 2199 lugeret
3165 2174 3178 2197 ,
3202 2131 3450 2188 dicebat:
3480 2136 3618 2202 Quid
3638 2178 3653 2203 ,

2034 2213 2173 2282 quod
2195 2215 2248 2267 in
2274 2225 2411 2269 terra
2436 2218 2758 2272 inimicorum
2779 2222 2871 2276 es?
2900 2222 3223 2293 Dereliquisti
3246 2230 3655 2299 [outemsapieu—

2034 2302 2121 2357 tite
2158 2303 2407 2374 (Baruelt.
2442 2310 2494 2363 5.
2530 2309 2617 2365 10.
2668 2311 2759 2382 12)
2799 2331 2812 2366 :
2846 2314 3014 2385 legem
3051 2316 3120 2369 ita
3154 2332 3371 2372 vocans.
3422 2318 3487 2374 Ut
3514 2322 3658 2377 enim

2038 2395 2156 2452 fons
2178 2399 2372 2455 multos
2395 2402 2630 2474 undique
2655 2404 2805 2459 rivos
2825 2409 3019 2462 emittit
3046 2451 3060 2473 ,
3084 2410 3160 2465 sic
3182 2412 3342 2465 etiam
3380 2413 3461 2467 lex
3490 2416 3657 2470 multa

2036 2486 2270 2559 undique
2320 2493 2568 2547 mandata
2600 2496 2874 2564 profundit
2897 2538 2912 2563 ,
2935 2500 3129 2569 quibus
3154 2502 3387 2557 animam
3415 2516 3655 2562 nostrain

2035 2577 2252 2650 irrigat.‘
2273 2581 2478 2639 Deinde
2508 2586 2835 2655 prarciptium
2869 2589 3036 2645 decus
3091 2591 3347 2660 honoris,
3381 2598 3468 2665 qui
3503 2600 3659 2656 nobis

2034 2684 2062 2723 a
2096 2670 2213 2741 lege
2238 2672 2511 2742 defertur,
2541 2678 2833 2734 ostendens
2861 2681 3076 2739 aiebat:
3129 2684 3250 2738 Non
3286 2698 3357 2740 est
3383 2692 3560 2743 audita
3604 2695 3661 2747 in

2035 2760 2282 2817 Chanaan
2334 2766 2442 2820 ltwc
2486 2769 2773 2838 sapientia,
2826 2789 2987 2842 neque
3038 2777 3141 2829 visa
3170 2787 3241 2832 cst
3273 2779 3325 2831 in
3367 2779 3652 2851 Tltwman,

2033 2870 2192 2925 neque
2240 2856 2339 2924 ﬁlii
2365 2858 2503 2930 Agar
2530 2872 2832 2918 mercatores
2854 2906 2869 2931 ,
2898 2875 2946 2919 et
2988 2869 3318 2937 exquisitores
3369 2873 3501 2927 viam
3547 2877 3659 2948 ejus

2034 2957 2279 3002 noverunt
2298 2990 2310 3013 ,
2336 2966 2496 3021 neque
2524 2955 2815 3008 seruiturum
2845 2957 2957 3026 ejus
2986 2971 3101 3012 sunt
3133 2963 3388 3017 recordati
3411 2964 3573 3037 (Ibid.
3605 2986 3653 3023 ιν.

2031 3036 2121 3092 22.
2151 3035 2269 3110 25).
2301 3043 2475 3110 Atque
2498 3052 2552 3095 ut
2582 3044 2878 3114 spiritalem
2910 3063 2973 3102 ac
3004 3050 3240 3107 divinant
3270 3070 3391 3111 esse
3417 3035 3652 3114 demou—

2034 3138 2231 3186 straret
2255 3173 2270 3197 ,
2304 3132 2432 3200 Quis
2476 3137 2747 3204 ascendit,
2780 3140 2983 3210 inquit,
3012 3143 3065 3195 in
3094 3146 3274 3198 cwlum
3307 3189 3321 3211 ,
3366 3162 3410 3202 et
3442 3151 3656 3207 deduxit

2034 3221 2178 3275 illam
2201 3220 2363 3292 (Ibid.
2387 3240 2434 3278 υ.
2457 3226 2587 3295 29)?
2607 3226 2741 3283 Tum
2766 3230 3009 3300 adjunxit
3033 3251 3045 3286 :
3074 3232 3175 3287 lIic
3205 3248 3278 3291 est
3303 3238 3645 3309 Deusnoster,

2033 3328 2135 3367 non
2155 3315 2489 3369 testimabitur
2508 3319 2643 3373 alius
2667 3322 2734 3374 ad
2777 3338 2913 3376 eunt.
2969 3326 3240 3382 Adinrcnit
3279 3347 3478 3387 onmem
3523 3338 3656 3392 viain

2033 3406 2256 3458 scientia
2285 3417 2330 3461 et
2363 3408 2503 3461 dedit
2525 3426 2635 3463 eam
2662 3409 2825 3467 Iacob
2857 3431 3015 3485 puero
3036 3435 3127 3471 suo
3148 3460 3163 3485 ,
3194 3431 3241 3474 et
3274 3420 3440 3478 Israel
3463 3428 3650 3483 dilecto

2034 3512 2126 3548 suo
2156 3494 2317 3568 (Ibid.
2350 3516 2398 3553 ιν.
2425 3500 2513 3555 56.
2540 3502 2657 3571 57).
2695 3503 2982 3575 Propterea
3008 3508 3219 3566 dicebat
3247 3514 3409 3569 etiam
3442 3518 3607 3575 David
3636 3541 3648 3575 :

2036 3588 2158 3644 Non
2195 3594 2311 3662 fecit
2342 3593 2510 3647 taliter
2535 3599 2674 3650 omni
2696 3600 2890 3654 nationi
2911 3644 2924 3668 ,
2955 3613 3000 3656 et
3012 3604 3217 3673 judicia
3244 3624 3339 3661 sua
3360 3627 3463 3664 non
3486 3617 3653 3669 mani-

2034 3686 2234 3753 festavit
2258 3685 2519 3755 eis(I’sal.
2559 3690 2677 3744 H7.
2707 3690 2825 3761 20).
2854 3694 3236 3753 llocnimirum
3260 3709 3313 3755 et
3344 3702 3544 3758 Paulus
3572 3707 3656 3761 in-

2034 3790 2208 3830 nueus
2236 3778 2547 3835 scribebat:
2593 3781 2729 3849 Quid
2755 3801 2875 3856 ergo
2918 3790 3140 3858 amplius
3188 3790 3375 3849 Judwo
3410 3799 3517 3852 est?
3562 3811 3658 3855 aut

2033 3874 2151 3930 qua:
2193 3864 2387 3918 utilitas
2433 3867 2832 3925 circumcisionts
2860 3872 3039 3941 (llam.
3073 3876 3127 3931 5.
3165 3879 3261 3948 l)?
3305 3881 3526 3939 Multum
3558 3902 3657 3957 per

2034 3968 2248 4007 omnem
2273 3957 2511 4011 modum.
2536 3959 2775 4017 Primum
2793 3964 3007 4035 quidem
3026 3972 3278 4037 quoniam
3298 3977 3499 4031 credita
3522 3992 3653 4037 sunt

2034 4044 2138 4097 illis
2162 4046 2371 4115 eloquia
2398 4049 2506 4103 Dei.
2545 4049 2704 4107 Vides
2724 4070 2831 4125 quo
2854 4065 3010 4125 pacto
3038 4057 3123 4114 hic
3148 4062 3311 4118 etiam
3339 4076 3655 4136 exposuerit

2035 4137 2162 4193 illud
2184 4181 2199 4205 ,
2226 4139 2347 4194 Non
2371 4144 2488 4212 fecit
2514 4144 2684 4199 taliter
2719 4150 2855 4203 omni
2880 4152 3076 4207 nationi
3099 4196 3115 4217 ,
3148 4166 3195 4209 et
3209 4158 3416 4225 judicia
3436 4155 3527 4216 sita
3551 4182 3654 4221 non

2034 4232 2375 4301 manifestavit
2396 4236 2503 4291 eis?
2530 4236 2587 4292 Si
2614 4240 2757 4294 enim
2799 4241 2901 4297 hoc
2928 4245 3056 4301 illud
3084 4260 3165 4303 est
3199 4253 3429 4321 amplius
3464 4254 3656 4312 ludam

2034 4325 2177 4394 quod
2202 4326 2275 4380 illi
2328 4327 2426 4381 soli
2446 4346 2510 4383 ex
2538 4331 2657 4386 aliis
2681 4332 2990 4393 hominibus
3014 4340 3146 4413 legis
3168 4347 3381 4416 scripta:
3406 4348 3657 4407 donatio—
3738 4410 3742 4416 _

2036 4432 2104 4471 ne
2119 4428 2243 4471 sunt
2270 4421 2513 4475 honorati
2539 4463 2555 4489 ,
2585 4441 2689 4480 non
2715 4427 2878 4499 igitur
2899 4442 2957 4486 ut
2983 4444 3230 4491 naturam
3259 4453 3497 4497 nostram
3529 4461 3657 4516 gra-

2033 4520 2216 4573 Varet,
2248 4512 2342 4566 sed
2385 4524 2441 4567 ut
2488 4516 2693 4574 honore
2740 4520 3013 4592 alliceret,
3066 4527 3211 4583 dedit
3266 4536 3439 4604 legem
3488 4512 3653 4595 Deus.

2034 4600 2219 4673 Neque
2248 4603 2347 4659 hoc
2372 4614 2576 4663 tantum
2610 4610 2815 4668 honore
2853 4618 3065 4683 atterit,
3093 4624 3235 4691 quod
3265 4600 3436 4697 legem
3462 4629 3605 4685 dedit
3640 4676 3658 4697 ,

2034 4694 2129 4792 sed
2161 4695 2323 4751 etiam
2352 4700 2492 4769 quod
2546 4716 2641 4772 per
2674 4706 2909 4774 seipsuin
2938 4708 3123 4766 dedit:
3171 4715 3273 4770 hoc
3310 4694 3455 4774 cnim
3482 4694 3660 4792 genus

2037 4783 2258 4843 honoris
2283 4800 2364 4844 est
2387 4796 2679 4849 niaximum
2713 4798 2855 4868 quod
2887 4816 2991 4855 non
3020 4804 3193 4859 solum
3222 4809 3357 4864 bona
3406 4783 3655 4884 praZbue-

2037 4879 2141 4944 rit,
2178 4882 2271 4936 sed
2306 4898 2400 4953 per
2425 4886 2661 4956 seipsurn
2696 4890 3004 4958 praebuerit.
3036 4896 3151 4953 Hoc
3176 4901 3375 4973 quippe
3403 4879 3659 4978 magnum

2038 4989 2162 5029 esse
2206 4975 2441 5043 donum,
2496 4980 2618 5035 audi
2663 4986 2935 5053 quomodo
2980 4988 3176 5046 l’aulus
3203 4997 3470 5054 ostendat.
3496 4975 3656 5059 _Cttttt

2037 5067 2182 5121 enim
2206 5067 2419 5124 inﬂatos
2448 5086 2569 5127 esse
2598 5073 2815 5131 Juda'os
2846 5094 3124 5151 cerneret,
3147 5088 3291 5155 quod
3317 5089 3384 5144 ad
3406 5106 3501 5146 eos
3526 5108 3655 5164 pro-

2041 5160 2218 5229 pheta:
2258 5165 2566 5228 venissent.
2610 5180 2667 5221 ut
2713 5185 2900 5226 eorum
2956 5183 3317 5247 arrogantiam
3370 5160 3653 5257 coercent,

2038 5269 2244 5324 uosque
2284 5256 2477 5326 majori
2520 5272 2641 5314 ease
2679 5263 2900 5320 allectos
2932 5266 3135 5325 honore
3161 5273 3530 5345 demonstret,
3564 5256 3657 5351 qui

2039 5362 2144 5399 non
2180 5349 2356 5413 servi,
2387 5350 2482 5404 sed
2516 5350 2727 5407 Domini
2759 5372 2921 5425 opera
2962 5360 3195 5417 delatam
3227 5367 3528 5425 doctrinam
3561 5349 3651 5428 ac-

2036 5440 2279 5509 cepimus
2298 5482 2311 5508 ,
2340 5441 2422 5496 his
2442 5445 2623 5499 verbis
2645 5445 2891 5503 utiturad
2920 5450 3172 5509 llebmos
3197 5460 3441 5517 scribens
3467 5482 3480 5516 :
3511 5463 3656 5520 Mal-

2038 5533 2265 5609 tit‘arium
2309 5537 2579 5609 multisque
2616 5541 2781 5595 modis
2819 5543 2943 5596 olim
2981 5544 3120 5602 Deus
3164 5550 3377 5621 laqueus
3424 5558 3657 5625 patribus

2038 5627 2245 5686 nostris.
2266 5629 2431 5681 noviss
2456 5630 2549 5682 mis
2580 5631 2755 5685 diebus
2782 5634 2892 5688 istis
2916 5637 3155 5707 loquutus
3174 5653 3249 5696 cst
3273 5644 3418 5701 nobis
3440 5648 3492 5701 in
3516 5648 3657 5706 Filio

2041 5716 2225 5789 (Νι-ιον.
2254 5720 2304 5773 1.
2334 5722 2381 5774 1.
2402 5720 2484 5791 2).
2513 5723 2577 5776 ΕΙ.
2602 5740 2784 5779 rursus
2819 5728 2947 5783 alibi
2975 5748 2989 5784 :
3016 5729 3139 5787 Non
3164 5736 3330 5789 solum
3352 5751 3545 5807 autem,
3567 5747 3659 5798 sed

2038 5824 2081 5865 et
2129 5814 2408 5884 gloriamur
2459 5817 2507 5869 in
2557 5816 2701 5884 Deo,
2758 5838 2849 5889 per
2885 5821 3156 5881 Dominum
3210 5843 3439 5886 nostrum
3477 5832 3656 5891 Iesum

2040 5906 2320 5973 Christum,
2344 5924 2591 5983 perquem
2612 5924 2657 5966 c.’
2682 5916 3144 5973 reconcilituioncm
3170 5938 3456 5993 accepimus
3479 5925 3654 5997 (llam.
