4134 6474
596 425 702 482 619

597 542 648 594 5.
697 537 806 608 ll).
845 535 1002 592 Vides
1037 549 1160 592 eum
1191 547 1294 588 non
1343 534 1412 590 ob
1454 531 1934 588 reconciliationem
1976 539 2178 585 tantum

601 634 848 704 gloriari.
880 626 972 681 sed
1001 625 1161 681 etiam
1185 624 1328 694 quod
1370 639 1464 693 per
1487 623 1754 678 Christum
1790 621 2176 677 reconciliatio-

605 739 717 778 nem
760 720 1055 786 acceperit?
1109 719 1174 773 Et
1203 732 1388 772 rursus
1433 732 1552 770 cum
1581 715 2026 771 resurrectionem
2068 727 2180 766 ma-

600 813 787 885 gniﬁce
831 811 1164 873 celebraret,
1219 810 1329 863 ait:
1370 809 1492 878 Ipse
1536 808 1782 862 Dominus
1819 805 2081 860 descendet
2117 803 2182 858 de

596 905 719 957 τωιο
755 905 827 971 (l.
852 902 1035 957 Thess.
1063 904 1115 956 ι.
1146 901 1260 966 15).
1285 901 1413 955 Vide
1434 901 1539 955 illic
1555 914 1765 969 quoque
1786 914 1878 968 per
1901 897 2178 951 Dominum

597 1004 762 1049 totum
811 992 1034 1064 perlici:
1075 1001 1130 1048 et
1171 993 1256 1046 hic
1306 1006 1409 1044 non
1463 1007 1556 1059 per
1599 991 1826 1058 aliquem
1884 988 2177 1054 famulum,

599 1104 700 1140 non
728 1102 820 1156 per
839 1085 1082 1154 angelum
1110 1093 1166 1138 et
1191 1083 1560 1152 archangelum
1581 1124 1596 1146 ,
1620 1089 1715 1138 sed
1743 1084 1856 1152 ipse
1891 1097 1983 1150 per
2009 1097 2066 1136 se
2098 1080 2177 1149 ip-

585 1195 710 1236 sum
755 1177 920 1231 Adam
965 1175 1246 1244 pr.ecepit,
1291 1174 1484 1244 duplici
1509 1174 1778 1230 hominem
1827 1179 2028 1229 honore
2055 1172 2177 1228 affl-

596 1269 765 1333 ciens,
795 1276 850 1321 et
867 1265 1008 1337 quod
1031 1265 1203 1336 legem
1226 1265 1431 1320 dederit
1451 1306 1465 1329 ,
1493 1275 1548 1321 et
1567 1265 1711 1335 quod
1742 1265 1949 1323 dederit
1977 1280 2072 1334 per
2095 1279 2180 1320 se-

601 1359 795 1424 ipsum.
818 1356 1098 1425 Quomodo
1122 1357 1282 1426 igitur
1307 1357 1486 1427 lapsus
1512 1367 1596 1412 est
1633 1357 1758 1412 ille?
1799 1357 1879 1412 Ob
1916 1357 2178 1427 ignaviam

594 1461 745 1500 suam
776 1464 795 1504 ι
825 1447 986 1516 idque
1022 1445 1309 1501 ostendunt
1346 1457 1603 1518 quotquot
1632 1447 1802 1517 legem
1826 1457 2174 1515 acceperunt,

601 1553 698 1592 nec
727 1539 857 1607 lapsi
882 1547 1040 1602 sunt,
1079 1537 1172 1591 sed
1201 1545 1256 1591 et
1287 1537 1437 1605 plura
1466 1553 1622 1607 quam
1649 1539 1900 1606 imperata
1933 1537 2172 1604 fuerant,

600 1629 978 1696 praestiterunt.
1019 1626 1122 1680 Sed
1151 1628 1401 1695 quoniam
1437 1628 1537 1681 hoc
1577 1637 1782 1694 tempus
1809 1628 1963 1682 video
1993 1643 2089 1681 nos
2124 1627 2176 1681 in

597 1730 876 1787 angustum
907 1717 1165 1786 redigere,
1199 1718 1249 1770 in
1279 1718 1499 1771 alteram
1520 1718 1947 1774 dissertationem
1975 1733 2178 1773 sermo-

601 1824 722 1862 nem
751 1808 1050 1876 rejieiemus
1075 1825 1086 1858 :
1117 1821 1210 1863 vos
1230 1823 1356 1862 vero
1381 1823 1500 1878 qua:
1527 1809 1666 1863 dicta
1693 1818 1816 1863 sunt
1843 1818 2174 1874 conservulc,

595 1912 658 1952 ac
699 1898 952 1952 memoria
997 1906 1170 1952 tenete
1189 1938 1204 1963 ,
1235 1897 1456 1967 illosque
1481 1898 1568 1968 qui
1599 1915 1702 1955 non
1729 1899 2044 1965 audierunt,
2075 1900 2174 1955 do-

599 1998 748 2053 cete,
782 2001 940 2058 atqne
970 1988 1084 2044 haec
1123 1990 1175 2043 iu
1216 1990 1441 2044 ecclesia
1463 2033 1476 2052 .
1510 1990 1560 2044 in
1591 1991 1725 2056 foro,
1755 2007 1814 2045 ac
1840 1992 1982 2046 domi
2013 2008 2176 2047 unus-

597 2079 820 2149 quisque
847 2079 1130 2134 meditetur
1159 2078 1255 2152 (a).
1284 2080 1421 2134 Nihil
1459 2085 1601 2136 enim
1638 2099 1786 2137 saera
1839 2085 2064 2138 lectione
2092 2085 2179 2150 ju-

597 2168 841 2226 cundius.
872 2167 1004 2222 Audi
1033 2183 1161 2223 sane
1187 2170 1310 2238 quid
1335 2171 1401 2224 de
1426 2171 1509 2223 illa
1532 2171 1675 2224 dirat
1695 2173 1950 2240 propheta
1977 2191 1988 2226 :
2012 2174 2179 2240 Quam

597 2259 766 2312 dulcia
794 2259 1025 2326 faucibus
1047 2261 1167 2315 meis
1191 2260 1387 2329 eloquia
1408 2270 1514 2327 tua,
1537 2278 1687 2329 super
1709 2263 1806 2315 mel
1832 2273 1876 2315 et
1901 2265 2072 2332 [avum
2100 2265 2179 2318 ori

598 2365 706 2416 nico
734 2348 904 2418 (I'sal.
945 2350 1040 2406 ll8
1089 2351 1234 2420 103).
1270 2351 1418 2406 llunc
1456 2353 1629 2421 itaque
1661 2353 1837 2408 favnm
1875 2356 1924 2408 in
1958 2370 2175 2424 vesper-

597 2441 703 2512 tiqa
743 2456 926 2496 mensa
949 2459 1186 2512 appone,
1221 2453 1276 2498 ut
1317 2453 1478 2499 totam
1511 2446 1653 2500 illam
1684 2447 1940 2514 spirituali
1969 2449 2177 2516 repleas

596 2530 882 2598 voluptate.
925 2530 1038 2585 Non
1067 2533 1255 2587 videtis
1299 2532 1541 2594 homines
1580 2538 1878 2604 opn'entos,
1910 2539 2178 2606 quonme

594 2630 713 2693 post
750 2623 935 2691 epulas
973 2623 1299 2680 chbarmdos
1326 2641 1388 2680 ac
1415 2627 1657 2681 tibicines
1686 2630 2059 2683 introducunt?
2101 2631 2176 2686 Illi

597 2730 723 2768 suas
751 2715 893 2769 mdes
924 2717 1186 2770 theatrum
1212 2717 1466 2783 efficiunt,
1497 2729 1549 2773 tu
1579 2730 1691 2774 tuas
1718 2723 1858 2776 aedes
1882 2725 2071 2777 (εςιιΙυιιι
2101 2724 2175 2778 el-

597 2805 812 2858 licezid
859 2823 984 2863 γι·ιο
1027 2807 1260 2874 eflicies,
1309 2826 1413 2864 non
1459 2813 1682 2880 parietes
1729 2813 2040 2878 immutans,
2085 2827 2177 2870 aut

659 2912 984 2989 cuiquamalii
1010 2929 1073 2965 ex
1118 2919 1437 2981 sequentibus
1477 2921 1536 2969 ad
1583 2922 1786 2972 verbum
1833 2924 2024 2974 humilia
2050 2941 2174 2989 pra:-

597 2974 790 3023 cedenti
817 2974 1062 3038 leguntur.

1312 417 1369 475 S.
1409 415 1688 474 JOANNIS
1725 411 2196 471 CllRYSOSTOMI
2238 411 2552 467 AltClllEt‘.
2593 407 3127 467 CONSTANTINOP.

3776 411 3878 466 6‘20

2290 527 2620 583 transferens
2646 526 2986 581 fundamenta
3003 569 3016 591 ,
3048 525 3142 581 sed
3174 525 3216 579 si
3243 524 3309 580 ad
3335 536 3477 580 tuam
3504 542 3746 581 mensam
3774 529 3874 580 Ua-

2287 621 2488 675 minum
2513 621 2682 692 ipsum
2704 621 2957 674 caelorum
2980 632 3156 672 voces.
3190 618 3303 672 Non
3325 619 3591 674 enibescit
3610 623 3871 687 «riuisnmdi

2286 713 2529 768 convivia
2561 713 2719 766 Deus.
2751 710 2848 767 Ubi
2881 709 3110 778 namque
3134 711 3422 778 spiritualis
3442 709 3706 774 ducti-ina,
3731 712 3800 765 ihi
3822 721 3874 764 et

2293 803 2666 871 temperantia,
2698 811 2755 857 et
2782 800 3063 864 modestia,
3089 809 3144 854 et
3181 800 3407 863 lenitas;
3437 800 3522 853 ubi
3555 801 3636 852 vir
3664 810 3717 853 et
3745 816 3874 853 uxor

2286 909 2347 948 ac
2370 895 2538 954 liberi.
2563 893 2846 948 conCnrdia
2868 901 2924 948 et
2943 891 3176 946 amicitia
3205 899 3260 944 et
3282 889 3492 944 virtutis
3519 891 3741 944 vinculis
3765 892 3875 942 fne-

2287 984 2390 1038 rint
2419 985 2648 1053 colligati
2676 1026 2689 1047 ,
2730 985 2836 1038 illic
2859 991 3100 1061 versatur
3141 983 3192 1036 in
3237 981 3414 1036 medio
3442 980 3708 1035 Christus.
3755 981 3869 1035 Non

2285 1077 2426 1130 enim
2456 1091 2675 1129 aureum
2707 1077 2952 1144 laqueare
2979 1073 3200 1143 qumrit,
3233 1087 3332 1126 nec
3371 1071 3738 1126 calumniarum
3771 1071 3872 1124 ful-

2283 1177 2490 1234 gurum,
2526 1180 2694 1232 neque
2731 1163 3012 1218 marmoris
3048 1162 3493 1232 pulchritudinem
3525 1161 3658 1214 :sed
3684 1162 3875 1215 anima:

2283 1255 2532 1309 decozem
2557 1269 2619 1307 ac
2638 1253 2832 1309 memis
2855 1253 3099 1316 fortnam,
3126 1262 3180 1306 et
3204 1267 3442 1309 mensam
3476 1251 3677 1321 justitia
3711 1251 3874 1306 refer-

2286 1355 2393 1399 tam
2417 1387 2432 1407 ,
2467 1356 2522 1400 et
2561 1346 2914 1416 clcetnusynze
2945 1343 3203 1401 fructibus
3237 1343 3615 1400 abundantem.
3642 1343 3798 1407 Quod
3829 1343 3873 1395 si

2286 1451 2524 1491 mensam
2565 1435 2824 1505 ejusmodi
2858 1434 3077 1496 \‘idcl'il,
3119 1433 3399 1490 confusum
3443 1434 3704 1501 ejusmodi
3739 1448 3872 1488 can-

2285 1539 2473 1582 vcntns
2505 1530 2559 1580 lit
2587 1527 2872 1596 particeps,
2903 1537 2958 1580 et
2999 1527 3049 1579 in
3082 1541 3205 1581 eum
3246 1541 3305 1578 se
3348 1523 3526 1579 infert.
3573 1525 3688 1592 Ipse
3730 1525 3872 1578 enim

2284 1626 2386 1677 est,
2409 1617 2497 1682 qui
2520 1617 2675 1679 dixit,
2703 1615 3016 1669 Esuruntem
3040 1630 3122 1667 nte
3145 1614 3338 1684 vidistis
3362 1625 3407 1667 et
3435 1613 3630 1667 aluistis
3653 1612 3868 1682 (Ilium.

2281 1706 2371 1762 25.
2405 1708 2515 1776 35).
2545 1707 2680 1760 Cum
2712 1704 2871 1775 igitur
2896 1706 3116 1760 inferius
3152 1689 3341 1774 magna
3385 1721 3514 1760 voce
3550 1707 3870 1758 clamantem

2282 1799 2552 1854 audiveris
2578 1816 2884 1870 pauperem,
2913 1799 3107 1855 deinde
3134 1801 3402 1871 quidpiam
3432 1816 3615 1854 eorum
3637 1815 3759 1869 qua:
3787 1814 3872 1868 ap-

2283 1889 2450 1958 posita
2499 1899 2622 1944 sunt
2659 1891 2727 1945 de
2775 1905 2958 1946 mensa
3005 1906 3174 1960 egeno
3212 1891 3446 1954 dederis,
3489 1891 3768 1943 flnniinmn
3806 1891 3870 1943 ad

2283 1997 2519 2035 mensam
2543 1983 2741 2037 vowsﬁ
2771 2000 2864 2053 per
2890 1999 3140 2051 servum,
3166 1993 3221 2038 et
3261 1984 3402 2038 illam
3437 1994 3602 2038 totam
3649 1983 3741 2037 Dei
3782 1984 3870 2038 δέ-

2284 2073 2673 2131 ncdictiunibus
2701 2074 2989 2144 replevisti,
3007 2075 3300 2144 oblatisque
3325 2074 3569 2142 primitiis
3587 2076 3867 2128 maximam

2284 2165 2618 2217 occasionem
2649 2173 2732 2218 tua
2764 2167 3121 2235 promptuaria
3157 2165 3398 2235 plurimis
3435 2165 3734 2234 complendi
3778 2165 3868 2218 bo.

2284 2255 2367 2307 nis
2399 2255 2687 2323 pra-liuisti.
2733 2257 2874 2311 Deus
2901 2269 3078 2311 autem
3107 2259 3250 2325 pacis
3281 2269 3334 2312 et
3369 2259 3638 2320 caritatis,
3666 2259 3753 2326 qni
3785 2258 3872 2311 dat

2285 2360 2474 2414 panem
2523 2348 2587 2400 ad
2635 2350 3062 2404 manducandum
3097 2350 3184 2421 (Ω.
3213 2349 3332 2404 (λον.
3362 2350 3414 2405 9.
3453 2351 3576 2419 10),
3603 2360 3659 2405 et
3688 2366 3869 2404 semen

2283 2437 2566 2490 seminanti
2594 2478 2608 2497 ,
2639 2447 2870 2492 vesicam
2911 2449 3204 2494 sementem
3238 2440 3574 2509 multiplicct,
3601 2449 3657 2494 et
3684 2449 3872 2508 augeat

2285 2527 2610 2580 incrementa
2646 2527 2853 2597 frugum
2891 2529 3110 2598 justilizt:
3141 2530 3191 2587 in
3225 2531 3475 2584 omnibus
3507 2530 3659 2583 vobis
3682 2572 3694 2590 .
3723 2545 3868 2584 suam

2284 2616 2418 2669 dans
2438 2619 2682 2686 gratiam,
2708 2634 2909 2688 nosque
2940 2636 3105 2689 regno
3133 2621 3384 2676 czelurum
3413 2619 3661 2689 dignetur
3689 2619 3868 2687 :cujns

2285 2724 2384 2760 nos
2429 2711 2710 2780 participes
2760 2712 2874 2766 fieri
2918 2715 3207 2783 contingat,
3237 2715 3405 2783 gratia
3449 2722 3498 2767 et
3545 2713 3865 2780 benignitate

2285 2801 2493 2855 Domini
2522 2806 2687 2857 nostri
2713 2803 2839 2863 Jesu
2868 2805 3084 2870 Christi,
3109 2822 3228 2859 cum
3257 2822 3366 2874 quo
3395 2806 3534 2860 l‘atri
3553 2806 3743 2875 gloria,
3768 2806 3860 2857 ho-

2284 2906 2400 2956 nor,
2436 2891 2736 2962 imperium,
2760 2913 2860 2949 una
2889 2913 3009 2951 cum
3034 2897 3230 2966 Spiritu
3259 2909 3465 2962 sancto,
3491 2911 3628 2952 nunc
3653 2906 3709 2953 et
3733 2911 3866 2958 δαη-

2289 2999 2400 3052 per.
2431 2995 2484 3039 ct
2517 2987 2566 3039 in
2599 2989 2788 3042 secula
2818 2989 3155 3045 sa-culurum.
3185 2990 3374 3045 Amen.

1747 3689 2097 3750 MONITUM
2153 3691 2252 3754 AI)
2309 3691 2739 3753 SERMONEM.

686 3941 784 3994 Hie
817 3955 1016 4005 sermo,
1055 3941 1216 4012 longo
1267 3950 1382 4010 post
1443 3950 1565 3995 octo
1600 3941 1734 4004 alios
1786 3943 2042 4013 temporis
2078 3943 2363 3998 intervallo
2397 3945 2637 4007 habitus.
2685 3950 2738 4003 in
2783 3949 2882 4004 hac
2937 3952 3081 4008 serie
3132 3955 3344 4022 positus
3397 3953 3524 4022 fuit,
3556 3973 3662 4012 ttnn
3716 3963 3870 4016 modo

611 4059 739 4137 quia
769 4057 818 4108 in
847 4057 936 4110 illo
967 4058 1032 4111 de
1065 4059 1333 4111 Abraham
1370 4067 1425 4112 et
1457 4057 1522 4110 de
1559 4058 1671 4112 Noe
1703 4059 1950 4126 pluribus
1996 4060 2197 4129 agitur,
2249 4061 2342 4115 sed
2394 4064 2556 4116 etiam
2606 4067 2732 4134 quia
2789 4083 2895 4122 non
2966 4086 3134 4139 pauca
3202 4073 3290 4128 hic
3339 4075 3604 4131 habentur
3655 4080 3869 4147 similia,

617 4180 727 4234 imo
751 4179 943 4232 eadem
980 4192 1114 4246 pene
1140 4193 1258 4246 qua:
1287 4176 1337 4230 in
1371 4173 1619 4231 llomili:s
1658 4179 1709 4230 in
1761 4178 2035 4232 Genesim.
2093 4177 2244 4234 Ilunc
2293 4195 2456 4248 porro
2504 4183 2822 4240 Sermonem
2871 4192 3061 4242 eodem
3120 4191 3308 4244 habuit
3342 4208 3487 4247 anno
3532 4211 3641 4264 quo
3689 4196 3871 4250 ﬂmm-

618 4293 716 4346 lias
747 4292 964 4362 triginta
994 4293 1127 4345 duas
1171 4292 1377 4360 priores
1407 4293 1459 4345 in
1491 4291 1770 4356 Genesitn,
1806 4303 1992 4362 etquo
2027 4292 2288 4350 llomilias
2338 4297 2390 4351 in
2441 4300 2764 4369 principium
2812 4304 3096 4369 Actorum,
3136 4317 3190 4359 et
3235 4307 3304 4361 de
3353 4310 3656 4362 mutatione
3702 4316 3871 4364 nomi-

616 4426 764 4463 nmn.
794 4410 962 4479 Cujus
995 4409 1360 4478 chronologize
1408 4410 1672 4463 rationem
1724 4411 2047 4479 explicatam
2104 4413 2271 4467 babes
2305 4415 2356 4469 in
2421 4415 2628 4472 Monito
2675 4420 2741 4472 ad
2796 4417 3058 4475 llomilias
3117 4421 3169 4474 in
3225 4423 3554 4492 principium
3620 4427 3870 4480 datorum

615 4522 784 4578 Temo
815 4525 848 4576 5
873 4524 998 4593 (col.
1035 4524 1147 4591 63),
1183 4529 1419 4594 itemque
1445 4529 1496 4580 in
1526 4527 1727 4581 Mnnito
1751 4528 1815 4582 ad
1844 4527 2105 4585 llomilias
2140 4531 2205 4585 de
2235 4534 2534 4589 mutatione
2562 4538 2844 4591 nominum
2867 4539 3058 4593 eodem
3085 4539 3259 4593 Tomo
3287 4539 3414 4610 (col.
3455 4542 3597 4610 ill).
3627 4542 3747 4609 Quo
3782 4557 3872 4593 an-

622 4648 726 4692 tem
755 4655 899 4693 anno
931 4641 1046 4694 hzec
1075 4650 1219 4693 tanta
1260 4641 1603 4694 homiliarum
1645 4658 2070 4714 sermonumque
2118 4660 2289 4700 series
2341 4650 2688 4715 pronuntiata
2729 4652 2915 4718 fuerit,
2961 4655 3201 4710 nondum
3246 4659 3526 4726 potuimus
3567 4661 3868 4729 deprehen-

620 4755 767 4811 dere.
801 4757 926 4812 Illud
962 4759 1134 4813 sulum
1166 4776 1263 4829 pro
1293 4774 1444 4814 certo
1477 4763 1864 4836 evploratoque
1911 4766 2188 4830 habemus,
2223 4781 2410 4822 omnes
2459 4781 2578 4840 post
2629 4788 2834 4828 annmn
2884 4775 2990 4828 387
3049 4775 3262 4830 habitas
3311 4777 3502 4832 fuisse.
3564 4778 3641 4834 Ea
3694 4780 3763 4833 de
3818 4794 3872 4834 rc

1209 5276 1439 5332 SERMO
1479 5275 1567 5330 IX.

607 5375 866 5440 Quomodo
885 5381 1111 5441 oporteat
1131 5375 1349 5441 fratrum
1374 5381 1574 5438 peccata
1594 5385 1822 5440 arguere,
1859 5378 1906 5421 et
1931 5369 2064 5439 quod
2090 5387 2178 5423 eo-

667 5482 778 5518 rum
803 5465 977 5516 salutis
1008 5480 1184 5516 curam
1211 5461 1390 5514 habere
1414 5463 1672 5514 conveniat
1692 5503 1706 5523 ,
1735 5471 1782 5512 et
1809 5477 1965 5528 quare
1992 5461 2179 5512 Abram

668 5568 865 5610 vocatus
892 5557 953 5609 sit
979 5556 1250 5618 Abraham,
1293 5564 1339 5607 et
1374 5553 1438 5606 de
1479 5554 1677 5605 nomine
1721 5552 1842 5605 Noe
1868 5568 1885 5605 :
1909 5554 2042 5622 quod
2078 5570 2178 5606 non

667 5656 853 5714 (rustra
881 5657 964 5698 aut
994 5648 1098 5700 sine
1121 5663 1274 5701 causa
1304 5645 1432 5715 justi
1467 5645 1541 5697 illi
1580 5645 1763 5714 fuerint
1793 5645 1870 5699 liis
1895 5645 2179 5698 nominibus

667 5739 904 5805 appellati
919 5777 933 5802 ,
959 5738 1044 5789 sed
1068 5737 1136 5788 ita
1161 5736 1484 5804 dispensante
1505 5734 1599 5788 Dei
1629 5736 1959 5805 providentia.

674 5831 717 5885 l.
738 5830 882 5884 lland
897 5830 1104 5884 dillicile
1121 5829 1254 5883 foret
1270 5843 1330 5882 es
1352 5828 1723 5899 consequentia
1743 5827 2180 5898 nuperdictorum

2893 5076 3848 5101 ._._..________________

2287 5285 2561 5351 praesentis
2584 5287 2846 5340 sermonis
2866 5301 3079 5346 sumere
3103 5293 3440 5362 proceminm,
3460 5296 3719 5366 siquidem
3741 5300 3873 5354 scire

2288 5377 2514 5442 possetis
2542 5378 2665 5446 quid
2698 5394 2865 5447 nuper
2894 5396 2922 5431 τι
2953 5382 3105 5436 nobis
3134 5383 3357 5449 dictum,
3385 5397 3438 5440 et
3459 5389 3728 5457 quomodo
3759 5391 3869 5446 lini-

2288 5472 2369 5517 tus
2399 5463 2553 5518 fuerit
2586 5482 2783 5519 sermo.
2830 5467 3024 5523 Verum
3053 5474 3176 5542 quia
3208 5474 3444 5543 plerique
3471 5494 3533 5530 ex
3565 5477 3630 5532 iis
3657 5479 3746 5549 qui
3775 5497 3873 5535 nuo

2288 5569 2382 5622 per
2405 5555 2604 5612 alfncre
2625 5599 2639 5621 ,
2672 5557 2827 5614 hodie
2859 5577 2961 5614 non
2990 5563 3176 5616 adsunt
3197 5604 3212 5629 ,
3240 5574 3294 5616 et
3315 5581 3375 5620 es
3415 5568 3476 5620 iis
3504 5570 3592 5640 qni
3616 5586 3755 5626 nunc
3778 5571 3868 5626 ad-

2287 5657 2430 5709 sunt,
2456 5664 2623 5716 nuper
2648 5649 2884 5716 abluere,
2912 5654 3054 5722 Cogit
3083 5655 3382 5710 auditormn
3416 5660 3664 5724 varietas,
3699 5673 3756 5716 ut
3785 5678 3867 5718 re-

2289 5738 2512 5807 petendi
2541 5740 2645 5793 sint
2666 5782 2678 5804 ,
2711 5757 2829 5808 qua:
2868 5759 3038 5811 nuper
3077 5744 3216 5798 dicta
3254 5764 3265 5800 :
3299 5749 3440 5804 unde
3468 5762 3521 5805 et
3549 5752 3583 5805 ii
3611 5753 3698 5822 qui
3731 5754 3870 5824 prius

2289 5845 2590 5884 sermonem
2648 5829 2958 5896 audierant,
3013 5837 3199 5890 melius
3247 5837 3508 5896 dicturum
3560 5844 3874 5899 memoriam
