4134 6494
284 410 385 464 (2³11

286 525 510 580 firment
535 539 546 573 :
580 531 637 576 et
661 522 725 577 iis
750 521 837 590 qui
869 521 1181 584 obfuerunt,
1209 531 1311 570 non
1342 524 1446 569 tam
1472 514 1790 567 damnosum
1818 511 1888 564 sit

287 615 544 679 abfuisse,
565 615 608 668 si
632 624 684 670 et
707 613 835 682 ipsis
862 612 1159 666 innotescat
1187 609 1429 663 doctrina
1454 607 1656 676 pridem
1687 603 1888 657 habiti.

289 706 357 759 fit
385 704 628 759 fortassis
667 704 848 758 dicent
877 703 966 772 qui
999 716 1214 770 semper
1244 709 1366 754 sunt
1404 705 1700 769 prarsentes
1720 736 1734 758 ,
1767 709 1891 763 pro-

288 805 409 865 pter
439 796 556 850 illos
585 808 754 863 nuper
779 793 920 847 dicta
953 808 1057 846 non
1087 806 1209 846 esse
1237 788 1556 844 resumenda
1581 827 1598 854 ,
1638 796 1693 840 ut
1735 787 1766 838 ii
1803 784 1892 853 qui

287 903 410 942 eum
433 888 551 942 aliis
571 885 860 940 convenire
884 893 1342 954 contempserunt,
1368 884 1468 937 boc
1491 883 1687 936 damno
1708 893 1894 934 emen-

289 977 504 1038 dentur,
538 987 591 1031 et
622 977 750 1030 fiant
780 974 1001 1043 postbac
1027 974 1416 1044 diligentiores.

363 1069 515 1125 Zelus
553 1067 907 1138 temperandus
937 1066 1301 1121 misericordia.
1333 1091 1402 1105 -
1453 1063 1709 1132 Equidem
1769 1062 1887 1115 lau-

288 1158 381 1217 do,
409 1158 550 1228 quod
594 1159 818 1212 fratrum
865 1156 1061 1212 doletis
1103 1157 1390 1226 ignaviam,
1423 1164 1477 1209 et
1507 1154 1746 1207 admiror
1796 1167 1888 1207 ze-

291 1251 400 1302 lum
435 1268 447 1304 :
483 1251 678 1304 vellem
707 1258 885 1303 autem
915 1264 1009 1302 vos
1031 1250 1202 1303 zelum
1231 1248 1371 1302 bunc
1403 1256 1705 1315 temperare
1736 1245 1898 1298 misc-

292 1342 542 1396 ricordia.
574 1342 729 1396 Zelus
756 1343 896 1395 enim
940 1343 1145 1396 veniam
1176 1355 1396 1410 negans,
1429 1341 1608 1409 potius
1643 1338 1791 1392 furor
1817 1345 1898 1390 est

289 1445 450 1501 quam
483 1433 648 1497 zelus,
676 1441 732 1487 et
758 1434 1075 1496 admonitio,
1115 1433 1335 1487 lenitate
1373 1431 1624 1485 destituta
1647 1472 1660 1495 ,
1699 1430 1897 1482 invidia

289 1523 534 1591 qna-datr.
563 1533 663 1578 est.
694 1524 1029 1595 Quapropter
1054 1525 1224 1594 magis
1252 1538 1347 1577 vos
1374 1524 1622 1586 obsecro,
1656 1538 1722 1576 ne
1752 1537 1900 1575 ama-

304 1631 361 1668 re
391 1615 455 1668 de
480 1616 1117 1684 proximorumjudicetis
1173 1616 1425 1684 peccatis.
1475 1614 1607 1668 Nam
1665 1614 1803 1667 sicut
1855 1613 1899 1666 is

289 1710 380 1777 qui
410 1709 610 1778 absque
652 1710 1120 1764 commiseratione
1142 1710 1360 1762 vulnera
1392 1707 1614 1761 fratrum
1648 1715 1854 1775 spectat
1881 1747 1894 1767 ,

292 1800 496 1853 nullum
533 1801 767 1854 inveniet
811 1800 899 1869 qui
941 1816 1000 1855 se
1039 1800 1290 1868 dignetur
1317 1798 1494 1860 venia,
1525 1798 1568 1852 si
1599 1796 1814 1866 quando
1845 1805 1898 1849 et

291 1891 408 1960 ipse
431 1893 727 1959 pf‘Cf'3Vt‘l'il
763 1909 774 1944 :
807 1891 874 1945 ita
921 1892 1007 1960 qui
1057 1905 1179 1944 cum
1227 1887 1592 1944 misericordia
1636 1888 1702 1941 de
1747 1888 1898 1953 la;su

293 1984 521 2052 proximi
549 1984 773 2051 iudicat,
802 1983 844 2036 si
870 1984 1082 2052 quando
1103 1993 1156 2038 et
1179 1985 1292 2052 ipse
1319 1983 1687 2052 supplantatus
1720 1982 1894 2039 fuerit.

292 2075 490 2129 inultos
517 2077 710 2129 videbit
744 2090 957 2129 manum
991 2076 1345 2144 porrigentes.
1400 2075 1464 2127 Et
1493 2074 1603 2127 bare
1634 2088 1772 2126 nunc
1813 2072 1898 2126 di-

290 2184 358 2220 co
382 2210 396 2232 ,
430 2185 532 2221 non
558 2169 696 2238 quod
731 2168 889 2222 velim
919 2183 1104 2221 eorum
1151 2168 1237 2237 qui
1268 2181 1388 2220 raro
1436 2167 1539 2220 huc
1573 2165 1900 2219 Conveniunt

291 2261 668 2330 negligentiam
699 2261 906 2329 augeri,
940 2261 1032 2313 sed
1064 2259 1202 2329 quod
1251 2261 1510 2327 majorem
1566 2274 1750 2311 curam
1799 2271 1898 2310 n0-

289 2366 456 2408 stram
484 2369 606 2422 erga
639 2354 758 2407 illos
788 2353 1019 2420 cupiam,
1043 2354 1111 2406 ita
1141 2364 1196 2405 ut
1228 2368 1346 2407 cum
1378 2353 1586 2405 ratione
1618 2360 1671 2404 et
1701 2349 1899 2403 amoris

288 2445 484 2498 alli'ctn
514 2455 744 2511 geratur.
805 2445 1053 2512 Alioquin
1095 2453 1148 2498 et
1195 2457 1292 2496 nos
1315 2443 1681 2511 superioribus
1706 2441 1896 2495 diebus

293 2537 492 2589 multos
517 2545 568 2588 ct
603 2534 790 2604 longos
812 2550 1094 2590 sermones
1124 2535 1405 2589 adversum
1433 2536 1548 2587 illos
1581 2534 1894 2604 proonntia-

291 2628 486 2687 \imus,
520 2636 574 2681 ct
621 2643 789 2696 neque
821 2627 1092 2681 hominum
1128 2628 1344 2680 nomine
1387 2626 1578 2695 dignos
1621 2626 1850 2679 diximus
1880 2641 1895 2679 :

290 2719 436 2772 sicut
466 2720 786 2773 meministis
816 2718 889 2791 (ιι)
922 2735 1019 2773 nos
1043 2719 1094 2772 in
1129 2719 1228 2772 boc
1255 2720 1577 2788 produxisse
1611 2717 1899 2788 prophetas

285 2808 426 2862 duos
479 2810 773 2879 prmcipum
820 2819 1006 2865 contra
1062 2810 1182 2864 illos
1215 2828 1226 2862 :
1259 2825 1490 2879 quorum
1542 2807 1702 2863 unus‘
1729 2809 1896 2863 dicit:

305 2900 429 2951 l’eni
454 2942 467 2958 .
501 2911 546 2952 et
573 2918 672 2954 non
698 2913 805 2955 (rat
833 2903 982 2955 homo
1019 2919 1036 2955 :
1067 2903 1256 2962 vocavi,
1284 2912 1330 2954 et
1363 2919 1462 2955 non
1492 2912 1598 2954 erat
1629 2903 1715 2970 qui
1743 2901 1895 2953 audi-

289 3001 364 3043 ret
395 2990 547 3061 (lsai.
575 2992 664 3046 50.
707 2993 797 3058 ‘2);
829 2993 966 3045 alius
1007 3002 1184 3046 autem
1228 2993 1460 3054 clamat,
1496 3001 1546 3046 et
1595 2993 1724 3044 dicit
1758 3009 1768 3043 :
1804 2989 1897 3045 Cui

283 3085 470 3149 quuur
501 3093 548 3136 ct
600 3084 953 3151 testiﬁcabor?
1010 3083 1392 3135 lueircunicisa:
1437 3099 1588 3135 aures
1625 3097 1822 3146 eorum,
1852 3090 1898 3134 et

288 3191 388 3227 non
410 3187 618 3243 possunt
645 3177 826 3230 audire
858 3175 990 3239 (Jer.
1013 3176 1065 3229 6.
1097 3176 1204 3244 10).
1229 3175 1432 3242 Quibus
1457 3176 1634 3229 verbis
1659 3185 1894 3230 mentem

287 3283 474 3320 eorum
505 3269 634 3322 Satis
659 3269 863 3323 acriter
892 3270 1318 3337 perstrinximus.
1366 3267 1516 3322 Nunc
1545 3285 1672 3322 vero
1704 3269 1896 3323 iterum

289 3359 640 3413 obsecramus
672 3377 683 3412 :
727 3361 805 3414 sic
843 3361 985 3414 enim
1016 3369 1069 3413 et
1110 3360 1305 3413 Paulus
1332 3359 1493 3428 jussit
1527 3378 1538 3409 τ
1573 3361 1776 3430 Argue,
1813 3361 1894 3413 in-

286 3451 424 3518 quit,
450 3451 676 3518 increpa,
697 3453 901 3504 obsecra
940 3451 1014 3521 (2.
1042 3451 1174 3504 Tim.
1203 3452 1254 3505 4.
1292 3451 1372 3520 2).
1406 3450 1590 3521 Neque
1618 3452 1760 3505 cnim
1797 3453 1897 3506 boc

288 3557 505 3610 semper
531 3543 704 3596 solum
745 3559 906 3612 agere
931 3554 1165 3612 oportet,
1202 3559 1373 3613 neque
1401 3559 1616 3612 semper
1650 3545 1774 3597 illud
1801 3561 1892 3597 so-

287 3633 397 3686 lum
427 3651 438 3683 :
463 3633 554 3686 scd
579 3645 862 3704 utrumque
888 3634 1110 3689 alternis
1135 3634 1340 3688 vicibus
1359 3675 1372 3695 ,
1420 3651 1527 3703 quo
1574 3636 1747 3704 major
1775 3637 1896 3692 inde

287 3738 546 3797 sequntur
571 3729 787 3782 utilitas.
827 3729 958 3782 Nam
988 3730 1030 3781 si
1060 3743 1276 3797 semper
1303 3744 1648 3796 argucrcmus
1669 3770 1682 3790 ,
1717 3728 1896 3797 impu-

284 3819 560 3874 dentiorcs
603 3821 676 3874 illi
718 3821 996 3875 fierentzsi
1023 3835 1239 3890 semper
1279 3820 1714 3886 obsecraremus,
1749 3821 1893 3890 igna-

288 3914 466 3968 viores
497 3914 867 3968 redderentur.
911 3913 1249 3983 Quapropter
1279 3922 1333 3968 et
1365 3913 1559 3968 medici
1590 3930 1694 3967 non
1718 3915 1892 3968 solum

285 4014 492 4067 secant,
526 4006 623 4057 sed
657 4014 708 4058 et
733 4006 950 4059 vulnera
977 4006 1212 4075 obligant
1242 4023 1253 4056 :
1290 4020 1463 4073 neque
1499 4023 1712 4074 semper
1740 4020 1891 4059 ama-

287 4112 367 4161 ra,
388 4097 480 4149 sed
508 4114 908 4167 nonnuimjuam
930 4099 1089 4152 etiam
1109 4099 1245 4152 lenia
1264 4100 1548 4167 pbarmaca
1573 4100 1855 4153 infinnlunt
1874 4078 1897 4154 ε’

288 4199 343 4242 ιιι
378 4205 472 4257 per
496 4191 669 4258 priora
700 4192 787 4244 illa
824 4193 1174 4259 purificentur
1198 4194 1380 4247 sanies
1407 4204 1462 4247 et
1505 4194 1727 4262 |'l)!f‘0tl0
1749 4238 1762 4260 ,
1796 4210 1892 4263 per

287 4282 582 4351 posteriora
627 4292 806 4338 autem
847 4283 1118 4352 mitigetur
1146 4283 1356 4338 inustus
1381 4285 1448 4338 ab
1477 4285 1578 4338 illis
1616 4284 1787 4338 dolor.
1823 4285 1890 4340 Et

283 4370 487 4427 idcirco
515 4371 636 4427 alibi
658 4388 874 4444 quoque
898 4373 1068 4444 inquit
1102 4373 1296 4431 Paulus
1329 4392 1342 4428 :
1376 4374 1609 4440 Fratres,
1633 4377 1675 4429 si
1698 4393 1891 4444 prwoco

283 4475 499 4531 capulus
529 4463 683 4532 fuerit
709 4464 858 4517 homo
883 4465 936 4518 in
965 4465 1138 4532 aliquo
1167 4465 1369 4528 dclicw,
1406 4483 1491 4519 vos
1534 4468 1620 4534 qui
1640 4469 1885 4536 spiritua-

284 4551 358 4604 fes
381 4553 518 4617 estis,
547 4556 786 4622 corripite
813 4555 981 4621 illum,
1009 4556 1338 4610 considerans
1360 4557 1721 4628 temetipsum,
1754 4577 1817 4614 ne
1841 4569 1890 4615 et

281 4651 336 4694 tu
361 4646 558 4697 teuteris
579 4643 773 4714 (Gula.
800 4647 853 4700 6.
890 4647 968 4718 1).
1001 4648 1217 4716 Optima
1242 4649 1560 4714 admonitio,
1595 4653 1884 4719 perfectum

283 4733 605 4797 consilium,
629 4735 768 4804 quod
799 4745 1016 4804 paterna
1041 4740 1246 4792 viscera
1274 4738 1546 4804 declarat,
1577 4749 1630 4792 et
1659 4743 1775 4808 ejus
1795 4744 1885 4811 qui

283 4841 530 4896 magnam
560 4828 726 4882 nostri
753 4844 933 4882 curam
957 4839 1114 4899 gert.
1150 4829 1287 4884 Vere
1316 4832 1510 4899 lingua:
1534 4831 1678 4886 Pauli
1705 4834 1885 4900 Vt't'lm,

283 4917 496 4972 fratres.
529 4921 668 4975 Satis
699 4922 899 4975 eximio
929 4923 1147 4977 nomine
1174 4923 1493 4978 benevolum
1532 4925 1756 4979 reddidit
1788 4942 1884 4980 au-

281 5011 511 5066 ditorem
552 5015 745 5082 :qnasi
812 5014 1053 5070 dicturus
1083 5031 1096 5066 :
1126 5015 1375 5083 Ejusdem
1429 5018 1563 5070 uteri
1618 5029 1768 5085 partu
1832 5031 1885 5072 et

281 5103 560 5158 doloribus
589 5117 883 5174 prognatus
907 5123 986 5167 es,
1007 5107 1254 5161 eumdem
1285 5107 1511 5163 habuisti
1543 5124 1770 5179 patrem,
1792 5112 1883 5166 iis-

281 5195 403 5250 dem
430 5195 700 5249 alimentis
723 5197 981 5252 educatus
1004 5214 1082 5262 cs,
1110 5202 1520 5254 eomtnunicasti
1570 5205 1615 5256 ei
1649 5203 1698 5255 in
1731 5214 1884 5271 partu

282 5287 578 5356 spirituali;
612 5290 984 5359 eognationcm
1007 5299 1059 5344 et
1089 5290 1474 5347 fraternitatem
1501 5294 1634 5347 banc
1655 5296 1814 5348 etiam
1835 5297 1886 5349 in

283 5381 614 5450 corrigendis
639 5382 865 5451 proximi
897 5385 1087 5437 erratis
1111 5383 1351 5439 declara.
1407 5386 1467 5440 Si
1495 5397 1881 5456 prum-capulus

283 5473 456 5539 fuerit.
487 5472 601 5526 Non
632 5475 787 5537 dixit,
818 5474 872 5529 Si
902 5484 1104 5544 peccet,
1133 5476 1226 5529 sed
1249 5476 1313 5529 ad
1332 5493 1502 5546 genus
1530 5477 1729 5547 peccati
1757 5493 1888 5531 con-

285 5563 417 5632 fugit
438 5605 453 5627 ,
476 5565 616 5634 quod
646 5565 902 5634 majorem
937 5577 1171 5620 meretur
1197 5569 1430 5624 veniam.
1462 5569 1520 5624 Si
1553 5586 1885 5640 pra'orrupa-

285 5665 367 5706 tus
393 5657 548 5724 fuerit
577 5673 594 5709 :
632 5655 733 5710 hoc
756 5666 860 5724 est,
895 5658 936 5712 si
969 5658 1201 5726 graviter
1231 5666 1464 5712 tentatus
1508 5660 1845 5714 succubuerit
1869 5702 1883 5726 ,

338 5787 420 5857 _(u)
454 5792 534 5839 llic
556 5791 754 5840 denotat
772 5804 1049 5858 sermonem
1071 5795 1118 5843 ia
1160 5793 1295 5847 illud.
1322 5793 1493 5843 Saulus
1513 5795 1674 5843 adhuc
1697 5795 1887 5858 spirans

275 5856 452 5914 nntius,
479 5862 592 5913 0th
619 5857 700 5915 qui
719 5863 793 5904 est
817 5857 998 5916 [il'ltlllls
1020 5856 1083 5903 de
1106 5859 1363 5906 Mutationc
1390 5871 1652 5906 nonanno.

1508 401 1570 456 IN
1613 395 1909 455 GENESN
1951 395 2181 452 SERMO
2215 394 2304 449 IX.

3508 388 3613 442 6‘22

2002 512 2044 564 si
2077 510 2354 573 erraverit,
2382 523 2554 579 neque
2573 523 2697 564 cum
2721 511 2810 580 qui
2851 507 3027 564 dedita
3063 522 3224 577 Opera
3259 508 3498 574 peccavit
3526 510 3609 561 di-

2001 604 2094 668 cit,
2121 603 2214 656 sed
2256 616 2378 655 eum
2421 602 2508 670 qui
2559 601 2764 655 studuit
2814 603 2953 656 bene
3005 615 3191 671 agere,
3239 601 3610 668 supplantatns

2004 704 2180 748 tamen
2209 702 2346 747 esta
2381 703 2643 763 potestate
2689 694 2950 748 diabolica
2979 706 3032 748 et
3077 694 3267 747 victus.
3314 691 3444 746 Nam
3490 694 3610 743 talis

2005 799 2113 839 non
2157 794 2262 838 tam
2323 785 2720 839 accusationem
2765 800 2924 854 quam
2979 784 3189 838 veniam
3239 794 3495 838 meretur.
3552 782 3612 836 Si

2006 889 2392 947 pra'occupalus
2419 879 2574 950 fuerit
2624 878 2796 930 homo.
2857 877 3054 931 lterum
3107 875 3173 928 ad
3224 876 3383 929 aliam
3441 876 3609 929 venite

2004 970 2239 1038 Speciem
2264 969 2522 1039 confugit,
2554 985 2749 1038 nempe
2777 980 2981 1021 natura:
3012 967 3379 1020 infirmitatem
3404 1007 3419 1032 ,
3451 981 3611 1037 quam

2007 1063 2223 1116 nomine
2247 1061 2482 1116 hominis
2504 1063 2762 1115 insinuat.
2798 1060 2949 1115 Sicut
2985 1060 3144 1129 igitur
3181 1068 3235 1113 et
3261 1072 3486 1127 magnus
3514 1058 3616 1113 Job

2007 1154 2216 1206 veniam
2269 1167 2298 1206 a
2353 1153 2462 1206 Deo
2521 1153 2810 1222 impetrare
2862 1152 3068 1212 volens,
3098 1149 3310 1204 dicebat
3341 1167 3354 1203 :
3383 1149 3522 1216 Quid
3544 1160 3618 1202 cst

2006 1248 2155 1301 homo
2201 1246 2335 1316 quod
2379 1256 2585 1315 reputas
2632 1262 2783 1307 eum,
2813 1255 2859 1298 et
2906 1244 3241 1298 visitationem
3285 1254 3605 1312 peccatorum

2005 1343 2115 1411 ejus
2146 1339 2307 1408 fecisti
2340 1338 2478 1409 (Job.
2508 1339 2561 1392 7.
2593 1339 2713 1402 i7)?
2745 1338 2820 1391 sic
2851 1346 2905 1391 et
2935 1350 3033 1390 nos
3075 1336 3332 1390 faciamus
3352 1377 3366 1400 ,
3400 1337 3618 1404 quando

2006 1446 2127 1486 cum
2158 1440 2436 1499 peccatore
2463 1430 2641 1498 aliquo
2662 1427 3052 1497 expostulatur,
3069 1427 3324 1480 cootinue
3345 1425 3610 1483 dicamus,

2007 1523 2180 1576 ilomo
2202 1531 2281 1576 est
2316 1539 2330 1575 :
2359 1531 2411 1575 et
2444 1531 2651 1573 natura:
2684 1518 3053 1574 recordatione
3093 1517 3157 1570 ad
3190 1515 3617 1569 misericordiam

2008 1613 2373 1686 indignantem
2409 1626 2786 1680 provocemus.
2835 1609 2901 1662 Et
2928 1623 2989 1663 ea
3025 1608 3090 1662 de
3120 1621 3278 1660 causa
3329 1606 3524 1659 Paulus
3552 1605 3618 1658 ad

2007 1717 2248 1760 naturam
2280 1710 2330 1758 et
2359 1704 2474 1773 ejus
2514 1703 2874 1757 infirmitatem
2904 1700 3140 1770 confugit
3160 1743 3173 1766 ,
3199 1714 3320 1754 cum
3352 1699 3486 1752 dixit
3513 1713 3524 1749 :
3557 1697 3619 1751 Si

2007 1809 2053 1851 et
2104 1807 2494 1867 prwoccupatus
2538 1796 2690 1865 fuerit
2729 1796 2878 1847 homo
2927 1793 2980 1845 in
3008 1793 3182 1861 aliquo
3233 1790 3441 1843 delicto.
3501 1789 3617 1842 Non

2006 1887 2326 1956 simpliciter
2369 1900 2557 1955 magna
2591 1892 2807 1954 peccata
2841 1884 3001 1947 dicit,
3038 1897 3157 1950 qua“:
3201 1881 3405 1949 majora
3457 1893 3618 1948 quam

2008 1991 2065 2036 ut
2107 1983 2312 2036 veniam
2362 1989 2418 2034 ct
2468 1960 2893 2033 misericordiam
2943 1976 3136 2030 mereri
3185 1974 3490 2036 videantur,
3521 1971 3616 2026 scd

2009 2088 2166 2143 parva
2198 2083 2252 2127 et
2280 2072 2511 2140 abjccta.
2577 2070 2676 2124 Vos
2705 2070 2791 2139 qui
2820 2067 3133 2138 spirituates.
3164 2064 3215 2120 is
3258 2065 3348 2134 qui
3392 2073 3615 2134 peccat.

2008 2167 2206 2230 homo;
2234 2165 2322 2234 qui
2356 2180 2486 2219 vero
2509 2162 2648 2217 bene
2678 2169 2989 2232 operantur,
3019 2157 3324 2227 spirituales
3345 2155 3616 2209 dicuntur.

2010 2261 2106 2314 llic
2151 2258 2362 2313 virtutis
2403 2256 2722 2310 vocabulum
2764 2253 2974 2324 posuit,
3022 2253 3131 2306 illic
3172 2259 3377 2306 naturae
3422 2264 3620 2304 nomen

2007 2353 2166 2406 dixit.

2081 2444 2381 2514 Spirituulis
2439 2442 2589 2494 Immo
2635 2441 2767 2508 quis.
2810 2469 2880 2478 ——
2920 2437 3142 2492 Multum
3201 2445 3379 2490 autem
3440 2432 3617 2488 differt

2009 2537 2186 2596 boino,
2221 2546 2274 2590 et
2300 2534 2614 2604 spiritualis.
2656 2531 2755 2585 Vos
2780 2532 2865 2600 qui
2888 2529 3203 2600 spirituales.
3236 2527 3294 2582 Si
3327 2526 3618 2596 spiritualis

2006 2647 2084 2696 es,
2115 2631 2338 2684 ostende
2365 2629 2493 2682 mihi
2519 2630 2767 2681 virtutem
2798 2635 2966 2690 tuam,
3001 2639 3108 2677 non
3132 2638 3157 2675 a
3186 2631 3292 2685 tua,
3327 2620 3421 2675 sed
3446 2635 3475 2672 a
3501 2634 3618 2672 mea

2004 2725 2196 2786 salute,
2230 2723 2324 2777 sed
2349 2738 2377 2774 a
2409 2721 2649 2775 subsidio
2672 2717 2812 2786 quod
2843 2718 2992 2786 lapso
3024 2718 3148 2769 fers.
3181 2713 3293 2768 lloc
3323 2712 3464 2766 enim
3504 2713 3619 2780 spi-

2006 2819 2215 2873 ritualis
2237 2826 2316 2870 est
2343 2857 2354 2878 ,
2390 2830 2494 2868 non
2518 2813 2796 2883 despicere
2825 2826 2919 2865 sna
2946 2809 3189 2864 membra
3242 2806 3615 2876 periclitantia.

2007 2908 2253 2962 Iusti-uite
2281 2907 2450 2959 talem.
2487 2905 2690 2968 Facite,
2722 2904 2816 2966 ait,
2848 2917 2915 2954 ne
2947 2901 3063 2968 capi
3097 2899 3286 2968 possit,
3309 2913 3374 2952 ne
3400 2906 3618 2951 certan-

2007 3000 2078 3053 do
2108 3000 2450 3067 defatigetur,
2481 3014 2546 3049 nc
2571 2996 2864 3065 praeliattdo
2893 2994 3154 3048 adversus
3173 2989 3447 3044 diabolum
3491 3003 3617 3042 suc-

2006 3091 2242 3144 cumbat.
2272 3089 2614 3143 Considerans
2645 3087 2983 3153 temetipsum,
3019 3101 3081 3137 ne
3113 3094 3159 3136 et
3185 3093 3238 3135 tu
3264 3082 3489 3135 tenteris.

2075 3182 2129 3234 2.
2173 3180 2284 3233 lloe
2312 3193 2578 3231 summum
2601 3176 2886 3232 consilium
2917 3184 3022 3240 est,
3040 3183 3092 3228 et
3114 3172 3410 3227 admonitio
3438 3173 3580 3226 maxi
3599 3198 3618 3210 ι

2005 3289 2091 3328 me
2114 3287 2329 3341 cogens.
2367 3271 2585 3325 Etiamsi
2609 3284 2804 3324 saxeus
2838 3267 3022 3331 fueris,
3055 3276 3109 3321 et
3131 3266 3319 3321 audias
3343 3307 3357 3331 ,
3390 3266 3615 3321 verbum

2006 3364 2108 3419 hoc
2135 3364 2365 3417 sufficiet
2387 3362 2451 3415 ad
2483 3359 2794 3415 terrendum
2821 3401 2836 3422 ,
2863 3370 2918 3414 et
2946 3357 3375 3429 provocandam,
3405 3373 3512 3427 quo
3537 3355 3615 3410 fe-

2006 3471 2094 3509 ras
2122 3456 2379 3509 auxilium
2412 3454 2582 3523 lapso.
2614 3452 2730 3506 Non
2758 3452 2836 3506 vis
2859 3493 2872 3517 ,
2908 3453 3016 3517 ait,
3047 3460 3104 3505 ut
3139 3451 3305 3504 frater
3335 3449 3616 3504 misereri?

2007 3562 2110 3600 non
2139 3547 2214 3600 vis
2247 3556 2302 3598 ut
2329 3545 2636 3598 hominibus
2663 3542 2961 3598 concedere
2999 3542 3256 3596 veniam?
3286 3555 3390 3595 non
3432 3541 3513 3594 vis
3558 3550 3616 3594 ιιι

2004 3641 2192 3709 Spiritu
2233 3639 2297 3692 lis
2328 3654 2543 3692 manum
2575 3636 2891 3706 porrigere?
2919 3635 3214 3689 Considera
3246 3633 3612 3689 conditionem

2005 3745 2148 3789 tuam
2179 3751 2190 3786 :
2224 3742 2410 3787 etnon
2465 3732 2725 3800 indigebis
2769 3730 3099 3794 consiliario,
3147 3728 3240 3784 sed
3275 3745 3372 3798 per
3421 3736 3614 3782 temet-

2003 3827 2174 3894 ipsum
2204 3829 2470 3892 jacentem
2495 3823 2722 3892 iuvabis.
2754 3831 2808 3876 et
2831 3837 2858 3873 a
2885 3821 3170 3890 temetipso
3208 3819 3609 3874 admonebcris.

2001 3918 2119 3984 Quo
2147 3927 2320 3986 pacto,
2352 3924 2404 3970 ct
2434 3931 2540 3984 quo
2571 3913 2769 3968 modo?
2795 3912 3493 3980 Considamustemetipsum,
3513 3913 3608 3975 ait,

2001 4028 2064 4065 ne
2091 4021 2135 4064 et
2163 4023 2214 4064 tu
2238 4014 2459 4063 tenter-is.
2491 4008 2604 4063 Non
2629 4009 2762 4063 dixit
2787 4026 2798 4060 :
2831 4008 2961 4062 Nam
2992 4007 3215 4061 omnino
3244 4017 3296 4060 et
3325 4015 3380 4059 tu
3415 4021 3607 4076 pecea-

2000 4102 2101 4170 bis,
2136 4120 2201 4159 ne
2233 4104 2507 4157 molestior
2531 4113 2672 4155 esset
2698 4121 2709 4153 :
2736 4100 2830 4155 sed
2852 4100 3119 4170 quomodo
3149 4099 3324 4154 dixit?
3347 4097 3429 4152 Ne
3444 4114 3609 4169 quan-

1998 4196 2069 4250 do
2095 4206 2138 4249 et
2164 4206 2214 4247 tu
2241 4196 2465 4247 tenteris.
2515 4193 2654 4247 Fieri
2706 4192 2849 4246 enim
2884 4201 3062 4262 potest
3107 4201 3164 4246 ut
3214 4204 3403 4260 pecces
3438 4206 3452 4242 :
3489 4189 3605 4244 fieri

1998 4289 2159 4343 etiam
2189 4296 2363 4356 potest
2395 4295 2450 4340 ut
2501 4301 2606 4338 non
2636 4300 2845 4355 pecces.
2878 4285 2945 4339 Et
2975 4284 3097 4355 quia
3127 4285 3391 4340 incertum
3416 4294 3498 4338 est
3522 4283 3606 4337 fu-

2001 4390 2196 4440 turum,
2233 4393 2360 4447 para
2411 4377 2503 4431 tibi
2551 4376 2936 4431 misericordia:
2988 4376 3286 4445 sportulas,
3340 4391 3476 4446 quas
3532 4375 3607 4429 illi

1996 4471 2031 4527 d
2058 4487 2189 4537 ~nes,
2221 4479 2276 4524 ιιι
2316 4486 2411 4540 per
2437 4468 2526 4523 illa
2556 4484 2675 4538 qua:
2726 4469 2971 4536 proximo
3017 4467 3283 4536 impendis
3306 4509 3321 4534 ,
3353 4467 3396 4522 si
3447 4478 3501 4520 ct
3551 4476 3608 4521 tu

1996 4565 2282 4633 aliquando
2305 4563 2484 4631 lapsus
2507 4561 2672 4614 fueris
2696 4601 2711 4623 ,
2747 4559 2992 4614 invenias
3044 4558 3407 4628 promptuaria
3445 4557 3608 4612 mise-

1998 4658 2204 4711 ratione
2246 4655 2466 4709 referta.
2519 4653 2634 4708 Non
2666 4653 2825 4716 dixit,
2872 4651 2948 4706 Ne
2977 4651 3194 4722 quando
3220 4662 3274 4706 et
3303 4660 3356 4704 tu
3388 4665 3605 4720 pecces,

1997 4764 2066 4802 ne
2093 4748 2305 4817 quando
2332 4759 2380 4800 et
2412 4755 2466 4801 tu
2502 4746 2662 4800 cadas
2694 4762 2706 4798 :
2740 4745 3004 4799 attendite
3051 4744 3341 4814 diligenter
3379 4744 3446 4797 ad
3495 4743 3605 4798 vim

1999 4839 2286 4895 verborum
2330 4839 2572 4908 ipsorum
2601 4856 2612 4891 :
2640 4837 2733 4893 sed
2758 4879 2774 4903 ,
2831 4836 2916 4890 Ne
2970 4835 3186 4907 quando
3217 4845 3262 4891 et
3291 4846 3346 4890 ιιι
3376 4836 3603 4890 tentoria.

1994 4933 2114 5000 Quo
2146 4932 2304 4986 simul
2353 4931 2654 4996 indicatur,
2686 4945 2785 4984 nos
2817 4930 3018 4985 habere
3056 4930 3331 4984 inimicum
3372 4937 3605 4983 tentato-

1996 5041 2107 5080 rcin
2140 5042 2152 5076 :
2186 5035 2236 5077 et
2276 5031 2508 5077 tentator
2531 5039 2636 5076 non
2665 5031 2921 5077 statutum
2954 5021 3235 5076 insidiandi
3265 5029 3476 5090 tempus
3503 5017 3602 5074 lia-

1996 5119 2084 5173 bet
2109 5135 2121 5178 ;
2157 5119 2472 5187 plerumque
2498 5116 2639 5171 cnim
2666 5116 2715 5169 in
2750 5131 2848 5169 nos
2879 5114 3213 5169 dormientes
3239 5121 3292 5166 et
3322 5110 3601 5182 negligen—

1998 5221 2077 5264 tes
2107 5212 2362 5279 impetum
2395 5209 2521 5262 facit
2546 5226 2558 5261 :
2584 5217 2638 5261 et
2668 5206 2866 5261 idcirco
2892 5212 3293 5277 prmoccdpatus
3323 5204 3410 5258 ille
3433 5203 3605 5273 magis

1995 5302 2186 5372 dignus
2214 5309 2295 5355 est
2315 5342 2328 5362 ,
2354 5301 2438 5354 cui
2471 5298 2810 5352 condonctur
2830 5339 2844 5363 ,
2869 5297 3124 5366 quoniam
3159 5310 3188 5349 a
3222 5303 3487 5349 tentatore
3513 5307 3603 5348 ca-

1998 5403 2118 5462 ptus
2149 5401 2251 5446 est.
2313 5391 2428 5446 Non
2472 5392 2615 5448 enim
2643 5400 2760 5445 erat
2790 5390 2839 5444 ei
2881 5387 3161 5442 manifesta
3187 5401 3395 5457 pugna,
3429 5399 3607 5456 neque

1996 5485 2277 5538 condictus
2305 5482 2422 5537 dies
2451 5481 2612 5547 belli,
2645 5481 2740 5536 sed
2765 5483 2816 5535 in
2850 5481 3123 5536 incautum
3154 5479 3407 5548 impetum
3435 5476 3562 5531 fecit
3585 5516 3603 5542 ,

1995 5586 2153 5644 atque
2183 5574 2384 5629 idcirco
2411 5574 2704 5641 superavit.
2749 5573 2840 5629 Sic
2887 5582 3064 5627 nautae
3122 5584 3336 5641 quoque
3379 5567 3603 5632 faciunt,

1995 5684 2116 5722 cum
2150 5684 2243 5738 per
2275 5683 2525 5737 magnum
2555 5677 2610 5722 et
2631 5668 2931 5736 Spatiosum
2965 5682 3113 5721 mare
3145 5664 3414 5735 navigant.
3454 5663 3602 5718 Licet

1999 5761 2148 5814 navis
2175 5759 2416 5814 secundo
2439 5770 2601 5814 vento
2627 5757 2868 5823 feratur,
2903 5759 3027 5812 licet
3063 5758 3207 5810 omni
3240 5755 3486 5808 fruantur
3518 5769 3599 5808 se-

2003 5852 2251 5920 curitate,
2281 5865 2402 5904 cum
2431 5859 2608 5904 tamen
2640 5849 2870 5905 viderint
2899 5848 3032 5904 alios
3057 5847 3138 5902 vel
3168 5845 3352 5919 procul
3387 5843 3597 5898 naufra-
