4180 6476
666 422 768 478 0‘25

665 538 851 608 Σύρων
882 537 1031 607 φωνῇ
1061 534 1121 588 τὸ
1165 532 1356 601 πέραν
1399 530 1633 598 λέγεται,
1669 529 1761 581 καὶ
1789 527 1968 580 ίσασιν
1997 527 2112 580 ὅσοι
2140 524 2237 595 τῆς

668 623 850 689 φωνῆς
876 617 1079 683 ταύ.ης
1121 616 1262 668 είσὶν
1293 613 1564 683 ἔμπειροι.
1614 610 1793 680 Πολλὴ
1841 609 1899 662 δὲ
1944 612 2010 680 τῇ
2058 608 2242 678 Σύρων

671 704 818 774 φωνῇ
851 699 982 770 πρὸς
1013 698 1110 768 τὴν
1147 696 1257 749 τῶν
1289 694 1558 766 ,Ἐϐραίων
1586 693 1831 761 γλῶτταν
1857 694 1895 772 λή
1932 692 2240 774 συγγένεια.

666 769 776 838 Καὶ
793 769 886 835 διὰ
901 769 958 834 τί
987 781 1234 852 περάτης
1253 778 1489 846 ἐλέγετο,
1511 776 1673 846 φησίν
1693 794 1708 841 ;
1725 776 1788 828 Ἡ
1820 769 2049 846 Ἰουδαία
2069 773 2242 844 χώρα,

667 864 963 926 τουτέστιν,
994 865 1027 934 ὴ
1055 863 1385 931 Παλαιστίνη
1417 862 1586 924 πάσα,
1624 862 1656 930 ἠ
1683 859 1795 912 ἀπὸ
1825 861 1923 929 τῆς
1965 856 2243 925 Δίγύπτου

671 949 832 1018 μέχρι
858 947 952 999 τοῦ
977 946 1283 1018 Εὐφράτου,
1317 946 1435 998 κατ’
1465 943 1689 1013 ἀντικρὺ
1737 945 1916 994 κεῖται
1943 944 2041 1009 τῆς
2067 940 2244 992 Βαὸυ·

667 1032 886 1094 λωνίας,
917 1029 1038 1082 ὅθεν
1066 1025 1133 1098 ἦν
1161 1030 1188 1081 6
1228 1026 1502 1097 Ἀϐραάμ·
1537 1025 1631 1078 καὶ
1671 1024 1834 1093 μέσος
1877 1025 1962 1094 ῥεῖ
1983 1023 2051 1074 δι’
2077 1023 2247 1093 ἀμφο-

667 1115 887 1184 τέρωνό
921 1110 1163 1180 ποταμὸς
1187 1148 1202 1174 ,
1241 1108 1417 1166 κοινὸν
1453 1105 1702 1177 μεθόριον
1743 1104 1818 1157 ὢν
1847 1104 2110 1184 ἑκατέρας
2147 1104 2247 1173 τῆς

669 1183 788 1264 γῆς.
809 1195 959 1246 Ἐπεὶ
991 1189 1084 1246 οῦν
1105 1194 1205 1247 οὐκ
1232 1191 1339 1246 ἀπὸ
1370 1189 1470 1259 τῆς
1498 1189 1864 1258 Παλαιστίνης
1896 1183 1984 1258 ἦν,
2006 1188 2122 1242 ἀλλ’
2141 1188 2250 1240 άπὸ

666 1279 761 1332 τοῦ
795 1279 965 1348 πέραν
996 1273 1158 1349 ἦλθεν
1187 1277 1294 1329 ἀπὸ
1313 1274 1415 1344 τῆς
1439 1273 1810 1338 Βαϐυλωνίας,
1840 1271 1929 1325 διὰ
1961 1271 2120 1324 τοῦτο
2141 1270 2251 1324 ἀπὸ

666 1361 763 1414 τοῦ
796 1361 960 1413 τόπου
995 1361 1091 1413 καὶ
1141 1359 1235 1414 τοῦ
1279 1357 1601 1429 πράγματος
1633 1356 1695 1408 τὸ
1730 1356 1900 1425 ὸνομα
1941 1355 2120 1416 ἔλασε,
2156 1354 2250 1406 καὶ

670 1445 915 1514 περάτης
942 1443 1180 1511 ἐλέγετο,
1212 1441 1399 1511 ἐπειδὴ
1427 1439 1535 1494 ἀπὸ
1565 1438 1660 1493 τοῦ
1687 1439 1861 1510 πέραν
1892 1433 2044 1509 ἦλθε.
2069 1440 2166 1490 Διά
2197 1435 2250 1488 τί

668 1527 724 1578 δὲ
759 1527 867 1579 ἀπὸ
900 1523 994 1577 τοῦ
1029 1525 1198 1594 πέραν
1233 1519 1430 1592 ἦλθεν;
1487 1521 1704 1592 Ἐπειδὴ
1749 1523 1777 1574 6
1814 1521 1945 1582 Θεὸς
1975 1519 2248 1572 ἐκέλευσε.

671 1610 783 1662 Καὶ
810 1607 899 1660 διά
926 1607 980 1658 τί
1004 1607 1032 1657 6
1053 1606 1184 1666 Θεὸς
1211 1605 1527 1669 ἐκέλευσεν;
1554 1604 1668 1657 Ἰνα
1698 1601 1848 1676 δείξῃ
1875 1603 1973 1675 τὴν
2004 1602 2251 1671 ὑπακοὴν

669 1691 763 1742 τοῦ
798 1689 1025 1742 δικαίου.
1075 1689 1185 1742 Καὶ
1230 1687 1346 1750 πῶς
1395 1686 1602 1740 ἐδείκνυ
1631 1686 1731 1758 τὴν
1767 1686 2014 1756 ὑπακοὴν
2059 1683 2154 1738 τοῦ
2181 1685 2254 1736 δι-

671 1773 858 1833 καίου;
909 1772 1031 1824 ’Ὁτι
1076 1771 1164 1824 διὰ
1212 1770 1272 1824 τὸ
1325 1769 1489 1824 αὐτοῦ
1527 1771 1859 1840 πρόσταγμα
1902 1771 2000 1840 τὴν
2043 1767 2253 1821 οἰκείαν

669 1857 858 1924 ἀφεὶς,
901 1857 1000 1926 τὴν
1046 1854 1333 1924 ἀλλοτρίαν
1364 1855 1483 1909 ἀντὶ
1522 1854 1737 1924 ἐκείνης
1779 1851 2066 1921 ἠλλάξατο.
2102 1848 2253 1913 Εἶδες

670 1939 812 2008 πόση
861 1937 1120 2001 πλέκεται
1149 1935 1308 2007 σειρά
1347 1937 1456 1988 ἀπὸ
1490 1936 1586 2007 τῆς
1614 1934 1707 1989 τοῦ
1737 1935 1946 1988 δικαίου
1978 1950 2252 2005 προσηγο-

675 2021 830 2092 ρίας;
877 2020 1201 2089 ὐλόκληρον
1241 2021 1374 2090 ἡμῖν
1416 2019 1651 2086 πέλαγος
1699 2018 1941 2088 ἱστορίας
1989 2015 2049 2068 τὸ
2083 2016 2254 2084 ὄνομα

672 2102 847 2172 ἤνοιξε
875 2101 1048 2156 τοῦτο.
1066 2101 1220 2156 Μάθε
1246 2102 1424 2154 τοίνυν
1446 2101 1611 2154 αὑτοῦ
1633 2100 1694 2152 τὸ
1714 2099 1888 2170 ὄνομα
1913 2099 1972 2151 τὸ
2001 2099 2255 2160 παλαιὸν,

673 2185 759 2238 ἵνα
787 2185 913 2237 ὅταν
942 2184 1056 2254 ἴδῃς
1088 2184 1250 2237 αὑτὸν
1290 2182 1388 2252 τὴν
1428 2181 1795 2253 Παλαιστίνην
1839 2180 2128 2242 οίκοῦντα,
2170 2179 2256 2233 διὰ

671 2267 769 2336 τῆς
802 2268 1172 2337 προσηγορίας
1219 2267 1384 2320 αὑτοῦ
1430 2267 1566 2337 πρὸς
1614 2266 1710 2336 τὴν
1755 2267 1990 2335 ἀρχαίαν
2020 2263 2256 2331 πατρίδα

674 2350 1181 2421 χειραγωγούμενος
1203 2391 1216 2412 ,
1251 2351 1345 2403 καὶ
1390 2349 1675 2420 μανθάνων
1713 2349 1810 2419 τὴν
1840 2348 2042 2407 αἰτίαν,
2089 2346 2156 2399 δι’
2190 2347 2254 2416 ἣν

674 2432 844 2501 αὐτὴν
875 2433 1249 2500 ἐγκατέλιπεν,
1284 2433 1475 2502 ίκανὴν
1507 2431 1642 2501 πρὸς
1669 2432 1760 2484 τὸν
1783 2430 1946 2484 αὑτὸν
1975 2429 2137 2499 ζῆλον
2162 2428 2255 2481 λά-

675 2513 774 2584 σῃς
810 2504 1174 2585 παράκλησιν.

749 2597 1066 2668 Ἀνθρωπος
1100 2599 1206 2669 γάρ
1247 2599 1353 2668 πρὸ
1402 2599 1565 2668 νόμου
1591 2596 1685 2650 καὶ
1719 2595 1817 2666 τῆς
1848 2595 2075 2668 ἐννόμου
2106 2594 2258 2648 πολι⁹

673 2680 823 2742 τείας
857 2679 952 2742 ὣν,
986 2680 1083 2750 τὴν
1118 2682 1175 2732 ἐν
1222 2683 1289 2750 τῇ
1335 2680 1519 2750 χάριτι
1566 2678 1887 2748 φιλοσοφίαν
1922 2677 2256 2742 ἐπεδείξατο,

679 2762 772 2813 καὶ
799 2763 933 2832 ὅπερ
960 2763 1142 2831 ἔλεγεν
1178 2761 1402 2832 ὕστερον
1447 2764 1475 2814 ὁ
1507 2760 1740 2831 Χριστὸς
1770 2762 1883 2821 τοῖς
1906 2760 2223 2822 ἀποστόλοις
2241 2777 2253 2789 ·

693 2844 870 2913 Ἀμὴν
907 2845 1061 2914 λέγω
1097 2846 1266 2915 ὑμῖν,
1297 2847 1384 2898 ὅτι
1432 2848 1541 2898 οὐκ
1585 2843 1786 2908 ἐστιν,
1819 2843 1988 2908 ὅστις
2020 2840 2259 2912 ἀφῆκεν

678 2929 892 2991 οὶκίαν,
919 2929 956 2995 ἢ
985 2927 1308 2996 ἀδελφοὺς.
1332 2929 1369 2994 ἣ
1397 2927 1685 2995 ἀδελφὰς,
1721 2925 1760 2994 ἢ
1789 2924 2035 2993 πατέρα,
2076 2925 2113 2993 ἢ
2144 2942 2258 2995 μη-

678 3005 847 3076 τέρα,
899 3009 965 3075 ὃς
1004 3012 1117 3079 οὐχ
1160 3009 1759 3064 ἑκατονταπλασίονα
1808 3008 2108 3076 λήψεται,
2157 3011 2256 3062 καί

680 3090 833 3158 ζωὴν
879 3091 1119 3146 αἰώνιον
1172 3092 1615 3162 κληρονομήσει
1638 3108 1651 3121 '
1709 3091 1865 3144 τοῦτο
1913 3094 2118 3155 ἐκεῖνος
2172 3092 2260 3144 διὰ

680 3175 790 3227 τῶν
832 3176 1008 3245 ἔργων
1038 3177 1144 3247 πρὸ
1171 3178 1270 3246 τῆς
1297 3168 1516 3247 χάριτος
1548 3176 1823 3246 ἐποίησεν.
1861 3178 1976 3230 Οὐκ
2007 3176 2115 3230 ἀπὸ
2139 3177 2260 3228 τού⁶

681 3278 775 3313 του
812 3261 868 3314 δὲ
904 3261 1064 3330 μόνον
1092 3261 1189 3331 τὴν
1217 3261 1540 3329 φιλοσοφίαν
1569 3260 1717 3312 ἐστιν
1754 3261 1880 3313 ίδεῖν
1909 3259 2001 3312 τοῦ
2028 3260 2258 3321 δικαίου,

682 3342 820 3395 ἀλλὰ
884 3343 978 3395 καὶ
1018 3343 1126 3394 ἀπὸ
1171 3342 1271 3412 τῆς
1326 3342 1673 3411 ὑποσχέσεως
1729 3341 1900 3410 αὐτῆς
1947 3339 2041 3394 τοῦ
2103 3340 2258 3395 Θεοῦ.

682 3423 864 3492 Δεῦρο
902 3425 1006 3495 γάρ
1029 3465 1044 3488 ,
1077 3429 1262 3494 φησὶν,
1290 3427 1378 3490 είς
1410 3425 1525 3492 τὴν
1551 3423 1683 3494 γῆν,
1719 3423 1800 3491 ἣν
1824 3425 1902 3477 ἀν
1935 3441 2031 3478 σοι
2063 3424 2256 3487 δείξω.

687 3507 750 3560 El
779 3505 885 3578 γάρ
914 3507 1004 3558 καὶ
1031 3506 1336 3577 ἀμφότεραι
1375 3508 1631 3576 αἰσθηταὶ
1662 3508 1717 3560 αἱ
1749 3507 2004 3577 πατρίδες
2023 3547 2038 3569 ,
2083 3506 2196 3559 ἀλλ’
2225 3511 2258 3578 η

689 3589 786 3658 μὲν
810 3589 982 3641 οίκεία
1005 3587 1092 3659 ἦν,
1127 3591 1160 3658 ἡ
1200 3590 1256 3642 δὲ
1296 3589 1583 3659 ἀλλοτρίαο
1625 3590 1719 3642 καὶ
1747 3591 1780 3659 ἡ
1826 3591 1922 3660 μὲν
1951 3589 2182 3660 φανερά,
2229 3593 2261 3659 ἡ

684 3670 741 3721 δὲ
770 3669 960 3740 ἀδηλος
981 3687 995 3700 ·
1026 3670 1122 3724 καὶ
1221 3673 1318 3740 μὲν
1351 3675 1408 3724 ἐν
1442 3675 1628 3742 χερσὶν
1647 3711 1660 3731 ,
1696 3673 1730 3742 ἡ
1757 3672 1812 3725 δέ
1846 3674 1903 3724 ἐν
1931 3673 2140 3726 ἐλπίσι·
2170 3672 2265 3724 καὶ

685 3755 834 3822 ὅμως
863 3753 931 3805 τά
963 3755 1172 3825 φανερὰ
1217 3755 1311 3808 καὶ
1354 3755 1491 3824 δῆλα
1546 3757 1640 3808 καὶ
1669 3756 1737 3808 τὰ
1765 3757 1820 3808 ἐν
1852 3756 2038 3826 χερσὶν
2069 3755 2228 3823 ἀφεὶς
2247 3796 2263 3819 ,

689 3835 839 3908 [695]
869 3838 1002 3908 πρὸς
1034 3838 1103 3890 τὰ
1131 3839 1311 3908 ἀφανῆ
1346 3839 1438 3891 καὶ
1467 3838 1658 3908 ἄδηλα,
1701 3839 1792 3890 καὶ
1819 3831 1892 3891 ὧν
1924 3839 2023 3891 οὐκ
2059 3833 2126 3908 ἦν
2165 3838 2260 3890 κύ-

692 3935 803 3987 ριος
830 3921 1069 3990 ἔτρεχεν,
1103 3922 1188 3973 ἵνα
1222 3937 1282 3973 σε
1313 3922 1477 3993 πείσῃ
1509 3923 1602 3974 καὶ
1625 3921 1911 3994 παιδεύσῃ,
1937 3923 2064 3974 ὅταν
2085 3925 2112 3974 ὁ
2135 3922 2268 3986 Θεὸς

689 4001 756 4053 τὰ
785 4002 885 4070 μὲν
913 4002 1046 4072 δῆλα
1078 4005 1295 4071 ἀφεῖναι
1326 4003 1521 4073 κελεύῃ
1547 4046 1561 4066 ,
1599 4004 1735 4074 πρὸς
1761 4004 1817 4057 δὲ
1846 4005 1913 4057 τὰ
1942 4005 2109 4077 ἄδηλα
2145 4005 2265 4075 βλέ-

689 4101 846 4148 πειν,
910 4086 984 4156 μὴ
1041 4085 1364 4154 ἀντιλέγειν,
1419 4087 1553 4154 μηδέ
1600 4087 1980 4156 ἀμφισὸητεῖν.
2033 4090 2107 4140 Οὐ
2163 4089 2267 4161 γὰρ

689 4167 831 4218 οὓτω
859 4167 995 4236 δῆλά
1027 4169 1140 4221 ἐστι
1165 4169 1232 4221 τά
1260 4171 1317 4220 ἐν
1347 4168 1536 4238 χερσὶν
1556 4209 1569 4230 ,
1597 4169 1670 4232 ὡς
1715 4170 1899 4222 ἐκεῖνα
1923 4170 1992 4224 τά
2029 4172 2087 4223 ἐν
2113 4171 2267 4224 ἐλπί-

693 4264 778 4299 σιν
799 4264 812 4278 ο
843 4249 942 4317 οὐχ
969 4248 1110 4300 οὕτω
1135 4248 1266 4320 δήλη
1297 4251 1444 4302 ἐστὶν
1469 4253 1503 4320 ἡ
1533 4251 1783 4320 παροῦσα
1813 4251 1949 4321 ζωὴ,
1977 4251 2051 4316 ὠς
2086 4253 2266 4323 ἐκείνη

695 4331 729 4398 ἡ
765 4330 1053 4399 μέλλουσα.
1085 4331 1300 4402 Ταύτην
1326 4333 1425 4400 μὲν
1451 4335 1558 4401 γάρ
1601 4334 1815 4403 ὁρῶμεν
1845 4337 1956 4397 τοῖς
1984 4336 2269 4404 ἡμετέροις

695 4412 1013 4482 ὀφθαλμοῖς,
1041 4413 1256 4482 ἐκείνην
1280 4415 1497 4486 ὁρῶμεν
1527 4417 1640 4477 τοῖς
1678 4416 1776 4484 τῆς
1807 4416 2041 4479 πίστεως
2073 4417 2271 4487 ὀφθαλ-

700 4499 818 4566 μοῖς
841 4512 853 4526 ’
890 4495 1092 4566 ταύτην
1119 4497 1335 4568 ὁρῶμεν
1365 4500 1420 4550 ἐν
1449 4501 1569 4560 ταῖς
1615 4498 1912 4569 ἡμετέραις
1958 4501 2112 4571 χερσὶ
2159 4519 2274 4555 κει-

701 4578 892 4648 μένην,
913 4579 1125 4650 ἐκείνην
1154 4580 1370 4652 ὁρῶμεν
1392 4582 1485 4633 καὶ
1505 4583 1623 4644 ταῖς
1649 4581 2004 4649 ἐπαγγελίαις
2027 4581 2120 4634 τοῦ
2137 4581 2272 4635 Θεοῦ

702 4661 1127 4730 φυλαττομένην.

773 4743 831 4796 δ’.
875 4745 939 4796 Δί
968 4744 1024 4797 δὲ
1055 4745 1375 4814 ἐπαγγελίαι
1413 4747 1506 4800 τοῦ
1533 4746 1667 4799 Θεοῦ
1695 4745 1874 4816 πολλῷ
1909 4747 2275 4819 δυνατώτεραι

701 4827 812 4880 τῶν
837 4828 1116 4898 ἡμετέρων
1149 4828 1366 4900 χειρῶν.
1410 4829 1594 4883 Βούλει
1626 4830 1814 4898 μαθεῖν
1853 4831 1968 4892 πῶς
1997 4831 2135 4900 αῦτη
2176 4833 2274 4902 μὲν

704 4913 739 4982 ἡ
770 4911 881 4982 ζωὴ
908 4911 942 4980 ή
966 4910 1215 4982 παροῦσα
1242 4913 1299 4964 ἐν
1335 4913 1516 4983 ἀδήλῳ
1551 4915 1728 4965 κεῖται
1756 4912 2068 4975 διαπαντὸς,
2096 4915 2277 4984 ἐκείνη

705 4995 759 5046 δὲ
792 4993 824 5062 ἠ
856 4993 1145 5062 μέλλουσα,
1182 4997 1215 5064 ἡ
1248 4993 1478 5047 δοκοῦσα
1507 4995 1702 5066 ἄδηλος
1730 4990 1892 5056 εἶναι,
1931 4995 2280 5067 φανερωτέρα

705 5077 806 5146 τῆς
830 5075 1106 5147 παρούσης
1131 5078 1245 5130 ἐστὶ
1269 5078 1362 5130 καὶ
1385 5077 1703 5149 βεῦαιοτέρα
1726 5079 1820 5131 καὶ
1844 5078 2071 5148 μόνιμος
2095 5095 2109 5140 ;
2140 5077 2284 5143 Ἐξε-

709 5161 981 5228 τάσωμεν,
1018 5159 1067 5210 εί
1092 5158 1257 5223 δοκεῖ,
1288 5159 1357 5212 τά
1400 5161 1629 5231 λαμπρὰ
1674 5161 1772 5230 τῆς
1802 5161 2086 5232 παρούσης
2116 5161 2281 5231 ζωῆς,

708 5243 800 5294 τὸν
835 5240 1093 5308 πλοῦτον,
1125 5243 1222 5313 τὴν
1251 5241 1438 5309 δόξαν,
1465 5244 1564 5314 τὴν
1607 5244 1926 5297 δυναστείαν
1948 5285 1962 5308 ,
1991 5245 2089 5308 τάς
2121 5246 2285 5314 τιμὰς

710 5325 809 5386 τὰς
834 5323 983 5394 παρά
1013 5324 1316 5396 ἀνθρώπων
1339 5344 1352 5356 ο
1397 5325 1492 5379 καὶ
1521 5326 1638 5396 ὄψει
1669 5327 1875 5381 τούτων
1906 5327 2059 5381 οὐδὲν
2093 5327 2287 5397 ἀδηλό-

709 5421 888 5477 τερον.
924 5407 989 5458 Τί
1027 5408 1134 5479 γάρ
1162 5409 1516 5480 ἀπιστότερον
1554 5410 1804 5474 πλούτου,
1839 5409 1931 5462 τοῦ
1963 5410 2096 5481 μηδὲ
2129 5411 2290 5482 μέχρι

713 5491 809 5561 τῆς
833 5491 1069 5562 ἑσπέρας
1100 5492 1359 5557 πολλάκις
1386 5496 1519 5564 ἡμῖν
1550 5495 1991 5565 παραμένοντοςς
2028 5495 2292 5566 Καθάπερ

715 5574 821 5645 γάρ
846 5573 1120 5646 δραπέτης
1156 5575 1424 5647 ἀγνώμων
1453 5577 1561 5630 ἀπὸ
1590 5567 1780 5631 τούτου
1813 5580 1890 5641 εἰς
1930 5580 2135 5631 ἐκεῖνον
2172 5595 2290 5631 συν·

720 5657 858 5727 εχῶς
891 5657 1228 5728 μεθίσταται,
1264 5662 1356 5714 καὶ
1395 5661 1556 5715 πάλιν
1594 5663 1702 5717 ἀπὸ
1724 5661 1911 5716 τούτου
1954 5663 2088 5733 πρὸς
2115 5663 2291 5718 ἄλλον.

721 5740 970 5794 Τοιοῦτόν
999 5759 1051 5795 τι
1075 5745 1168 5798 καὶ
1192 5747 1224 5815 ἡ
1248 5745 1374 5813 δόξα
1396 5745 1566 5802 ἐστίν.
1591 5745 1648 5798 Ὁ
1675 5746 1784 5817 γάρ
1809 5746 1915 5821 πρὸ
1940 5745 2128 5802 τούτου
2158 5748 2295 5819 λαμ-

726 5824 860 5897 πρὸς
907 5826 1000 5878 κού⁵
1033 5827 1332 5899 ἐπίσημος,
1367 5829 1558 5900 ἄτιμος
1590 5831 1682 5882 καὶ
1728 5831 2008 5903 ἀνώνυμος
2041 5830 2297 5902 ἐξαίφνης

1352 415 1410 472 S.
1450 412 1737 470 JOANNIS
1774 407 2272 466 CHIWSOSTOHI
2315 407 2637 466 ARCHIEP.
2678 406 3232 464 CONSTANTINOP.

3828 411 3928 467 626

2344 527 2596 594 γίνεται·
2644 525 2739 578 καὶ
2786 525 2848 577 τὸ
2896 525 3138 578 ἐναντίον
3172 522 3352 577 πάλιν.
3393 521 3504 576 Καὶ
3536 521 3796 596 καθάπερ
3843 529 3929 580 τὸν

2343 609 2535 678 τροχὸν
2565 607 2803 677 συνεχῶς
2834 607 3203 678 στρεφόμενον
3231 607 3332 659 οὐκ
3365 604 3513 658 ἔστιν
3535 606 3675 676 όρᾷν
3716 608 3810 660 ἐπι
3845 608 3932 662 τοῦ

2344 692 2511 746 αὐτοῦ
2544 693 2643 763 τῆς
2681 693 2910 760 ἀντυγος
2951 690 3153 762 μέρους
3177 707 3190 720 ·
3245 692 3311 761 τῇ
3356 687 3466 761 γὰρ
3508 690 3810 761 πυκνότητι
3841 692 3938 760 τῆς

2345 777 2495 849 δίνης
2519 777 2812 841 διαπαντὸς
2833 777 2901 832 τά
2923 777 3038 830 άνω
3067 777 3219 829 κάτω
3247 775 3480 844 γίνεται,
3515 775 3610 827 καὶ
3629 776 3938 830 τούναντίον

2347 862 2541 916 πάλιν
2578 860 2725 914 οὕτω
2758 861 2851 914 καὶ
2898 861 2932 931 ὴ
2981 859 3088 912 τῶν
3123 861 3468 931 πραγμάτων
3509 857 3619 911 τῶν
3651 860 3939 930 ἡμετέρων

2347 944 2488 1016 φορά
2514 943 2752 1015 συνεχῶς
2783 942 3150 1016 στρεφομένη.
3177 942 3244 995 τά
3269 943 3382 996 ἄνω
3409 941 3562 993 κάτω
3584 944 3765 994 ποιεῖ·
3800 942 3939 994 οὕτω

2350 1029 2445 1081 καὶ
2473 1028 2567 1080 ἐπὶ
2588 1026 2683 1079 τοῦ
2716 1026 2950 1079 πλούτου
2979 1026 3074 1079 καὶ
3113 1025 3208 1077 ἐπὶ
3241 1024 3338 1094 τῆς
3368 1023 3687 1086 δυναστείας
3725 1024 3821 1076 καὶ
3850 1025 3942 1076 ἐπὶ

2347 1110 2456 1163 τῶν
2481 1110 2657 1164 ἀλλων
2679 1110 2954 1163 ἀπάντων.
2978 1108 3249 1162 Οὐδέποτε
3274 1108 3367 1160 ἐπὶ
3391 1107 3487 1177 τῆς
3513 1107 3686 1176 αὐτῆς
3709 1108 3941 1176 ἕστηκεν

2347 1193 2530 1265 ἔδρας,
2563 1192 2700 1246 άλλά
2726 1191 2795 1245 τὰ
2823 1191 2934 1244 τῶν
2961 1190 3223 1260 ποταμῶν
3257 1192 3505 1260 μιμεῖται
3538 1189 3811 1260 ῥεύματα,
3841 1208 3945 1258 μη-

2348 1275 2522 1344 δαμοῦ
2558 1291 2685 1327 ποτε
2716 1273 3004 1344 ἱστάμενα.
3035 1273 3101 1325 Τί
3126 1269 3218 1325 οῦν
3254 1271 3458 1325 τούτων
3489 1271 3686 1340 γένοιτ’
3723 1272 3790 1325 ἀν
3815 1273 3944 1340 ἀδη-

2349 1358 2466 1410 λότε
2477 1375 2587 1430 ρον,
2605 1359 2710 1411 τῶν
2734 1357 2878 1411 οὓτω
2901 1356 3141 1428 συνεχῶς
3167 1355 3680 1428 μεταϐαλλομένων,
3700 1355 3794 1408 καὶ
3817 1357 3944 1426 πρὶν

2351 1442 2384 1512 ἢ
2413 1444 2646 1510 φανῆναι
2679 1441 3097 1510 ἀφιπταμένων,
3127 1441 3257 1510 πρὶν
3283 1440 3317 1509 ἢ
3369 1437 3778 1508 παραγενέσθαι
3808 1439 3945 1491 ἀπο-

2352 1524 2647 1595 πηδώντων
2676 1541 2690 1589 ;
2727 1524 2825 1576 Διά
2854 1522 3014 1575 τοῦτο
3047 1524 3140 1575 καὶ
3172 1524 3201 1574 6
3236 1524 3522 1591 προφήτης
3571 1523 3699 1589 περὶ
3733 1521 3945 1590 τρυφῆς

2353 1608 2444 1660 καὶ
2466 1607 2699 1660 πλούτου
2728 1607 2820 1659 καὶ
2845 1605 2955 1658 τῶν
2974 1604 3232 1657 τοιούτων
3250 1604 3655 1673 διαλεγόμενος,
3681 1604 3774 1656 καὶ
3803 1603 3946 1656 σκώ-

2354 1708 2503 1744 πτων
2530 1692 2609 1753 είς
2640 1693 2766 1754 τοὺς
2807 1689 2945 1761 πρὸς
2980 1688 3120 1740 αύτά
3151 1687 3448 1756 κεχηνότας
3481 1687 3558 1749 ὼς
3599 1687 3943 1757 διαμένοντα,

2355 1774 2548 1843 φησίν·
2599 1775 2706 1837 Ὠς
2752 1771 2981 1828 ἑστῶτα
3019 1773 3380 1840 ﬂorebat-to
3421 1770 3647 1831 ταῦτα,
3689 1772 3787 1824 καί
3833 1773 3943 1840 οὐχ

2352 1860 2434 1924 ὡς
2457 1857 2777 1926 φεύγοντα.
2823 1856 2939 1915 υύκ
2967 1849 3144 1915 εἶπεν,
3193 1853 3252 1907 ού
3305 1853 3694 1925 παρερχόμενα
3715 1895 3729 1915 ,
3770 1855 3885 1907 ἀλλ’
3917 1854 3947 1906 6

2355 1938 2534 2009 πολλῷ
2566 1940 2752 2009 μεῖζόν
2783 1940 2953 2000 ἐστιν,
2988 1938 3087 2000 Ὠς
3109 1936 3410 2004 φεύγοντα
3429 1952 3442 1966 ·
3478 1937 3597 1989 οὐδὲ
3623 1937 3734 2003 γάρ
3765 1938 3947 2007 ἠρέμα

2355 2025 2650 2095 ἀναχωρεῖ,
2676 2023 2811 2077 ἀλλά
2842 2020 2981 2093 μετά
3012 2019 3209 2074 πολλοῦ
3242 2019 3337 2074 τοῦ
3362 2019 3580 2089 τάχους.
3621 2020 3761 2072 Ἀλλ’
3797 2021 3896 2089 οὐχ
3921 2023 3950 2073 6

2356 2111 2705 2178 πατριάρχης
2747 2106 2924 2169 οὕτως
2946 2144 2963 2168 ,
2996 2104 3132 2159 ἀλλά
3178 2105 3357 2157 πάντα
3387 2104 3563 2157 ταῦτα
3598 2103 3781 2172 ἀφεὶς,
3813 2103 3948 2173 πρὸς

2357 2191 2454 2253 τὰς
2489 2190 2824 2258 ἐπαγγελίας
2869 2189 2971 2250 τὰς
3010 2187 3160 2256 παρὰ
3201 2185 3294 2238 τοῦ
3340 2183 3479 2239 Θεοῦ
3527 2187 3688 2255 μόνον
3729 2185 3945 2247 ἐδλεπε,

2360 2271 2727 2342 προοδοποιῶν
2774 2273 2904 2342 ἡμῖν
2940 2271 3077 2342 πρὸς
3124 2270 3221 2339 τὴν
3261 2269 3372 2322 τῶν
3410 2268 3712 2339 μελλόντων
3744 2270 3947 2330 πίστιν,

2357 2355 2446 2416 ἵν’,
2482 2355 2612 2407 ὅταν
2645 2351 3052 2422 ἓπαγγέλληταί
3089 2369 3170 2405 σοι
3206 2353 3234 2403 6
3283 2351 3417 2414 Θεὸς
3451 2351 3519 2404 τά
3551 2351 3814 2422 μέλλοντα
3859 2351 3952 2404 καὶ

2355 2439 2454 2508 οὐχ
2484 2438 2760 2509 δρώμενα,
2789 2435 2862 2507 μὴ
2897 2436 3085 2507 λέγῃς,
3128 2437 3209 2488 δτι
3245 2434 3421 2506 ἄδηλά
3455 2435 3603 2487 ἐστιν
3639 2437 3824 2488 ἐκεῖνα
3858 2436 3952 2486 καὶ

2357 2521 2559 2590 ἀφανῆ,
2587 2521 2669 2572 Τά
2696 2520 2804 2590 γὰρ
2842 2519 3014 2590 ἄδηλα
3041 2521 3223 2572 ἐκεῖνα
3254 2517 3462 2571 τούτων
3493 2517 3612 2570 ἐστί⁵
3641 2516 3952 2584 σαφέστερα

2357 2603 2466 2656 τῶν
2498 2603 2816 2674 ὁρωμένων,
2842 2602 2936 2655 ἐὰν
2963 2603 3091 2664 τοὺς
3128 2603 3225 2670 τῆς
3252 2601 3487 2663 πίστεως
3517 2599 3730 2669 ἔχωμεν
3752 2598 3952 2666 ὀφθαλ-

2361 2687 2519 2756 μούς.
2554 2685 2616 2737 Εἰ
2645 2685 2755 2755 γάρ
2783 2685 2876 2738 καὶ
2911 2684 2985 2755 μὴ
3020 2684 3350 2754 ἑωράκαμεν
3394 2682 3556 2745 αὐτὰ,
3603 2680 3720 2734 ἀλλ’
3755 2683 3786 2733 6
3819 2679 3954 2743 Θεὸς

2359 2770 2498 2824 αύτά
2530 2769 2896 2839 ἐπηγγείλατο
2932 2770 3026 2821 καὶ
3048 2767 3335 2837 ὑπέσχετο.
3365 2769 3535 2820 Ὅταν
3564 2768 3592 2818 6
3622 2764 3756 2829 Θεὸς
3782 2767 3955 2834 ἐπαγ-

2359 2853 2638 2922 γέλληται,
2669 2852 2894 2921 οὐδεμία
2939 2849 3209 2921 μεταδολὴ
3253 2849 3364 2902 τῶν
3391 2848 3742 2918 ὑποσχέσεων
3783 2848 3952 2902 ἅπτε·

2357 2953 2448 2988 ται
2473 2952 2485 2966 ο
2521 2934 2662 2987 ὥστε
2701 2936 2884 2988 ἐκεῖνα
2922 2934 3156 3006 μάλιστα
3190 2933 3343 3003 μένει
3380 2933 3474 2986 καὶ
3515 2933 3766 3000 πέπηγεν
3798 2932 3857 2985 ἐν
3887 2935 3955 3002 τῇ

2357 3017 2502 3088 χειρὶ
2531 3015 2624 3070 τοῦ
2659 3016 2817 3069 Θεοῦ.
2867 3019 2967 3071 Ἕκ
3000 3017 3112 3085 γὰρ
3143 3015 3253 3083 τῆς
3286 3015 3486 3084 χειρὸς
3516 3013 3624 3067 τοῦ
3665 3015 3817 3069 Θεοῦ
3848 3014 3955 3082 ἀρ-

2359 3101 2566 3161 πάζὶςιν
2596 3099 2798 3165 οὐδεὶς
2837 3101 3089 3153 δύναται
3115 3139 3129 3160 ,
3168 3100 3351 3168 φησίν.
3403 3097 3703 3168 Ἀρπάζειν
3749 3099 3814 3150 ἐκ
3857 3097 3957 3166 τῆς

2361 3185 2544 3254 χειρὸς
2571 3181 2666 3235 τοῦ
2702 3183 2916 3253 Πατρός
2941 3200 3040 3252 μου
3077 3181 3252 3244 οὐδεὶς
3278 3180 3522 3234 δύναται.
3558 3181 3710 3233 Ἐπεὶ
3741 3176 3835 3233 οὖν
3866 3180 3958 3232 οῦ-

2361 3267 2472 3329 δεὶς
2501 3265 2724 3319 δύναται
2751 3266 3016 3337 ἁρπάζειν
3055 3267 3118 3318 ἐκ
3152 3265 3251 3334 τῆς
3281 3265 3464 3335 χειρὸς
3488 3263 3582 3317 τοῦ
3611 3263 3770 3326 Θεοῦ,
3803 3265 3956 3334 [696]

2360 3350 2418 3400 ἐν
2458 3349 2603 3418 δήλῳ
2637 3349 2786 3418 μένει
2826 3347 3086 3418 θησαυρῷ
3123 3348 3437 3410 διαπαντός.
3482 3347 3668 3400 Ταῦτα
3716 3347 3773 3399 δὲ
3821 3364 3958 3400 παν-

2361 3430 2534 3492 τοίαις
2571 3430 2894 3500 μεταὸολαῖς
2940 3431 3225 3482 ὑπόκειται
3256 3429 3351 3483 καὶ
3386 3432 3614 3500 τροπαῖς
3636 3446 3647 3457 ·
3679 3429 3770 3482 διὰ
3799 3427 3960 3482 τοῦτο

2363 3513 2624 3576 πολλάκις
2687 3515 2780 3567 τὸν
2833 3515 2930 3585 μὲν
2995 3515 3156 3566 πόνον
3202 3513 3382 3566 αὐτῶν
3437 3513 3805 3583 ὑπομένομεν,
3859 3511 3959 3565 τοῦ

2364 3599 2420 3651 δὲ
2450 3599 2640 3660 τέλους
2677 3599 2858 3651 αὐτῶν
2891 3596 3364 3669 ἀποστερούμεθα.
3420 3594 3544 3648 Ἐπὶ
3575 3595 3632 3648 δὲ
3663 3596 3771 3648 τῶν
3809 3596 3962 3647 ἐλπί-

2364 3683 2469 3735 δων
2495 3683 2720 3734 ἐκείνων
2749 3683 2850 3736 οὐκ
2880 3683 2958 3735 ἔνι
2985 3681 3166 3746 τοῦτο,
3191 3679 3329 3735 ἀλλά
3358 3679 3450 3732 τὸν
3486 3679 3794 3733 πονέσαντα
3822 3680 3959 3733 πάν-

2335 3818 2337 3822 ,
2365 3781 2474 3827 τως
2502 3764 2580 3816 δεῖ
2622 3765 2715 3817 καὶ
2746 3765 2854 3817 τῶν
2892 3765 3170 3832 στεφάνων
3197 3765 3496 3832 ἐπιτυχεῖν.
3527 3762 3592 3816 Ἢ
3633 3763 3744 3831 γάρ
3779 3763 3960 3827 ἐλπίς

2367 3850 2439 3900 οὺ
2470 3849 2880 3916 καταισχύνει.
2904 3847 3040 3899 Θεοῦ
3071 3847 3181 3918 γάρ
3210 3847 3358 3898 ἐστιν
3389 3846 3706 3915 υπόσχεσις,
3745 3845 3840 3897 καὶ
3865 3845 3961 3897 τὸν

2369 3932 2738 4001 ὑποσχόμενον
2799 3933 3049 4001 μιμεῖται
3085 3931 3152 3983 τά
3205 3929 3380 3999 δῶραέ
3435 3930 3620 3996 Ἀφείς
3667 3927 3845 3982 τοίνυν
3890 3928 3964 3980 τά

2367 4014 2569 4084 ἄδηλα,
2606 4013 2802 4084 κάτεχε
2845 4014 2912 4066 τὰ
2954 4013 3286 4083 φαινόμεναο
3322 4012 3390 4066 τά
3425 4012 3533 4083 γάρ
3568 4013 3868 4081 φαινόμενα
3897 4013 3962 4064 ού

2366 4097 2438 4148 τὰ
2469 4097 2710 4168 παρόντα
2745 4097 2914 4158 ἐστὶν,
2960 4097 3096 4150 ἀλλὰ
3137 4097 3203 4149 τὶ
3249 4095 3534 4165 μέλλοντα.
3579 4096 3641 4148 Εἰ
3684 4095 3744 4148 δέ
3793 4111 3963 4157 τινες,

2369 4180 2505 4249 πρὸς
2533 4181 2600 4233 τά
2647 4181 2892 4251 παρόντα
2927 4180 3276 4249 ἐπτοημένοι,
3308 4178 3420 4232 τῶν
3458 4178 3767 4249 μελλόντων
3793 4178 3966 4247 ὑπερ-

2369 4263 2589 4334 ορῶσιν,
2618 4263 2808 4334 ἐπειδὴ
2829 4262 3211 4333 ἀσθενέστεροί
3236 4264 3343 4315 εἱσι
3373 4261 3468 4314 τοῦ
3493 4261 3663 4331 ὕψους
3685 4262 3785 4331 τῆς
3813 4261 3966 4315 ἐλπί-

2370 4347 2458 4409 δος
2482 4347 2717 4417 ἐκείνης,
2740 4346 2830 4400 διά
2855 4343 3015 4399 τοῦτο
3041 4345 3408 4416 ὑπερορῶσιν,
3437 4347 3538 4398 οὐκ
3562 4345 3754 4416 ἐπειδὴ
3778 4345 3965 4414 ἀφανῆ

2371 4429 2542 4483 ταῦτά
2581 4431 2696 4482 ἐστι
2728 4429 2823 4481 καὶ
2854 4426 3046 4496 ἄδηλα.
3079 4427 3278 4479 Σκόπει
3322 4427 3456 4496 γοῦν
3488 4429 3589 4498 τὴν
3634 4427 3964 4496 φιλοσοφίαν

2373 4513 2465 4566 τοῦ
2505 4513 2737 4566 δικαίου.
2793 4512 2850 4565 Ὀ
2909 4511 3042 4574 Θεὸς
3099 4511 3467 4581 ἐπηγγείλατο
3516 4511 3666 4582 αὐτῷ
3728 4510 3966 4579 αἰσθητά

2376 4596 2694 4665 πράγματα,
2736 4595 2831 4648 καὶ
2858 4593 3020 4656 αὐτὸς
3051 4593 3220 4665 νοητά
3254 4592 3457 4664 ἐζήτει.
3502 4594 3610 4647 Καὶ
3640 4591 3741 4646 ποῦ
3767 4597 3795 4646 ὁ
3833 4593 3969 4656 Θεὸς

2376 4679 2608 4748 αἰσθητά
2641 4677 2789 4748 αὑτῴ
2825 4677 3214 4747 ἐπηγγείλατο,
3251 4678 3416 4741 αὐτὸς
3447 4678 3502 4729 δὲ
3543 4678 3708 4748 νοητά
3741 4675 3964 4747 ἤθελειη

2381 4762 2645 4825 Ἔξελθε,
2674 4762 2859 4832 φησὶν,
2891 4762 2959 4814 ἐκ
2990 4760 3103 4829 τῆς
3136 4761 3250 4830 γῆς
3271 4776 3410 4825 σου,
3443 4763 3540 4813 καί
3573 4761 3642 4813 ἐκ
3677 4760 3788 4827 τῆς
3816 4776 3964 4828 01'7-

2380 4841 2612 4912 rerslaq
2644 4857 2782 4903 σου,
2823 4840 2919 4893 καί
2964 4840 3032 4893 ἐκ
3073 4839 3180 4894 τοῦ
3213 4840 3385 4892 οἴκου
3416 4838 3524 4892 τοῦ
3559 4843 3783 4906 πατρός
3823 4853 3965 4896 σου,

2381 4923 2478 4977 καί
2505 4920 2682 4990 δεῦρο
2718 4925 2807 4987 εις
2841 4921 2977 4992 γῆν,
3015 4921 3096 4988 ἣν
3135 4921 3213 4974 ἄν
3244 4937 3341 4976 σοι
3371 4921 3567 4985 δείξω.
3605 4921 3847 4992 Αξσθητὴ
3874 4923 3969 4975 καὶ

2381 5010 2415 5078 ἡ
2447 5007 2689 5076 προτέρα
2721 5006 2815 5075 γῆ,
2846 5005 2942 5058 καὶ
2980 5006 3013 5076 ἠ
3047 5004 3320 5074 μέλλουσα
3346 5004 3584 5058 δίδοσθαι
3625 5005 3876 5076 ὕστερον.
3903 5005 3970 5058 Τί

2383 5087 2478 5144 οῦν
2525 5089 2721 5155 αύτός;
2773 5088 2990 5142 Μᾶλλον
3026 5088 3084 5141 δὲ
3132 5089 3207 5159 μὴ
3245 5087 3411 5140 αὑτοῦ
3447 5087 3795 5158 ἀκούσωμεν,
3830 5087 3972 5141 ἀλλά

2389 5173 2599 5226 Παύλου
2635 5173 2762 5242 περὶ
2813 5170 2979 5224 αὐτοῦ
3027 5170 3298 5238 λέγοντος.
3348 5171 3440 5222 ἵνα.
3469 5171 3730 5241 μάθωμεν
3772 5172 3855 5224 ὅτι
3908 5171 3970 5223 οῦ

2388 5256 2523 5328 πρὸς
2553 5254 2757 5325 ταύτην
2787 5253 2980 5307 ἐϐλεπε
3005 5253 3104 5324 τὴν
3132 5257 3254 5323 γῆν,
3288 5254 3338 5306 εί
3365 5254 3459 5307 καὶ
3481 5252 3686 5322 ταύτην
3710 5252 3972 5322 ἐπηγγεί-

2387 5337 2518 5392 λατο
2545 5341 2573 5392 6
2599 5338 2753 5401 Θεὸς,
2783 5336 2918 5391 ἀλλὰ
2953 5336 3023 5390 τά
3055 5336 3294 5407 παρόντα
3334 5335 3516 5404 ἀφεὶς,
3555 5336 3690 5407 πρὸς
3721 5335 3790 5388 τά
3829 5335 3976 5405 μέλ-

2390 5420 2550 5474 λοντα
2577 5421 2845 5490 ἐκεχήνει.
2879 5419 2943 5472 Τί
2965 5415 3058 5473 οὖν
3086 5422 3115 5474 6
3139 5417 3350 5482 Παῦλός
3377 5434 3540 5488 φησι;
3575 5418 3734 5472 Κατὰ
3767 5418 3976 5471 πίστις·

2392 5503 2696 5560 ἀπέθανον
2720 5498 2884 5558 οὗτοι
2914 5502 3159 5568 πάντες,
3200 5503 3330 5572 περὶ
3368 5500 3621 5572 Ἀϐραὰμ
3647 5500 3846 5569 λέγων,
3883 5504 3976 5554 καὶ

2407 5589 2611 5650 Ἰσαάκ,
2641 5587 2739 5641 καὶ
2774 5586 2988 5647 Ἰακὼϐ,
3020 5587 3115 5640 καὶ
3148 5584 3257 5638 τῶν
3276 5583 3506 5638 δικαίων
3534 5586 3812 5639 ἀπάντων.
3839 5585 3978 5638 υὺδὲ

2397 5671 2504 5740 γὰρ
2555 5669 2807 5742 Ἀϐραάμ
2851 5670 3042 5741 μόνος,
3072 5667 3208 5722 ἀλλά
3235 5667 3439 5732 πάντες
3479 5667 3580 5737 τῆς
3617 5667 3792 5737 αὐτῆς
3837 5664 3981 5738 ἦσαν

2398 5753 2714 5824 φιλοσοφίας
2735 5752 3000 5807 κοινωνοί.
3033 5752 3192 5808 Κατὰ
3227 5753 3436 5806 πίστιν
3475 5750 3781 5806 ἀπέθανον
3812 5747 3982 5807 οὗτοι

2402 5836 2643 5902 πάντες,
2686 5836 2770 5905 μὴ
2820 5835 3200 5904 κομισάμενοι
3247 5834 3354 5900 τὰς
3386 5835 3782 5904 ἐπαγγελίας,
3821 5834 3984 5888 duri
