4180 6484
285 461 392 517 ϋὶῆ

278 587 539 659 Syrorum
557 598 680 640 cum
712 583 934 639 llebrzea
964 580 1141 651 lingua
1165 574 1417 647 cognatio
1442 579 1544 627 est.
1568 568 1673 623 Sed
1704 566 1842 623 dicis
1862 606 1878 631 ,

278 694 447 751 quare
484 678 765 735 Transitor
804 672 1137 730 vocabatur?
1185 668 1369 726 Iudaea
1420 667 1598 738 regio,
1628 664 1730 721 hoc
1774 672 1879 728 est,

281 774 564 829 Palaestina
591 772 788 833 omnis,
815 785 936 841 qua:
965 768 1035 824 ab
1062 765 1297 838 Egyplo
1326 777 1495 832 usque
1514 760 1583 815 ad
1626 759 1880 830 Euphra-

282 876 391 921 tem
422 882 453 920 e
484 863 703 932 regione
720 865 866 932 jacet
891 860 1218 932 Babyloniae,
1250 855 1393 911 unde
1413 863 1528 910 erat
1556 850 1826 908 Abraham
1860 867 1876 903 :

276 971 333 1015 et
355 960 547 1014 ﬂuvius
585 956 891 1013 communis
914 954 1176 1009 terminus
1214 952 1501 1019 utriusque
1529 957 1688 1003 terra!
1710 987 1725 1011 ,
1758 960 1878 1001 mc-

276 1052 402 1107 dius
429 1062 711 1120 utramque
733 1058 900 1104 secat.
936 1047 1001 1101 Et
1025 1046 1146 1115 quia
1174 1044 1449 1099 Abraham
1484 1057 1591 1097 non
1634 1038 1881 1094 Palmsti-

276 1160 379 1198 nus
402 1152 540 1205 erat.
558 1142 650 1196 sed
675 1142 744 1196 ab
760 1140 998 1197 ulteriori
1020 1139 1131 1208 ripa
1163 1136 1398 1192 ﬂuminis
1420 1142 1661 1199 venerat,
1684 1146 1879 1202 nempe

273 1251 306 1291 a
341 1234 627 1308 Babylonia
655 1252 667 1287 :
702 1234 823 1289 ideo
848 1249 875 1286 a
906 1234 1023 1287 loco
1054 1241 1107 1286 et
1154 1229 1294 1285 facto
1333 1244 1529 1283 nomen
1557 1226 1798 1295 accepit,
1825 1233 1881 1280 ct

273 1326 449 1382 dictus
497 1333 583 1381 est
622 1325 902 1379 Transitor
930 1339 943 1377 :
973 1322 1095 1394 quia
1128 1338 1155 1375 a
1186 1322 1305 1376 loco
1334 1319 1576 1376 ulteriori
1626 1317 1872 1372 ﬂuminis

278 1421 448 1474 venit.
504 1420 681 1485 Quare
739 1428 916 1471 autem
974 1417 1191 1470 ﬂuvimn
1256 1413 1511 1469 transiit?
1552 1412 1686 1481 Quia
1733 1411 1878 1466 Dens

266 1514 525 1584 jusserat.
561 1513 624 1567 Et
650 1526 817 1582 quare
850 1509 1209 1579 Deusjussit?
1237 1507 1304 1564 Ut
1327 1506 1705 1562 ostenderetur
1746 1503 1873 1558 obe-

271 1606 472 1660 dientia
499 1603 651 1675 justi.
686 1604 751 1659 Et
776 1602 1048 1673 quomodo
1069 1610 1284 1655 ostensa
1315 1598 1413 1654 fuit
1456 1597 1763 1654 obedientia
1788 1596 1877 1664 ju-

270 1698 340 1752 sti
360 1701 383 1749 ’ί
407 1698 539 1767 Quia
565 1707 781 1767 propter
802 1705 1128 1767 praeceptum
1156 1693 1247 1748 Dei
1280 1693 1506 1763 patriam
1536 1708 1687 1745 suam
1710 1705 1870 1760 quam

269 1789 520 1857 reliquit,
550 1803 645 1857 pro
670 1788 844 1841 aliena
880 1785 1247 1840 commutavit.
1270 1782 1431 1838 Vides
1454 1792 1652 1852 quanta
1682 1790 1871 1834 eatena

266 1896 449 1936 rerum
479 1881 530 1934 in
558 1878 915 1949 appellatione
939 1876 1067 1945 justi
1094 1874 1589 1945 nectatnr?lngens
1619 1872 1873 1927 historia-

268 1988 388 2026 rum
421 1972 638 2041 pelagus
670 1986 866 2024 nomen
914 1968 1015 2023 hoc
1052 1968 1205 2022 nobis
1232 1966 1462 2037 aperuit.
1506 1965 1660 2019 Disce
1709 1964 1872 2034 igitur

262 2064 386 2133 ejus
414 2078 608 2118 nomen
642 2064 893 2133 prinmm.
924 2070 983 2115 ut
1006 2078 1129 2117 cum
1154 2060 1353 2116 videris
1374 2074 1496 2115 eum
1527 2058 1868 2114 Palmstinam

262 2156 613 2219 incolentem,
640 2154 999 2224 appellatione
1042 2152 1276 2207 nominis
1305 2151 1358 2206 in
1391 2150 1703 2206 memoriam
1725 2148 1869 2202 anti-

260 2262 385 2313 qua:
414 2246 598 2317 patriae
625 2247 741 2315 ejus
761 2288 777 2311 ,
810 2254 864 2301 et
891 2258 1065 2300 causa:
1099 2253 1319 2314 pr0pter
1370 2257 1530 2313 quam
1583 2257 1703 2297 eam
1744 2240 1868 2296 reli-

260 2340 414 2410 quit,
445 2338 823 2395 manuducaris
845 2380 859 2404 ,
892 2350 946 2394 et
976 2338 1045 2393 ita
1072 2337 1135 2392 ad
1162 2336 1484 2392 huitandum
1525 2352 1649 2391 cum
1677 2334 1864 2389 admo-

261 2449 449 2489 ncarc.

334 2524 591 2579 Abraham
639 2525 902 2596 discipulis
944 2523 1131 2579 Christi
1173 2540 1286 2593 par.
1314 2554 1388 2565 -
1434 2522 1575 2579 Ecce
1623 2522 1766 2579 enim
1808 2531 1865 2576 ut

257 2617 351 2674 ille
389 2627 513 2673 ante
561 2616 731 2688 legem
772 2626 827 2672 et
867 2616 968 2673 sub
1007 2617 1125 2687 lege
1164 2618 1331 2672 vitam
1370 2630 1538 2685 agens
1561 2658 1574 2677 .
1621 2616 1862 2687 philoso-

255 2709 440 2780 phiam
467 2725 680 2780 quoque
710 2718 952 2779 tempore
980 2710 1168 2780 gratim
1203 2709 1452 2763 traditam
1492 2709 1731 2777 suscepit
1757 2709 1859 2762 im-

254 2804 509 2875 plendam
531 2846 546 2869 ,
580 2816 633 2859 et
658 2814 783 2860 ante
814 2814 1024 2874 tempus
1066 2805 1251 2874 gratia:
1293 2803 1458 2868 fecit,
1502 2804 1643 2875 quod
1678 2812 1861 2873 postea

253 2896 534 2966 discipulis
554 2896 800 2951 Christus
825 2896 961 2952 dixit
990 2914 1004 2951 :
1033 2894 1191 2949 Amen
1216 2895 1328 2949 dico
1350 2894 1506 2959 vobis,
1526 2894 1664 2966 quod
1692 2893 1863 2947 nullus

250 3001 330 3046 est
357 2992 447 3058 qui
482 2991 681 3060 reliquit
709 2990 916 3043 domum
942 3032 957 3056 ,
1006 2999 1096 3043 aut
1132 2992 1338 3059 fratres,
1383 2998 1471 3040 aut
1506 3004 1725 3047 sorores.
1772 2996 1861 3040 aut

254 3092 455 3149 patrem
477 3122 491 3146 ,
541 3092 629 3133 aut
669 3089 915 3144 matrem,
962 3080 1050 3148 qui
1080 3096 1180 3132 non
1214 3078 1502 3147 eentuplmn
1536 3078 1787 3145 accipiet,
1816 3087 1861 3130 et

252 3173 409 3226 ritam
442 3181 683 3226 aternam
704 3172 974 3242 possidebit
1002 3170 1215 3240 (Matth.
1243 3170 1331 3225 19.
1357 3169 1448 3225 28.
1472 3168 1589 3241 29).
1622 3168 1738 3224 Non
1766 3184 1859 3223 so-

253 3265 367 3319 lum
410 3275 589 3320 autem
647 3265 770 3321 hinc
820 3272 1079 3335 apparet,
1130 3279 1294 3335 quam
1344 3264 1618 3333 sapienter
1666 3263 1860 3319 vixerit

245 3358 462 3428 justus,
500 3357 596 3412 sed
637 3358 797 3413 etiam
831 3359 922 3413 Dei
970 3357 1256 3427 promissio
1286 3357 1389 3412 hoc
1427 3356 1690 3411 declarat.
1736 3355 1860 3409 Veni

249 3452 401 3506 enim
428 3493 441 3515 ,
474 3452 644 3522 inquit
668 3492 682 3514 ,
711 3451 764 3505 in
790 3462 997 3516 terram,
1030 3468 1182 3521 quam
1212 3460 1557 3504 monstravere
1588 3449 1676 3502 tibi
1702 3448 1858 3519 (Gen.

253 3542 342 3597 12.
381 3544 455 3611 1).
499 3542 630 3597 Nam
659 3544 870 3597 tametsi
904 3553 1145 3612 utraeque
1188 3542 1290 3595 illa:
1326 3542 1573 3612 regiones
1601 3539 1856 3595 Chalda-a

249 3644 304 3688 et
344 3634 627 3688 Palestina
665 3641 819 3688 erant
856 3634 1197 3701 corporales,
1252 3632 1342 3687 illa
1385 3641 1562 3686 tamen
1592 3646 1685 3686 sua
1718 3640 1854 3697 erat,

252 3723 369 3781 hzrc
400 3725 573 3781 aliena
606 3741 621 3776 :
656 3725 740 3780 illa
769 3737 936 3782 certa.
968 3725 1081 3779 base
1112 3723 1314 3779 incerta
1342 3739 1355 3776 :
1387 3724 1474 3778 illa
1505 3724 1556 3778 in
1583 3724 1854 3790 manibus,

251 3816 369 3875 haec
405 3819 459 3873 in
488 3832 583 3888 spe
613 3836 625 3871 :
660 3819 775 3888 ipse
819 3828 996 3873 autem
1045 3817 1245 3873 relictis
1279 3818 1443 3874 certis
1466 3859 1479 3881 ,
1532 3816 1854 3881 manifestis,

250 3918 303 3963 et
338 3909 405 3964 iis
431 3926 548 3979 qua:
591 3909 642 3964 in
685 3926 843 3963 manu
883 3919 1071 3975 erant,
1124 3908 1393 3963 festinavit
1434 3918 1487 3962 et
1535 3909 1748 3963 transiit
1787 3908 1855 3963 ad

249 4001 478 4068 incerta,
508 4002 797 4071 incognita,
827 4011 880 4057 ct
903 4002 969 4055 ad
998 4017 1059 4056 ea
1090 4002 1141 4055 in
1170 4000 1365 4071 quibus
1392 4000 1493 4054 sibi
1524 4016 1631 4054 non
1661 4000 1859 4055 licebat

248 4092 551 4165 dominari,
598 4103 655 4148 ut
697 4092 1015 4164 persuadeat
1054 4092 1404 4164 erndiatque.
1437 4108 1609 4163 neque
1635 4102 1855 4148 eontra-

249 4184 537 4242 tlicendum
564 4226 579 4249 .
622 4202 797 4257 neque
826 4185 1185 4241 cunctandum
1207 4226 1224 4250 ,
1272 4184 1488 4256 quando
1522 4186 1660 4240 Deus
1687 4186 1859 4239 mani-

249 4275 382 4332 festa
432 4278 735 4347 :clinqnere
772 4277 959 4347 jubet,
1012 4286 1065 4332 et
1090 4276 1156 4331 ad
1193 4292 1255 4333 ea
1297 4293 1418 4349 qua:
1460 4292 1564 4330 non
1596 4286 1859 4347 apparent

249 4370 543 4439 respicere.
573 4369 689 4424 Non
720 4370 865 4424 enim
893 4380 999 4423 tam
1021 4378 1167 4424 certa
1188 4385 1308 4439 qua:
1336 4370 1675 4437 inmanibus,
1696 4379 1857 4441 atque

248 4475 310 4514 ea
332 4478 455 4531 qua:
484 4461 535 4515 in
566 4475 661 4530 spe
690 4478 704 4523 ;
738 4476 842 4513 non
873 4460 1015 4514 enim
1059 4460 1136 4514 sic
1174 4459 1456 4514 manifesta
1503 4470 1585 4514 est
1617 4476 1857 4530 prmsens

249 4550 365 4607 ha-c
398 4551 506 4606 vita
538 4564 595 4605 ut
640 4551 813 4605 futura
856 4551 966 4606 illa.
1017 4552 1165 4606 llanc
1204 4553 1346 4606 enim
1385 4552 1629 4608 videmus
1658 4554 1857 4607 nostris

246 4647 458 4711 oculis,
504 4646 650 4701 illam
699 4645 944 4700 videmus
969 4646 1139 4701 oculis
1166 4643 1287 4701 ﬂdci
1321 4662 1333 4698 :
1368 4646 1507 4701 hanc
1531 4646 1773 4702 videmus
1801 4646 1853 4700 in

248 4738 502 4792 manilius
528 4736 727 4791 nostris
755 4738 981 4806 positam
1005 4778 1021 4800 ,
1076 4736 1223 4791 illam
1256 4738 1501 4792 videmus
1541 4735 1593 4792 in
1622 4739 1853 4808 promis-

248 4829 493 4885 siouibus
522 4829 614 4884 Dei
644 4830 990 4885 custoditum.

317 4922 371 4976 4.
406 4921 673 4977 Promissa
714 4920 808 4975 Dei
853 4921 1176 4985 certissima;
1219 4938 1298 4976 res
1328 4922 1567 4977 humana.-
1592 4940 1745 4994 quam
1773 4925 1854 4979 in-

249 5022 418 5067 certae.
454 5043 525 5053 —-
572 5013 967 5069 Promissioncs
1006 5024 1186 5067 autem
1236 5014 1329 5068 Dei
1374 5017 1542 5069 multo
1590 5018 1853 5071 certiores

248 5115 373 5159 sunt
396 5148 409 5169 ,
442 5121 600 5177 quam
630 5122 749 5176 quae
777 5108 828 5161 in
859 5107 1055 5161 nostris
1076 5117 1199 5161 sunt
1229 5108 1492 5162 manibus.
1528 5109 1617 5163 V'is
1643 5109 1855 5164 discere

249 5197 523 5265 quomodo
548 5197 664 5254 lure
690 5199 905 5269 quidem
941 5202 1047 5253 vita
1080 5202 1130 5254 in
1156 5202 1361 5257 incerto
1382 5205 1480 5257 sita
1508 5214 1593 5259 est
1617 5218 1850 5274 semper,

251 5286 425 5346 futura
452 5301 631 5347 autem
662 5291 772 5357 illa,
804 5308 921 5361 quce
947 5293 1159 5347 videtur
1186 5294 1386 5349 incerta
1411 5311 1555 5358 esse,
1587 5295 1686 5349 hac
1714 5312 1851 5365 pne-

248 5385 386 5437 senti
414 5386 613 5439 certior
638 5386 709 5439 sit
734 5394 789 5439 et
816 5384 1080 5439 solidior?
1144 5386 1477 5457 Inquiramus
1504 5431 1517 5449 .
1564 5389 1608 5443 si
1657 5390 1850 5456 plaext.

250 5483 367 5539 qua!
398 5486 525 5530 sunt
565 5476 653 5530 illa
681 5478 966 5547 prtesentis
993 5476 1112 5529 vita:
1141 5477 1426 5545 prteclara;
1458 5479 1658 5532 divitiae
1679 5520 1694 5542 ,
1732 5480 1852 5548 glo-

251 5563 325 5615 τῖη
346 5605 361 5623 .
393 5569 667 5635 potentia;
701 5584 949 5639 magnum
980 5567 1275 5623 existimari
1306 5568 1374 5622 ah
1417 5568 1721 5624 hominibus
1753 5590 1766 5625 :
1798 5580 1854 5625 et

253 5653 459 5713 videbis
490 5657 622 5714 nihil
654 5660 757 5713 illis
778 5676 899 5715 esse
930 5660 1206 5715 incertius.
1252 5661 1389 5728 Quid
1419 5663 1561 5715 enim
1586 5663 1853 5720 inﬂdclius

255 5744 467 5815 divitiis,
495 5766 616 5821 quae
640 5767 784 5825 sape
806 5766 904 5807 nec
933 5767 1102 5823 usque
1134 5752 1201 5808 ad
1232 5767 1517 5823 vesperam
1543 5754 1698 5809 nobis
1727 5772 1850 5823 per-

256 5840 508 5895 tuanent?
556 5840 707 5898 Sicut
736 5843 876 5897 enim
924 5844 1161 5913 ingratus
1204 5843 1475 5914 transfuga
1500 5886 1515 5907 ,
1545 5844 1615 5898 ab
1654 5846 1756 5897 hoc
1782 5846 1848 5901 ad

258 5924 399 5983 illum
423 5974 434 5990 .
468 5944 515 5986 et
551 5932 617 5987 ab
646 5933 738 5988 illo
767 5934 830 5988 ad
862 5936 1019 5988 alium
1050 5933 1277 5990 subinde
1308 5943 1607 5990 transeunt.
1645 5937 1840 6007 llujus-

1498 451 1561 508 ῐΝ
1591 446 1892 509 GENESIM
1932 446 2163 507 SERMO
2237 448 2327 508 lx.

3509 452 3617 509 626

2005 566 2149 622 modi
2192 577 2277 624 est
2303 567 2491 640 gloria.
2538 566 2927 639 S:epenumero
2963 568 3052 639 qui
3084 567 3263 622 clarus
3290 575 3406 624 erat
3434 576 3487 621 et
3519 583 3615 621 no-

1998 658 2121 713 bilis
2146 700 2160 720 .
2194 668 2417 729 repente
2442 670 2785 731 contemptus
2806 670 2859 715 et
2904 658 3160 731 ignobilis
3202 658 3458 721 habetur,
3498 667 3554 713 et
3578 673 3613 713 e

1992 750 2208 806 diverso
2250 766 2464 822 quoque
2505 766 2651 823 saepe
2687 752 2904 808 obscuri
2944 752 3123 807 suhito
3155 751 3487 808 clarescunt.
3541 750 3608 805 Et

1991 845 2131 900 sicut
2161 845 2331 900 videri
2374 845 2561 916 nequit
2587 845 2639 900 in
2671 854 2787 900 rota
2813 886 2829 912 ,
2877 861 2999 917 quae
3039 843 3297 899 continuo
3335 852 3603 907 versatur,

1990 939 2165 1011 aliqua
2200 954 2323 1009 pars
2352 939 2492 1009 ejus,
2521 954 2590 994 eo
2614 939 2755 1010 quod
2780 938 2971 995 crebra
2996 936 3432 994 circumferentia
3462 951 3608 993 sem-

1992 1048 2089 1101 per
2116 1048 2325 1087 summa
2354 1034 2483 1088 liunt
2512 1033 2617 1088 ima
2636 1074 2653 1099 ,
2681 1040 2736 1087 et
2766 1032 2871 1087 ima
2901 1048 3111 1087 summa
3146 1049 3159 1086 :
3192 1032 3263 1086 ita
3302 1039 3359 1086 et
3388 1040 3605 1086 nostra-

1990 1143 2107 1182 rum
2134 1143 2313 1181 rerum
2346 1126 2597 1199 impetus,
2629 1126 2757 1182 dum
2788 1126 3045 1182 continuo
3066 1135 3368 1193 vertuntur,
3388 1140 3604 1182 summa

1990 1217 2116 1273 facit
2144 1219 2325 1274 intima
2354 1236 2369 1273 :
2415 1227 2475 1273 ut
2498 1218 2684 1275 videre
2713 1218 2838 1275 licet
2865 1218 2917 1273 in
2944 1217 3184 1286 divitiis,
3216 1218 3475 1289 potentiis
3498 1258 3515 1285 ,
3549 1228 3602 1275 et

1987 1313 2125 1367 aliis.
2171 1311 2472 1381 Numquam
2504 1312 2650 1367 enim
2694 1310 2747 1365 in
2788 1309 2982 1366 eodem
3027 1318 3168 1366 statu
3198 1320 3418 1367 manent
3446 1352 3462 1378 ,
3506 1312 3602 1367 sed

1986 1419 2205 1474 semper
2234 1402 2514 1458 instabiles
2552 1403 2837 1457 ﬂuminum
2884 1402 3061 1458 ﬂuxus
3104 1401 3405 1457 imitantur.
3461 1402 3602 1471 Quid

1970 1498 2144 1568 igitur
2175 1497 2256 1551 his
2287 1496 2545 1552 incertius
2570 1537 2587 1562 ,
2627 1512 2750 1566 qua:
2792 1504 2900 1551 tam
2945 1496 3142 1553 crebro
3173 1495 3595 1564 transferuntur,

1983 1600 2036 1644 et
2067 1588 2374 1660 priusquam
2419 1596 2566 1643 recte
2608 1596 2943 1657 appareant,
2994 1587 3249 1655 avolant,
3282 1583 3596 1659 priusquam

1982 1683 2290 1746 adveniant,
2324 1680 2603 1737 resiliunt?
2630 1679 2785 1737 Unde
2811 1680 3074 1752 propheta
3104 1680 3171 1737 de
3195 1679 3407 1736 deliciis
3432 1690 3487 1736 et
3514 1681 3596 1735 di-

1982 1777 2124 1831 vitiis
2150 1778 2326 1846 deque
2350 1777 2510 1833 rebus
2542 1774 2737 1831 talibus
2762 1774 3037 1830 disserens
3056 1817 3071 1841 ,
3102 1782 3159 1829 et
3181 1787 3279 1830 eos
3322 1774 3597 1830 insectans

1978 1872 2068 1940 qui
2098 1870 2201 1926 illis
2231 1872 2383 1941 quasi
2414 1868 2854 1942 permanentibus
2896 1876 3120 1935 vacant,
3158 1867 3290 1924 dicit
3317 1886 3330 1922 :
3361 1866 3595 1940 Reputa-

1980 1974 2099 2017 runt
2153 1964 2260 2017 lucc
2300 1964 2447 2031 quasi
2483 1963 2706 2028 stantia,
2742 1972 2789 2016 et
2830 1978 2933 2016 non
2962 1960 3110 2031 quasi
3137 1960 3387 2032 fugientia
3414 1961 3593 2032 (Amos

1978 2057 2031 2112 6.
2064 2056 2140 2129 5).
2171 2057 2287 2112 Non
2307 2056 2461 2122 dixit,
2483 2055 2637 2128 quasi
2668 2056 3071 2127 praetereunda,
3104 2053 3223 2120 sed,
3253 2053 3395 2125 quod
3420 2056 3591 2110 mul:o

1978 2153 2171 2223 majus,
2204 2152 2365 2219 Quasi
2385 2153 2635 2223 fugientia
2664 2168 2683 2207 :
2710 2166 2817 2207 non
2848 2152 2993 2208 enim
3018 2151 3271 2222 paulatim
3299 2149 3585 2215 recedunt,

1975 2246 2069 2301 δραι
2117 2247 2246 2300 mira
2288 2246 2588 2301 celeritate.
2635 2246 2705 2299 At
2746 2243 3051 2314 patriarcha
3099 2243 3189 2299 ille
3217 2258 3324 2299 non
3352 2244 3431 2299 sic
3453 2244 3585 2312 egit,

1973 2336 2067 2391 sed
2103 2337 2299 2392 relictis
2344 2336 2596 2392 omnibus
2644 2335 2789 2400 illis,
2845 2344 3051 2391 tantum
3095 2335 3161 2391 ad
3192 2335 3587 2407 promissiones

1936 2430 2068 2493 ,Dei
2099 2431 2382 2500 spectavit,
2411 2430 2551 2485 viam
2580 2429 2735 2485 nobis
2758 2444 2953 2499 parans
2968 2428 3033 2484 ad
3054 2428 3355 2484 futurorum
3385 2428 3546 2483 ﬁdem
3570 2447 3583 2484 :

1973 2530 2029 2575 ut
2055 2537 2175 2577 cum
2203 2522 2506 2590 promiserit
2536 2521 2627 2576 tibi
2660 2521 2804 2577 Deus
2833 2519 3007 2576 futura
3034 2530 3088 2577 et
3114 2536 3233 2592 quae
3264 2535 3369 2575 non
3392 2520 3582 2578 viden-

1973 2624 2079 2679 tur,
2113 2630 2181 2667 ne
2215 2613 2363 2668 dicas
2386 2656 2402 2679 ,
2435 2613 2549 2669 hrec
2577 2628 2701 2670 esse
2732 2614 2934 2669 incerta
2980 2624 3036 2669 et
3073 2614 3323 2670 obscura.
3377 2613 3584 2670 Incerta

1970 2708 2113 2761 enim
2146 2707 2233 2761 illa
2264 2707 2496 2761 certiora
2526 2715 2651 2761 sunt
2682 2706 2747 2762 iis
2777 2721 2897 2776 qua:
2927 2706 3215 2771 videntur,
3247 2706 3410 2761 modo
3435 2720 3578 2761 ocu-

1972 2800 2051 2855 los
2080 2799 2201 2854 lidei
2232 2799 2543 2854 habeamus.
2578 2798 2834 2866 Quamvis
2860 2797 3006 2853 enim
3036 2798 3121 2852 illa
3143 2813 3249 2853 nou
3278 2797 3577 2860 videamus.

1971 2894 2111 2947 Dens
2143 2904 2319 2946 tatnen
2360 2907 2421 2946 ea
2456 2891 2741 2962 promisit.
2782 2898 2838 2945 et
2887 2890 3159 2961 pollicitus
3197 2898 3297 2946 est.
3352 2890 3583 2958 Quando

1970 2984 2111 3040 Deus
2142 2984 2404 3055 promittit
2428 3025 2440 3044 .
2476 2983 2622 3038 nulla
2653 2982 2879 3037 variatio
2909 2979 3358 3053 promissionibus
3384 2981 3579 3052 adjun-

1965 3076 2140 3145 gitur;
2172 3085 2332 3146 atque
2359 3074 2493 3128 adeo
2522 3075 2607 3129 illa
2641 3074 2875 3128 maxime
2907 3083 3149 3137 manent,
3182 3089 3302 3144 ane
3330 3074 3382 3127 in
3416 3089 3577 3128 manu

1969 3170 2059 3223 Dei
2091 3180 2234 3222 sunt.
2270 3167 2353 3221 Ea:
2387 3183 2540 3220 manu
2569 3166 2714 3222 enim
2760 3164 2887 3229 Dei,
2931 3166 3103 3235 inquit
3131 3206 3145 3225 .
3193 3164 3368 3219 nullus
3398 3180 3583 3235 rapere

1967 3271 2128 3329 potest
2160 3257 2340 3325 (Joan.
2372 3258 2460 3313 10.
2490 3257 2608 3329 29).
2663 3257 2825 3328 Igitur
2866 3257 2989 3328 quia
3038 3256 3217 3311 nullus
3248 3272 3440 3327 rapere
3480 3271 3580 3327 po-

1967 3365 2072 3410 test
2098 3370 2163 3409 ex
2194 3370 2355 3407 manu
2387 3353 2511 3418 Dei,
2561 3360 2741 3407 certus
2773 3350 2862 3407 ille
2909 3350 3193 3407 thesaurus
3221 3367 3438 3421 semper
3465 3368 3581 3407 tna-

1965 3459 2073 3502 net.
2120 3447 2411 3503 Prmsentia
2451 3454 2628 3501 autem
2666 3445 2970 3516 omnigenis
3000 3444 3385 3503 variationibus
3410 3457 3465 3501 et
3495 3447 3580 3501 vi-

1963 3541 2367 3597 cissitudinibus
2382 3548 2509 3595 sunt
2525 3538 2753 3595 obnoxia
2778 3556 2795 3605 ;
2820 3538 2943 3595 ideo
2964 3538 3150 3609 procis
3172 3555 3316 3611 επιρθ
3334 3540 3577 3597 laborem

1964 3633 2204 3695 ferimus,
2236 3640 2288 3687 et
2317 3631 2420 3687 line
2447 3647 2633 3687 eorum
2664 3630 3005 3685 lrustramur.
3058 3630 3114 3686 ln
3148 3631 3214 3686 iis
3244 3642 3425 3687 autem
3455 3647 3579 3703 quas

1962 3740 2261 3795 speramus,
2287 3741 2392 3780 non
2424 3724 2492 3780 ita
2520 3733 2624 3789 est,
2651 3723 2748 3780 sed
2774 3724 2818 3778 is
2838 3724 2928 3793 qui
2954 3723 3238 3787 laboravit,
3264 3724 3577 3779 necessario

1963 3836 2191 3875 coronas
2217 3829 2271 3873 ct
2296 3819 2514 3889 prmtnia
2542 3818 2911 3887 consequitur.
2960 3816 3094 3872 Nam
3124 3817 3257 3885 Spes
3294 3835 3393 3870 non
3420 3818 3580 3886 pude-

1963 3915 2087 3984 facit
2119 3912 2295 3983 (Rom.
2325 3913 2376 3967 5.
2414 3912 2469 3981 5)
2500 3953 2513 3975 ,
2551 3911 2675 3982 quia
2709 3910 2802 3965 Dei
2854 3918 2937 3964 est
2983 3909 3269 3980 promissio
3304 3927 3317 3962 :
3350 3918 3405 3963 et
3434 3908 3578 3963 dona

1965 4006 2229 4077 promissa
2260 4016 2558 4075 sequuntur
2587 4005 2705 4073 ejus
2736 4013 3005 4067 naturam,
3040 4004 3130 4075 qui
3162 4004 3427 4073 promisit.
3464 4002 3576 4059 Re-

1963 4100 2103 4154 lictis
2142 4098 2301 4169 igitur
2342 4099 2599 4162 incertis,
2648 4096 2996 4167 apprehende
3026 4113 3087 4152 ea
3119 4113 3241 4167 qua)
3279 4097 3575 4167 conspicua

1963 4201 2085 4247 sunt
2118 4210 2129 4244 :
2162 4191 2446 4258 con5picna
2475 4200 2653 4244 autem
2681 4197 2847 4252 sunt,
2879 4204 2984 4242 non
3016 4189 3301 4258 praesentia
3325 4231 3339 4252 ,
3364 4188 3458 4242 scd
3491 4188 3574 4243 fu-

1964 4293 2103 4335 tura.
2161 4281 2279 4335 Jam
2333 4279 2475 4350 quod
2524 4280 2685 4350 aliqui
2731 4279 2798 4333 ad
2852 4281 3137 4349 pra-scntia
3184 4290 3472 4349 spectant,
3520 4291 3577 4335 et

1964 4373 2139 4428 futura
2189 4382 2487 4441 re~puuutz
2521 4388 2626 4426 non
2661 4372 2781 4427 idco
2823 4382 3119 4440 respuunt,
3169 4371 3310 4442 quod
3342 4372 3574 4429 obscura

1961 4475 2015 4520 ct
2045 4466 2245 4519 incerta
2273 4505 2285 4527 ,
2320 4464 2583 4533 sedquod
2629 4463 2877 4518 sublimia
2922 4466 3027 4518 sint
3054 4505 3068 4527 ,
3118 4474 3172 4517 et
3216 4444 3379 4533 supra
3419 4467 3593 4520 suam'

1964 4555 2406 4609 imbecillitatem.
2471 4554 2765 4608 Considera
2823 4554 2983 4623 igitur
3031 4562 3229 4625 quanta
3280 4556 3349 4608 sit
3402 4556 3573 4611 virtus

1956 4647 2107 4716 justi.
2163 4648 2488 4702 Promiscrat
2517 4648 2563 4701 ei
2597 4647 2741 4701 Deus
2783 4648 3082 4716 corporalia
3109 4690 3121 4710 ,
3163 4656 3218 4701 et
3262 4648 3375 4717 ipse
3408 4649 3574 4719 Spiri-

1963 4743 2121 4797 tualia
2150 4741 2445 4812 quaerebat.
2491 4740 2589 4795 Ubi
2615 4782 2628 4803 ,
2658 4740 2824 4804 dices,
2860 4741 3103 4810 promisit
3124 4741 3172 4796 ci
3205 4740 3345 4795 Deus
3373 4757 3573 4811 carpo-

1960 4834 2090 4887 ralia
2116 4876 2129 4895 ,
2161 4842 2208 4886 el
2241 4834 2353 4901 ipse
2380 4832 2675 4901 Spiritualia
2704 4832 2989 4903 quaesivit?
3039 4832 3299 4904 Egredere
3321 4875 3335 4895 .
3373 4835 3571 4906 inquit,

1961 4925 2023 4977 de
2050 4935 2183 4977 terra
2221 4933 2309 4975 tua
2328 4965 2343 4988 ,
2390 4933 2437 4977 et
2465 4924 2529 4977 de
2563 4925 2862 4993 cognatione
2892 4934 2978 4977 tua
3004 4967 3019 4990 ,
3060 4935 3104 4978 et
3131 4927 3195 4978 de
3224 4925 3377 4979 domo
3411 4930 3575 4995 patris

1962 5021 2067 5083 tui,
2111 5030 2155 5071 et
2182 5020 2291 5071 veni
2318 5019 2369 5070 iu
2404 5029 2589 5071 terram
2617 5034 2769 5089 quam
2798 5028 3146 5073 monstravero
3175 5020 3264 5073 tibi
3292 5019 3447 5089 (Gen.
3481 5022 3571 5076 12.

1971 5113 2046 5181 1).
2080 5110 2395 5181 Curpuralis
2421 5120 2537 5165 erat
2566 5119 2706 5164 terra
2751 5111 2917 5179 prior,
2950 5120 3086 5166 utet
3118 5113 3313 5179 futtna,
3343 5130 3465 5183 qua:
3498 5114 3573 5169 illi

1960 5205 2134 5261 danda
2163 5214 2279 5259 erat
2350 5204 2485 5270 Quid
2530 5219 2660 5273 ergo
2694 5204 2824 5257 ille?
2864 5204 2979 5259 lmn
3008 5220 3113 5259 non
3149 5206 3323 5271 illum,
3358 5208 3451 5261 sed
3474 5222 3573 5261 an-

1958 5299 2169 5352 diamus
2195 5297 2261 5351 de
2291 5297 2382 5349 illo
2412 5297 2678 5350 dicentem
2710 5296 2933 5349 Paulum
2956 5338 2970 5357 ,
3020 5308 3076 5350 ut
3116 5295 3392 5353 discamus
3418 5316 3569 5364 eum,

1960 5390 2084 5444 licet
2118 5389 2259 5444 hanc
2290 5399 2485 5443 terrain
2522 5390 2858 5456 promisisset
2898 5389 3043 5445 Deus
3068 5432 3081 5454 ,
3135 5389 3343 5445 relictis
3372 5401 3567 5448 .tameu

1961 5480 2317 5555 prteseutibus
2336 5521 2349 5542 .
2391 5495 2512 5536 eam
2546 5496 2651 5535 non
2692 5481 2999 5549 respexisse
3020 5525 3034 5543 .
3061 5480 3153 5535 sed
3184 5482 3469 5539 festinasse
3500 5486 3569 5539 ad

1959 5576 2157 5629 futura.
2186 5572 2323 5641 Quid
2356 5572 2516 5641 igitur
2546 5572 2744 5627 Paulus
2770 5572 2939 5627 dicit?
2984 5571 3150 5627 Juxta
3184 5573 3340 5643 ﬁdem
3380 5578 3571 5631 mortui

1958 5666 2149 5719 struthi
2175 5680 2347 5718 omnes
2378 5662 2567 5732 (Hebr.
2602 5665 2685 5718 11.
2723 5664 2849 5732 l3),
2900 5663 2969 5721 de
3010 5665 3278 5719 Abraham
3320 5667 3569 5737 loquens,

1959 5757 2107 5812 Isaac
2132 5764 2185 5812 et
2207 5753 2394 5817 Iacob,
2428 5766 2483 5807 et
2506 5754 2665 5822 justis
2694 5756 2967 5813 omnibus.
2996 5754 3182 5827 Neque
3211 5758 3356 5813 enim
3387 5757 3566 5813 Abra-

1958 5847 2083 5903 ham
2132 5847 2315 5907 snlus.
2357 5844 2451 5900 sed
2484 5861 2674 5901 omnes
2710 5836 2953 5915 eju~dem
3004 5859 3159 5902 erant
3205 5848 3566 5919 ιιιιίΙη-ομιιξτιι

1966 5938 2271 6011 participes.
2308 5936 2639 6007 Juxtaﬁa’cm
2664 5940 2847 5991 mortui
2870 5954 2986 5993 san:
3018 5941 3065 5994 hi
3099 5958 3293 6005 omnis,
3330 5960 3444 5994 nm
3468 5959 3571 5997 acu
