4180 6494
675 465 776 518 027

675 581 977 647 στηρίξει-ιιι
1005 578 1379 644 prcmissiones,
1405 577 1492 632 sed
1523 578 1700 648 procul
1719 594 1804 631 eos
1829 577 2082 632 vidissent.
2114 574 2248 642 Quid

674 667 850 723 dicis?
877 684 981 721 non
1005 666 1230 721 obtinuit
1259 666 1529 722 Abraham
1557 667 1981 736 promissiones?
2027 682 2130 720 non
2161 681 2254 718 ve-

674 761 750 810 nit
782 759 831 811 in
861 756 1240 811 Palzestinam?
1288 756 1441 812 Falsa
1478 743 1606 827 ergo
1644 773 1705 813 ea
1749 773 1866 826 qua:
1911 757 2050 811 dicta
2094 756 2256 810 smn?

675 845 1034 917 Nequaquam.
1065 847 1251 917 inquit.
1281 846 1435 902 Venit
1458 846 1671 916 quidem
1696 848 1746 902 in
1773 848 2128 909 Pala’stinam,
2150 861 2254 899 non

677 937 812 991 hanc
839 948 1013 991 autem
1047 939 1342 1006 spectavit,
1375 937 1472 992 sed
1495 938 1653 991 aliam
1685 955 1803 1007 qua:
1830 939 1880 992 in
1909 938 2076 1001 cadis,
2111 938 2253 990 desi-

673 1027 896 1081 deravit.
921 1029 1083 1096 Cujus
1105 1028 1184 1081 rei
1200 1037 1254 1083 et
1275 1027 1467 1083 Paulus
1491 1030 1659 1096 testis,
1680 1044 1800 1084 eum
1818 1030 1998 1097 adjicit
2020 1049 2032 1083 :
2055 1028 2118 1081 Et
2139 1047 2260 1082 con-

673 1119 797 1186 festi
814 1131 928 1172 sunt
945 1136 996 1172 se
1016 1119 1231 1190 hospites
1248 1129 1294 1172 et
1311 1121 1596 1192 peregrinos
1607 1121 1658 1173 in
1677 1130 1810 1175 terra
1830 1119 2016 1189 (Hebr.
2034 1123 2056 1175 1
2075 1123 2092 1174 l
2109 1162 2121 1175 .
2147 1123 2255 1191 lli).

677 1208 948 1277 Ilospcsne
971 1221 1068 1272 est,
1114 1211 1205 1279 qui
1231 1220 1430 1264 tantam
1458 1211 1663 1279 accepit
1690 1212 1912 1280 patriam
1932 1253 1947 1275 ,
1980 1221 2034 1266 et
2059 1222 2255 1265 tantam

675 1300 990 1367 regionem?
1039 1300 1125 1355 dic
1150 1343 1163 1362 ,
1205 1303 1446 1356 obsecro.
1499 1302 1674 1364 Sane,
1724 1303 1935 1373 inquit:
1967 1319 2070 1356 nou
2115 1304 2255 1356 enim

676 1389 831 1454 hanc,
861 1390 952 1444 st-d
984 1391 1174 1445 c:t-lum
1206 1393 1482 1460 Spectavit.
1537 1392 1673 1446 Nam
1697 1394 1783 1464 qui
1803 1396 1911 1447 Ita'c
1937 1394 2145 1456 dicunt,
2180 1396 2256 1445 in-

673 1482 804 1548 quit,
837 1481 1097 1535 declarant
1121 1499 1178 1536 ac
1200 1484 1359 1536 aliam
1383 1485 1634 1552 inquirere
1657 1485 2042 1553 patriam,cnjns
2065 1486 2256 1552 artifex

674 1582 720 1622 et
747 1572 919 1640 opifex
939 1582 1009 1625 est
1039 1571 1176 1626 Deut
1208 1573 1365 1642 (Ibid.
1400 1591 1447 1626 υ.
1483 1575 1567 1627 Η.
1602 1575 1687 1642 l0)
1713 1615 1729 1636 ,
1782 1574 1924 1628 illam
1950 1616 1963 1638 ,
2015 1577 2250 1644 inquam,

673 1665 970 1719 Jerusalem
1001 1667 1265 1720 ca~lestem
1291 1707 1303 1731 ,
1341 1675 1396 1722 et
1433 1682 1738 1738 supernam.
1768 1667 1955 1722 Vidisti
1984 1670 2254 1738 quomodo

677 1758 979 1824 promiserit
1009 1758 1081 1811 illi
1116 1759 1254 1811 Deus
1297 1759 1666 1827 corporalem,
1708 1768 1762 1812 et
1803 1760 1914 1827 ipse
1953 1761 2255 1829 qtresiverit

676 1862 961 1916 supernam
987 1849 1324 1905 Jerusalem?
1360 1852 1458 1919 Qui
1502 1853 1631 1904 enim
1674 1851 1779 1904 iure
1813 1850 2018 1916 dicunt,
2064 1852 2250 1921 inquit,

675 1938 966 2007 signiﬁcant
1009 1957 1061 1994 se
1102 1943 1315 2008 patriam
1355 1944 1626 2012 inquirere.
1677 1943 1749 1995 Ac
1791 1944 1836 1996 si
1875 1945 2010 1998 illius
2052 1945 2251 2013 quidem

678 2033 1016 2086 meminissent
1037 2075 1050 2093 ,
1077 2050 1138 2086 ex
1162 2050 1260 2103 qua
1282 2044 1398 2087 sunt
1427 2036 1630 2104 egressi,
1663 2044 1858 2104 tempus
1879 2034 1981 2088 illis
2007 2035 2253 2086 redeundi

677 2135 958 2194 suppeteret
983 2142 1001 2178 :
1014 2129 1126 2195 jam
1149 2143 1262 2180 vero
1296 2128 1503 2181 alterius
1533 2123 1754 2182 melioris
1789 2129 2037 2181 desiderio
2059 2129 2246 2180 ducun-

586 2259 590 2261 »
680 2229 781 2282 tur,
806 2219 899 2271 hoc
925 2230 1032 2284 est,
1065 2220 1272 2272 micatis
1307 2218 1466 2290 (Ibid.
1495 2238 1541 2273 υ.
1575 2221 1661 2274 i5.
1698 2220 1810 2288 16).
1850 2220 2028 2286 Itaque
2057 2235 2248 2287 eorpo-

676 2310 802 2363 ralis
829 2319 909 2363 est
936 2311 1237 2379 promissio,
1261 2313 1535 2381 spirituale
1557 2323 1730 2366 autem
1753 2312 1880 2380 justi
1901 2312 2246 2366 desiderium.

678 2403 746 2456 At
790 2417 886 2456 nos
931 2403 1086 2473 plane
1119 2403 1325 2458 diversa
1368 2403 1607 2458 facitnus.
1656 2404 1794 2459 Dens
1825 2403 1896 2456 illi
1936 2403 2249 2486 promiserat

681 2492 1013 2546 Palmstinam
1039 2535 1054 2559 ,
1086 2493 1181 2548 sed
1221 2495 1311 2550 ille
1347 2495 1619 2563 spectabat
1657 2495 1844 2549 emittm
1880 2511 1891 2547 :
1926 2495 2078 2548 nobis
2127 2510 2251 2564 pro-

679 2584 896 2638 missum
925 2593 1005 2638 est
1030 2586 1216 2640 cadum
1240 2626 1256 2651 ,
1283 2595 1336 2640 et
1360 2586 1426 2639 ad
1458 2597 1652 2640 terram
1686 2586 1969 2641 tendimus.

746 2677 800 2732 5.
836 2677 1124 2730 Docti-inani
1154 2695 1216 2732 ea:
1241 2679 1449 2733 historia
1477 2679 1693 2732 Abrahae
1719 2678 1982 2732 deductam
2011 2679 2251 2741 resumit;

678 2765 771 2830 [itii
801 2783 899 2818 non
929 2768 997 2819 rei
1024 2778 1140 2820 sunt
1166 2768 1441 2835 iniquitatis
1473 2780 1732 2835 parentum
1754 2784 1772 2830 ;
1796 2771 1915 2836 quid
1945 2770 2089 2838 ofﬁcii
2121 2784 2250 2840 prte-

683 2869 817 2910 stare
842 2859 1052 2912 debeant
1081 2861 1177 2929 ﬁlii
1209 2877 1333 2932 erga
1362 2871 1588 2931 parentes
1617 2862 1837 2929 impios;
1877 2862 2084 2914 liberum
2112 2861 2247 2913 arbi-

677 2950 828 3001 trium
885 2965 904 3002 :
957 2951 1295 3019 interpretatio
1361 2953 1576 3005 nominis
1628 2951 1758 3007 Noé.
1807 2981 1876 2991 —
1926 2952 2048 3005 llu‘e
2105 2955 2248 3006 lucra

677 3057 743 3095 ex
779 3041 1045 3095 Abraham
1074 3043 1225 3097 nobis
1253 3046 1585 3114 contigerunt
1604 3086 1619 3109 ,
1665 3045 1783 3114 quia
1815 3061 2007 3098 nomen
2031 3046 2147 3115 ejus
2172 3045 2251 3099 tli-

675 3133 902 3188 dicimus
925 3175 939 3195 ,
982 3143 1036 3189 et
1072 3151 1235 3204 quare
1264 3136 1539 3189 Transitor
1578 3137 1750 3190 dictus
1780 3137 1877 3200 sit,
1922 3147 1976 3191 et
2000 3138 2141 3206 quod
2165 3154 2251 3191 rc-

681 3226 798 3278 lcta
849 3234 988 3279 terra
1040 3239 1132 3278 sua
1185 3226 1237 3279 in
1267 3226 1489 3280 alienam
1530 3229 1832 3289 concessit,
1868 3229 2252 3298 prseteritisque

676 3317 836 3371 certis
878 3317 943 3370 ad
984 3318 1181 3372 incerta
1229 3332 1288 3372 se
1337 3321 1604 3373 convertit
1629 3360 1642 3381 ,
1693 3319 1914 3389 abjectis
1954 3321 2016 3374 iis
2045 3337 2163 3391 qua:
2200 3322 2250 3375 in

678 3406 959 3471 manibus,
1008 3407 1258 3476 aspiravit
1297 3409 1361 3462 ad
1408 3424 1470 3463 ea
1497 3426 1614 3478 qnze
1643 3393 1740 3479 site
1782 3412 2144 3481 concipiebat,
2198 3423 2252 3466 et

672 3500 903 3567 acceptis
918 3499 1253 3554 sensibilibus
1279 3501 1344 3556 ad
1368 3503 1658 3572 spiritualia
1685 3503 1924 3570 tetendit,
1952 3505 2108 3570 idque
2127 3516 2251 3560 ante

673 3591 894 3656 gratiam
917 3630 934 3658 ,
962 3601 1084 3644 ante
1113 3592 1282 3661 legem
1305 3634 1319 3658 ,
1358 3605 1484 3649 ante
1524 3595 1898 3663 proitltctarum
1928 3596 2244 3650 doctrinam.

679 3679 829 3735 Unde
858 3682 1193 3736 manifestum
1226 3693 1338 3749 est,
1370 3699 1491 3739 eum
1532 3696 1858 3755 praeceptore
1887 3689 2145 3749 caruisse,
2174 3689 2248 3739 ei.

674 3788 777 3840 que
802 3775 931 3828 satis
957 3774 1116 3829 fuisse
1144 3784 1384 3830 naturam
1414 3788 1716 3832 moventem
1753 3781 2101 3849 cogitationes
2124 3798 2252 3834 eon-

675 3866 947 3930 scientiae,
987 3876 1040 3920 ut
1071 3867 1148 3921 sic
1178 3867 1439 3922 inveniret
1464 3869 1722 3938 Opitlcem
1750 3870 1977 3924 universi
2006 3889 2019 3925 :
2049 3883 2100 3926 et
2131 3889 2251 3941 pro-

675 3965 797 4022 pter
835 3955 936 4010 hoc
965 3956 1242 4013 dicebatur
1267 3959 1461 4014 Abram
1481 4001 1497 4025 ,
1524 3960 1663 4029 quod
1706 3974 1899 4015 nomen
1926 3964 1974 4016 ei
2005 3977 2251 4030 parentes

671 4063 732 4099 ea
759 4047 827 4101 de
854 4063 1011 4103 causa
1046 4049 1367 4105 indiderunt.
1418 4051 1520 4106 Sed
1560 4051 1697 4106 forte
1731 4053 1908 4106 statim
1934 4053 2128 4108 dixerit
2153 4056 2247 4108 ali-

671 4139 790 4206 quis
819 4157 832 4191 :
863 4139 1187 4196 Mendacium
1240 4141 1339 4196 hoc
1386 4152 1484 4196 est.
1542 4142 1795 4199 Parentes
1843 4145 2072 4199 Abrahae
2122 4163 2244 4201 num

669 4227 795 4294 justi
821 4229 1065 4283 fuerunt?
1116 4247 1240 4284 num
1273 4233 1580 4300 placuerunt
1624 4232 1768 4287 Deo?
1811 4249 1936 4288 num
1979 4236 2248 4292 sciverunt

675 4317 885 4372 latura?
927 4335 1054 4374 nttm
1081 4321 1510 4389 pollicitationem
1539 4338 1575 4375 τι
1600 4323 1823 4377 Domino
1848 4325 2074 4379 dandam
2109 4344 2244 4396 prte—

672 4411 954 4466 viderunt?
981 4428 1157 4466 annon
1197 4414 1342 4483 impii
1369 4422 1521 4468 erant
1549 4424 1599 4469 et
1634 4416 1927 4470 idololatrze
1949 4458 1970 4482 ,
2002 4428 2056 4472 et
2101 4419 2242 4486 plus—

669 4502 875 4573 (piamb
911 4503 1088 4558 rhari?
1110 4502 1231 4559 Seio
1251 4512 1304 4558 ct
1327 4520 1444 4575 ego,
1471 4519 1534 4559 ac
1557 4518 1834 4575 propterea
1856 4507 2243 4577 laudojnstnm,

668 4596 807 4664 quod
859 4595 987 4650 tales
1039 4604 1285 4664 parentes
1334 4597 1572 4660 habens,
1621 4599 1740 4652 talis
1787 4599 1897 4667 ipse
1943 4600 2112 4654 factus
2154 4602 2247 4658 sit.

671 4686 881 4740 Etenim
925 4685 1075 4740 valde
1119 4702 1296 4740 rarum
1340 4696 1394 4741 et
1422 4686 1735 4744 admirabile
1778 4698 1893 4752 est,
1932 4704 1998 4743 ex
2042 4693 2240 4760 agresti

670 4775 847 4830 radice
890 4774 1094 4829 dulcem
1144 4776 1367 4829 fructum
1412 4777 1648 4844 produci.
1703 4779 1770 4831 At
1816 4794 1920 4832 non
1957 4781 2243 4836 accusandi

668 4875 789 4920 sunt
818 4867 886 4922 ob
916 4878 1188 4936 parentum
1237 4868 1486 4920 malitiam
1532 4868 1624 4923 lilii
1666 4868 1749 4937 pie
1774 4869 2008 4924 viventes
2032 4912 2049 4936 ,
2077 4873 2168 4927 sed
2194 4875 2243 4928 si

665 4959 788 5027 quiti
818 4957 1129 5012 admirabile
1171 4957 1224 5011 di
1259 4957 1454 5011 endum
1497 4970 1609 5021 est,
1662 4973 1728 5014 eo
1763 4961 1928 5029 magis
1970 4960 2235 5026 laudandi,

665 5050 806 5118 quod
830 5067 948 5103 eum
980 5050 1225 5118 pietatem
1255 5065 1282 5102 a
1311 5050 1619 5118 parentibus
1645 5065 1748 5105 non
1780 5053 2106 5120 acceperint.
2139 5070 2237 5109 nec

666 5140 945 5194 habuerint
964 5140 1049 5207 qui
1081 5157 1237 5193 manu
1265 5141 1540 5202 ducerent,
1567 5142 1716 5210 quasi
1740 5143 1790 5194 in
1821 5159 2003 5197 eremo
2024 5153 2077 5198 et
2098 5145 2237 5199 invio

661 5242 867 5296 euntes,
905 5231 1042 5284 viam
1074 5248 1190 5300 qtnc
1213 5233 1267 5286 in
1289 5231 1476 5287 ett-lum
1511 5231 1609 5286 fert
1633 5272 1648 5294 .
1682 5233 1917 5287 invenire
1948 5236 2233 5302 potuerint.

662 5320 776 5376 Non
825 5322 982 5392 igitur
1009 5324 1207 5378 crimen
1231 5331 1346 5386 cst,
1393 5320 1590 5377 habere
1627 5332 1826 5389 patrem
1871 5325 2109 5390 impium,
2140 5327 2230 5380 sed

661 5413 854 5469 imitari
901 5412 1064 5482 patris
1101 5415 1424 5482 impietatem
1453 5429 1470 5477 ;
1503 5421 1555 5466 et
1576 5413 1775 5468 crimen
1802 5425 1886 5469 est
1922 5417 2232 5481 tnaximum,

660 5522 764 5560 non
804 5504 942 5574 quod
992 5505 1282 5560 habeamus
1327 5505 1597 5573 improbos
1643 5515 1915 5572 parentes,
1970 5507 2062 5562 sed
2091 5511 2232 5578 quod

659 5599 868 5651 illorum
901 5614 1002 5650 non
1029 5613 1245 5667 agamus
1269 5614 1485 5660 curam,
1525 5610 1696 5665 neque
1740 5613 1836 5666 pro
1875 5600 2011 5654 virili
2051 5611 2230 5655 nostra

656 5691 840 5744 denum
867 5704 1117 5757 Operam,
1167 5697 1222 5741 ut
1267 5687 1332 5741 ab
1377 5687 1645 5757 impietate
1681 5702 1774 5742 sua
1819 5704 1914 5743 eos
1955 5705 2228 5747 eruamus.

659 5783 835 5848 Itaque
879 5781 966 5834 ubi
1013 5797 1108 5834 nos
1151 5781 1358 5836 illorum
1401 5779 1628 5843 animm,
1678 5792 1929 5848 quantum
1983 5783 2035 5838 in
2076 5783 2231 5838 nobis

657 5874 830 5929 situm
845 5883 953 5940 est,
988 5875 1275 5930 sthidium
1308 5868 1615 5938 tulerimus,
1653 5875 1723 5929 illi
1758 5893 1883 5933 vero
1926 5879 1981 5934 in
2007 5895 2100 5935 sua
2131 5878 2223 5934 iut-

1387 457 1443 512 S.
1485 455 1772 512 JOANNIS
1809 457 2299 514 CllliYSOSTOMl
2340 455 2616 511 ARIIIEP.
2665 450 3217 508 CONSTANTINUP.

3852 456 3950 509 ϐἔὸ

2368 579 2626 644 probitate
2656 577 3064 645 perseverarint,
3083 576 3151 629 ab
3175 577 3318 630 omni
3344 577 3568 630 crimine
3585 589 3648 629 ac
3673 573 3949 644 reprehen-

2364 669 2516 721 sione
2541 683 2726 721 snmns
2759 668 3040 721 immunes.
3090 666 3215 721 Ilaec
3243 676 3423 722 autem
3464 666 3571 720 dixi
3597 707 3612 726 ,
3648 675 3708 718 ut
3747 682 3814 719 ne
3843 677 3951 718 tur-

2364 760 2502 814 hcris
2522 802 2538 828 ,
2580 761 2806 824 dilecte,
2859 776 2979 814 cum
3007 759 3159 814 audis
3186 758 3454 812 Abraham
3495 757 3719 827 impium
3749 766 3950 826 patrem

2365 850 2632 906 habuisse.
2681 850 2808 904 Nam
2837 862 2889 904 et
2915 849 3226 904 Timotheus
3252 848 3471 918 impium
3500 858 3704 918 patrem
3732 849 3953 902 sortitus

2366 941 2456 996 fuit
2485 960 2498 994 :
2531 941 2695 994 Filius
2725 941 2868 995 enim
2897 941 3098 994 Jutla’a:
3123 941 3347 993 mulieris
3374 948 3480 992 erat
3499 980 3515 1004 ,
3545 938 3715 1006 ﬁdelia
3750 938 3951 991 nutris.

2365 1033 2520 1099 patris
2549 1041 2716 1084 autent
2751 1032 2954 1099 gentilis
2985 1034 3118 1100 (Act.
3157 1031 3240 1084 ιϐ.
3269 1030 3344 1098 l).
3397 1029 3462 1083 Et
3488 1029 3630 1098 quod
3658 1039 3810 1097 pater
3835 1029 3952 1095 ejus

2364 1122 2619 1175 manserit
2645 1122 2695 1174 in
2724 1121 2994 1190 impietate
3020 1130 3073 1174 et
3102 1138 3205 1174 non
3236 1120 3394 1173 fuerit
3417 1131 3744 1181 conversus,
3777 1117 3952 1171 mani-

2365 1212 2555 1266 festum
2599 1222 2680 1268 est
2728 1228 2791 1267 ex
2838 1214 2938 1266 hoc
2971 1231 2983 1264 :
3019 1213 3240 1265 laudans
3282 1213 3424 1266 enim
3468 1210 3738 1266 Timothei
3789 1209 3948 1264 Iidem

2365 1304 2589 1367 Paulus,
2623 1304 2700 1357 sic
2726 1303 2854 1356 dicit
2888 1322 2900 1358 :
2935 1304 3063 1368 Quce
3091 1303 3331 1355 habitarit
3352 1304 3404 1356 in
3435 1303 3546 1355 avia
3573 1311 3660 1355 tua
3684 1299 3871 1365 Laide,
3905 1311 3952 1352 rt

2363 1406 2520 1448 matre
2543 1406 2627 1448 tua
2653 1395 2862 1459 Eunice,
2897 1395 3098 1464 conﬁdo
3123 1405 3288 1448 autem
3318 1394 3454 1462 quod
3483 1402 3530 1446 et
3557 1394 3609 1445 in
3636 1403 3683 1444 te
3706 1389 3783 1459 (2.
3807 1389 3948 1442 Tim.

2335 1489 2413 1560 _l.
2441 1486 2518 1555 5).
2565 1485 2832 1554 Nusquam
2868 1487 2952 1541 hic
2984 1485 3145 1554 patris
3171 1499 3365 1538 nomen
3390 1483 3600 1551 legitur.
3653 1481 3719 1535 Et
3745 1479 3954 1548 quare?

2360 1578 2490 1643 Quia
2521 1578 2570 1629 in
2615 1575 2884 1644 impietate
2932 1588 3311 1643 perseverans,
3363 1589 3468 1626 non
3497 1581 3611 1627 erat
3638 1573 3832 1639 dignus
3856 1571 3949 1637 qui

2360 1684 2479 1719 cun
2516 1667 2625 1719 lilio
2657 1675 3046 1719 numeraretur.
3100 1665 3166 1718 Et
3190 1664 3460 1734 apostolos
3493 1663 3664 1716 malos
3694 1662 3952 1715 habuisse

2360 1773 2536 1829 patres
2561 1760 2846 1813 declaravit
2869 1757 3133 1816 Christus.
3161 1771 3282 1810 cum
3310 1757 3440 1810 dixit
3469 1774 3481 1808 :
3514 1754 3573 1808 Si
3605 1771 3693 1825 ego
3723 1755 3773 1806 in
3804 1752 3953 1805 Beel-

2360 1854 2503 1907 κρίναι
2528 1853 2674 1919 ejieio
2709 1852 2983 1915 daemonia,
3029 1851 3122 1918 lilii
3150 1851 3298 1902 vestri
3326 1850 3377 1901 in
3402 1865 3501 1917 quo
3531 1849 3730 1916 cjicient
3753 1847 3778 1899 ?
3815 1845 3949 1899 Pro-

2362 1958 2470 2015 pter
2499 1948 2595 1998 ltoc
2622 1945 2722 2015 ipsi
2750 1954 2892 1997 erunt
2930 1943 3130 2012 jttdires
3157 1942 3301 1995 vestri
3334 1940 3543 2007 (Matth.
3572 1936 3657 1991 12.
3693 1937 3811 2007 27).
3841 1937 3950 1991 Sed

2362 2049 2413 2093 te
2441 2054 2507 2092 ne
2532 2039 2708 2091 turbet
2740 2037 2860 2099 hoe,
2894 2051 3064 2104 neque
3092 2033 3343 2088 otl'endat.
3388 2032 3519 2085 Nam
3547 2046 3611 2085 ex
3645 2030 3744 2084 hoc
3787 2029 3951 2083 disci-

2361 2144 2480 2182 nuis
2499 2169 2514 2192 ,
2557 2145 2662 2182 non
2693 2138 2917 2191 naturw,
2956 2127 3046 2179 sed
3089 2124 3377 2180 voluntatis
3403 2137 3524 2176 esse
3546 2121 3730 2175 vitium
3760 2129 3815 2174 et
3842 2120 3951 2173 vir-

2363 2231 2545 2273 tutem.
2579 2219 2862 2273 Enimvero
2888 2218 2932 2270 si
2964 2228 3166 2270 natura:
3190 2223 3351 2275 esset,
3380 2212 3601 2266 omnino
3627 2210 3750 2264 mali
3780 2210 3952 2263 malos

2360 2322 2646 2383 parerent,
2698 2321 2754 2366 et-
2781 2311 2900 2364 boni
2933 2312 3100 2364 bonos
3128 2326 3143 2365 :
3193 2307 3288 2361 sed
3317 2306 3439 2375 quia
3470 2304 3751 2358 electionis
3778 2311 3833 2356 ct
3854 2316 3951 2356 vo-

2369 2404 2583 2456 luntatis
2608 2411 2691 2456 est
2724 2401 2944 2470 probmn
2976 2400 3057 2453 vel
3089 2397 3388 2467 improbutn
3412 2411 3552 2459 esse,
3583 2395 3782 2449 idcirco
3805 2407 3949 2462 stupe

2362 2494 2513 2547 malis
2539 2493 2775 2562 patribus
2805 2492 2926 2544 boni
2958 2489 3049 2543 lilii
3076 2532 3091 2555 ,
3136 2500 3189 2541 et
3219 2487 3421 2557 ignavis
3453 2486 3575 2540 (iliis
3593 2483 3821 2539 studiosi
3851 2499 3941 2553 pa-

2361 2595 2470 2640 tres
2518 2585 2764 2648 l‘uerunt,
2809 2593 2867 2636 ut
2905 2598 3010 2636 non
3043 2590 3269 2643 naturae,
3295 2578 3390 2632 sed
3431 2577 3690 2631 voluntati
3732 2589 3945 2644 semper

2363 2679 2446 2731 illa
2495 2679 2838 2746 itnpntentns.
2897 2675 3092 2728 Verum
3145 2688 3264 2727 cum
3308 2680 3558 2740 parentes
3589 2668 3858 2726 Abuthze,
3893 2676 3951 2719 ut

2361 2771 2466 2824 dixi
2491 2813 2504 2836 ,
2548 2771 2740 2824 fuerint
2781 2769 2961 2836 impii,
2991 2764 3258 2836 quomodo
3286 2764 3334 2818 ei
3382 2762 3484 2816 hoc
3513 2777 3706 2815 ntuuen
3736 2757 3950 2813 indide-

2362 2873 2487 2915 runt
2513 2861 2536 2914 ?
2568 2860 2689 2915 Fuit
2710 2860 2810 2913 hoc
2833 2874 2966 2927 opus
2993 2857 3185 2910 divina:
3201 2854 3475 2923 sapientia:
3498 2868 3590 2923 per
3618 2849 3949 2905 incredulam

2362 2955 2590 3023 linguam
2618 2951 3008 3020 dispensantis,
3045 2956 3100 3000 ut
3132 2962 3294 3015 puero
3325 2960 3519 2999 nomen
3562 2944 3948 3010 imponeretur.

2362 3045 2562 3098 habens
2593 3048 2643 3096 in
2668 3059 2724 3096 se
2748 3041 3046 3095 futurorum
3071 3038 3367 3091 historiam.
3404 3035 3539 3090 Nam
3568 3034 3813 3089 eamdem
3842 3033 3950 3084 vir-

2363 3146 2526 3190 tutem
2553 3144 2607 3189 et
2646 3133 2699 3188 in
2737 3133 2949 3186 Balaam
2990 3129 3318 3193 declaravit,
3366 3139 3565 3196 cogens
3607 3140 3731 3179 eum
3774 3121 3950 3176 futura

2365 3231 2651 3296 praedicere
2687 3226 2876 3298 (Num.
2916 3225 3051 3292 25):
3093 3221 3371 3277 declarans
3415 3234 3473 3273 se
3523 3235 3631 3272 non
3677 3216 3850 3270 solum
3895 3213 3950 3267 in

2359 3323 2470 3376 suis
2489 3363 2509 3387 ,
2533 3319 2628 3374 sed
2650 3329 2705 3373 et
2735 3316 2792 3370 in
2818 3315 3004 3370 alienis
3029 3311 3291 3368 dominari
3316 3323 3495 3379 posse.
3544 3307 3612 3362 Et
3655 3317 3714 3360 ut
3747 3305 3950 3370 discas,

2363 3422 2612 3482 parentes
2646 3410 2807 3464 etiam
2849 3424 2954 3461 non
2984 3405 3138 3459 valde
3167 3404 3284 3473 pios
3307 3443 3322 3466 ,
3360 3399 3554 3469 sepius
3583 3398 3797 3452 nescios
3841 3395 3949 3449 im-

2361 3519 2556 3575 ponere
2583 3500 2796 3555 nomina
2814 3497 2990 3567 justis,
3012 3510 3130 3566 quzc
3149 3492 3368 3548 multam
3397 3489 3698 3544 futurorum
3723 3488 3948 3556 dispen-

2355 3597 2614 3651 sationem
2646 3591 2952 3652 declarent,
2997 3585 3308 3641 docebimus
3336 3582 3496 3637 etiam
3530 3581 3637 3634 alio
3671 3577 3943 3648 exemplo.

2359 3682 2587 3741 Lamech
2627 3681 2716 3752 qui
2748 3681 2842 3734 luit
2872 3689 3021 3748 pater
3045 3676 3159 3731 Noé
3187 3674 3293 3746 (α),
3327 3673 3466 3729 illius
3488 3671 3603 3727 Νοὸ
3623 3671 3777 3741 cujus
3803 3681 3946 3725 tem-

2360 3790 2486 3845 pure
2515 3774 2707 3827 laetum
2736 3781 2818 3826 cst
2847 3770 3104 3824 dtlnxium
3131 3810 3143 3830 ,
3179 3783 3282 3820 non
3305 3774 3420 3820 erat
3443 3764 3651 3834 justus,
3689 3778 3795 3817 non
3832 3763 3948 3816 Deo

2355 3880 2568 3939 gratus,
2613 3881 2718 3920 non
2771 3865 2879 3918 Deo
2926 3862 3182 3930 probatus
3216 3879 3228 3914 :
3259 3874 3381 3914 nam
3427 3859 3470 3913 si
3507 3857 3713 3927 justus,
3755 3857 3799 3910 si
3833 3856 3946 3910 Deo

2356 3974 2534 4031 gratus
2557 3969 2610 4012 et
2638 3967 2887 4026 acceptus
2917 3957 3094 4009 fuisset
3121 3995 3134 4016 ,
3185 3969 3290 4007 non
3327 3952 3581 4014 dixiSset,
3618 3949 3731 4003 Νοὲ
3768 3947 3944 4002 solum

2356 4049 2647 4122 perfectum
2685 4049 2954 4102 inventum
2993 4046 3046 4098 in
3077 4044 3421 4114 generatione
3449 4056 3543 4095 sua
3571 4039 3726 4109 (Gen.
3753 4039 3806 4093 6.
3839 4037 3897 4106 9)
3928 4056 3940 4089 :

2355 4157 2526 4212 neque
2550 4140 2895 4212 praiteriisset
2908 4138 3038 4206 justi
3055 4146 3278 4206 patrem,
3309 4135 3351 4189 si
3374 4135 3553 4204 justus
3574 4133 3776 4186 inisset.
3802 4131 3941 4198 Quid

2352 4237 2509 4307 igitur
2539 4234 2668 4289 ille?
2717 4232 2971 4302 Imposuit
2999 4247 3195 4285 nomen
3221 4244 3408 4298 puero,
3437 4227 3579 4298 quod
3611 4225 3939 4297 prarcipuant

2350 4329 2644 4382 futurarum
2674 4340 2852 4380 rerum
2886 4323 3104 4377 haberet
3135 4321 3412 4374 historiam
3431 4359 3452 4384 ,
3497 4323 3732 4386 eratth
3751 4315 3939 4385 appel-

2353 4423 2476 4476 latio
2498 4420 2624 4490 justi
2657 4417 2930 4488 prOphetia
2966 4412 3119 4484 (Gen.
3153 4414 3206 4467 5.
3235 4411 3351 4479 20).
3398 4408 3747 4480 Significabat
3786 4409 3938 4461 enim

2351 4527 2548 4567 nomen
2591 4512 2710 4580 ejus
2757 4509 2994 4564 futurum
3036 4504 3312 4560 diluvium.
3360 4500 3682 4571 Quomodo?
3729 4500 3938 4555 Nomen

2349 4605 2461 4674 eju<
2489 4604 2746 4659 llebraica
2775 4602 2949 4672 lingua
2973 4599 3178 4653 vocavit
3201 4596 3336 4660 Noe,
3358 4595 3498 4665 quod
3529 4595 3938 4662 interpretatum

2348 4708 2448 4761 est,
2483 4697 2676 4766 quietis
2695 4703 2899 4749 auctor.
2930 4692 3026 4747 Nia
3056 4691 3197 4745 enim
3221 4690 3482 4760 Syrorum
3507 4701 3636 4741 voce
3661 4685 3936 4754 quiescat.

2346 4790 2494 4843 Sicut
2533 4789 2688 4857 igitur
2725 4784 2992 4840 Abraham
3045 4783 3113 4836 ab
3162 4782 3333 4844 Ahar,
3372 4778 3514 4851 quod
3555 4788 3637 4833 est
3677 4788 3827 4831 trans
3850 4778 3936 4831 vel

2347 4879 2510 4942 ultra,
2536 4878 2706 4933 dictus
2726 4885 2836 4938 est,
2864 4884 2918 4928 et
2945 4873 3115 4928 Adam
3138 4872 3205 4927 ab
3231 4871 3448 4934 ﬁdem,
3482 4867 3624 4939 quod
3654 4877 3738 4923 est
3766 4878 3933 4931 terra,

2345 4985 2410 5025 eo
2431 4969 2569 5038 quod
2600 4970 2667 5022 sit
2693 4977 2936 5021 terrenus
2962 4981 2974 5016 :
3011 4966 3079 5017 ita
3128 4963 3212 5016 hic
3239 4977 3270 5016 a
3301 4961 3393 5015 Nia
3421 4970 3643 5015 vocatus
3671 4965 3752 5014 est
3791 4955 3930 5021 Noé.

2347 5061 2446 5114 hoc
2471 5068 2571 5121 est,
2594 5067 2779 5112 auctor
2798 5055 2990 5126 quietis
3013 5072 3027 5110 :
3051 5053 3290 5109 declarat
3313 5062 3492 5106 autem
3517 5051 3619 5105 hoc
3643 5059 3698 5104 et
3719 5047 3933 5117 adjecta

2345 5149 2616 5220 particula.
2664 5146 2882 5201 Vocztvit
2908 5145 3050 5200 enim
3093 5160 3214 5199 cum
3264 5142 3378 5198 Noé
3398 5183 3412 5207 ,
3442 5140 3631 5195 dicens
3661 5157 3674 5194 :
3713 5138 3812 5193 Hic
3841 5155 3934 5194 nos

2341 5246 2592 5314 quiescere
2631 5241 2779 5312 faciet
2819 5238 3025 5306 (Gener.
3057 5237 3109 5292 5.
3133 5237 3254 5305 29),
3283 5235 3519 5305 quietem
3540 5234 3799 5289 diluvium
3832 5247 3930 5287 vo-

2340 5350 2484 5390 cans.
2515 5333 2646 5388 Nam
2677 5332 2795 5401 quia
2823 5330 2922 5384 sub
2953 5329 3044 5382 illo
3072 5329 3304 5382 futurum
3324 5337 3441 5382 erat
3471 5326 3757 5390 diluvium,
3790 5321 3927 5379 dilu-

2341 5427 2480 5479 vium
2507 5434 2683 5479 autem
2714 5436 2858 5475 mors
2894 5420 2989 5474 fuit
3007 5461 3025 5486 ,
3057 5419 3196 5474 Mors
3223 5433 3350 5473 vero
3379 5419 3519 5487 quies
3543 5418 3651 5471 uiro
3680 5425 3755 5472 est
3783 5415 3927 5486 μοι.

2342 5519 2392 5571 3.
2422 5517 2515 5585 ‘25)
2545 5533 2558 5570 :
2584 5514 2782 5570 idcirco
2810 5513 3109 5577 hominem,
3162 5510 3267 5566 sub
3292 5524 3400 5581 quo
3437 5509 3696 5566 diluvium
3724 5507 3929 5564 factum

2340 5620 2440 5673 cet,
2470 5608 2664 5678 quietis
2686 5615 2957 5661 auctorem
2989 5605 3215 5659 vocavit.

2403 5764 2476 5826 (α)
2509 5765 2589 5811 nis
2611 5760 2783 5826 similia
2811 5761 2966 5811 habes
2984 5772 3128 5826 supra
3165 5756 3451 5826 inpendiis
3485 5771 3548 5826 tu
3572 5759 3820 5826 pensatur.
3843 5756 3932 5809 ubi

2337 5819 2630 5876 debomine
2654 5822 2752 5872 ιςοό
2775 5835 2906 5885 pene
2939 5819 3128 5872 eadem.
3170 5819 3286 5885 Vide
3325 5827 3488 5870 notam
3521 5820 3605 5870 ibi.
3646 5822 3730 5871 Hic
3761 5829 3931 5872 mli

2339 5887 2517 5952 adjecit
2539 5885 2618 5935 hia
2640 5883 2857 5946 Syrorum
2881 5883 3041 5945 lingua
3067 5895 3178 5932 osse
3200 5883 3424 5939 quietem.
