4180 6472
299 384 405 442 6‘29

372 501 428 554 6.
460 501 525 555 Et
549 500 688 569 quod
723 516 827 555 non
862 509 1137 570 torqueam
1171 502 1498 571 Scriptores,
1528 520 1592 556 es
1623 503 1903 572 Scriptura

300 590 415 658 ipsa
447 591 725 646 audiamus
758 590 879 646 hoc.
924 590 1059 645 Vixit
1096 590 1316 645 Lameclt
1344 610 1507 647 annos
1536 603 1736 647 centum
1765 605 1907 647 octo-

297 683 441 749 ginta
464 694 615 746 octo,
642 692 690 736 et
714 685 884 753 genuit
905 683 1093 749 ﬁliam,
1129 692 1173 735 et
1205 685 1397 739 vocarit
1417 700 1599 737 nomen
1627 685 1735 754 ejus
1768 683 1902 745 Nai.

297 772 475 827 dicens
500 788 521 828 :
550 772 650 827 Hic
678 791 769 827 nos
802 774 1058 844 quiescere
1089 776 1237 846 faciet
1266 792 1298 829 a
1333 775 1589 829 laboribus
1632 778 1817 829 nostris
1857 786 1904 830 et

296 866 592 919 maeroribus
617 867 745 919 etab
770 867 1005 934 operibus
1027 885 1269 920 manuum
1291 878 1602 926 nostrarum,
1623 883 1670 920 et
1692 893 1720 920 η
1746 885 1834 919 ..ς-τ
1848 884 1900 931 1,

298 955 383 1008 cui
399 955 661 1011 rit-(edixit
692 956 938 1013 Dominus
965 956 1117 1028 (Gen.
1138 958 1188 1013 5.
1215 958 1307 1013 28.
1331 957 1447 1030 29).
1472 958 1606 1026 Quid
1634 959 1733 1021 ais,
1758 958 1904 1023 Quie-

295 1062 442 1101 uere
464 1049 616 1117 faciet
643 1065 734 1103 nos
755 1049 781 1102 Ρ
825 1050 1004 1118 Quare
1034 1064 1139 1104 non
1184 1050 1317 1104 dixit
1348 1068 1360 1105 :
1397 1050 1491 1105 llic
1539 1050 1749 1105 occidet
1778 1066 1899 1115 nos,

296 1135 384 1191 hic
412 1138 629 1193 inducet
651 1138 909 1193 diluvium
931 1158 943 1192 :
967 1139 1062 1195 sed
1093 1139 1255 1194 dixit:
1286 1139 1463 1194 Faciet
1492 1157 1582 1195 nos
1611 1142 1905 1210 quiescere?

292 1228 548 1284 Creatura
573 1232 747 1286 omnis
766 1234 1071 1296 resolvitur,
1092 1233 1271 1304 aliysri
1292 1246 1601 1303 erutnpunt,
1618 1244 1902 1289 cataracta:

296 1322 547 1390 superius
574 1325 912 1391 aperiuntur,
946 1341 1106 1379 omne
1141 1327 1359 1395 pelagus
1388 1338 1505 1381 erat
1546 1329 1763 1393 mirum,
1791 1336 1902 1381 stu-

295 1414 532 1482 peudum
583 1426 635 1469 et
667 1416 944 1482 horribile,
972 1427 1028 1471 et
1072 1417 1123 1472 in
1155 1418 1265 1472 luto
1310 1420 1460 1489 quasi
1510 1420 1779 1474 cmmnuni
1810 1436 1898 1473 se-

294 1507 484 1575 pulcro
534 1508 833 1576 pmutiscna
886 1509 1192 1574 hominum,
1242 1527 1500 1579 equorum
1549 1527 1614 1564 ae
1663 1511 1898 1565 lcrartun

289 1612 520 1668 corpora
551 1600 961 1654 occubabantnr
988 1618 1000 1652 :
1049 1611 1100 1654 ct
1133 1611 1335 1655 tantam
1364 1602 1745 1667 calamitatem,
1780 1612 1899 1656 tan-

290 1700 453 1760 taqne
506 1692 641 1746 mala
688 1694 921 1763 quietem
976 1695 1174 1748 vocas?
1224 1695 1491 1758 Profecto,
1524 1674 1713 1764 inquit.
1764 1695 1898 1752 Nam

290 1782 539 1839 homines
565 1785 619 1838 in
650 1801 839 1855 magna
870 1787 1070 1839 malitia
1100 1786 1354 1840 vivebant
1384 1806 1396 1840 :
1428 1787 1693 1841 diluvium
1716 1797 1898 1843 autem

285 1878 544 1945 quoniam
574 1878 831 1933 malitiam
860 1880 1114 1945 resccuit,
1136 1880 1256 1935 ideo
1279 1880 1485 1935 liberati
1513 1880 1586 1935 illi
1612 1897 1641 1934 a
1669 1882 1893 1945 malitia,

288 1970 576 2039 quiescere
600 1971 875 2027 dicuntur.
925 1971 995 2028 Ut
1044 1974 1189 2028 enim
1239 1988 1436 2043 corpus
1476 1974 1640 2029 variis
1693 1977 1896 2030 morbis

288 2063 595 2131 obsesspm,
619 2066 703 2120 cui
748 2068 890 2121 nulla
939 2067 1205 2136 reperitur
1236 2068 1468 2133 medela,
1510 2068 1554 2122 si
1587 2068 1722 2122 forte
1750 2084 1895 2123 mors

287 2155 584 2213 adveniens
610 2160 887 2229 corripiat,
919 2160 967 2215 ei
994 2161 1229 2230 quietem
1257 2161 1417 2215 all'crt
1450 2179 1463 2213 :
1506 2162 1584 2216 sic
1612 2163 1773 2215 etiam
1803 2179 1892 2231 ge-

282 2249 618 2304 uerationem
642 2249 918 2306 hominum
945 2251 1159 2307 illorum
1186 2253 1339 2323 quasi
1380 2268 1577 2323 corpus
1620 2253 1889 2308 incumbi-

278 2336 402 2394 litcr
428 2340 706 2412 languens,
731 2352 785 2399 et
816 2342 969 2400 malis
998 2343 1202 2411 multis,
1228 2342 1432 2399 nullam
1461 2344 1888 2400 consolationem

1567 387 1631 442 IN
1673 386 1974 441 GEM‘LSIM
2018 384 2248 441 SERMO
2286 381 2377 439 IX.

3522 376 3627 431 (350

2017 503 2443 571 aimittentibus,
2468 503 2781 567 obnoxium,
2802 500 3193 572 superveniens
3216 498 3481 554 diluvium
3510 501 3621 554 cti-

2018 595 2151 662 puit.
2186 604 2241 649 et
2260 594 2542 665 quiescere
2570 594 2713 649 fecit.
2756 592 2889 647 Nam
2929 590 2974 645 si
3004 589 3147 644 Mors
3172 591 3282 644 viro
3312 590 3453 660 quies
3480 590 3619 657 (Job

2016 687 2069 742 3.
2094 687 2209 757 25),
2242 688 2409 741 multo
2436 687 2606 758 magis
2633 687 2698 741 iis
2727 685 2817 756 qui
2862 682 3289 739 inemendabiles
3328 682 3380 736 in
3425 681 3625 737 malitia

2014 778 2220 842 vivunt,
2253 793 2401 834 mors
2424 778 2577 849 quies
2616 786 2721 842 est,
2753 776 2988 832 liberans
3025 790 3120 829 eos
3147 790 3177 827 a
3209 773 3501 835 laboribus,
3527 788 3627 827 nec

2014 871 2201 924 sim-ns
2232 870 2457 924 ulterius
2482 868 2777 939 iniquitatis
2801 868 2952 922 ulcus
2980 880 3221 935 serpere,
3254 879 3428 933 neque
3462 879 3622 933 supra

2014 961 2234 1015 modum
2261 975 2423 1030 grave
2453 960 2566 1014 ﬁeri
2590 968 2936 1030 peccatorum
2960 956 3190 1028 pondus.
3217 954 3332 1011 Non
3360 964 3443 1010 est
3478 958 3623 1013 enim

2010 1053 2251 1122 gravius,
2284 1062 2377 1105 aut
2406 1051 2794 1106 intolerabilius
2825 1050 3057 1120 pondus,
3096 1063 3258 1117 quam
3288 1048 3496 1117 peccati
3526 1065 3620 1103 na-

2013 1156 2130 1200 tura
2165 1164 2178 1201 :
2213 1145 2454 1214 nihilque
2484 1145 2555 1199 ita
2586 1144 2803 1199 labores
2830 1152 2887 1197 et
2931 1156 3206 1196 aerumnas
3250 1139 3405 1195 nobis
3445 1138 3623 1205 aﬂert,

2012 1246 2071 1293 ut
2099 1237 2318 1292 malitiae
2364 1236 2573 1307 species
2612 1245 2668 1290 et
2704 1234 2920 1289 delicta.
2964 1234 3254 1303 Propterea
3282 1230 3529 1287 Chrisms
3560 1234 3627 1286 iis

2008 1329 2100 1400 qui
2134 1330 2187 1383 in
2225 1328 2461 1399 peccatis
2497 1326 2706 1391 vivunt,
2740 1325 2957 1382 dicebat
2989 1342 3002 1378 :
3048 1324 3222 1380 Venite
3254 1325 3339 1394 qui
3381 1323 3626 1376 laborati:

2009 1432 2056 1474 et
2086 1420 2282 1474 onerati
2307 1420 2446 1485 estis,
2471 1428 2518 1473 et
2538 1435 2630 1489 ego
2652 1434 2739 1471 vos
2758 1418 3015 1488 quiescere
3054 1417 3242 1484 [nciam
3286 1414 3499 1486 (Matth.
3536 1415 3620 1468 ll.

2006 1512 2129 1584 28).
2163 1512 2228 1566 Ει
2256 1512 2458 1566 idcirco
2488 1509 2723 1565 Lamech
2752 1510 3013 1564 diluvium
3041 1508 3281 1577 quietem
3307 1506 3622 1576 appellavit,

2007 1610 2228 1682 eoquod
2250 1611 2639 1679 superveniens
2652 1606 2874 1662 malitiae
2900 1605 3061 1661 linem
3088 1604 3462 1673 iunpo-iturum
3481 1612 3617 1657 erat.

2008 1701 2268 1758 Volebam
2320 1715 2625 1757 sermonem
2682 1699 2824 1752 hunc
2875 1698 3172 1767 longiorem
3205 1697 3382 1749 facere
3410 1713 3422 1749 :
3453 1694 3619 1749 multa

2005 1794 2149 1851 enim
2171 1794 2382 1860 otnitto,
2406 1808 2527 1863 qua:
2550 1792 2615 1844 :nl
2650 1807 2847 1845 nomen
2874 1789 2988 1845 Noe
3027 1789 3335 1859 pertinent:
3382 1788 3475 1842 scd
3507 1786 3622 1841 ha'c

2006 1900 2150 1941 nunc
2190 1884 2451 1939 memoria
2481 1881 2729 1945 retinete,
2758 1891 2816 1936 et
2857 1880 3111 1935 lratribus
3143 1877 3360 1942 vestris,
3388 1879 3478 1945 qui
3521 1879 3616 1931 ali-

2004 1986 2149 2040 sunt,
2182 1975 2346 2031 dicite
2380 1993 2393 2028 :
2430 1984 2486 2027 ut
2533 1990 2601 2028 ne
2630 1988 2890 2042 cogamur
2941 1971 3137 2026 iterum
3181 1969 3620 2039 productioribns

2004 2070 2077 2123 uti
2109 2068 2402 2139 prommiis,
2436 2078 2489 2121 et
2532 2066 2799 2120 dictorum
2845 2073 3095 2135 repetere
3138 2072 3615 2133 consequentiam;

2001 2176 2309 2215 sermonem
2336 2175 2468 2231 ergo
2499 2158 2549 2213 in
2580 2158 2831 2228 precibus
2864 2155 3135 2223 ﬁniamus,
3163 2156 3363 2227 gratias
3396 2163 3617 2224 agentes

2003 2251 2133 2314 Deo,
2151 2250 2241 2321 qui
2272 2250 2387 2305 lucc
2411 2259 2469 2304 ut
2495 2250 2826 2312 diceremus,
2842 2247 3021 2305 dedit:
3042 2247 3298 2319 quoniam
3326 2245 3425 2316 ipsi
3449 2244 3615 2317 gloria

2001 2345 2053 2397 in
2086 2342 2285 2399 saecula
2313 2342 2660 2399 smculozuur.
2692 2342 2885 2397 Amen.
