4180 6474
621 337 720 399 σει
1308 339 1363 393 S.
1399 337 1685 394 JOANNIS
1723 334 2210 393 CllliYSOSTOﬂI
2271 332 2585 389 ARCHIEP.
2626 328 3167 386 (IONSTANTINOI‘.
3773 322 3876 379 633

1563 579 1664 638 AD
1703 578 2104 638 SERMONES
2146 576 2484 649 QUINQUE
2527 576 2604 634 IN
2653 574 2914 634 ANNAM

681 701 801 767 Quo
832 711 1073 770 tempore
1096 704 1527 776 Chrysostonins
1555 707 1651 760 hos
1699 703 1994 758 Sermones
2027 704 2294 764 habuerit,
2345 713 2398 756 et
2435 702 2486 754 in
2528 718 2633 769 qua
2688 699 3014 754 concinnum
3066 696 3207 750 serie
3258 697 3292 749 ii
3331 693 3542 749 iocandi
3590 691 3723 754 sint,
3757 690 3874 759 ipse

605 791 809 845 indicat
836 793 994 860 paulo
1021 802 1146 861 post
1169 795 1406 850 initium.
1451 795 1551 850 Vos
1578 795 1736 850 enim.
1769 795 1966 862 inquit,
1993 794 2221 862 fortasse
2250 808 2387 845 nunc
2415 794 2540 846 estis
2570 791 2723 844 obliti
2753 789 2958 857 (Grieca
3009 790 3208 859 quippe
3252 804 3358 842 non
3403 785 3690 842 referenda
3719 784 3870 840 duci-

606 883 773 952 mus).
805 900 898 937 nos
930 885 1120 938 multos
1149 888 1360 945 interim
1390 903 1650 940 sermones
1693 887 1758 940 de
1796 885 1920 940 aliis
1970 885 2120 938 rebus
2164 884 2430 938 habuisse.
2475 881 2616 936 Nam
2663 899 2862 936 reverso
2909 901 2940 935 a
2971 882 3260 951 longinqua
3305 878 3400 934 illa
3450 880 3874 949 peregrinatione

603 971 768 1026 Patre
798 985 996 1038 nostro,
1029 978 1376 1030 necessarium
1409 978 1511 1047 fuit
1541 979 1719 1031 omnia
1752 993 2180 1038 commemorare,
2213 992 2329 1045 quia
2357 977 2410 1028 in
2440 977 2696 1029 comitatu
2745 975 3066 1031 occiderant.
3099 990 3162 1026 ac
3211 973 3397 1026 deinde
3426 988 3543 1025 cum
3587 970 3870 1042 gentilibus

604 1064 897 1133 disputare,
929 1075 987 1118 ut
1015 1068 1108 1121 ltos
1139 1068 1186 1120 ri
1216 1068 1540 1122 calamitatis
1571 1070 1640 1123 ad
1669 1069 1939 1123 meliorem
1989 1069 2195 1137 frugem
2244 1077 2533 1131 revocatos,
2583 1069 2673 1134 qui
2717 1069 2924 1120 deserto
2971 1066 3246 1134 gentilium
3286 1078 3464 1118 errore
3501 1079 3613 1116 sese
3658 1061 3730 1114 ad
3779 1076 3873 1114 nos

603 1157 953 1219 contulerant,
985 1175 1082 1227 pro
1113 1161 1254 1216 ririli
1286 1162 1741 1230 confirmarentur,
1790 1177 1851 1214 ac
1895 1162 2222 1223 doceremus,
2269 1160 2482 1228 quantis
2527 1158 2755 1214 tenebris
2798 1156 3013 1211 liberati
3055 1157 3124 1208 ad
3169 1164 3375 1208 tantam
3417 1155 3586 1208 lucem
3634 1150 3872 1206 veritatis

602 1253 976 1307 occurrissent.
1017 1253 1143 1308 Post
1177 1255 1270 1308 illa
1302 1272 1484 1309 rursus
1517 1256 1698 1313 multis
1728 1256 1910 1308 diebus
1941 1265 2236 1322 martyrum
2266 1254 2646 1322 festivitatibus
2681 1253 2843 1321 potiti
2879 1269 3086 1316 sumus,
3122 1267 3284 1320 neque
3309 1250 3533 1315 tempori
3563 1248 3872 1300 conreniens

600 1341 808 1406 fuisset,
840 1361 931 1397 nos
968 1349 1059 1416 qui
1086 1348 1248 1415 juxta
1281 1359 1577 1419 martyrum
1601 1348 1843 1418 sepulcra
1885 1364 2238 1410 versarentur,
2271 1364 2455 1400 earum
2503 1347 2748 1410 laudum,
2794 1361 2912 1416 qute
2961 1344 3285 1414 martyribus
3324 1343 3601 1402 debentur,
3638 1350 3872 1394 exsortes

600 1436 891 1492 discedere.
927 1439 1191 1497 Successit
1218 1443 1299 1495 Itis
1341 1460 1526 1495 rursus
1557 1443 1858 1496 cohortatio
1908 1444 1977 1496 ad
2034 1443 2405 1496 abstinendum
2457 1461 2491 1496 a
2534 1443 2908 1511 jurameutis:
2967 1458 3087 1494 cum
3138 1441 3277 1493 enim
3323 1448 3489 1492 totam
3551 1435 3873 1490 rusticorum

601 1532 869 1584 notionem
910 1534 963 1586 in
1006 1535 1185 1589 urbem
1221 1536 1512 1604 ingressam
1552 1553 1902 1598 cernercmus,
1945 1539 2040 1590 Itoc
2083 1539 2207 1591 illos
2247 1539 2535 1592 instructos
2577 1555 2607 1590 a
2649 1537 2797 1592 nobis
2837 1537 3029 1591 viatico
3071 1536 3370 1589 censuimus
3411 1533 3784 1586 dimittendos.

672 1624 824 1690 Quod
855 1623 931 1678 ait
961 1627 1136 1693 primo
1164 1625 1594 1698 Cbrysostomus
1627 1638 1748 1698 post
1779 1629 2010 1683 reditum
2053 1628 2293 1684 Flaviani
2345 1631 2586 1701 episcopi
2618 1630 2902 1686 seomnia
2935 1645 3053 1698 quae
3085 1627 3187 1697 ipsi
3221 1625 3536 1680 acciderant
3585 1624 3639 1677 in
3690 1621 3871 1677 comi-

605 1725 739 1780 tatu,
775 1717 825 1770 id
856 1727 937 1772 est
968 1719 1021 1773 in
1054 1721 1178 1774 aula
1210 1720 1580 1792 Imperatoris,
1615 1739 2104 1788 commemorasse;
2132 1722 2284 1785 illud,
2310 1724 2559 1796 inquam,
2586 1723 2812 1795 respicit
2836 1721 3126 1777 Homiliatn
3158 1720 3221 1774 2|
3258 1720 3324 1773 de
3354 1719 3570 1779 statuis,
3603 1715 3778 1770 Τοιηο
3803 1711 3872 1776 ll,

599 1823 722 1870 quae
768 1809 950 1864 habita
1005 1811 1104 1867 fuit
1151 1823 1273 1882 post
1321 1817 1555 1870 reditum
1605 1815 1873 1880 Flaviani,
1906 1818 2000 1886 qui
2057 1817 2261 1872 reditus
2309 1819 2537 1887 contigit
2577 1819 2633 1872 in
2677 1816 2782 1871 line
2825 1814 3270 1884 Quadragesimtu
3300 1811 3428 1866 anni
3461 1809 3584 1864 587.
3643 1807 3875 1874 Haecque

600 1899 791 1954 concio
821 1902 1000 1956 habita
1029 1913 1112 1958 est
1144 1905 1264 1974 ipso
1289 1907 1375 1961 die
1406 1905 1846 1965 Resurrectionis
1881 1910 2094 1965 Domini
2132 1929 2146 1963 :
2192 1910 2321 1965 illud
2352 1911 2497 1964 enim
2551 1911 2709 1964 initio
2751 1908 3184 1978 Chrysostomus
3231 1904 3501 1974 signiﬁcat
3533 1917 3660 1956 cum
3694 1894 3823 1954 dicit
3855 1917 3872 1954 :

600 1989 917 2045 Benedictus
949 1993 1083 2048 Deus
1114 1997 1204 2064 qui
1246 1998 1380 2051 hanc
1412 2017 1504 2052 nos
1536 2002 1802 2054 uobiscum
1834 2020 2042 2057 sacram
2073 2003 2463 2058 solemnitatem
2502 2020 2618 2056 cum
2651 2001 2847 2072 gaudio
2889 2010 2936 2055 et
2987 1999 3176 2054 latitia
3223 1996 3392 2051 multa
3432 1996 3586 2049 Itodie
3610 1994 3877 2048 crlebrare

599 2086 850 2154 dignatus
878 2101 973 2146 est.
1011 2089 1322 2146 Secundum
1358 2097 1499 2149 hanc
1527 2095 1808 2151 bomiliam
1860 2097 1928 2152 ad
1976 2099 2203 2169 gentiles
2251 2100 2610 2154 concionatns
2638 2107 2744 2161 est,
2800 2108 2860 2152 ut
2887 2111 3079 2151 eorum
3125 2095 3394 2165 quosdam
3448 2094 3497 2148 vi
3541 2090 3876 2148 calamitatis

601 2181 893 2244 abductos,
946 2189 1000 2236 et
1047 2183 1360 2252 religionem
1412 2184 1778 2242 Christianam
1831 2191 2110 2256 amplexos
2158 2192 2557 2245 conﬁrmaret:
2608 2190 2772 2259 huius
2821 2203 2948 2242 vero
2990 2187 3275 2243 eoneionis
3335 2194 3430 2240 aut
3477 2186 3756 2254 plurium,
3812 2184 3869 2238 si

598 2273 783 2338 plures
816 2273 884 2327 de
914 2289 970 2327 re
999 2275 1187 2329 eadem
1222 2275 1504 2342 habuerit,
1535 2291 1915 2350 argumentum
1965 2282 2054 2337 ille
2101 2291 2156 2334 et
2185 2283 2456 2352 praecipua
2486 2283 2664 2354 capita
2707 2286 2895 2352 postea
2950 2281 3115 2336 refert
3149 2295 3163 2332 :
3215 2279 3386 2349 liquet
3424 2287 3604 2332 autem
3647 2292 3742 2332 cas
3787 2274 3879 2330 vel

596 2363 796 2434 injuria
830 2377 1136 2438 temporum
1169 2373 1420 2438 periisse,
1454 2375 1535 2428 vel
1568 2374 1831 2431 hactenus
1863 2376 2057 2431 latere.
2090 2375 2212 2432 Dies
2242 2389 2535 2448 sequentes
2557 2420 2572 2445 ,
2604 2379 2733 2448 quia
2789 2377 2924 2432 festa
2958 2383 3260 2446 martyrum
3293 2371 3694 2434 occurrebant,
3725 2368 3872 2424 cele—

595 2455 820 2515 brandis
848 2476 1036 2516 eorum
1070 2465 1322 2521 laudibus
1353 2469 1648 2538 insumpta:
1678 2481 1826 2534 sunt,
1861 2471 2085 2525 absente
2115 2481 2296 2527 tamen
2339 2472 2410 2527 ob
2441 2474 2812 2529 inﬁrmitatem
2845 2473 3259 2544 Chrysostomo.
3294 2468 3390 2523 [Iis
3436 2468 3728 2530 successit,
3782 2467 3877 2518 in-

595 2551 732 2622 quit,
765 2545 1079 2612 crbort'atio
1111 2561 1175 2613 ad
1207 2561 1591 2615 abstinendum
1624 2579 1652 2616 a
1679 2564 2026 2633 iuramentis,
2059 2566 2112 2620 in
2156 2555 2385 2636 gratiam
2437 2569 2767 2625 rusticorum
2821 2570 2983 2636 facta,
3035 2570 3124 2639 qni
3172 2585 3372 2639 magno
3421 2579 3652 2619 numero
3693 2565 3745 2615 in
3779 2581 3879 2619 nr-

595 2642 718 2707 qu
750 2647 1102 2706 advenerant.
1136 2651 1284 2708 llauc
1315 2667 1443 2708 vero
1487 2654 1918 2710 cohortationem
1963 2671 2085 2711 esse
2112 2673 2232 2712 eam
2283 2675 2404 2728 qua:
2453 2660 2666 2715 decima
2695 2675 2840 2714 nona
2890 2658 3063 2712 fertur
3107 2661 3160 2713 in
3214 2659 3464 2714 llomiliis
3505 2659 3572 2712 ad
3612 2656 3878 2726 populum

599 2739 1024 2811 Antiochenum,
1056 2746 1212 2803 Tom.
1268 2747 1309 2803 ll
1333 2788 1349 2814 ,
1384 2749 1472 2802 vix
1520 2759 1604 2804 est
1645 2751 1786 2820 quod
1819 2752 2151 2807 dubitemus.

2282 2755 2360 2809 illa
2408 2757 2554 2810 enim
2609 2755 2690 2810 sic
2732 2757 2992 2810 orditur:
3040 2757 3504 2826 Κατετρυφήσατε
3557 2753 3668 2807 τῶν
3703 2751 3882 2819 ἁγίων

598 2836 892 2907 μαρτύρων
940 2841 999 2892 ἐν
1047 2843 1168 2904 ταῖς
1210 2841 1523 2914 ἔμπροσθεν
1569 2842 1793 2908 ταύταις
1841 2844 2119 2914 ἡμέραις,
2163 2846 2178 2899 l

2284 2847 2351 2901 lis
2404 2860 2708 2903 sanctorum
2755 2859 3054 2919 martyrum
3111 2848 3312 2918 excepti
3355 2847 3479 2900 estis
3512 2845 3595 2899 Itis
3625 2842 3878 2913 praeteri-

597 2930 665 2982 tis
696 2930 900 2994 diebus,
932 2944 1252 3004 posteaque,
1284 2935 1351 2989 de
1380 2937 1610 2991 adventu
1646 2939 1977 2993 rusticorum
2012 2939 2259 3008 pluribus
2287 2942 2421 3011 agit,
2452 2952 2506 2995 et
2535 2940 2602 2996 de
2625 2941 2939 3011 iuramento
2989 2941 3207 2995 vitando
3239 2955 3551 2995 sermonem
3585 2937 3719 2991 texit
3750 2936 3878 2990 lon-

596 3023 826 3094 giorein,
856 3039 1021 3093 quam
1053 3026 1106 3080 in
1138 3027 1348 3080 caeteris
1369 3026 1444 3081 20
1465 3028 1715 3086 llomiliis
1745 3032 1810 3085 ad
1843 3034 2102 3102 p0pulum
2134 3035 2557 3100 Antiochenum,
2591 3035 2642 3089 in
2675 3049 2908 3104 quarum
2964 3050 3098 3104 pene
3149 3033 3380 3102 singulis
3425 3031 3629 3101 aliquid
3679 3041 3876 3086 contra

596 3117 903 3186 iuramenta
927 3119 1182 3202 agitatur.
1214 3119 1418 3177 Omnes
1447 3123 1630 3194 itaque
1659 3135 1820 3189 noue,
1851 3142 1974 3197 quae
2006 3128 2061 3182 in
2093 3127 2197 3184 hoc
2226 3129 2293 3184 de
2323 3131 2478 3184 Anna
2510 3127 2777 3184 Sermone
2805 3129 2984 3198 primo
3016 3129 3308 3192 habentur,
3336 3129 3388 3181 in
3423 3125 3656 3181 llomilia
3681 3123 3776 3179 illa
3807 3124 3878 3179 l9

597 3210 665 3261 ad
698 3210 952 3278 populum
983 3211 1386 3266 Antiochenum
1419 3225 1793 3280 recensentur,
1827 3217 1900 3270 ita
1936 3227 1993 3270 ut
2023 3217 2112 3272 hic
2140 3219 2466 3273 concionum
2497 3217 2634 3272 ordo
2679 3216 2878 3284 fuerit;
2909 3225 2965 3271 et
3004 3215 3178 3286 prima
3229 3216 3461 3271 locatula
3512 3216 3584 3269 sit
3631 3213 3878 3268 llomilia

598 3301 665 3356 de
697 3303 869 3356 reditu
915 3301 1179 3367 Flaviani,
1207 3321 1329 3375 quas
1358 3321 1501 3362 nunc
1529 3319 1612 3362 est
1657 3308 1722 3361 ει
1775 3311 1840 3362 ad
1892 3311 2148 3378 populum
2193 3311 2638 3377 Antiochenam;
2689 3309 2931 3365 secundo
2979 3309 3242 3365 adversus
3289 3309 3521 3379 gentiles
3549 3308 3888 3377 concionem

599 3411 762 3450 tinam
795 3397 874 3450 vel
910 3397 1093 3468 plures
1124 3399 1345 3467 habuit;
1381 3401 1541 3456 tertio
1571 3402 1760 3458 laudes
1791 3414 2093 3474 martyrum
2127 3408 2317 3463 multis
2362 3407 2574 3472 diebus,
2622 3405 2825 3470 πολλὰς
2876 3404 3110 3477 ἡμέρας,
3142 3404 3434 3459 celebratae
3481 3411 3643 3467 sunt;
3677 3390 3882 3474 quarto

597 3504 786 3545 coram
819 3491 1042 3546 rusticis
1083 3502 1276 3547 contra
1318 3494 1625 3562 iuramenta
1674 3495 1888 3553 locutus
1919 3506 2032 3564 est;
2064 3498 2283 3553 demum
2318 3499 2417 3555 hos
2443 3501 2510 3554 de
2539 3499 2696 3552 Anna
2730 3499 3025 3554 Sermones
3076 3496 3261 3565 empit.
3310 3497 3519 3564 Agtnen
3549 3511 3682 3566 ergo
3725 3497 3880 3552 ducit

601 3584 836 3641 llomilia
863 3586 932 3642 de
958 3586 1133 3644 reditu
1165 3587 1428 3644 Flaviani.
1462 3589 1740 3647 Postrema
1774 3603 1956 3649 autem
1990 3594 2238 3662 humilia,
2268 3596 2322 3649 in
2354 3595 2635 3650 Dominica
2677 3594 2778 3665 τῆς
2822 3591 3268 3664 ὲπισωζομένης,
3317 3608 3483 3664 quam
3533 3592 3872 3648 ﬂaminicam

599 3695 723 3735 esse
751 3680 1000 3750 quintam
1027 3691 1150 3752 post
1176 3681 1385 3738 Pascha
1416 3701 1538 3755 quae
1569 3689 1822 3756 praecedit
1851 3689 2244 3745 Ascensionem
2278 3690 2517 3752 Domini.
2547 3691 2624 3746 ait
2654 3690 2762 3745 Leo
2797 3689 3052 3744 Allatius.
3086 3690 3324 3746 Savilius
3351 3705 3476 3744 esse
3506 3698 3658 3755 [uitat
3687 3686 3876 3741 Domi-

604 3772 782 3827 nicam
815 3774 868 3828 in
900 3773 1052 3830 Albis
1078 3792 1094 3840 ;
1126 3773 1509 3834 Tillemontins
1540 3796 1667 3834 vero
1691 3782 1945 3851 epinatur
1973 3797 2095 3838 esse
2124 3786 2464 3840 Dotninieam
2507 3784 2828 3848 Passionis;
2869 3786 2998 3840 huic
3056 3794 3339 3855 postremo
3385 3800 3503 3855 ego-
3539 3784 3868 3854 a~tipulatus

603 3878 724 3917 sum
758 3861 811 3917 in
845 3861 1171 3921 Praelatione
1194 3865 1352 3922 Tomi
1387 3867 1450 3923 ll.
1485 3867 1589 3924 Sed
1618 3870 1731 3939 jam
1765 3886 1954 3926 vereor
1983 3881 2042 3926 ut
2087 3870 2202 3927 hac
2247 3876 2516 3942 quadrare
2565 3875 2800 3944 possint,
2833 3873 3199 3944 libentiusque
3244 3875 3558 3928 accederent
3608 3876 3674 3928 ad
3721 3872 3874 3927 Alla-

601 3956 760 4020 tium,
791 3956 1232 4026 quandoquidem
1259 3960 1446 4030 quinta
1479 3963 1689 4024 concio,
1721 3978 1844 4032 quae
1871 3973 1954 4018 est
1985 3974 2257 4034 postrema
2286 3967 2339 4020 in
2360 3967 2600 4031 Annam,
2632 3968 2813 4021 habita
2845 3966 2946 4020 fuit
2972 3979 3092 4037 post
3137 3965 3495 4022 Pentecosten
3523 3985 3538 4032 ;
3588 3983 3712 4020 nam
3760 3983 3863 4022 vox

606 4050 1106 4120 μισοπεντηκοστή,
1137 4066 1258 4121 qua
1292 4051 1374 4106 bis
1406 4052 1623 4122 irrepsit
1656 4054 1708 4105 in
1742 4063 1971 4120 textum,
2002 4064 2086 4111 est
2114 4056 2467 4113 librariorum
2518 4074 2695 4125 error,
2747 4070 2805 4114 ut
2854 4061 3050 4115 ibidem
3103 4062 3399 4132 probamus
3444 4075 3509 4114 ex
3561 4057 3862 4113 Manuscri-

603 4139 732 4208 ptis.
764 4137 1033 4198 Omnibus
1064 4144 1246 4213 itaque
1275 4145 1578 4213 perpensis,
1613 4147 1687 4199 ita
1723 4162 1807 4201 res
1833 4149 2214 4206 constituenda
2242 4166 2467 4222 prorsus
2497 4153 2713 4209 videtur
2738 4195 2753 4218 ,
2798 4165 2965 4225 atque
3003 4155 3107 4210 hoc
3159 4154 3324 4211 modo
3363 4156 3611 4210 calculus
3657 4170 3862 4225 ponen.

2223 478 2498 489 ——————

1189 4473 1422 4531 SERMO
1461 4479 1477 4534 Ι
1522 4477 1615 4549 (ο).
2287 4476 2530 4532 lectionis
2557 4475 2720 4541 illius,
2753 4488 2936 4529 mensa
2978 4471 3176 4542 posita,
3206 4470 3387 4526 statim
3433 4470 3552 4542 ejus
3589 4486 3654 4527 ac
3681 4471 3878 4529 verbo-

2285 4583 2403 4622 rum
2431 4581 2753 4637 congressus
2779 4564 3145 4630 recordamur,
3175 4578 3239 4618 ac
3279 4563 3444 4618 multa
3484 4579 3607 4619 cum
3653 4565 3880 4622 caritate

2285 4661 2456 4728 ipsum
2507 4657 2872 4726 requirimus:
2907 4657 3007 4710 hoc
3063 4655 3219 4710 nobis
3270 4670 3396 4725 erga
3431 4654 3696 4726 jejunium
3745 4673 3881 4727 quo-

2282 4764 2387 4819 que
2449 4748 2808 4818 pnestandum
2876 4756 2979 4800 est.
3029 4745 3162 4800 Nam
3215 4761 3335 4800 cum
3401 4744 3542 4816 apud
3602 4761 3700 4802 nos
3763 4747 3886 4804 dies

2283 4839 2628 4909 quadraginta
2661 4839 2819 4892 fuerit
2856 4836 3180 4890 diversatum
3206 4877 3222 4900 ,
3249 4835 3476 4891 comiter
3505 4836 3636 4892 illud
3658 4839 3884 4909 excepi-

2283 4945 2406 4986 inus
2442 4944 2506 4984 ac
2533 4929 2832 4985 dimisimus
2861 4946 2874 4982 :
2904 4928 3120 4999 quando
3159 4929 3318 4999 igitur
3344 4943 3530 4984 mensa
3567 4930 3680 4999 jam
3726 4933 3886 4989 nobis

2281 5023 2575 5094 spiritualis
2603 5021 2921 5093 apponenda
2951 5032 3054 5083 est,
3079 5023 3486 5078 reminiscamur
3508 5023 3675 5090 illius,
3706 5024 3884 5080 bono-

2281 5129 2504 5186 rumque
2525 5115 2762 5170 omnium
2783 5154 2801 5180 ,
2828 5129 2948 5184 qua:
2975 5112 3129 5167 nobis
3167 5112 3386 5169 invexit.
3408 5112 3525 5169 Non
3555 5116 3700 5170 enim
3743 5131 3885 5185 prte-

600 4601 750 4665 Quod
769 4613 992 4671 Oporteat
1013 4616 1057 4657 et
1084 4607 1136 4660 in
1171 4605 1461 4664 Pentecoste
1487 4622 1531 4665 et
1561 4629 1752 4682 semper
1773 4616 1964 4684 jejunii
2003 4618 2178 4670 memi-

667 4691 827 4757 nisse,
857 4705 903 4747 et
926 4697 1063 4766 quod
1082 4714 1181 4750 non
1208 4702 1473 4768 prementia
1497 4704 1658 4756 solum
1678 4746 1692 4768 ,
1715 4705 1805 4757 sed
1833 4707 1984 4759 etiam
2008 4723 2176 4761 recor-

667 4784 805 4838 datio
821 4788 1006 4855 jejunii
1032 4791 1098 4843 sit
1123 4792 1262 4846 utilis
1283 4809 1301 4846 :
1321 4804 1367 4846 et
1395 4796 1458 4848 de
1482 4794 1576 4848 Dei
1597 4796 1926 4865 providentia,
1947 4801 2178 4869 quodque

667 4893 767 4930 non
794 4879 997 4932 minima
1019 4898 1139 4951 pars
1165 4883 1323 4950 ipsius
1348 4885 1409 4937 sit
1437 4894 1616 4952 prater
1639 4884 1743 4939 alia
1770 4896 2033 4955 parentum
2058 4905 2178 4959 erga

667 4966 848 5021 liberos
889 4986 1031 5023 amor
1058 4986 1078 5023 :
1097 4973 1326 5042 quodque
1363 4991 1462 5027 non
1505 4975 1730 5041 patribus
1757 4975 1921 5030 solum
1940 5020 1955 5044 ,
2005 4977 2095 5032 sed
2133 4989 2177 5033 et

667 5059 910 5112 matribus
933 5072 1234 5131 praceptum
1263 5065 1356 5128 sit,
1386 5075 1438 5118 ut
1469 5065 1740 5120 liberarunt
1780 5085 1946 5122 mores
1973 5085 2176 5140 compo-

669 5160 827 5216 nant,
850 5162 896 5204 et
925 5152 994 5205 ad
1022 5163 1299 5208 extremum
1321 5157 1384 5210 tle
1407 5157 1571 5211 Anna.
2283 5152 2502 5217 ’“”’Ϊ¹’“’
2525 5152 2762 5170 “mm”
2783 5152 2948 5216 ’.ΨἻ
2976 5152 3129 5167 "ww
3167 5152 3386 5216 ”“””
3408 5152 3525 5169 ⁶“’“
3555 5152 3700 5216 vim"
3745 5152 3884 5217 3"“?

2280 5215 2452 5261 setitta
2508 5214 2712 5259 tantum
2753 5203 2944 5274 jejunn
2964 5245 2978 5268 ,
3029 5202 3124 5258 sed
3167 5213 3330 5259 etiam
3377 5219 3638 5260 memoria
3689 5205 3884 5276 jcpuui

673 5289 723 5369 ι,
760 5285 958 5359 Jejunii
1000 5289 1238 5344 memoria
1273 5291 1443 5356 utilis,
1466 5291 1656 5364 jejunii
1693 5291 1824 5348 bona
1866 5305 2076 5361 quanta.
2104 5325 2176 5336 -—
2283 5296 2510 5350 maxime
2539 5296 2682 5350 utilis
2705 5309 2828 5350 esse
2854 5303 3051 5364 pateat.
3076 5293 3141 5349 Et
3167 5294 3306 5350 sicut
3334 5295 3410 5349 illi
3439 5311 3576 5365 quos
3602 5311 3876 5364 amamus,

597 5379 697 5437 Ubi
727 5385 1063 5453 peregrinum
1113 5386 1342 5456 aliquem
1389 5385 1530 5455 apud
1577 5400 1676 5441 nos
1713 5385 2074 5452 diversatum,
2107 5388 2172 5440 ad
2282 5404 2387 5443 non
2415 5388 2590 5442 solum
2616 5403 2738 5441 cum
2765 5387 2997 5453 adsunt,
3023 5403 3206 5442 verum
3255 5387 3418 5441 etiam
3459 5401 3581 5442 eum
3631 5388 3784 5443 nobis
3825 5391 3884 5446 iu

595 5474 799 5544 aliquot
841 5477 955 5531 dies
995 5478 1220 5532 comiter
1245 5489 1546 5548 exceptum,
1576 5487 1630 5532 et
1665 5477 1912 5548 colloquii
1943 5493 2174 5535 mensae-
2281 5489 2514 5535 mentem
2543 5477 2782 5544 veniunt,
2808 5478 2971 5532 multa
3000 5493 3097 5532 nos
3125 5478 3395 5547 voluptate
3420 5478 3747 5548 perlnnduut
3770 5497 3784 5534 :
3804 5480 3882 5538 ita

602 5580 703 5632 quc
733 5567 1044 5634 participem
1086 5565 1282 5622 factum
1325 5568 1688 5625 dimiserimus
1719 5586 1732 5623 :
1763 5570 2018 5640 postridie
2045 5585 2170 5640 pro-
2282 5587 2491 5642 quoque
2518 5572 2634 5626 dies
2656 5570 2868 5640 jejunii,
2897 5571 3160 5637 collecte,
3184 5585 3606 5641 communesque
3635 5587 3882 5627 comen-

664 5698 735 5757 (η)
766 5697 926 5751 Coum
946 5690 1401 5753 emncodxm.
1430 5715 1558 5753 num.
1580 5703 1642 5752 ω
1686 5709 1738 5753 et
1758 5702 1870 5754 9.“.
1894 5716 2005 5753 cum
2028 5705 2173 5757 noxio
2284 5673 2371 5757 tus
2395 5671 2448 5717 et
2476 5664 2577 5717 alia
2607 5662 2800 5730 quibus
2823 5663 2941 5757 ejus
2972 5661 3571 5757 hcttcl‘tciolrttcbamur
3602 5663 3762 5728 bona,
3793 5665 3881 5720 vel

600 5737 736 5810 1933',
768 5737 925 5751 ww"
947 5737 1401 5753 "mw"
1431 5737 1558 5753 ”“’“”
1580 5737 1640 5752 ’ν
1686 5737 1738 5753 “”
1762 5737 1811 5754 ν’
1833 5737 1870 5754 ”’
1894 5737 2005 5753 ww
2028 5737 2173 5767 "ww
2283 5756 2397 5810 sola
2419 5757 2674 5812 memoria
2703 5771 2799 5810 nos
2823 5755 3094 5812 oblectant
3119 5796 3133 5820 ,
3167 5765 3220 5811 et
3246 5755 3358 5811 lure
3386 5757 3567 5812 omnia
3611 5758 3662 5814 si
3688 5757 3738 5812 in
3766 5773 3886 5814 tue-
