4180 6484
1613 365 1698 418 DE
1738 366 1919 419 ΑΧΝΛ

2016 365 2206 420 ΕΜ.ίο
2243 365 2281 419 1.
3480 370 3596 426 632

2023 496 3594 528 mm

307 376 408 430 6'51

317 503 1080 532 mw”
1095 501 1466 526 .-.......---ςτ.-.--·
1422 500 1741 525 _"—__..—..._."'
1549 501 1690 511 ““”“““¹“⁸
1697 503 1796 524 ωτζτ

1754 611 2139 670 MONITUM.

315 739 442 802 dus,
468 741 556 807 qui
590 749 647 796 ut
679 735 1010 806 intelligatur
1039 743 1304 787 attentum
1337 736 1591 808 lectorem
1619 734 1845 786 omnino
1876 734 2136 802 postulat.
2172 729 2230 784 ln
2263 730 2623 785 concionibns
2657 729 2745 784 hic
2787 731 3110 786 memoratis
3160 733 3396 800 primum
3444 734 3592 788 haud

316 835 484 891 dubie
514 834 686 886 locum
716 833 926 886 obtinet
957 828 1187 883 Ilomilia
1219 830 1285 882 de
1318 827 1492 880 reditu
1522 825 1788 903 Flaviani,
1821 841 1944 894 quae
1975 835 2057 879 est
2084 824 2146 877 21
2185 823 2248 876 ad
2282 823 2544 892 populum
2593 821 2999 876 Antiochenum
3028 839 3040 873 :
3093 823 3235 878 hanc
3279 834 3460 878 autem
3497 827 3596 880 ha-

320 931 439 986 buit
468 932 520 983 itt
543 930 630 983 die
659 929 901 991 Paschze,
928 939 987 982 ut
1014 942 1178 994 supra
1211 925 1472 978 diximus.
1513 922 1707 977 Postea
1738 938 1870 976 vero
1894 938 2018 975 cum
2066 920 2362 989 gentilibus
2409 919 2734 988 disputavit,
2783 929 2835 974 et
2896 920 3066 972 nmlta
3118 931 3442 989 prosecutus
3488 932 3600 994 est,

319 1038 554 1092 quorum
583 1023 758 1090 capita
793 1021 959 1074 refert
987 1020 1184 1074 ibidem
1221 1035 1234 1071 :
1273 1030 1456 1072 utrum
1490 1034 1617 1071 vero
1649 1017 1764 1071 haec
1788 1018 1869 1070 vel
1912 1031 2041 1078 una,
2090 1013 2173 1068 vel
2221 1014 2472 1083 pluribus
2523 1013 2883 1068 concionibus
2923 1013 3250 1078 absolverit,
3303 1013 3600 1074 incertum.

318 1112 522 1168 Deinde
551 1114 732 1166 multis
760 1112 941 1165 diebus
975 1111 1076 1165 SS.
1113 1123 1414 1181 martyrum
1449 1108 1607 1172 festa,
1639 1124 1760 1178 qua
1791 1109 2176 1170 occurrebant,
2209 1107 2462 1160 laudibus
2492 1105 2768 1160 celebrata
2820 1107 3061 1170 fuerunt,
3094 1116 3208 1159 tum
3249 1119 3516 1176 prasente
3549 1121 3605 1165 et

318 1207 724 1274 circumagente
754 1205 908 1267 duce,
936 1204 1130 1274 inquit,
1165 1204 1268 1257 hoc
1298 1213 1403 1265 est,
1437 1200 1701 1255 Flaviano
1725 1203 1983 1271 episcopo
2015 1217 2028 1252 :
2065 1215 2188 1253 nam
2217 1196 2649 1268 Chrysostomus
2683 1207 2795 1251 tum
2844 1214 2987 1266 aeger
3035 1199 3182 1252 domi
3220 1201 3502 1264 manebat,
3544 1210 3607 1254 ut

319 1297 397 1350 ait
433 1299 548 1365 ipse
577 1297 731 1350 initio
769 1294 1013 1349 llomilite
1048 1296 1114 1348 l9
1143 1298 1207 1348 ad
1241 1294 1638 1357 Antiuchenos,
1676 1309 1842 1364 quam
1878 1303 2068 1347 contra
2114 1292 2425 1362 iuramenta
2460 1290 2673 1354 habuit,
2717 1289 2769 1343 in
2814 1290 3044 1358 gratiam
3103 1291 3472 1352 rusticorum.
3508 1295 3605 1360 qui

317 1387 672 1440 Antiochiam
713 1387 1078 1440 adventarant
1107 1406 1118 1437 :
1149 1387 1265 1440 lucc
1300 1400 1431 1438 vero
1460 1386 1674 1448 concio,
1720 1393 1779 1438 ut
1816 1383 1920 1438 fert
1965 1384 2178 1443 titulus,
2221 1381 2362 1435 facta
2415 1382 2467 1435 in
2519 1380 2801 1436 Dominica
2838 1382 2940 1450 τῆς
2987 1383 3422 1452 ὲπισωζομένης,
3458 1398 3607 1437 nunc

319 1489 406 1534 est
428 1480 637 1534 decima
663 1494 806 1532 nona
835 1478 1194 1532 llomiliarum
1225 1478 1290 1531 ad
1325 1478 1583 1546 populum
1615 1477 2044 1531 Antiochenum.
2099 1475 2300 1530 Verum'
2340 1486 2533 1530 contra
2579 1476 2728 1529 hunc
2775 1474 3139 1530 llomiliarum
3189 1478 3438 1532 ordinent
3476 1477 3605 1546 qni-

319 1571 447 1625 dam
482 1571 714 1641 insurgit
736 1571 1029 1641 scrupulus
1059 1590 1071 1624 :
1113 1572 1165 1625 in
1199 1569 1433 1623 llomilia
1465 1571 1666 1640 quippe
1705 1570 1918 1624 decima
1953 1584 2097 1646 nona
2129 1568 2204 1622 ait
2227 1567 2678 1638 Chrysostomus.
2723 1585 2804 1628 se.
2836 1567 2964 1623 dum
2999 1579 3301 1639 martyrum
3339 1568 3460 1624 festi
3484 1569 3605 1624 dies

315 1662 746 1726 celebrarentur,
779 1678 982 1732 aegrum
1009 1661 1154 1714 domi
1192 1660 1503 1713 mansisse:
1539 1667 1594 1711 at
1637 1659 1689 1711 in
1723 1658 1958 1711 l‘lomilia
1994 1657 2168 1726 prima
2213 1656 2264 1709 in
2305 1658 2516 1709 Annam
2559 1656 2704 1708 nulla
2747 1657 2924 1710 morbi
2972 1657 3198 1721 mentio,
3233 1657 3344 1712 itno
3383 1658 3599 1712 videtur

316 1755 745 1826 Chrysostomns
774 1763 905 1808 tunc
941 1754 1199 1822 temporis
1239 1754 1320 1807 vel
1363 1753 1431 1806 de
1483 1751 1820 1821 martyribus
1869 1750 2168 1804 conciones
2209 1749 2491 1809 habuisse.
2524 1749 2608 1801 vel
2655 1748 2847 1802 saltem
2896 1750 3098 1805 habere
3144 1752 3426 1821 potuisse;
3479 1752 3607 1808 licet

316 1847 464 1902 enim
492 1861 598 1901 non
633 1843 778 1897 dicat
804 1857 1062 1912 expresse
1087 1842 1206 1895 illas
1237 1856 1295 1894 se
1325 1841 1625 1894 conciones
1660 1839 1940 1901 habuisse,
1971 1838 2022 1892 id
2058 1839 2201 1893 clare
2230 1838 2384 1902 dicit,
2426 1839 2615 1891 laudes
2644 1853 2838 1908 nempe
2869 1850 3169 1909 martyrum
3214 1843 3605 1914 impedimento

319 1939 510 2002 fuisse,
542 1935 838 2006 quominus
877 1934 1022 1988 aliud
1058 1941 1444 2002 argumentum
1486 1940 1773 1985 tractaret.
1808 1929 2011 1984 Verum
2045 1931 2098 1983 in
2137 1946 2288 1986 more
2319 1941 2404 1985 est
2432 1930 2832 2001 Chrysostonm
2884 1933 2935 1984 in
2971 1933 3285 2001 huiusmodi
3321 1939 3606 1992 recensio-

317 2034 483 2095 uibus
513 2031 745 2100 plurima
776 2028 1024 2093 reticere,
1053 2042 1172 2096 quae
1197 2027 1474 2092 negotium
1501 2023 1812 2080 lacessant:
1844 2027 2066 2080 aliunde
2100 2041 2230 2079 vero
2262 2041 2384 2079 cum
2432 2025 2486 2078 in
2538 2025 2864 2094 praecedenti
2919 2024 3175 2091 llomilia,
3220 2045 3341 2098 quae
3378 2041 3462 2086 est
3508 2030 3608 2086 de-

317 2126 460 2178 cima
491 2139 629 2178 nona
657 2123 723 2176 ad
761 2121 1152 2183 Antiochenos,
1183 2117 1566 2188 :egritudinem
1609 2135 1768 2172 suam
1815 2125 2321 2180 commemorasset,
2357 2116 2532 2170 noluit
2577 2116 2751 2185 pritna
2799 2116 3064 2172 concione
3107 2118 3159 2172 iu
3210 2120 3447 2188 Annam,
3483 2139 3607 2192 quae

317 2223 444 2286 post
482 2214 626 2268 illam
669 2212 852 2269 habita
885 2211 1008 2276 fuit,
1047 2211 1281 2279 idipsum
1324 2220 1584 2278 repetere.
1616 2209 1814 2263 Verum
1861 2225 1928 2264 ex
1959 2209 2172 2264 duobus
2205 2207 2611 2278 impedimentis
2650 2209 2950 2277 quominus
2994 2214 3335 2280 prepositttm
3368 2215 3471 2269 sibi
3516 2231 3606 2271 ar-

317 2314 638 2375 gumentum
677 2312 934 2359 tractaret
961 2304 1189 2357 alterum
1231 2304 1423 2363 tacuit,
1463 2319 1658 2372 nempe
1686 2304 2107 2371 :egritudinem;
2146 2303 2378 2358 alterum
2421 2301 2768 2365 memoravit,
2803 2303 3064 2357 nimirum
3098 2305 3235 2360 festa
3273 2317 3604 2378 martyrum.

315 2396 438 2451 Jam
465 2397 592 2450 hinc
626 2407 844 2451 constat
874 2395 1215 2451 Dominicmn
1249 2398 1348 2466 τῆς
1379 2395 1798 2467 ὲπισωζομένης
1850 2411 1958 2449 non
1994 2412 2117 2452 esse
2159 2396 2498 2451 Dominicam
2543 2397 2692 2453 illam
2746 2416 2912 2470 quam
2966 2399 3252 2455 Passionis
3302 2417 3605 2468 voramus;

316 2503 430 2546 tu-tn
459 2494 587 2563 quia
619 2493 870 2564 plurimis
913 2501 1038 2545 ante
1066 2491 1211 2544 illam
1241 2490 1434 2545 diebus
1469 2486 1766 2544 Flavianus
1806 2491 2122 2554 advenerat,
2158 2491 2304 2557 quod
2346 2505 2496 2545 certe
2527 2491 2633 2544 dici
2673 2501 2909 2561 nequeat
2958 2492 3026 2547 de
3073 2492 3357 2547 Dominica
3389 2493 3610 2548 Passio-

317 2585 425 2652 nis,
460 2595 572 2639 tum
599 2584 726 2656 quia
753 2599 816 2639 ex
852 2599 1014 2652 supra
1051 2584 1211 2638 dictis
1240 2584 1354 2638 haec
1375 2581 1568 2637 concio
1599 2581 1691 2634 diu
1725 2590 1850 2650 pust.
1881 2580 2172 2635 llomiliatn
2208 2580 2274 2634 de
2309 2581 2482 2634 reditu
2519 2579 2764 2636 Flaviani
2792 2582 2938 2636 dicta
2978 2582 3098 2646 luit,
3138 2599 3263 2653 qme
3295 2583 3516 2638 hotnilia
3552 2585 3605 2638 itt

316 2691 437 2746 ipso
462 2675 551 2731 die
581 2675 806 2732 Pasclne
839 2675 1022 2730 habita
1058 2684 1160 2730 est.
1197 2673 1306 2728 Nec
1332 2683 1510 2743 potest
1537 2688 1661 2728 esse
1700 2672 1986 2728 Dominica
2010 2673 2108 2741 τῆς
2146 2673 2563 2744 ὲπισωζομένης
2604 2690 2689 2734 ea.
2719 2689 2885 2743 quam
2935 2672 2987 2727 in
3018 2673 3176 2730 Albis
3225 2691 3510 2740 vocamus,
3549 2687 3611 2730 ut

317 2770 488 2833 voluit
524 2769 800 2836 Savilius;
832 2784 925 2824 sex
960 2769 1106 2822 enim
1137 2769 1214 2822 illi
1242 2769 1359 2823 dies
1391 2769 1484 2837 qui
1527 2767 1668 2822 inter
1702 2766 1912 2821 Pascha
1943 2776 1997 2821 et
2036 2767 2379 2822 Dominicam
2414 2768 2468 2821 itt
2513 2767 2668 2822 Albis
2716 2767 3114 2835 intercurrunt,
3148 2784 3255 2823 non
3298 2769 3434 2824 satis
3469 2770 3608 2824 fuis-

317 2874 434 2920 sent
465 2865 532 2917 ad
563 2878 625 2917 ca
655 2863 839 2917 omnia
877 2862 1312 2932 complectenda,
1355 2877 1548 2931 nempe
1572 2861 1910 2916 Concioncm
1942 2861 2010 2916 de
2042 2861 2216 2914 reditu
2266 2860 2531 2924 Flaviani,
2565 2863 2996 2933 Disputationem
3029 2872 3125 2918 aut
3166 2862 3601 2929 Disputationes,

315 2957 361 3010 si
395 2957 576 3024 plures
609 2955 832 3018 fuerint,
873 2964 1064 3010 contra
1093 2956 1343 3023 gentiles,
1379 2953 1537 3007 Festa
1581 2966 1881 3024 martyrum
1920 2953 2109 3006 multis
2143 2953 2359 3018 diebus,
2407 2954 2607 3017 πολλὰς
2652 2955 2866 3025 ἡμέρας
2907 2956 3203 3018 celebrata,
3231 2966 3287 3009 et
3321 2955 3608 3026 aegritudi-

318 3063 442 3102 nem
473 3049 890 3117 restitutamque
921 3048 1288 3102 valetudinem
1317 3046 1718 3117 Chrysostomi.
1749 3047 2142 3113 Quamobrem,
2177 3047 2312 3100 nihil
2358 3049 2613 3102 obstante
2644 3047 2908 3116 scrupulo
2942 3047 3058 3111 illo,
3095 3062 3260 3116 quem
3291 3063 3459 3118 supra
3493 3064 3609 3103 mc-

318 3141 677 3201 moravimus,
715 3139 914 3195 Leonis
944 3139 1127 3194 Allatii
1158 3139 1485 3194 sententiam
1521 3139 1926 3210 amplectimur,
1965 3138 2198 3194 dicentis
2240 3153 2365 3194 esse
2402 3139 2739 3193 Dominicam
2774 3138 3024 3207 quintam
3060 3149 3184 3208 post
3219 3138 3451 3203 Pascha,
3485 3156 3610 3210 qua:

316 3233 573 3302 praecedit
619 3232 1039 3286 Ast-ensionent.
1092 3231 1184 3286 Sic
1229 3232 1414 3285 onmia
1465 3231 1852 3301 quadrabunt;
1885 3246 2009 3284 nam
2053 3233 2238 3287 statim
2292 3242 2414 3302 post
2459 3230 2609 3284 illam
2639 3231 2692 3284 in
2721 3231 2952 3301 gratiam
2990 3232 3325 3285 rusticorum
3363 3233 3606 3285 habitam

317 3324 638 3379 concionem
671 3324 908 3392 primum
941 3324 992 3377 in
1021 3327 1231 3376 Annam
1264 3339 1575 3379 sermonem
1604 3326 1823 3387 dixerit,
1857 3334 1983 3392 puta
2026 3325 2160 3379 feria
2197 3323 2439 3380 secunda
2473 3333 2604 3379 ante
2649 3325 3088 3391 Ascensionem;
3128 3325 3430 3379 secundum
3473 3323 3610 3380 feria

316 3428 472 3471 sexta
502 3427 624 3484 post
656 3418 1082 3483 Ascensionem;
1113 3420 1332 3470 tertium
1367 3416 1501 3472 feria
1527 3420 1767 3474 secunda
1800 3421 2153 3475 hebdomada‘.
2187 3421 2508 3490 sequentis;
2542 3429 2824 3490 quartum,
2853 3421 2946 3490 qui
2983 3421 3163 3490 periit,
3201 3420 3335 3476 feria
3369 3431 3604 3491 quarta;

320 3510 574 3581 quintum
608 3507 742 3564 feria
769 3518 958 3573 sexta;
991 3520 1206 3564 sextum
1244 3520 1369 3578 post
1394 3510 1788 3576 Pentecosten;
1832 3529 1938 3566 non
1979 3513 2084 3567 alia
2119 3523 2302 3568 autem
2331 3512 2399 3566 de
2432 3527 2598 3567 causa
2647 3513 2818 3568 hosce
2853 3530 2964 3584 prae
3017 3515 3141 3568 aliis
3188 3515 3307 3570 dies
3357 3513 3610 3582 assigna-

322 3613 470 3662 nms,
497 3614 662 3669 quam
697 3609 756 3655 ut
789 3615 903 3656 rem
928 3600 1042 3656 ﬁeri
1076 3601 1324 3671 potuisse
1351 3601 1736 3657 declaremus:
1771 3617 1896 3656 nam
1937 3604 2170 3658 fatemur
2210 3606 2458 3676 potuisse
2478 3619 2764 3662 sermones
2793 3606 2918 3660 illos
2943 3606 2996 3660 in
3021 3607 3139 3661 dies
3163 3608 3303 3662 alios
3323 3606 3607 3662 incidisse.

391 3693 654 3759 Quartus,
692 3707 751 3749 ut
784 3695 1047 3760 diximus,
1079 3710 1265 3750 sermo
1291 3695 1587 3765 intercidit,
1620 3704 1679 3749 ut
1713 3697 1990 3769 colligitur
2024 3717 2088 3755 ex
2140 3702 2207 3755 iis
2243 3716 2368 3771 qua:
2410 3700 2464 3754 in
2514 3701 2712 3771 quinto
2748 3715 3023 3766 sermone,
3067 3701 3159 3771 qui
3212 3700 3328 3770 jam
3376 3706 3612 3770 quartus

319 3784 416 3838 illo
444 3786 649 3840 amisso
681 3785 1022 3850 inscribitur,
1052 3788 1312 3842 dicuntur
1333 3804 1486 3846 num.
1514 3788 1568 3850 ὅ,
1596 3806 1790 3860 nempe
1819 3792 1872 3846 in
1906 3794 2234 3863 praecedenti
2265 3808 2523 3849 sermone
2568 3793 2842 3863 explicata
2877 3794 3049 3848 fuisse
3102 3794 3217 3848 lucc
3263 3792 3424 3846 verba
3462 3792 3611 3846 Can-

319 3877 623 3943 ticiAnnm,
661 3876 1048 3946 Con/innatum
1078 3887 1155 3931 est
1186 3894 1276 3933 cor
1303 3896 1474 3933 meum
1507 3881 1561 3934 in
1595 3879 1844 3943 Domino.
1878 3892 2008 3949 etr.,
2043 3899 2276 3954 quorum
2322 3883 2702 3953 interpretatio
2754 3898 2862 3936 non
2897 3882 3129 3937 habetur
3159 3883 3211 3936 in
3242 3897 3311 3936 eo
3337 3880 3428 3951 qui
3463 3895 3613 3936 nunc

319 3971 518 4026 tertius
549 3982 652 4026 est.
691 3969 788 4026 llis
819 3970 959 4026 adde
985 3987 1109 4043 quae
1131 3972 1495 4027 disseruimus
1526 3972 1579 4026 in
1604 3973 1766 4029 Praef.
1803 3972 1831 4044 ᾗ
1869 3972 1978 4026 VII.

391 4062 560 4120 Primi
589 4067 861 4122 sermonis
886 4068 1258 4136 ittterpretatio
1296 4076 1382 4122 est
1412 4065 1708 4122 Frontonis
1741 4067 1962 4134 Duc-an;
2001 4069 2229 4123 secundi
2256 4078 2303 4122 et
2339 4069 2483 4123 tertii
2526 4068 2792 4125 Desiderii
2829 4067 3084 4135 Erasmi;
3119 4072 3303 4141 quarti
3337 4082 3391 4127 et
3430 4073 3608 4143 quinti

321 4159 662 4230 Sigismundi
696 4158 928 4228 Gelcnii,
958 4176 1098 4230 quas
1129 4175 1326 4216 omnes
1365 4159 1848 4230 interpretationes
1890 4172 2150 4217 accurate
2173 4161 2594 4231 castigavimus.

1815 501 2131 511 Μ

1471 515 1741 525 -αο-..ο

1787 515 2016 525 ’.σο-α...

329 4383 3604 4407 ΜῇΜ-ᾝἭᾜ

949 4635 1168 4689 ΛΟΓΟΣ
1207 4641 1280 4692 A'.
1753 4692 1758 4694 ν
2020 4647 2119 4714 τῆς
2161 4649 2473 4714 συνουσίας,
2517 4651 2610 4704 καὶ
2643 4651 2781 4720 μετὰ
2819 4650 3020 4720 πολλῆς
3050 4651 3214 4705 αὑτὸν
3247 4652 3624 4723 ἐπιζητοῦμεν

2018 4729 2120 4800 τῆς
2151 4729 2375 4802 ἀγάπης
2397 4749 2410 4762 ·
2444 4731 2604 4787 τοῦτο
2629 4733 2692 4803 δὴ
2719 4735 2813 4788 καὶ
2854 4733 2946 4787 ἐπὶ
2967 4734 3065 4804 τῆς
3092 4735 3348 4804 νηστείας
3377 4737 3620 4807 ποιήσω-

316 4773 687 4892 ε¹επ2³τ2ξέζ
715 4779 1050 4892 ,τξτὲνξῖρεξῑ
1090 4785 1772 4892 τρξ,σῖ;.ῖιῖες,ιέ,.ςι.ῑί,
1805 4805 1911 4892 ξτες
2180 4815 2292 4867 και
2320 4816 2430 4886 γάρ
2464 4817 2707 4887 κατήχθη
2743 4817 2880 4888 πρὸς
2911 4818 3060 4888 ἡμᾶς
3097 4819 3313 4890 ἡμέρας

387 4848 685 4928 νηστείας-
706 4848 1072 4928 μεμνῆσθαι,
1108 4854 1206 4906 καὶ
1248 4848 1334 4906 ὅτι
1367 4848 1772 4928 ω’ίὲτιιρουσίίι
1797 4848 1909 4928 p5:-

386 4931 517 4996 ror,
569 4918 728 4996 ἀμ.ιά
767 4918 878 4996 ραι)
923 4923 1130 4996 κνήμη
1178 4927 1467 4996 νηστείας
1510 4918 1764 4996 ὠφελεῖ·
1797 4918 1906 4982 ’καί

386 4984 519 5063 περὶ
547 4986 794 5063 τῆςλτοῦ
831 4984 980 5063 Θεοῦ
1011 4984 1320 5063 ἆρόνοίάς.
1363 4984 1459 5048 καί
1495 4984 1583 5048 ὅτὶ
1609 4998 1760 5063 μετὰ
1792 4998 1912 5050 τῶν

386 5010 519 5053 περι
547 5010 657 5053 της
687 5010 794 5044 του
831 5010 980 5044 σεου
1011 5010 1054 5044 π
1093 5010 1320 5058 ονοιας.
1363 5010 1459 5048 καί
1495 5010 1583 5048 Οτι
1609 5010 1760 5063 μετὰ
1792 5015 1911 5050 των

385 5053 595 5131 (tuo)?
620 5060 692 5111 οὐ
732 5062 950 5131 μικρὸν
982 5010 1166 5129 μέρρος
1201 5063 1393 5130 αὐτῆς
1440 5064 1476 5128 ἡ
1509 5067 1740 5131 φυσικὴ
1793 5068 1911 5120 τῶν

387 5123 611 5200 τουτέων
648 5123 780 5195 περὶ
821 5123 892 5182 τὰ
922 5123 1155 5198 (Extremi
1185 5123 1390 5200 φιλίιῦ
1426 5123 1522 5188 καὶ
1555 5134 1642 5187 ὅτι
1679 5123 1753 5190 οὗ
1798 5155 1909 5191 :za-

386 5195 561 5270 τράσι
584 5201 797 5270 μόνον,
844 5195 1013 5254 ἀλλά
1055 5203 1151 5256 καί
1186 5195 1498 5270 ὶιητράσιν
1531 5207 1908 5261 ἐπιτέτακται

386 5263 695 5389 arguta/cz
710 5270 1032 5340 ῥυθμίζειν,
1057 5273 1154 5326 καὶ
1181 5263 1330 5343 πρὸξ·
1353 5273 1431 5339 τῷ
1453 5275 1610 5330 τέλει
1638 5278 1773 5345 περὶ
1796 5278 1909 5348 τῆς

519 5354 628 5389 ‘m‘.

459 5353 628 5404 ννης.

388 5495 458 5538 α’.
491 5487 742 5547 Ἐπειδὰν
765 5487 913 5553 ξένον
934 5491 1054 5543 τινὰ
1072 5493 1416 5563 καταχθέντα
1440 5497 1575 5566 πρὸς
1600 5499 1747 5567 ἡμᾶς
1766 5496 1905 5566 ἡμέκ

316 5587 418 5643 ρας
440 5571 592 5632 τινας
627 5571 1012 5644 ὑποδεξάμενοι
1045 5576 1403 5646 φιλοφρόνως,
1441 5580 1533 5630 καὶ
1563 5579 1736 5645 λόγων
1756 5579 1908 5649 αὑτῷ

314 5655 411 5707 καὶ
442 5652 586 5706 ἁλῶν
606 5657 1056 5724 κοινωνήσαντες.
1077 5661 1527 5730 ἀποπέμψωμεν·
1555 5666 1620 5733 τῇ
1648 5663 1785 5732 μετὰ
1808 5663 1906 5734 τὴν

311 5737 628 5808 ἀποδημίαν
657 5738 874 5808 ἐκείνην
918 5743 1120 5814 ἡμέρα,
1158 5747 1437 5815 τραπέζης
1475 5747 1902 5817 παρατεθείσης,

1614 5831 1637 5840 ,ο

313 5821 522 5888 εὖοὲως
566 5823 1091 5896 ἀναμιμνησκῦμεθσ
1144 5828 1312 5883 αὑτοῦ
1342 5846 1398 5882 τε
1450 5831 1679 5884 καὶτῶν
1728 5831 1903 5899 λόγων

2020 4913 2205 4960 κοντα,
2240 4899 2624 4970 ὑπεδεξάμεθα
2654 4901 2826 4970 αὐτὴν
2859 4899 3221 4972 φιλοφρόνως,
3245 4903 3341 4956 καὶ
3372 4905 3623 4974 ἀπεπέμο

2009 4980 2199 5050 ’ψαμεν
2225 4999 2238 5011 ·
2265 4981 2389 5034 ἐπεὶ
2413 4980 2507 5036 οὖν
2537 4983 2802 5054 μέλλομεν
2823 4985 3188 5056 παρατιθέναι
3213 4987 3495 5058 τράπεζαν
3521 4988 3624 5042 νῦν

2017 5067 2425 5140 πνευματικὴν,
2454 5067 2897 5138 ἀναμνησθῶμεν
2930 5069 3119 5140 αὐτῆς,
3151 5071 3246 5122 καὶ
3280 5072 3389 5125 τῶν
3424 5073 3481 5139 ἐξ
3515 5074 3615 5126 αὐ-

2016 5150 2115 5220 τῆς
2141 5151 2398 5204 ἁπάντων
2428 5152 2805 5223 ἐγγενομένων
2851 5154 2982 5224 ἡμῖν
3016 5153 3256 5222 ἀγαθῶν.
3285 5156 3359 5208 (ὶὺ
3399 5157 3509 5228 γὰρ
3549 5157 3615 5225 δὴ

2021 5234 2291 5303 παρουσία
2321 5236 2576 5306 νηστείας
2622 5235 2804 5306 μόνον,
2832 5235 2970 5290 ἀλλὰ
3011 5240 3106 5291 καὶ
3142 5241 3329 5312 μνήμη
3361 5241 3617 5309 νηστείας

2013 5319 2084 5370 τά
2124 5317 2358 5386 μέγιστα
2404 5319 2686 5389 ὠφελῆσαι
2721 5319 2926 5374 δύναιτ’
2974 5323 3064 5376 ἄν.
3115 5325 3224 5377 Καὶ
3265 5325 3519 5396 καθάπερ
3567 5326 3618 5377 οἱ

2018 5401 2332 5471 φιλούμενοι
2387 5404 2516 5472 παρ’
2559 5403 2750 5474 ἡμῶν,
2784 5405 2896 5474 buxi.
2931 5407 3205 5477 παρόντες
3261 5409 3443 5476 μόνον.
3477 5409 3618 5461 ἀλλὰ

2013 5487 2110 5541 καὶ
2142 5488 2221 5550 εἰς
2252 5485 2377 5539 νοῦν
2413 5489 2544 5557 ἡμῖν
2574 5489 2880 5558 ὲρχομένοι,
2911 5490 3114 5561 πολλῆς
3139 5493 3288 5561 ἡμᾶς
3318 5491 3622 5563 πληροῦσιν

2015 5569 2235 5639 ἡδονῆςο
2261 5569 2403 5623 οὕτω
2431 5570 2526 5624 καὶ
2555 5572 2612 5622 αἱ
2643 5571 2739 5640 τῆς
2765 5573 3021 5641 νηστείας
3046 5576 3276 5646 ἡμέραι.
3308 5577 3398 5628 καὶ
3421 5579 3467 5629 oi
3493 5575 3618 5627 σύλα

2015 5661 2185 5730 λογοι,
2213 5663 2308 5714 καὶ
2335 5663 2390 5716 αἱ
2421 5663 2698 5732 διατριϐαὶ
2724 5667 2779 5718 αἱ
2813 5668 3012 5726 κοιναὶ,
3040 5668 3134 5720 καὶ
3161 5669 3225 5720 τὰ
3256 5668 3390 5720 ἄλλα
3413 5669 3447 5721 ἃ
3479 5673 3614 5735 παρ’

2017 5745 2235 5814 ἐκείνης
2270 5746 2661 5817 ὲκαρπούμεθα
2696 5748 2858 5812 καλὰ,
2891 5752 2985 5802 καὶ
3016 5751 3123 5804 ἀπὸ
3151 5752 3247 5820 τῆς
3281 5753 3503 5821 μνήμης
3531 5753 3612 5804 5'3-

2014 5830 2251 5898 φραίνει,
2291 5831 2394 5882 κᾶν
2417 5831 2589 5884 ταῦτα
2615 5831 2828 5885 ἅπαντα
2869 5833 3220 5901 συλλέξαντες
3254 5835 3618 5907 ἀναμνησθῶ-
