4180 6512
320 404 427 466 633

323 522 544 577 moriam
591 534 937 586 revocantis,
966 518 1192 572 multum
1218 513 1342 568 inde
1373 514 1577 567 lucrum
1611 509 1712 564 hoc
1756 509 1917 562 etiam

323 626 565 682 tempore
593 613 927 683 colligemus.
961 608 1084 663 Ihec
1107 617 1287 661 autem
1318 620 1347 658 a
1378 620 1463 659 me
1504 620 1609 657 non
1635 618 1703 658 eo
1732 602 1919 656 dicun-

322 718 426 770 tur,
451 705 595 775 quod
636 716 829 773 cogere
861 713 955 753 vos
994 698 1059 753 ad
1098 696 1449 767 jejunamlum
1498 693 1694 759 velim,
1724 692 1819 747 sed
1862 700 1921 743 ut

320 796 478 850 vobis
510 792 880 866 persuadeam,
912 798 968 843 ιιι
1018 804 1085 844 ne
1112 789 1270 858 genio
1303 784 1659 854 indulgeatis,
1684 798 1817 837 neve
1842 782 1919 836 sic

318 885 668 948 afliciamini,
718 893 774 937 nt
829 882 1069 953 plerique
1125 878 1371 933 homines
1418 876 1625 941 solent,
1657 871 1917 943 siquidem

320 979 572 1033 homines
599 976 899 1048 appellandi
922 984 1068 1038 sunt,
1097 972 1186 1042 qui
1211 978 1410 1025 tantatn
1431 965 1917 1038 pusillanimitatem

322 1088 433 1141 pre
462 1086 522 1126 se
554 1071 752 1137 ferunt,
786 1070 876 1138 qui
923 1077 1193 1135 tamquam
1250 1078 1281 1117 e
1332 1060 1561 1114 vinculis
1613 1056 1838 1119 emissi,
1865 1063 1920 1108 et

316 1163 465 1231 gravi
488 1162 738 1232 quopiam
764 1148 1211 1214 carcere'liberati
1240 1154 1319 1209 sic
1344 1152 1687 1221 alloquuntur
1709 1163 1770 1204 se
1794 1162 1885 1200 mu
1910 1180 1913 1181 ν

320 1266 449 1309 tuo:
486 1252 724 1307 Tandem
756 1250 1041 1305 molestum
1075 1244 1203 1300 illud
1238 1242 1427 1314 jejunii
1461 1240 1678 1311 pelagus
1712 1236 1917 1293 emensi

316 1360 505 1400 smnus
533 1363 547 1397 :
577 1344 666 1398 alii
695 1358 823 1397 vero
843 1342 932 1410 qui
962 1340 1129 1393 multo
1165 1336 1339 1408 pejus,
1367 1345 1421 1389 ct
1449 1332 1769 1389 imbecillius
1793 1337 1918 1383 sunt

316 1438 527 1503 all’ecti,
562 1438 723 1492 etiam
772 1435 842 1489 ob
887 1433 1120 1488 futuram
1148 1427 1623 1498 Quadragesimam
1659 1423 1918 1494 pertime-

318 1539 494 1584 scunt.
536 1528 646 1582 Hec
675 1543 803 1581 vero
853 1536 1157 1595 preptcrea,
1186 1520 1330 1593 quod
1380 1527 1493 1574 toto
1529 1518 1736 1587 reliquo
1778 1524 1919 1569 tem-

322 1635 451 1690 pore
496 1619 738 1684 deliciis,
784 1616 1037 1679 luxuriaa,
1064 1624 1223 1685 atque
1251 1611 1494 1668 ebrietati
1537 1625 1597 1664 se
1633 1619 1775 1663 totos
1819 1605 1917 1659 dc-

316 1712 464 1765 dant.
499 1710 651 1777 Quod
683 1711 726 1763 si
768 1709 889 1763 aliis
928 1707 1119 1762 diebus
1168 1714 1329 1760 casta:
1374 1701 1742 1769 modestiaque
1796 1698 1918 1750 vitae

318 1803 542 1875 agenda:
572 1815 671 1856 nos
694 1800 1179 1864 assuefaceremns,
1204 1806 1259 1850 et
1286 1794 1614 1864 praeteritum
1643 1788 1920 1845 desidera-

320 1911 505 1953 remus
525 1894 787 1966 jejunium
813 1936 828 1956 ,
860 1903 914 1947 et
946 1900 1230 1945 venturum
1276 1887 1440 1940 multa
1488 1900 1609 1937 cum
1646 1882 1921 1951 Voluptate

320 1987 744 2054 susciperemns.
771 1983 908 2049 Quid
960 1982 1103 2036 enim
1159 1977 1283 2033 boni
1320 1975 1510 2046 jejunii
1562 1974 1716 2029 nobis
1756 1986 1917 2041 Opera

320 2094 428 2133 non
456 2076 721 2132 obvenit?
747 2075 937 2129 Omnia
969 2070 1370 2139 tranquillitatis
1411 2084 1475 2121 ac
1517 2083 1662 2136 pum:
1708 2064 1916 2119 sereni-

320 2170 446 2224 tatis
472 2168 627 2240 plena
645 2175 769 2221 sunt
814 2166 1005 2220 Nonne
1030 2163 1221 2217 domus
1247 2159 1582 2224 tumultibus,
1612 2157 1921 2213 cursitatio-

320 2262 478 2318 nibus
496 2302 515 2329 ,
537 2262 792 2329 omnique
836 2255 1239 2329 perturbatione
1268 2260 1394 2306 sunt
1435 2248 1719 2304 liberat-tv?
1748 2248 1917 2313 Quin-

318 2353 481 2409 etiam
509 2361 633 2405 ante
664 2352 806 2419 ipsas
833 2349 1024 2403 domos
1050 2362 1239 2401 eormn
1265 2345 1508 2404 animus,
1533 2341 1622 2410 qui
1650 2339 1916 2410 jt-j-znant,

321 2447 423 2500 hac
457 2444 636 2515 quiete
678 2442 1001 2512 perfruitur;
1031 2441 1219 2494 civitas
1266 2439 1377 2506 ipsa
1428 2448 1534 2489 tota
1579 2433 1916 2496 modestiam,

319 2555 440 2608 quze
488 2537 541 2592 in
588 2537 771 2591 animo
815 2550 878 2591 ac
916 2533 1163 2589 domibus
1206 2531 1467 2591 cernitur,
1497 2528 1757 2582 imitatur.
1786 2525 1919 2579 Nam

322 2643 498 2697 neque
541 2627 644 2681 sub
692 2639 978 2705 vesperam
1024 2622 1216 2678 audire
1264 2629 1522 2676 canentes
1550 2619 1714 2684 licet,
1749 2630 1923 2685 neque

323 2720 555 2775 interditt
582 2719 973 2773 tumultuantes
996 2728 1053 2771 et
1076 2716 1258 2770 ebrios
1279 2754 1295 2776 ,
1320 2730 1428 2767 non
1451 2713 1753 2767 clamantes
1768 2754 1784 2776 ,
1814 2724 1922 2763 non

327 2822 630 2883 pugnantes
653 2852 669 2876 ,
701 2810 797 2865 sed
843 2809 1065 2864 multam
1095 2807 1292 2875 ubique
1322 2803 1767 2870 tranquillitatem
1800 2801 1924 2854 licet

321 2919 567 2958 eernere.
600 2901 753 2956 Nunc
776 2909 956 2955 autem
988 2913 1095 2953 non
1136 2898 1207 2952 ita
1238 2905 1324 2951 est
1346 2937 1360 2960 ,
1388 2893 1484 2950 sed
1529 2894 1641 2962 jam
1687 2892 1811 2947 inde
1858 2892 1927 2945 ab

322 3004 517 3049 exortu
559 2992 690 3047 solis
728 2992 995 3046 clamores
1037 3005 1102 3044 ac
1132 2990 1324 3050 turbze.
1352 3002 1648 3055 empturum
1696 2984 1925 3038 cursita-

326 3086 520 3147 tiones,
553 3099 615 3138 ac
643 3084 841 3137 multus
870 3083 923 3135 in
949 3081 1218 3147 domibus,
1242 3080 1440 3133 mullus
1466 3079 1518 3132 in
1545 3076 1813 3131 mentibus
1840 3074 1925 3129 fu-

327 3192 469 3244 mus,
498 3176 623 3230 dum
672 3176 815 3229 iutus
866 3174 918 3227 in
949 3171 1105 3226 nobis
1152 3170 1555 3229 succenduutur
1583 3167 1837 3231 allectus,
1873 3175 1930 3221 et

328 3273 543 3325 tlannna
600 3269 833 3338 turpium
887 3266 1240 3335 cupiditatum
1297 3280 1328 3319 a
1381 3263 1589 3319 deliciis
1640 3261 1925 3317 excitatur.

330 3364 620 3431 l‘rnpterea
649 3361 790 3432 quod
824 3360 1081 3431 praeteriit
1102 3358 1364 3429 jejunium
1398 3357 1771 3426 requiramus:
1798 3352 1927 3409 illud

329 3454 475 3508 enim
523 3452 639 3506 lucc
686 3451 865 3506 omnia
914 3451 1217 3505 coercebat.
1251 3449 1328 3503 Ac
1354 3449 1481 3503 licet
1525 3448 1762 3502 laborem
1809 3446 1930 3515 ejus

327 3544 725 3600 excusscrimus
744 3584 759 3608 ,
789 3542 905 3611 ejus
930 3552 1108 3596 tamen
1129 3540 1454 3595 desiderium
1483 3554 1589 3592 non
1616 3539 1930 3607 exstingua-

331 3653 473 3699 mus.
503 3652 677 3706 neque
709 3634 1024 3690 memoriam
1055 3633 1391 3705 deponamus
1424 3648 1436 3685 :
1470 3631 1565 3687 sed
1606 3645 1727 3687 cum
1760 3645 1924 3700 pran-

331 3743 427 3784 sus
450 3736 502 3783 et
532 3727 939 3796 expergefactus
979 3728 1031 3780 in
1081 3725 1257 3780 forum
1287 3725 1501 3780 veneris
1521 3767 1537 3791 ,
1570 3724 1823 3795 diemque
1851 3723 1929 3776 vi-

331 3820 480 3876 deris
508 3827 817 3889 vergentem
842 3817 910 3872 ad
932 3832 1210 3886 vesperam
1232 3858 1248 3883 ,
1272 3818 1411 3871 hanc
1439 3817 1713 3887 ingressus
1754 3815 1936 3871 eccle-

333 3910 513 3977 siam,
542 3919 597 3964 et.
647 3908 801 3979 juxta
849 3909 1211 3963 sanctuarium
1265 3908 1405 3963 istud
1453 3908 1716 3974 veniens,
1740 3905 1933 3977 jejunii

336 4005 596 4071 temporis
626 4001 915 4057 recordare
934 4043 948 4065 ,
975 4016 1083 4071 quo
1127 4001 1483 4055 multitudinis
1517 4000 1729 4070 plenam
1754 4000 1932 4055 eccle-

334 4095 470 4149 siam
499 4094 850 4149 cernebamus
870 4134 884 4157 ,
914 4108 1105 4148 omnes
1144 4103 1326 4149 autem
1375 4092 1625 4147 audiendi
1666 4092 1937 4148 desiderio

334 4185 581 4241 succensi
610 4192 765 4239 erant
785 4226 800 4249 ,
841 4184 1005 4238 multa
1045 4183 1243 4253 ubique
1274 4183 1480 4247 laetitia,
1512 4197 1667 4237 meus
1695 4183 1935 4237 omnium

332 4286 455 4333 erat
482 4286 662 4332 erecta
692 4294 706 4329 :
731 4275 848 4331 h.ec
893 4277 1071 4330 omnia
1119 4284 1294 4330 tecum
1322 4285 1612 4345 reputans,
1658 4274 1775 4330 dies
1819 4276 1939 4330 illos

335 4369 600 4438 optabiles
626 4368 931 4423 recordare.
960 4368 1113 4434 Quod
1143 4370 1187 4422 si
1209 4384 1411 4423 mensa:
1443 4368 1788 4423 accubiturus
1819 4367 1897 4423 sis
1918 4406 1938 4433 ,

336 4476 461 4515 cum
488 4460 590 4514 hac
608 4459 979 4515 recordatione
1008 4458 1160 4514 cibos
1191 4458 1441 4528 degusta,
1474 4473 1575 4514 nec
1597 4474 1849 4527 umquam
1882 4458 1935 4512 in

338 4551 655 4606 ebrietatem
712 4549 819 4605 labi
866 4550 1107 4620 poteris;
1140 4549 1235 4604 sed
1281 4549 1421 4603 sicut
1471 4550 1563 4618 qui
1617 4549 1938 4611 honestam,

340 4652 544 4697 castam
569 4651 626 4697 et
666 4642 946 4711 ingenuam
986 4656 1211 4694 uxorem
1238 4642 1491 4695 duxerint
1514 4682 1529 4705 ,
1548 4650 1605 4695 et
1629 4640 1747 4709 ejus
1777 4641 1941 4695 vehe-

342 4737 511 4791 menti
557 4749 744 4790 amore
794 4735 901 4788 sint
946 4733 1257 4787 inflammati
1284 4774 1300 4799 ,
1335 4748 1403 4788 nc
1444 4732 1668 4787 absente
1725 4731 1942 4802 quidem

346 4831 474 4894 illa,
534 4828 872 4884 meretricem
926 4836 981 4881 et
1035 4825 1299 4895 perditam
1358 4824 1637 4878 mulierem
1691 4822 1945 4877 adamare

347 4929 593 4990 possunt,
624 4918 767 4989 quod
799 4918 940 4972 illius
968 4933 1120 4971 amor
1156 4932 1342 4971 eorum
1391 4924 1625 4970 mentem
1666 4929 1942 4985 praroceuo

347 5013 579 5082 paverit,
611 5026 711 5066 nec
756 5012 918 5065 alium
964 5025 1203 5064 amorem
1250 5010 1455 5078 ingredi
1497 5010 1675 5062 sinat:
1701 5008 1780 5062 sic
1805 5016 1861 5061 et
1892 5006 1947 5061 in

344 5103 556 5174 jejunio
595 5102 682 5166 lit,
716 5111 771 5156 et
818 5103 869 5154 in
910 5101 1194 5156 ebrietate.
1229 5102 1373 5169 Ergo
1415 5101 1459 5153 si
1510 5100 1651 5155 illius
1697 5101 1944 5168 ingenua:

346 5208 619 5266 easta:qu
642 5194 1045 5249 meminerimus
1066 5235 1081 5259 ,
1111 5195 1375 5262 publicam
1428 5193 1565 5248 hanc
1606 5195 1946 5248 meretricem

347 5290 633 5356 omnisque
682 5284 1025 5354 turpitudinis
1061 5294 1303 5346 matrem.
1336 5286 1674 5347 ebrietatem,
1706 5282 1946 5353 inquam,

351 5380 607 5434 facillime
632 5378 960 5448 repellemus
987 5418 1001 5442 ,
1028 5375 1155 5429 dum
1187 5390 1336 5428 amol-
1358 5376 1545 5442 iejtttlii
1575 5373 1949 5429 vehementius

349 5489 511 5540 quam
543 5486 733 5526 manus
761 5470 867 5525 ulla
897 5469 1281 5539 impudentiam
1336 5473 1488 5521 mnis
1538 5470 1786 5538 repellet.
1821 5469 1947 5523 Pro-

355 5574 475 5631 pter
524 5564 637 5616 ltzec
681 5562 860 5616 omnia
901 5562 1016 5616 dies
1066 5561 1222 5622 illos,
1253 5577 1470 5630 quam,
1508 5577 1723 5629 semper
1772 5571 1949 5615 mente

355 5671 637 5710 versemus
672 5677 683 5707 :
717 5667 774 5710 ut
815 5668 994 5711 autem
1034 5654 1303 5724 quidpiam
1418 5677 1446 5700 ιι
1480 5672 1691 5724 quoque
1726 5655 1790 5709 ad
1836 5670 1949 5709 me-

357 5750 583 5802 moriam
635 5750 774 5804 illam
827 5749 1122 5813 conferant,
1172 5748 1308 5801 ideo.
1364 5760 1759 5815 «:gnnu-ntmn.
1808 5749 1950 5817 quod

360 5854 395 5897 ιι
413 5852 593 5895 artare
620 5850 729 5896 tum
762 5852 978 5909 paratus
1009 5857 1153 5895 eram
1181 5884 1189 5903 ,
1228 5842 1278 5894 in
1311 5840 1539 5895 ιιιςιὶιιιιιι
1570 5856 1707 5893 nunc
1737 5856 1953 5909 quoque

1665 398 1750 454 DE
1792 396 1976 452 ANNA
2015 396 2247 453 SERMO
2288 397 2326 453 Ι.

3521 407 3627 462 635

2028 507 2270 577 profetre
2297 508 2556 574 conabor,
2583 519 2639 564 ιιι
2684 511 2796 581 ipsa
2824 512 3119 567 similitudo
3145 513 3404 569 doctrina:
3450 532 3628 571 retor-

2027 600 2296 655 dationetn
2317 601 2577 671 temporis
2594 602 2734 657 illius
2755 604 2947 658 excitet
2967 603 3069 673 (a).
3098 603 3204 660 Vos
3229 606 3370 660 enim
3400 604 3630 662 fortasse

2028 708 2169 747 nunc
2194 692 2325 747 estis
2372 693 2676 756 obliti,nos
2715 695 2912 749 multos
2962 697 3177 751 interim
3227 712 3507 752 sermones
3556 700 3625 751 de

2026 785 2149 837 aliis
2216 783 2379 837 rebus
2444 784 2717 840 habuisse.
2779 785 2913 841 Nam
2989 802 3209 843 reverso
3262 803 3292 841 a
3344 789 3630 859 longinqua

2028 877 2116 932 illa
2167 877 2597 948 peregrinatione
2636 889 2789 947 patre
2824 889 3045 943 nostro,
3102 882 3467 935 necessarium
3525 883 3622 935 l‘nit

2026 968 2204 1022 omnia
2227 983 2676 1035 commemorare,
2702 986 2821 1041 qua:
2846 971 2897 1026 in
2926 974 3182 1026 comitatu
3209 972 3538 1037 acciderant,
3563 986 3628 1026 ac

2025 1058 2223 1113 deinde
2247 1072 2370 1114 cum
2386 1059 2675 1130 gentilibus
2699 1061 2996 1130 disputare,
3024 1071 3081 1116 ut
3113 1063 3212 1118 hos
3239 1063 3286 1116 vi
3309 1064 3630 1116 calamitatis

2025 1150 2091 1204 ad
2122 1150 2401 1207 meliorem
2428 1151 2632 1223 frugem
2661 1165 2961 1220 revocatos,
2992 1158 3081 1224 qui
3107 1154 3324 1209 deserto
3348 1154 3628 1225 gentilium

2025 1258 2210 1296 errore
2238 1256 2358 1297 sese
2385 1243 2452 1296 ad
2502 1258 2600 1297 nos
2645 1245 3015 1311 contulerant,
3048 1260 3144 1316 pro
3167 1246 3303 1300 virili
3334 1246 3628 1300 conlirma-

2026 1350 2227 1397 remus,
2258 1351 2321 1390 ac
2366 1337 2710 1403 duceremus,
2741 1337 2959 1407 quantis
3005 1337 3242 1393 tenebris
3272 1338 3482 1392 liberati
3515 1379 3530 1403 ,
3560 1337 3626 1389 ad

2028 1437 2229 1480 tantam
2259 1427 2432 1481 lucem
2465 1428 2706 1482 veritatis
2731 1430 3115 1483 accnrrisscnt.
3150 1428 3278 1484 Post
3322 1428 3415 1482 illa
3442 1444 3629 1482 rursus

2027 1520 2210 1574 multis
2238 1520 2427 1576 diebus
2472 1530 2769 1592 martyrum
2821 1521 3198 1577 festivitatibus
3230 1521 3381 1591 petiti
3424 1536 3629 1585 smnus,

2027 1628 2206 1683 neque
2238 1612 2466 1681 tempori
2490 1613 2820 1667 conveniens
2844 1614 3049 1679 luisset,
3072 1628 3169 1669 nos
3188 1614 3280 1683 qui
3299 1612 3455 1683 juxta
3483 1626 3629 1664 mar-

2030 1716 2207 1777 tyrum
2266 1706 2513 1776 sepulcra
2572 1721 2936 1771 versaremur,
2966 1722 3153 1761 earnm
3211 1705 3465 1768 laudum,
3512 1719 3633 1771 qu;e

2028 1799 2352 1870 martyribus
2369 1798 2653 1863 debentur,
2670 1808 2916 1855 exsortes
2934 1797 3236 1853 discedere.
3254 1797 3522 1853 Successit
3547 1795 3635 1848 bis

2027 1890 2093 1943 ad
2120 1889 2499 1944 abstinendum
2537 1905 2569 1943 a
2602 1890 2927 1959 jnramentis
2956 1888 3258 1944 cohortatio
3292 1904 3305 1939 :
3337 1903 3458 1941 eum
3489 1887 3632 1941 enim

2026 1980 2189 2035 etiam
2233 1982 2556 2035 rusticorum
2581 1981 2851 2034 nationem
2885 1981 2937 2033 in
2972 1980 3159 2034 urbem
3187 1979 3484 2048 ingressam
3513 1991 3636 2030 cer-

2030 2088 2305 2134 ncrcmus,
2342 2071 2441 2125 bos
2473 2072 2566 2125 illo
2611 2073 2903 2127 instructos
2942 2087 2970 2125 a
3004 2071 3161 2126 nobis
3192 2070 3387 2125 viatico
3425 2069 3636 2123 censui-

2028 2179 2148 2217 mus
2177 2162 2548 2217 dimittendos.

2098 2255 2153 2307 Ξ.
2196 2252 2477 2307 llomiliam
2504 2261 2680 2307 contra
2724 2253 2934 2325 gentiles
2965 2251 3633 2309 habitantresumensalims

2029 2348 2308 2419 prasertim
2350 2348 2653 2420 quwstiones
2677 2348 2844 2411 solvit,
2876 2347 3106 2401 videlicet
3128 2361 3262 2416 :quo
3312 2355 3460 2415 pacto
3501 2343 3638 2397 Deus

2030 2442 2257 2495 homines
2296 2440 2555 2509 quondam
2606 2440 2871 2493 instrueret
2895 2453 2915 2503 ;
2942 2449 2988 2492 et
3031 2454 3221 2510 quare,
3253 2438 3374 2491 dum
3418 2453 3633 2506 corpora

2027 2532 2250 2588 cretestia
2274 2532 2421 2602 quasi
2448 2532 2725 2585 immortali
2745 2532 3014 2602 juventute
3042 2530 3304 2599 fruantur,
3327 2540 3501 2583 nostra
3531 2529 3633 2581 sint

2031 2627 2217 2681 morbis
2250 2638 2296 2681 et
2340 2625 2657 2694 corruptioni
2700 2624 2941 2678 obnoxia.
2968 2653 3042 2663 —
3066 2622 3233 2677 Vobis
3273 2622 3488 2693 quidem
3530 2636 3637 2675 non

2032 2722 2185 2777 laede
2216 2720 2375 2775 fuerit
2400 2719 2819 2789 disputationem
2845 2718 3071 2784 referre,
3103 2734 3261 2788 quam
3296 2725 3406 2770 tum
3433 2716 3629 2771 advcrc

2031 2828 2124 2867 sus
2184 2812 2413 2883 gentiles
2463 2811 2794 2864 instituimus
2826 2826 2838 2862 :
2873 2826 2975 2879 ego
3030 2825 3159 2863 vero
3212 2822 3428 2877 semper
3458 2807 3511 2860 in
3558 2807 3641 2860 bis

2032 2904 2384 2968 exercitatus,
2407 2912 2462 2957 ct
2489 2902 2615 2957 huic
2642 2903 2905 2971 palmstne
2931 2900 3203 2967 addictus,
3234 2899 3385 2953 nullo
3428 2899 3643 2968 negot-'o

2036 2997 2221 3065 paucis
2241 3010 2307 3050 ex
2341 2995 2426 3058 iis,
2457 3010 2576 3064 qua:
2605 3004 2717 3048 tum
2746 2992 3005 3057 diximus,
3034 2991 3300 3062 repetitis,
3331 3000 3519 3060 potero
3552 2996 3637 3041 to-

2038 3090 2144 3143 tius
2170 3086 2432 3163 orationis
2460 3085 2763 3155 argumenti
2792 3085 2947 3139 vobis
2993 3085 3312 3139 memoriam
3358 3080 3640 3136 relricare.

2035 3179 2316 3248 Quodnam
2347 3192 2478 3248 ergo
2504 3177 2601 3231 fuit
2623 3185 3003 3246 argumentum
3027 3176 3052 3228 2
3100 3174 3487 3241 Quaerebamus
3528 3187 3638 3241 quo

2036 3283 2196 3345 pacto
2224 3273 2365 3328 Deus
2388 3286 2419 3325 a
2454 3270 2715 3341 principio
2738 3270 2922 3340 generi
2964 3269 3201 3323 humano
3223 3265 3548 3338 provideret,
3578 3275 3635 3318 et

2037 3380 2145 3435 quo
2173 3371 2331 3434 pacto
2356 3377 2478 3433 qua:
2508 3360 2657 3415 utilia
2685 3359 2865 3415 forent
2889 3359 3132 3425 doceret,
3156 3373 3277 3412 cum
3328 3355 3490 3411 nulla:
3534 3370 3639 3409 exe

2035 3467 2245 3514 starent
2300 3457 2495 3523 literae,
2549 3471 2725 3524 neque
2765 3453 3061 3523 Scriptura:
3108 3452 3249 3505 data:
3293 3456 3479 3505 essent
3528 3464 3541 3499 :
3587 3458 3645 3501 et

2038 3551 2374 3607 ostendimus
2409 3566 2506 3620 per
2528 3546 3039 3618 contemplationem
3086 3552 3458 3601 creaturarum
3503 3540 3634 3595 illud

2037 3643 2104 3698 ad
2130 3642 2223 3698 Dei
2248 3640 2610 3713 cognitionem
2636 3654 2759 3696 esse
2780 3638 3071 3694 deductum
3101 3653 3114 3691 :
3143 3650 3250 3706 quo
3282 3644 3525 3703 tempore
3547 3647 3645 3686 vos

2041 3749 2147 3789 non
2173 3748 2333 3788 manu
2362 3732 2693 3803 prehensas,
2727 3738 2783 3785 at
2823 3738 3004 3785 mente
3034 3743 3131 3797 per
3155 3727 3459 3782 universam
3487 3738 3641 3779 crea-

2042 3834 2217 3880 turam
2248 3823 2583 3879 circumduxi
2604 3863 2621 3886 ,
2644 3822 2835 3877 ca-lnm
2862 3818 3181 3886 ostendens,
3206 3827 3427 3883 terram,
3458 3830 3607 3869 mare
3633 3856 3649 3877 ,

2042 3916 2213 3982 lacus,
2243 3914 2439 3981 fontes,
2473 3913 2686 3979 lluvios,
2708 3926 2928 3982 aequora
2954 3912 3239 3975 immensa,
3266 3917 3437 3979 prata,
3461 3922 3647 3979 potna~

2042 4008 2143 4072 ria,
2171 4006 2429 4061 ﬂorentes
2456 4015 2691 4076 segetes,
2720 4002 2985 4059 fructibus
3014 4010 3239 4058 onustas
3263 4002 3517 4061 arbores,
3549 3999 3649 4052 oh-

2045 4108 2185 4154 tccta
2224 4097 2539 4152 nemoribus
2589 4096 2855 4149 montium
2896 4094 3171 4147 culmina:
3206 4102 3317 4145 tum
3339 4105 3554 4159 quoque
3583 4090 3652 4143 de

2042 4190 2339 4245 seminibus
2363 4230 2378 4255 ,
2410 4187 2481 4243 tle
2510 4186 2772 4251 oleribus,
2796 4185 2867 4241 de
2914 4183 3158 4247 ﬂoribus,
3189 4183 3259 4237 de
3304 4181 3499 4251 plantis
3542 4191 3651 4235 tam

2045 4282 2338 4337 fructuosis
2390 4296 2553 4351 quam
2608 4277 2984 4342 infructuosis,
3017 4275 3087 4331 de
3142 4275 3336 4333 bestiis
3383 4274 3656 4329 cicuribus

2045 4374 2205 4430 simul
2235 4382 2291 4428 et
2319 4371 2624 4444 agrestibus
2644 4412 2661 4438 ,
2691 4369 3015 4441 aquatilibus
3040 4378 3097 4423 et
3141 4367 3506 4428 terrestribus,
3530 4382 3651 4437 qme

2045 4465 2309 4535 ancipites
2352 4464 2405 4519 in
2443 4473 2671 4531 utraque
2698 4463 2829 4517 sede
2871 4462 3095 4525 vivunt,
3126 4458 3197 4516 de
3227 4460 3292 4514 iis
3318 4475 3439 4530 qua:
3464 4474 3645 4514 aerem

2050 4558 2241 4626 pennis
2295 4567 2523 4622 secant,
2555 4557 2624 4612 de
2670 4556 2780 4611 illis
2829 4570 2948 4623 qua:
3002 4555 3152 4609 humi
3197 4564 3424 4623 repunt,
3478 4552 3657 4621 deque

2053 4650 2185 4720 ipsis
2210 4648 2396 4704 mundi
2423 4647 2713 4704 elementis
2740 4648 2905 4701 multa
2938 4645 3215 4711 disserui,
3245 4655 3299 4700 et
3330 4644 3384 4699 in
3427 4644 3654 4713 singulis

2053 4757 2154 4794 una
2173 4755 2307 4796 voce
2318 4738 2914 4794 simulacclamahatnus
2932 4751 3145 4803 omnes,
3165 4751 3289 4791 cum
3304 4750 3457 4790 mens
3474 4744 3658 4789 nostra

2053 4842 2133 4887 tot
2157 4833 2451 4886 immensas
2467 4845 2599 4900 opes
2622 4845 2818 4901 capere
2842 4845 2946 4883 non
2979 4838 3201 4900 posset;
3234 4828 3402 4896 Quam
3431 4828 3660 4898 magniﬁ-

2052 4936 2167 4978 rata
2190 4933 2306 4978 sunt
2324 4938 2480 4992 opera
2503 4932 2611 4980 tua.
2646 4920 2898 4974 Domine!
2922 4920 3094 4975 omnia
3124 4920 3175 4973 in
3206 4920 3457 4987 sapientia
3481 4919 3645 4987 fecisti

2056 5016 2229 5089 (Paul.
2262 5017 2352 5073 9i.
2384 5015 2465 5087 6).
2496 5015 2679 5083 Neque
2709 5028 2834 5067 vero
2866 5022 3086 5083 propter
3112 5010 3509 5066 multitudinem
3541 5018 3664 5063 tan-

2059 5119 2168 5162 tum
2199 5108 2292 5162 Dei
2320 5105 2640 5176 sapientiam
2670 5103 3020 5167 mirabamur,
3048 5103 3141 5158 sed
3180 5110 3233 5156 et
3272 5111 3489 5171 propter
3518 5110 3665 5154 utra-

2054 5217 2161 5272 que
2184 5200 2300 5255 haec
2324 5200 2450 5266 duo,
2476 5198 2617 5268 quod
2642 5205 2697 5252 et
2723 5196 3001 5267 pulchram
3041 5204 3096 5250 et
3123 5210 3371 5264 magnam
3400 5202 3453 5247 et
3483 5193 3657 5246 admi-

2059 5295 2284 5349 rabilem
2316 5291 2617 5348 condiderit
2642 5301 2967 5357 creaturam,
3009 5298 3063 5343 et
3101 5288 3243 5358 quod
3291 5288 3454 5340 multa
3490 5286 3661 5339 imbe-

2058 5388 2297 5443 cillitatis
2329 5386 2444 5455 ejus
2483 5384 2677 5438 indicia
2710 5383 2870 5437 rebus
2900 5396 3019 5450 qum
3054 5390 3349 5436 cernuntur
3386 5376 3661 5442 indiderit,

2060 5490 2170 5533 tum
2192 5488 2251 5533 ut
2272 5479 2341 5532 ob
2367 5477 2684 5546 sapientiam
2704 5475 2967 5539 laudetur,
2998 5483 3159 5543 atque
3184 5472 3250 5526 ad
3274 5471 3476 5526 cultum
3502 5485 3658 5523 suum

2056 5589 2151 5627 eos
2193 5571 2283 5640 qui
2328 5579 2559 5622 cernunt
2596 5567 2828 5630 alliciat;
2864 5576 2973 5619 tum
3008 5581 3075 5620 ne
3112 5563 3370 5619 Creatorc
3414 5562 3662 5625 dimisso,

2059 5667 2145 5736 qui
2180 5664 2628 5737 pulchritudinem
2660 5676 2723 5715 ac
2752 5657 3421 5729 magnitudinemrillarum
3450 5658 3659 5709 intuen-

2124 5780 2197 5841 (τι)
2228 5778 2358 5831 Haec.
2379 5793 2487 5837 qua:
2507 5776 2563 5824 ad
2588 5778 2729 5841 hujus
2754 5774 2967 5841 humilia!
2983 5772 3165 5822 habitaz
3181 5778 3379 5834 tempus
3392 5768 3663 5831 pertinent.

2064 5839 2285 5908 t'ltnibns
2310 5856 2455 5891 ριιῖιικ
2472 5852 2607 5889 amns
2632 5839 2680 5886 iu
2708 5840 2878 5885 )tonito
2906 5849 3064 5899 sul-ra.
