4152 6502
535 361 638 414 635

537 483 641 536 tur,
670 486 720 538 pt
744 486 765 518 τ
789 469 876 522 illo
904 483 988 522 res
1014 466 1180 521 oculis
1201 466 1464 534 subjectus
1493 465 1736 527 adorent,
1767 477 1886 515 ruzn
1912 476 1971 513 ea
1996 475 2116 529 qua:

536 565 589 617 in
624 565 724 618 illis
753 568 972 631 apparet
1004 559 1360 622 imbecillitas,
1391 556 1652 626 ejusmodi
1693 555 1959 625 corrigere
1990 569 2114 623 pos-

534 657 605 710 sit
634 669 892 709 errorem.
936 651 1062 706 Item
1105 667 1210 721 quo
1252 659 1405 720 pacto
1435 659 1676 703 creatura
1707 648 1881 701 omnis
1923 661 2115 700 corru-

537 746 701 814 ptioni
729 753 810 798 est
838 743 1087 808 obnoxia,
1119 751 1172 796 et
1202 741 1267 795 ad
1295 741 1568 795 meliorem
1609 739 1840 808 speciem
1887 733 2116 790 transfe—

537 847 703 898 retur,
737 834 921 905 majori
950 836 1118 905 gloria
1151 834 1474 904 perfruetur,
1505 842 1560 888 et
1586 831 1817 901 quando,
1846 839 1900 884 et
1928 844 2113 900 quare,

534 939 582 981 et
615 942 708 981 cur
737 926 964 980 obnoxia
993 926 1322 997 corruptioni
1345 927 1410 978 sit
1436 924 1597 987 edita,
1619 933 1780 991 atque
1803 921 1916 975 lucc
1937 920 2117 975 omnia

538 1029 648 1071 tum
691 1017 830 1087 apud
875 1032 968 1071 vos
1013 1015 1534 1085 philosophabamur,
1583 1015 1782 1084 Deique
1827 1013 2115 1082 potentiam

540 1108 663 1162 inde
701 1107 1218 1171 demonstrabamns,
1251 1107 1390 1176 quod
1432 1107 1482 1160 in
1534 1105 1969 1175 corruptibilibus
1997 1119 2120 1160 cor-

539 1199 756 1268 poribus
787 1208 984 1253 tantam
1015 1198 1310 1252 condiderit
1353 1197 1819 1268 pulchritudinem,
1862 1211 2020 1266 quam
2066 1203 2122 1250 et

540 1307 569 1341 a
628 1290 885 1358 principio
914 1289 1051 1342 Deus
1078 1290 1179 1343 illis
1207 1288 1465 1351 attribuit,
1494 1288 1750 1351 siderum.
1793 1287 1907 1342 ca:li
1948 1295 2002 1340 et
2027 1301 2120 1341 so-

535 1376 620 1434 lis.
647 1379 782 1434 Vere
812 1394 1039 1447 namque
1060 1380 1237 1433 mirari
1269 1393 1572 1448 possumus,
1604 1391 1705 1447 qua
1737 1377 1964 1438 ratione,
1996 1391 2116 1429 cum

537 1478 616 1523 tot
637 1468 763 1523 anni
792 1470 900 1524 sint
928 1470 1112 1538 elapsi,
1147 1469 1273 1524 nihil
1304 1470 1406 1524 tale
1435 1470 1541 1523 sint
1561 1483 1735 1539 passa,
1759 1468 1914 1538 quale
1938 1479 2117 1520 ucstra

537 1574 764 1629 corpora
813 1558 1103 1628 patiuntur,
1142 1573 1314 1628 neque
1357 1566 1633 1614 senectute
1675 1558 1881 1612 reddita
1927 1557 2121 1611 fuerint

551 1650 913 1716 imbecilliora,
957 1665 1129 1719 neque
1160 1649 1345 1705 morbo
1374 1650 1458 1703 vel
1487 1649 1798 1720 argritudine
1824 1650 1994 1716 aliqua
2022 1649 2122 1702 de-

537 1739 740 1794 bilitata
771 1741 896 1805 sint,
930 1740 1021 1794 sed
1050 1739 1154 1794 vim
1181 1756 1243 1795 ac
1265 1739 1709 1810 pulchritudinem
1735 1755 1916 1802 suam,
1937 1754 2118 1810 quam,

541 1840 597 1885 ut
619 1839 742 1886 ante
766 1831 895 1897 dixi,
925 1832 1063 1886 Deus
1092 1833 1196 1887 illis
1221 1832 1555 1899 attribuerat,
1585 1847 1869 1900 perennem
1899 1845 2042 1884 cons.
2065 1846 2122 1884 r-

536 1929 684 1984 veut,
715 1930 768 1975 et
789 1937 960 1991 neque
979 1922 1109 1977 solis
1134 1931 1507 1992 consumptum
1529 1921 1600 1976 sit
1623 1920 1822 1984 lumen,
1855 1936 2027 1988 neque
2049 1920 2122 1973 si-

537 2013 724 2068 derum
747 2011 998 2083 splendor
1019 2015 1354 2080 obscuratus,
1381 2029 1552 2082 neque
1571 2013 1687 2068 czeli
1710 2012 1880 2082 fulgor
1900 2012 2123 2067 effluxe-

541 2104 631 2170 rit,
664 2119 769 2159 non
799 2105 962 2159 maris
992 2107 1203 2160 termini
1231 2105 1348 2160 loco
1377 2105 1502 2158 moti
1533 2105 1657 2162 sint.
1693 2121 1796 2156 non
1830 2113 1983 2157 terra:
2012 2103 2122 2157 vir-

542 2204 629 2250 tus
656 2195 723 2250 ad
752 2205 934 2266 partus
957 2211 1164 2251 annuos
1191 2196 1453 2251 fructuum
1483 2194 1719 2250 edendos
1748 2195 2005 2248 exstincta
2032 2193 2121 2246 sit.

545 2287 670 2341 ll:ec
699 2298 876 2341 autem
907 2288 1084 2342 omnia
1129 2288 1454 2357 corruptioni
1482 2301 1602 2341 esse
1626 2286 1856 2340 obnoxia
1893 2302 2012 2339 cum
2057 2301 2120 2339 ex

541 2379 855 2443 rationibus,
895 2391 1002 2432 tum
1043 2395 1108 2434 ex
1146 2379 1316 2435 sacris
1349 2378 1544 2435 Literis
1569 2377 2057 2431 demonstravimus
2105 2394 2118 2429 :

541 2469 762 2538 pulchra
792 2486 919 2524 vero
949 2471 1032 2524 illa
1059 2484 1180 2525 esse
1217 2485 1280 2524 ac
1309 2471 1584 2538 splemlida
1620 2483 1879 2537 suumque
1908 2483 2125 2538 semper

538 2561 802 2631 integrum
851 2560 1084 2630 vigorem
1125 2576 1412 2616 conservas
1440 2576 1499 2623 e,
1550 2560 1891 2631 quotidianus
1937 2575 2124 2614 eorum

539 2653 627 2721 qni
653 2661 879 2706 certutnt
908 2662 1132 2709 testatur
1156 2662 1424 2721 aSpectus,
1455 2653 1506 2706 in
1554 2667 1660 2720 quo
1705 2651 1930 2704 maxime
1956 2650 2129 2704 aduli-

540 2743 738 2798 raudus
767 2754 847 2797 est
878 2744 1038 2809 Deus,
1081 2745 1170 2814 qui
1214 2745 1292 2798 sic
1329 2759 1390 2798 ea
1429 2743 1495 2797 ab
1539 2743 1688 2796 initio
1721 2741 1978 2796 condidit.
2018 2741 2124 2796 Sed

541 2836 814 2903 quoniam,
855 2837 980 2891 dum
1019 2837 1132 2892 bare
1159 2854 1186 2889 a
1231 2837 1382 2892 nobis
1422 2836 1600 2890 dicere
1640 2844 1745 2898 tur,
1787 2836 2128 2904 refragabau-

545 2936 634 2982 tur
661 2927 897 2981 nonnulli
924 2927 1161 2984 dicentes
1193 2945 1207 2981 :
1239 2928 1396 2998 Igitur
1434 2928 1671 2982 omnium
1699 2943 1816 2997 qum
1840 2927 1939 2980 sub
1966 2943 2123 2996 aspco

543 3028 685 3071 ctum
708 3015 922 3084 cadunt,
947 3017 1258 3072 vilissimum
1282 3026 1366 3073 Cal
1388 3018 1566 3082 homo,
1589 3017 1848 3088 siquidem
1871 3018 1985 3072 ca'li
2006 3032 2128 3072 cor-

545 3124 667 3179 pus,
699 3119 874 3173 terrzc,
907 3110 1056 3174 solis,
1083 3120 1140 3166 et
1165 3111 1402 3166 omnium
1432 3111 1663 3165 sidermn
1710 3119 1856 3164 tanto
1891 3123 2127 3178 tempore

544 3197 774 3263 duravit,
809 3199 895 3255 hic
933 3215 1061 3255 vero
1091 3209 1211 3270 post
1243 3214 1412 3254 annos
1442 3201 1776 3270 septuaginta
1819 3199 2129 3256 dissolvitur

545 3298 705 3362 atque
737 3290 918 3347 interit
950 3310 964 3346 :
995 3293 1223 3362 primum
1260 3291 1472 3361 quidem
1500 3292 1628 3346 illud
1657 3292 1977 3359 dixerimus,
2018 3307 2128 3346 non

544 3389 713 3436 totum
742 3381 938 3438 animal
969 3382 1209 3448 dissolvi.
1253 3384 1346 3439 sed
1384 3383 1702 3453 praecipuam
1735 3383 2006 3454 magisque
2035 3399 2130 3436 nco

542 3474 827 3529 cessariam
854 3486 1055 3546 partem
1083 3487 1340 3548 perpetuo
1371 3488 1609 3545 manere,
1641 3478 1871 3532 animam
1904 3479 2127 3532 immor-

544 3563 727 3629 talem,
758 3579 876 3634 qua:
900 3565 1062 3621 nullis
1090 3567 1351 3636 ejusmodi
1396 3567 1596 3622 morbis
1623 3577 1703 3622 est
1733 3566 1979 3633 obnoxia,
2024 3567 2128 3621 mi-

542 3669 729 3710 norem
757 3663 934 3713 autem
955 3657 1280 3727 corruptioni
1307 3673 1426 3714 esse
1446 3659 1731 3712 obnoxiam
1761 3676 1774 3712 :
1807 3657 2002 3714 deinde
2026 3660 2127 3714 huc

545 3747 716 3814 ipsum
765 3746 1020 3818 majorem
1068 3749 1264 3804 cedere
1308 3750 1461 3804 nobis
1514 3751 1565 3804 in
1619 3749 1897 3804 honorem.
1947 3751 2130 3821 Neque

546 3837 689 3892 enim
717 3847 939 3902 temere,
975 3839 1061 3895 vel
1100 3840 1216 3895 sine
1254 3855 1436 3907 causa,
1471 3841 1563 3896 sed
1607 3854 1663 3896 et
1697 3841 1842 3912 jusle
1881 3851 2038 3912 atque
2077 3843 2128 3898 in

547 3941 658 3984 rem
685 3937 919 3985 nostram
947 3939 1003 3986 et
1037 3941 1364 3987 senectutem
1395 3941 1448 3986 et
1489 3933 1704 3989 morbos
1733 3933 2058 3989 sustinemus
2099 3951 2118 3990 :

546 4017 683 4080 iuste
709 4019 944 4091 quidem,
973 4021 1112 4091 quod
1143 4022 1195 4076 in
1247 4033 1520 4091 peceatum
1558 4023 1691 4094 lapsi
1730 4023 1983 4080 fuerimus
2014 4043 2026 4079 :
2078 4027 2128 4079 in

547 4124 658 4163 rem
690 4119 924 4165 nostram
949 4120 1149 4179 autem,
1180 4122 1236 4166 ut
1276 4112 1562 4184 ingenitam
1610 4114 1763 4169 nobis
1806 4130 1872 4170 ex
1921 4115 2128 4184 ignavia

545 4201 850 4271 superbiam
881 4218 974 4273 per
1001 4203 1098 4259 hos
1141 4203 1381 4262 defectus
1408 4220 1471 4261 ac
1505 4206 1722 4260 morbos
1762 4207 2128 4263 retundamus.

547 4289 663 4346 Non
710 4292 867 4363 igitur
919 4304 974 4349 ut
1023 4295 1346 4349 contumelia
1399 4311 1498 4351 nos
1549 4295 1818 4361 aflieeret,
1874 4297 1974 4352 hoc
2017 4297 2131 4352 fieri

547 4385 794 4452 permisit
834 4385 994 4442 Deus.
1040 4386 1096 4442 Si
1139 4389 1281 4442 enim
1323 4386 1537 4444 allicere
1575 4390 1894 4444 contumelia
1936 4381 2134 4446 voluis-

547 4487 650 4542 set,
692 4493 796 4532 nou
829 4479 1182 4536 immortalem
1212 4495 1334 4536 esse
1359 4479 1590 4534 animam
1623 4493 1857 4536 nostram
1897 4482 2132 4537 sivisset.

544 4566 654 4624 Sed
685 4584 880 4640 neque,
908 4571 1052 4641 quod
1094 4571 1358 4642 impotens
1387 4580 1551 4639 esset,
1595 4573 1698 4627 tale
1737 4584 1978 4629 nostrum
2007 4588 2132 4629 cor-

551 4673 650 4728 pus
690 4658 890 4716 eﬂecit.
933 4661 1140 4716 Etenim
1179 4664 1224 4717 si
1270 4662 1542 4718 imbecillis
1587 4672 1752 4732 esset,
1803 4680 2132 4736 nequaquam

550 4747 742 4803 caelum
771 4758 828 4806 et
854 4750 1051 4817 sidera,
1077 4761 1134 4806 et
1157 4765 1314 4808 terra:
1338 4769 1533 4825 corpus
1562 4765 1708 4810 tanto
1731 4767 1972 4826 tempore
1996 4757 2133 4812 tueri

550 4839 606 4892 in
641 4854 822 4894 rerum
862 4850 1048 4896 natura
1078 4841 1338 4912 potuisset
1371 4860 1383 4895 :
1411 4843 1504 4897 sed
1533 4853 1590 4896 ut
1615 4859 1712 4898 nos
1738 4845 1985 4900 meliores
2015 4864 2132 4899 mo-

548 4928 952 5001 deratiorcsque
998 4931 1248 4986 redderet
1289 4932 1497 5003 sibique
1541 4934 1710 5003 magis
1758 4935 2132 5004 obsequentes,

548 5022 699 5091 quod
722 5023 897 5078 omnis
928 5024 1082 5078 nobis
1129 5024 1314 5079 salutis
1346 5027 1682 5080 occasionem
1722 5027 1962 5097 largitur.
2011 5028 2137 5080 Pro.

551 5125 735 5185 pterea
763 5131 867 5171 non
897 5117 1101 5184 effecit,
1126 5127 1181 5172 ut
1217 5129 1309 5172 aut
1343 5129 1616 5174 senectute
1654 5122 1870 5183 etelum,
1899 5133 1984 5174 aut
2017 5122 2136 5176 aliis

550 5205 873 5275 quibusdam
919 5206 1119 5262 talibus
1163 5208 1362 5261 morbis
1403 5209 1781 5278 corriperetur.
1825 5209 1963 5264 Cum
1992 5211 2135 5265 enim

553 5297 723 5352 libero
759 5297 982 5353 arbitrio
1019 5299 1090 5353 sit
1128 5309 1181 5353 et
1219 5300 1396 5353 anima
1424 5299 1758 5366 destitutum,
1797 5317 1969 5372 neque
2007 5318 2139 5373 pec-

553 5403 701 5452 care,
724 5405 896 5460 neque
923 5401 1068 5446 recte
1091 5406 1250 5462 agere
1275 5400 1488 5461 potest:
1519 5393 1659 5448 unde
1680 5409 1848 5463 neque
1873 5396 2135 5464 ejusmodi

556 5480 933 5536 emendatione
960 5481 1036 5538 illi
1065 5491 1149 5538 est
1182 5498 1318 5553 opus
1355 5501 1371 5538 :
1401 5483 1558 5539 nobis
1592 5495 1766 5540 autem
1802 5487 1891 5557 qui
1932 5488 2138 5543 ratione

553 5585 740 5626 sumus
779 5579 837 5626 et
869 5573 1046 5627 anima
1076 5574 1342 5638 exornati,
1383 5576 1738 5630 necessarium
1777 5575 1893 5638 fuit,
1938 5588 1996 5631 ut
2042 5595 2138 5646 per

557 5661 654 5717 llas
682 5662 1016 5722 infirmitates
1042 5667 1361 5738 morbosque
1391 5668 1648 5724 modestia
1680 5679 1729 5724 et
1764 5669 2031 5724 humilitas
2058 5672 2136 5724 in-

556 5765 922 5826 generaretur.
951 5759 1376 5829 quandoquidem
1410 5774 1440 5814 a
1481 5760 1734 5832 principio
1777 5778 1883 5832 pra:
1927 5761 2137 5818 liil‘lL‘l’lS

1266 354 1321 406 5.
1362 351 1637 408 JO.\NNlS
1659 345 2132 404 CllllYSOSTmll
2175 345 2488 400 Alll‘IlllEl‘.
2529 344 3060 402 CONSTANTINOP.

3705 342 3808 396 636

2225 460 2476 513 oinnilnis
2521 459 2724 528 prinms
2767 458 2929 512 homo
2957 458 3114 512 fuerit
3161 458 3211 512 in
3263 457 3568 528 superbiam
3619 458 3809 511 elatus.

2226 552 2476 621 Alioquin
2507 553 2550 605 si
2578 550 3027 620 quemadmodum
3060 559 3240 605 nostra
3267 566 3519 623 corpora.
3543 552 3628 609 sic
3649 557 3811 604 etiam

2222 643 2410 695 emtum
2455 642 2800 698 constitutum
2852 641 3038 695 fuisset
3081 656 3146 696 ac
3188 645 3448 695 senectuti
3495 643 3809 699 obnoximn,

2225 733 2373 787 ΙιιιιΙΙί
2409 733 2750 788 Conditorem
2795 733 3176 788 imbecillitatis
3218 741 3581 796 accusassent,
3627 739 3684 784 nt
3723 732 3810 800 qui

2225 825 2444 880 minime
2473 835 2649 895 posset
2676 841 2839 879 unum
2867 840 3064 896 corpus
3105 826 3155 879 in
3194 826 3388 879 mullos
3416 841 3678 879 annorum
3710 824 3813 880 cir-

2224 918 2398 970 cuitus
2437 931 2758 971 conservare
2799 933 2812 968 :
2851 917 2960 986 jam
3001 932 3130 971 vero
3161 917 3377 987 pra‘cisa
3426 925 3510 970 est
3557 917 3660 972 illis
3700 917 3811 970 haec

2224 1009 2469 1072 occasio,
2524 1022 2646 1063 eum
2697 1016 2845 1062 tanto
2896 1016 3134 1076 tempore
3175 1022 3336 1077 opera
3391 1007 3558 1076 ipsius
3599 1021 3814 1077 perma-

2226 1108 2406 1154 neant.
3173 1095 3194 1115 ‘

2298 1191 2352 1246 5.
2394 1190 2609 1247 Accedit
2634 1189 2699 1245 ad
2727 1205 2788 1245 ea
2815 1206 2934 1260 qum
2957 1191 3210 1254 diximus,
3233 1190 3373 1260 quod
3405 1206 3510 1242 non
3541 1190 3678 1244 intra
3712 1189 3811 1242 huc

2225 1282 2479 1335 sa‘culnm
2507 1296 2595 1335 res
2616 1292 2814 1335 nostra:
2841 1281 3156 1344 subsistunt,
3190 1280 3283 1334 sed
3319 1291 3598 1351 postquam
3629 1281 3681 1334 in
3717 1282 3813 1334 hac

2226 1373 2329 1425 vita
2371 1373 2534 1443 probe
2573 1372 2833 1426 fuerimus
2867 1371 3135 1441 castigati,
3169 1372 3358 1440 majori
3379 1385 3602 1440 corpora
3634 1381 3812 1426 nostra

2225 1481 2347 1520 cum
2379 1465 2545 1534 gloria
2577 1474 2878 1534 resurgent,
2905 1473 2959 1520 et
2987 1464 3142 1529 caelo,
3172 1464 3286 1518 sole
3308 1479 3372 1517 ac
3405 1465 3616 1518 caeteris
3638 1464 3814 1518 omni-

2228 1559 2324 1611 bus
2350 1556 2709 1625 splendidiora
2739 1567 3050 1621 cernentur,
3096 1564 3151 1610 et
3191 1555 3257 1611 ad
3299 1556 3574 1610 meliorem
3615 1564 3810 1610 sortem

2226 1649 2694 1719 eouditionemque
2735 1648 3142 1702 transferentur.
3173 1646 3324 1703 Unus
3361 1662 3491 1718 ergo
3520 1647 3712 1703 modus
3734 1656 3815 1703 est

2227 1739 2544 1809 cognitionis
2572 1739 2702 1803 Dei,
2735 1756 2830 1809 per
2865 1739 3166 1793 universam
3198 1755 3391 1810 nempe
3435 1755 3616 1794 rerum
3663 1750 3814 1795 natu-

2230 1846 2385 1885 ram:
2427 1831 2562 1885 alter
2600 1847 2727 1885 vero
2767 1831 2936 1884 nihilo
2983 1831 3177 1893 minor,
3227 1831 3271 1883 is
3315 1845 3472 1900 quem
3515 1831 3816 1900 suppeditat

2226 1921 2574 1987 conscientia,
2607 1933 2764 1991 quem
2807 1923 2977 1991 ipsum
3012 1930 3136 1976 tunc
3163 1921 3404 1990 pluribus
3434 1922 3610 1977 verbis
3649 1939 3814 1990 extio-

2227 2013 2463 2074 suimus,
2502 2013 2764 2082 simulque
2804 2013 3137 2067 ostendimus
3177 2014 3389 2067 insitam
3426 2027 3548 2068 esse
3591 2014 3746 2070 nobis
3787 2031 3814 2069 a

2229 2115 2414 2159 munra
2447 2107 2702 2159 bonarum
2731 2107 3096 2175 malarumque
3124 2121 3302 2160 rerum
3333 2106 3716 2176 cognitionem.
3765 2119 3818 2162 ct

2227 2197 2609 2251 conscientiam
2643 2198 2796 2251 nobis
2838 2197 3061 2251 interius
3087 2196 3200 2251 hzcc
3235 2208 3425 2252 cuncta
3452 2196 3676 2251 dictare.
3711 2199 3818 2252 Du.

2229 2288 2423 2356 quippe
2451 2287 2604 2341 nobis
2630 2303 2658 2340 a
2685 2287 2944 2357 principio
2968 2287 3075 2342 dati
3101 2297 3219 2341 sunt
3261 2305 3288 2338 a
3321 2295 3508 2341 natura
3548 2288 3817 2352 doctores,

2227 2386 2493 2440 creatura,
2524 2385 2578 2431 et
2604 2377 2950 2442 conscientia,
2979 2377 3069 2447 qui
3095 2377 3210 2432 sine
3253 2391 3383 2431 voce
3424 2377 3530 2432 ulla
3572 2378 3819 2432 homines

2229 2469 2596 2525 instituebant.
2625 2468 2757 2523 Nam
2785 2481 2839 2524 et
2867 2480 3110 2524 creatura
3149 2479 3440 2540 conspectu
3469 2483 3568 2524 suo
3608 2482 3820 2540 specta-

2232 2571 2400 2616 torem
2425 2561 2874 2631 obstupefaciens,
2906 2561 3052 2616 illum
3075 2570 3261 2615 cuncta
3282 2571 3592 2616 cernentem
3615 2561 3681 2616 ad
3704 2561 3820 2631 ejus

2229 2651 2319 2721 qui
2352 2651 2519 2720 ipsam
2547 2651 2787 2707 condidit
2811 2651 3215 2706 admirationem
3242 2651 3468 2707 traducit
3495 2669 3508 2706 :
3540 2653 3821 2707 conscien-

2233 2744 2302 2798 tia
2342 2759 2489 2806 vero,
2529 2760 2648 2814 qua:
2678 2746 2818 2799 intus
2852 2744 3038 2809 dictat,
3071 2745 3249 2798 omnia
3274 2760 3396 2812 qua:
3430 2742 3670 2799 facienda
3698 2754 3821 2797 sunt

2229 2835 2483 2904 suggerit,
2525 2835 2748 2904 ejusque
2784 2836 3034 2890 virtutem
3076 2844 3133 2889 et
3155 2833 3416 2902 judicium
3460 2849 3526 2888 ex
3577 2833 3694 2904 ipso
3734 2850 3818 2888 re-

2231 2942 2346 2981 rum
2386 2936 2604 2996 aSpectu
2634 2926 3105 2996 deprehendimus.
3140 2926 3272 2979 Dum
3295 2926 3438 2980 enim
3467 2926 3608 2979 intus
3639 2939 3824 2994 pecca-

2231 3029 2340 3074 tum
2385 3031 2620 3080 accusat.
2661 3021 2863 3073 vultum
2911 3017 3190 3073 confundit
3233 3019 3494 3083 exterius,
3544 3033 3609 3072 ac
3656 3018 3822 3070 multo

2231 3126 2464 3166 mmrnrc
2489 3112 2739 3180 complet.
2771 3111 2979 3164 Rursus
3021 3109 3248 3178 pallidos
3275 3107 3452 3162 reddit
3494 3117 3548 3160 rt
3579 3107 3819 3176 pavidos,

2231 3216 2352 3254 cum
2385 3201 2438 3255 iu
2482 3215 2544 3255 re
2567 3201 2740 3271 aliqua
2772 3200 2911 3269 turpi
2950 3199 3213 3254 fuerimus
3240 3198 3591 3268 deprehensi;
3639 3213 3818 3252 vocem

2234 3306 2337 3346 non
2368 3292 2635 3355 audimus,
2665 3292 2759 3346 sed
2787 3308 2880 3360 per
2906 3300 3194 3346 externum
3229 3301 3504 3359 aspectum
3538 3290 3820 3360 ingenera~

2233 3391 2340 3435 tam
2373 3382 2514 3436 intus
2535 3382 2951 3452 indignationem
2979 3381 3423 3450 contemplemur.
3454 3379 3588 3435 Cum
3617 3380 3700 3436 bis
3722 3396 3818 3435 au.

2233 3482 2341 3529 tem
2366 3472 2573 3527 duobus
2595 3473 2809 3528 tertium
2832 3487 3045 3542 quoque
3068 3471 3345 3526 doctorem
3365 3486 3396 3525 a
3427 3471 3518 3526 Dei
3542 3471 3824 3542 provideo.

2234 3564 2303 3618 tia
2334 3563 2496 3619 fuisse
2537 3563 2847 3634 adjunctum
2895 3564 3068 3617 oratio
3106 3561 3530 3628 demonstrabat,
3580 3577 3686 3616 non
3711 3562 3820 3631 jam

2234 3669 2438 3712 mutum
2481 3666 2538 3710 ut
2582 3657 2808 3727 priores,
2850 3653 2946 3709 sed
2984 3655 3072 3725 qui
3114 3668 3389 3720 sermone,
3433 3653 3821 3720 adumnitione,

2232 3747 2458 3802 eoosilio
2483 3747 2717 3800 animum
2749 3755 2988 3800 nostrum
3009 3741 3518 3814 eomponeret.Quis
3543 3743 3633 3798 ille
3664 3759 3824 3814 porro

2233 3839 2353 3894 est?
2382 3838 2481 3908 Qui
2506 3837 2793 3893 attributus
2815 3846 2896 3893 est
2926 3835 3211 3906 unicuique
3231 3839 3469 3890 nascenti
3500 3847 3672 3905 pater.
3701 3835 3824 3890 ideo

2236 3948 2464 4004 namque
2492 3931 2614 3988 fecit
2642 3933 2799 3996 Deus,
2832 3941 2888 3985 ut
2926 3947 2955 3984 a
3001 3929 3312 4001 parentibus
3352 3929 3721 4000 diligeremur,
3767 3938 3825 3983 ut

2237 4039 2592 4097 przeceptores
2629 4025 2840 4081 virtutis
2869 4025 3206 4080 haberemus.
3238 4023 3352 4080 Non
3391 4024 3533 4080 enim
3574 4024 3824 4096 genuisse

2238 4128 2456 4196 tantum
2487 4129 2694 4187 patrem
2735 4117 2920 4184 efficit,
2957 4118 3051 4173 sed
3083 4127 3229 4174 recte
3259 4117 3552 4172 instituisse
3597 4135 3611 4170 :
3655 4131 3826 4187 neque

2236 4208 2508 4279 peperisse
2546 4218 2771 4274 tantum,
2812 4209 2906 4265 sed
2944 4219 3089 4264 recte
3131 4209 3389 4264 educasse
3434 4217 3660 4263 matrem
3707 4207 3827 4263 red-

2235 4301 2334 4356 dit.
2359 4303 2536 4373 Atque
2560 4301 2662 4357 hoc
2689 4317 2874 4357 verum
2904 4317 3043 4365 esse,
3079 4315 3253 4371 neque
3291 4308 3560 4366 naturam,
3589 4299 3686 4354 sed
3717 4298 3825 4353 vir-

2237 4401 2406 4448 tutem
2459 4402 2639 4463 patres
2679 4391 2917 4458 efficere,
2964 4392 3364 4448 confitebuntur
3408 4399 3658 4461 parentes
3702 4391 3827 4460 ipsi.

2237 4481 2378 4538 Sane
2401 4482 2618 4552 quidem
2649 4481 2786 4536 filios
2816 4495 2946 4537 suos
2984 4496 3129 4550 saepe
3153 4496 3276 4536 eum
3314 4479 3622 4549 depravatis
3665 4480 3828 4534 uteri-

2240 4574 2341 4629 bus
2385 4589 2507 4630 esse
2547 4573 2805 4639 viderint,
2856 4582 3018 4644 atque
3065 4573 3118 4628 in
3164 4573 3559 4643 improbitatem
3597 4572 3830 4643 degene-

2242 4679 2411 4733 rasse,
2450 4679 2516 4721 ex
2562 4679 2784 4720 suorum
2810 4664 2930 4720 illos
2952 4674 3303 4736 cognatorum
3332 4678 3560 4719 numero
3581 4663 3826 4733 ejiciunt,

2239 4754 2507 4819 abdicant,
2549 4757 2683 4810 alios
2724 4755 2825 4811 sibi
2872 4753 3132 4825 adoptant
3175 4753 3333 4819 ﬁlios,
3386 4753 3477 4824 qui
3531 4754 3673 4808 nulla
3725 4755 3826 4809 sibi

2241 4854 2394 4900 erant
2420 4846 2816 4916 prepinquitate
2833 4845 3126 4916 conjuncti.
3159 4847 3240 4899 An
3264 4859 3393 4898 vero
3412 4843 3704 4914 quidquam
3727 4844 3830 4899 hoc

2244 4939 2356 4992 lieri
2391 4948 2567 5006 potest
2592 4938 2910 5000 mirabilius,
2938 4953 3096 5008 quam
3125 4945 3183 4990 ut
3210 4951 3344 5006 quos
3371 4946 3690 5005 genueram,
3732 4934 3831 5003 eji-

2239 5034 2380 5087 ciant
2415 5049 2428 5084 :
2457 5045 2590 5100 quos
2615 5039 2792 5087 autem
2818 5047 2924 5085 non
2948 5038 3265 5099 genuerunt,
3295 5029 3395 5084 sibi
3423 5029 3759 5086 adsciscam?

2312 5124 2479 5179 Liberi
2522 5125 2717 5178 arbitrii
2763 5124 2928 5193 major
2968 5124 3062 5189 eis,
3107 5139 3261 5192 quam
3298 5131 3527 5187 natura;
3552 5122 3648 5189 ﬁlii
3686 5138 3864 5190 prere

2240 5217 2541 5271 abdicantur
2568 5233 2601 5270 ιι
2625 5214 2936 5287 parentibus.
2952 5213 3154 5267 -Νοιι
3180 5214 3298 5267 sine
3324 5226 3482 5266 causa
3529 5213 3672 5266 dicta
3703 5223 3829 5266 sunt

2244 5311 2410 5366 bacca
2441 5309 2617 5376 nobis,
2657 5307 2754 5363 sed
2799 5316 2856 5360 ut
2896 5305 3034 5361 scias
3075 5304 3334 5373 majorem
3374 5319 3495 5359 esse
3536 5303 3642 5356 vim
3675 5302 3826 5357 liberi

2240 5395 2444 5450 arbitrii
2472 5409 2631 5464 quam
2659 5401 2883 5455 naturrc,
2912 5401 3073 5460 atque
3091 5390 3259 5458 ipsam
3289 5389 3462 5458 potius
3493 5403 3654 5458 quam
3685 5388 3827 5441 illam

2244 5496 2423 5555 patres
2465 5485 2684 5540 efficere
2725 5483 3092 5537 consuevisse.
3141 5479 3430 5536 Enimvero
3478 5478 3675 5532 divina-
3728 5479 3829 5534 hoc

2241 5591 2376 5645 opus
2402 5577 2499 5629 fuit
2527 5573 2894 5643 providentia,
2925 5582 2984 5626 ut
3003 5586 3175 5641 neque
3197 5569 3424 5624 naturali
3448 5569 3640 5624 affectu
3666 5569 3829 5624 destio

2244 5679 2385 5724 tutos
2432 5669 2628 5724 liberos
2679 5666 3024 5736 relinqueret,
3069 5679 3245 5735 neque
3294 5674 3464 5718 totum
3519 5677 3705 5718 rursus
3751 5662 3825 5716 illi

2244 5762 2620 5817 committeret.
2658 5761 2714 5816 Si
2740 5759 2883 5815 enim
2929 5757 3073 5814 nulla
3101 5757 3317 5829 penitus
3356 5755 3569 5829 impulsi
3596 5755 3828 5812 necessi-
