4134 6510
315 456 419 513 637

317 588 424 631 tato
453 585 655 631 natura:
691 574 825 629 filios
851 589 975 627 suos
1006 582 1251 643 parentes
1282 571 1529 627 dilecturi
1560 570 1807 638 fuissent,
1828 569 1922 625 sed

317 683 528 723 morum
572 667 836 738 probitate
883 676 1085 720 tantum
1131 676 1185 721 et
1233 674 1381 721 recte
1434 663 1695 719 factorum
1744 662 1923 718 studio

316 760 488 825 ducti,
519 761 717 814 multos
747 758 983 829 paternis
1026 758 1231 812 aedibus
1278 766 1497 813 exactos
1540 756 1610 811 ob
1658 755 1921 826 ignaviam

318 869 493 919 suam,
535 862 813 923 totumque
848 867 1020 922 genus
1052 852 1343 906 lmmanum
1377 850 1576 919 passim
1608 849 1921 904 distractum

318 961 382 1002 se
403 945 720 1013 dissipatum
750 944 997 999 vidisses.
1027 941 1082 998 Si
1111 958 1298 997 rursus
1319 958 1432 996 rem
1462 950 1628 996 totam
1653 939 1920 1010 tyrannidi

319 1049 521 1092 natura:
544 1036 923 1101 commisisset,
951 1047 1004 1089 et
1033 1052 1097 1090 ue
1121 1034 1393 1105 improbos
1417 1033 1632 1103 quidem
1654 1032 1779 1086 odio
1799 1045 1921 1101 pro-

328 1130 471 1199 =equi
502 1130 857 1197 permisisset,
902 1127 994 1181 sed
1040 1129 1109 1181 ab
1150 1127 1251 1181 illis
1282 1125 1634 1180 contumelias
1671 1135 1725 1178 et
1769 1124 1925 1177 innu-

318 1236 467 1276 mera
500 1221 635 1275 mala
670 1220 812 1290 passi
863 1229 1043 1288 patres
1082 1229 1286 1271 uaturm
1328 1216 1647 1271 necessitate
1688 1214 1920 1268 devincti

320 1315 443 1367 ﬁliis
475 1314 525 1367 in
557 1328 615 1366 se
641 1310 1048 1366 contumeliosis
1092 1325 1154 1363 ac
1197 1307 1652 1363 debacchantibus
1692 1302 1921 1360 blandiri

318 1423 426 1459 non
459 1414 785 1471 cessassent,
819 1404 884 1457 ad
915 1418 1184 1457 summum
1228 1400 1479 1471 nequitia:
1513 1400 1725 1452 culmen
1753 1412 1923 1466 genus

321 1499 614 1551 immanum
645 1506 950 1567 provectum
974 1503 1136 1549 esset.
1162 1492 1292 1548 Nam
1316 1493 1360 1546 si
1388 1506 1533 1545 nunc
1554 1506 1676 1544 eum
1702 1489 1923 1543 omnino

317 1592 590 1647 eouliilcre
622 1602 824 1645 natura~
852 1607 957 1644 non
988 1589 1195 1659 possint
1225 1587 1342 1651 filii,
1371 1586 1466 1641 sed
1502 1587 1700 1639 multos
1726 1583 1919 1649 sciant,

318 1700 440 1737 cum
468 1684 742 1752 depravati
774 1691 974 1745 essent,
1004 1690 1058 1735 et
1090 1680 1252 1734 domo
1282 1686 1335 1733 et
1364 1677 1707 1732 facultatibus
1738 1686 1920 1745 paler—

320 1778 404 1829 nis
434 1775 718 1836 excidisse,
749 1788 893 1843 smpe
926 1782 1101 1825 tamen
1131 1780 1411 1841 parentum
1435 1783 1621 1823 amore
1648 1768 1768 1822 freti
1792 1782 1921 1822 cun-

320 1868 557 1922 tumeliis
585 1882 681 1921 eos
711 1866 952 1919 afliciunt
982 1882 993 1917 :
1029 1862 1129 1917 nisi
1160 1861 1494 1933 permisisset
1523 1862 1681 1925 Deus,
1716 1868 1775 1914 ut
1800 1859 1922 1913 illos

320 1961 564 2015 succensi
616 1958 1023 2022 ulciscerentur,
1075 1964 1131 2010 et
1175 1953 1450 2024 improbos
1501 1952 1668 2008 factos
1722 1952 1923 2008 liberos

322 2054 506 2122 procul
533 2050 905 2111 amandarent,
933 2063 1041 2120 quo
1072 2063 1176 2102 non
1209 2062 1267 2101 se
1298 2046 1547 2114 nequitia:
1577 2059 1775 2115 genere
1800 2058 1923 2097 con-

322 2143 708 2198 taminassent?
728 2140 853 2195 Ideo
879 2150 933 2195 et
960 2149 1164 2194 naturae
1188 2137 1527 2201 necessitate,
1552 2145 1608 2191 et
1629 2135 1920 2190 liberorum

321 2234 563 2290 moribus
590 2235 683 2288 niti
711 2242 990 2303 parentum
1012 2246 1254 2286 amorem
1276 2230 1443 2284 voluit
1469 2230 1631 2295 Deus,
1654 2238 1714 2283 ut
1732 2236 1787 2282 et
1812 2244 1923 2281 ine-

319 2331 575 2384 diocriter
618 2328 962 2398 peccantibus
1012 2326 1216 2390 liberis,
1263 2324 1330 2379 ad
1376 2325 1477 2380 hoc
1516 2340 1612 2380 eos
1661 2325 1921 2379 invitante

320 2434 531 2487 natura,
566 2424 772 2477 veniam
803 2420 1013 2481 darent,
1042 2430 1096 2474 et
1125 2418 1445 2487 depravatos
1480 2428 1640 2488 atque
1669 2417 1917 2471 immedi-

319 2515 479 2571 cabili
512 2515 701 2569 morbo
732 2514 1036 2568 laborantes
1063 2514 1333 2582 punirent,
1376 2528 1442 2565 ne
1480 2513 1545 2565 ad
1588 2513 1775 2565 vitium
1803 2510 1922 2564 illos

322 2607 649 2677 indulgentia
680 2621 773 2660 sua
806 2606 1104 2670 erudirent,
1146 2606 1189 2659 si
1223 2614 1413 2675 natura
1447 2618 1632 2657 rursus
1660 2604 1919 2666 vinceret,

319 2716 521 2772 eosque
550 2702 733 2756 liberis
763 2702 873 2755 suis
901 2700 1129 2755 blandiri
1177 2708 1417 2768 cogeret,
1458 2700 1620 2752 etiam
1663 2713 1784 2763 cum
1817 2697 1921 2750 im-

320 2796 473 2865 probi
491 2804 694 2850 essent.
713 2794 937 2860 Quanta:
954 2793 1076 2857 hoc,
1098 2808 1303 2864 quasso,
1326 2791 1693 2861 providentim,
1719 2806 1839 2843 cum
1866 2801 1919 2845 ct

318 2890 544 2960 diligere
583 2889 769 2959 iubeat
806 2900 861 2942 et
903 2888 1074 2941 amori
1118 2886 1337 2941 modum
1380 2901 1600 2955 ponere,
1642 2896 1697 2940 et
1736 2900 1923 2940 rursus

318 2983 538 3050 optima:
570 2981 859 3035 liberorum
904 2978 1207 3033 educationi
1247 2979 1551 3032 mercedem
1600 2978 1923 3032 constituat?

320 3072 655 3141 l‘roposilam
685 3071 827 3126 enim
851 3085 975 3126 esse
996 3070 1299 3124 mercedem
1326 3080 1379 3123 et
1407 3085 1511 3123 non
1536 3070 1666 3122 viris
1691 3078 1920 3135 tantum,

317 3164 415 3220 sed
441 3164 601 3219 etiam
634 3164 846 3219 feminis
877 3173 934 3218 ut
960 3163 1246 3233 intelligas,
1280 3162 1401 3217 audi
1433 3178 1539 3229 quo
1565 3173 1719 3231 pacto
1741 3164 1923 3217 multis

319 3258 372 3309 in
406 3255 539 3311 locis
567 3264 623 3310 et
657 3254 723 3310 ad
773 3255 890 3310 illas
918 3264 973 3310 et
1000 3254 1069 3310 de
1106 3253 1215 3309 illis
1244 3253 1519 3323 Scriptura
1549 3254 1712 3309 verba
1742 3254 1919 3320 faciat,

317 3362 494 3418 neque
520 3351 696 3403 minus
718 3346 783 3401 ad
810 3346 929 3401 illas
954 3361 1112 3417 quam
1140 3347 1207 3399 ad
1232 3345 1395 3399 viros.
1425 3344 1556 3400 Cum
1581 3346 1721 3400 enim
1750 3346 1920 3401 dixis-

316 3449 402 3493 si-t
441 3439 656 3504 Paulus,
704 3436 897 3492 Mulier
938 3449 1105 3491 autem
1154 3438 1359 3491 seducta
1404 3439 1459 3491 in
1507 3438 1924 3507 prtcvaricatione

317 3532 437 3599 fuit,
470 3530 687 3599 adjecit,
723 3530 1023 3585 Salrabitur
1053 3539 1223 3582 autem
1252 3546 1344 3598 per
1374 3529 1598 3597 ﬁliorum
1638 3531 1923 3600 generatio-

317 3642 441 3679 nem
472 3623 548 3697 (ί.
580 3622 711 3677 Tim.
740 3623 796 3678 ἓ.
831 3622 917 3679 14.
952 3623 1062 3694 15).
1094 3622 1246 3689 Quod
1288 3633 1466 3677 autem
1498 3623 1593 3688 ait,
1627 3627 1763 3678 hanc
1794 3640 1922 3677 seu-

317 3718 538 3771 tentiam
566 3715 728 3771 habet
760 3734 772 3769 :
808 3714 973 3771 Doles
1012 3716 1154 3786 quod
1187 3725 1238 3771 te
1266 3716 1458 3771 mulier
1487 3718 1659 3786 prima
1698 3718 1748 3771 in
1797 3732 1921 3786 par-

318 3820 405 3862 tus
433 3808 648 3863 dolores
678 3808 1017 3878 laboresque,
1046 3823 1109 3862 ac
1134 3809 1344 3878 longam
1382 3810 1516 3864 uteri
1566 3811 1920 3879 gestationem

315 3899 647 3968 eoujecerit?
702 3901 770 3954 At
828 3909 882 3953 tu
942 3900 1051 3954 noli
1102 3915 1425 3956 succensere
1481 3919 1495 3955 :
1553 3918 1725 3973 neque
1777 3906 1920 3959 enim

318 4000 471 4046 tanto
495 3991 693 4045 damno
722 4001 943 4061 propter
966 3992 1181 4047 dolores
1209 4004 1391 4064 partus
1413 4005 1465 4071 et
1492 3995 1704 4049 labores
1731 3995 1921 4050 affecta

316 4098 400 4147 es,
428 4095 685 4153 quantum
714 4092 979 4153 qumstum
1024 4083 1173 4149 facis,
1206 4086 1249 4139 si
1281 4085 1436 4151 velis,
1483 4087 1613 4141 dum
1657 4088 1920 4142 bonorum

314 4191 543 4244 operum
584 4177 923 4231 occasionem
974 4192 1039 4231 ex
1081 4187 1223 4233 recta
1270 4179 1560 4233 liberorum
1602 4180 1923 4236 educatione

316 4270 509 4323 sumis.
553 4269 652 4337 Qui
688 4272 829 4325 enim
878 4270 985 4323 nati
1026 4280 1152 4324 sunt
1203 4271 1377 4335 liberi,
1425 4271 1470 4325 si
1512 4273 1920 4327 convenientem

321 4362 520 4416 fuerint
551 4363 753 4415 cultum
786 4362 947 4425 nacti,
976 4377 1040 4416 ac
1067 4372 1153 4415 tua
1179 4376 1305 4415 cura
1340 4362 1535 4418 fuerint
1560 4364 1628 4416 ad
1671 4365 1920 4419 virtutetn

318 4451 612 4514 informati,
646 4453 864 4507 multam
905 4454 999 4507 tibi
1042 4453 1266 4508 offerent
1312 4456 1651 4509 occasionem
1697 4457 1919 4521 salutis;

316 4560 380 4597 ac
408 4555 606 4614 praeter
636 4547 847 4615 propria
876 4546 1012 4600 bona
1046 4561 1207 4617 opera
1239 4547 1459 4601 multam
1488 4547 1559 4602 ob
1587 4549 1823 4603 studimn
1868 4552 1920 4604 iu

319 4640 420 4691 ista
451 4638 703 4692 collatum
746 4639 970 4705 recipies
1002 4638 1325 4692 mercedem.

396 4730 443 4783 ι.
490 4733 666 4797 Atque
702 4738 758 4781 ut
796 4728 974 4782 discas
1017 4746 1121 4783 non
1166 4739 1373 4798 partmn
1413 4741 1640 4785 matrem
1681 4734 1919 4799 eflicere,

318 4835 493 4892 neque
519 4820 822 4876 mercedem
854 4821 976 4874 lmic
1002 4836 1121 4876 esse
1153 4823 1230 4876 rei
1259 4824 1608 4891 propositam,
1638 4826 1762 4880 alibi
1790 4844 1923 4896 quo-

318 4929 429 4979 que
454 4911 664 4966 viduam
690 4913 969 4982 alloquens
999 4912 1196 4967 l'aulus
1226 4915 1293 4968 ita
1326 4915 1463 4970 dixit
1490 4933 1505 4971 :
1537 4916 1600 4971 Si
1630 4919 1765 4986 ﬁlios
1793 4922 1921 4972 eda-

308 5004 446 5057 cavit
477 5005 556 5073 (Ι.
594 5002 725 5057 Tim.
757 5006 810 5060 5.
850 5005 943 5066 10)
980 5023 993 5059 :
1029 5022 1201 5076 neque
1236 5008 1388 5073 dixit,
1430 5008 1484 5063 Si
1522 5008 1661 5063 ﬁlios
1692 5013 1918 5081 peperit,

315 5095 433 5161 sed,
469 5096 529 5150 Si
558 5098 692 5165 ﬁlios
713 5099 962 5152 educavit.
996 5098 1125 5152 Nam
1159 5100 1286 5155 illud
1308 5102 1523 5171 quidem
1558 5115 1783 5171 naturae,
1820 5105 1867 5159 Ιι⁴
1891 5122 1921 5161 e

316 5202 448 5242 vero
469 5188 619 5242 liberi
646 5199 727 5243 est
753 5191 978 5244 arbitrii.
1000 5191 1286 5261 Propterea
1314 5209 1434 5247 cum
1457 5193 1542 5249 liic
1568 5197 1730 5250 etiam
1753 5198 1920 5253 dixis-

315 5290 417 5341 set,
468 5280 763 5334 Saluabitur
802 5298 893 5351 per
932 5283 1156 5349 ﬁliorum
1192 5288 1585 5353 generationem,
1621 5304 1792 5359 neque
1834 5291 1919 5344 hic

317 5370 575 5435 subSIitit,
608 5373 702 5426 sed
732 5388 854 5426 cum
897 5374 1185 5430 ostendere
1229 5362 1392 5433 vellet
1431 5394 1536 5434 non
1585 5380 1783 5436 liberos
1822 5400 1920 5454 gr-

318 5470 522 5531 nuisse,
553 5466 647 5521 sed
680 5480 827 5522 recte
855 5468 1053 5522 liberos
1079 5470 1360 5537 educasse,
1408 5475 1508 5527 hoc
1542 5474 1697 5529 nobis
1726 5477 1919 5532 afferre

316 5558 643 5625 mercedem,
673 5559 906 5628 adjecit:
946 5560 1007 5614 Si
1050 5565 1417 5627 permanserint
1465 5565 1515 5619 in
1544 5566 1647 5633 ﬁde
1669 5612 1681 5633 ,
1714 5578 1761 5623 et
1792 5571 1919 5623 ditc-

313 5652 504 5715 ctione,
526 5661 572 5704 et
597 5654 998 5720 sanctiﬁcatione
1021 5673 1135 5708 cum
1161 5657 1431 5711 sobrietate
1456 5660 1531 5727 (ι.
1558 5659 1691 5716 Tim.
1716 5662 1771 5717 ἓ.
1802 5654 1915 5734 15).

314 5746 555 5809 Quorum
577 5746 862 5801 verborum
886 5748 973 5803 bic
997 5763 1189 5804 sensus
1209 5759 1290 5806 est
1314 5765 1329 5803 :
1355 5752 1503 5809 Tune
1527 5757 1747 5812 multam
1771 5775 1916 5814 mer-

314 5836 507 5891 cedem
534 5839 783 5909 accipies,
816 5842 859 5893 si
886 5841 975 5909 qui
1007 5843 1269 5910 procreati
1313 5856 1440 5900 sunt
1484 5847 1634 5903 liberi
1667 5865 1917 5919 perman-

316 5930 483 5981 serint
516 5928 565 5980 in
610 5929 733 5993 lidc,
775 5938 828 5983 ct
860 5929 1147 5986 dilectione
1179 5943 1229 5987 et
1260 5936 1703 5995 sanctiﬁcatione.
1735 5936 1790 5997 Si
1822 5940 1919 6013 igi-

1645 456 1730 511 DE
1771 453 1955 511 ΑΝΝΑ
1998 452 2231 511 δεηιιο
2269 454 2314 511 Ι.

3218 0 3787 12 ff

3539 466 3645 521 638

2034 577 2122 623 tur
2164 568 2231 623 ad
2262 568 2378 623 lucc
2413 583 2509 624 eos
2550 569 2764 635 incitcs,
2806 571 2850 625 si
2887 570 3205 642 admoneas,
3248 574 3294 629 si
3338 574 3556 640 doceas,
3601 580 3645 630 si

2030 663 2257 718 Consilio
2278 662 2457 734 juves,
2487 665 2555 719 ob
2585 664 2721 720 hanc
2747 680 2933 721 curam
2962 667 3127 723 multa
3177 666 3271 722 tibi
3303 668 3444 739 apud
3477 668 3644 723 Deum

2033 769 2244 809 merces
2272 755 2376 809 erit
2398 756 2711 810 constituta.

2108 845 2313 899 Mulieri
2335 848 2555 900 maxime
2581 848 2812 902 convenit
2832 849 3065 903 educatio
3098 849 3407 917 liberorum;
3432 852 3643 907 historia

2032 933 2196 989 Annae
2223 936 2399 989 matris
2445 936 2745 1002 Samuelis;
2785 940 3023 993 sterilitas
3061 952 3308 1008 quantum
3337 944 3546 997 malum.
3572 973 3645 986 ~—

2032 1026 2109 1081 Ne
2134 1028 2294 1098 igitur
2323 1029 2557 1083 alienum
2588 1046 2616 1083 a
2648 1047 2707 1085 se
2744 1033 3001 1087 tnu'ieres
3030 1034 3380 1099 arbitrentur,
3410 1036 3453 1090 si
3477 1046 3535 1091 et
3563 1036 3642 1090 fe-

2033 1120 2296 1173 minarum
2340 1130 2395 1173 et
2448 1120 2677 1175 marium
2719 1136 2901 1176 cuiam
2944 1133 3150 1193 gerant.
3202 1124 3316 1179 Non
3359 1127 3505 1181 enim
3559 1128 3646 1181 liii:

2031 1225 2219 1263 sexum
2247 1208 2492 1264 distinxit
2528 1216 2687 1277 Deus,
2714 1212 2809 1267 sed
2840 1222 2894 1267 et
2922 1215 3031 1267 illic
3057 1214 3376 1283 simpliciter
3402 1218 3556 1280 dixit,
3582 1218 3643 1273 Si

2032 1303 2167 1369 ﬁlios
2198 1304 2463 1367 educavit;
2484 1312 2539 1358 et
2566 1304 2669 1369 hic,
2704 1306 2764 1359 Si
2786 1309 3155 1377 permanserint
3188 1310 3238 1361 in
3283 1310 3408 1377 fide,
3438 1320 3485 1363 et
3516 1311 3643 1364 (file-

2030 1395 2214 1459 rtione,
2249 1406 2296 1448 et
2337 1396 2762 1462 sanctiﬁcatione.
2807 1396 2989 1469 Itaque
3031 1401 3312 1472 utriusque
3341 1404 3555 1472 generis
3584 1404 3645 1458 li-

2033 1488 2283 1542 berorum
2313 1488 2655 1557 suscipienda
2699 1491 2855 1544 nobis
2898 1501 2983 1546 est
3009 1508 3157 1558 cura,
3190 1505 3445 1564 tantoque
3474 1498 3646 1566 magis

2033 1580 2368 1646 mulieribus,
2399 1592 2600 1650 quanto
2642 1583 2840 1652 szepius
2871 1583 3018 1639 domi
3049 1586 3308 1641 resident.
3338 1587 3471 1642 Nam
3500 1588 3646 1643 viros

2030 1672 2243 1742 quidem
2278 1675 2761 1743 peregrinationes,
2793 1690 2855 1730 ac
2881 1678 2977 1731 fori
3022 1679 3436 1746 sollicitudines,
3468 1692 3521 1736 et
3549 1696 3645 1735 ne—

2030 1764 2169 1833 gotia
2204 1764 2442 1818 civitatis
2488 1780 2634 1835 saepe
2664 1766 3007 1823 distrahunt:
3038 1770 3229 1824 mulier
3256 1782 3435 1827 autem
3462 1772 3532 1827 ab
3561 1771 3645 1826 bis

2030 1856 2173 1910 curis
2202 1855 2592 1911 immunitatem
2627 1859 2815 1913 sortita
2846 1858 3052 1916 facilius
3076 1865 3290 1931 poterit,
3320 1879 3451 1919 mim
3495 1875 3647 1920 tanto

2033 1948 2236 2003 fruatur
2278 1952 2408 2011 otio.
2468 1951 2757 2007 liberorum
2805 1970 2988 2009 curam
3030 1970 3237 2026 gerere.
3275 1958 3346 2011 Ita
3380 1959 3645 2016 faciebant

2029 2043 2262 2112 autipue
2294 2046 2583 2101 mulieres:
2619 2063 2723 2101 non
2749 2048 2893 2103 enim
2915 2066 2944 2103 ιι
2971 2051 3101 2103 viris
3131 2054 3328 2113 solum.
3354 2054 3446 2109 sed
3476 2056 3639 2110 etiam

2032 2151 2059 2187 a
2096 2137 2409 2190 mulierilms
2440 2138 2541 2193 hoc
2571 2140 2889 2208 postulatur,
2924 2152 2982 2195 ut
3002 2158 3149 2205 suos,
3176 2144 3414 2215 inquam,
3447 2146 3647 2202 liberos

2028 2238 2240 2294 curent,
2274 2241 2434 2299 atque
2463 2231 2529 2285 ad
2559 2231 2956 2303 philosophiam
2980 2235 3099 2289 illos
3131 2238 3369 2293 incitent.
3402 2239 3554 2307 Quod
3589 2250 3646 2295 ut

2032 2335 2215 2372 vernn:
2238 2335 2359 2374 esse
2380 2332 2613 2388 c0u3tet,
2642 2334 2882 2381 veterem
2904 2326 3059 2383 vobis
3086 2329 3362 2385 historiam
3392 2332 3644 2389 narrahe.

2031 2412 2155 2467 Fuit
2180 2414 2319 2484 apud
2350 2414 2569 2472 JlldiDOS
2600 2419 2755 2473 Anna
2794 2420 2989 2476 mulier
3027 2422 3295 2491 quaedam.
3329 2424 3457 2479 llmc
3486 2427 3641 2481 Anna

2030 2508 2198 2561 multo
2232 2518 2473 2578 tempore
2513 2512 2797 2567 sterilitate
2824 2512 3108 2581 laboravit,
3140 2516 3392 2588 quodque
3431 2520 3647 2588 gravius

2032 2597 2148 2665 fuit,
2197 2598 2315 2669 ejus
2366 2602 2557 2656 :cmula
2607 2604 2899 2659 multorum
2950 2605 3241 2662 liberorum
3287 2620 3460 2665 mater
3504 2622 3642 2666 erat.

2029 2693 2384 2748 ScitiSaufetn
2417 2710 2575 2763 quain
2608 2707 2795 2751 nalura
2842 2714 2935 2752 sua
2975 2710 3029 2755 et
3056 2716 3153 2769 per
3178 2703 3410 2772 si'ipsam
3442 2718 3529 2759 res
3559 2705 3645 2759 illa

2030 2784 2343 2839 mulieribus
2369 2787 2440 2841 sit
2472 2788 2856 2844 intolerabilis:
2882 2807 3004 2846 cum
3045 2807 3175 2847 vero
3216 2792 3417 2849 liberos
3442 2794 3648 2851 habens

2029 2878 2235 2932 accedit
2258 2881 2472 2945 munda,
2508 2884 2678 2935 multo
2706 2884 2761 2936 lit
2789 2883 3038 2953 gravior:
3063 2885 3330 2955 siquidem
3359 2902 3425 2941 ex
3449 2888 3645 2942 mulie-

2030 2968 2105 3023 ris
2138 2969 2276 3024 illius
2306 2972 2665 3040 prosperitate
2697 2975 2891 3027 melius
2916 2975 3278 3031 calamitatem
3306 2992 3460 3032 suam
3486 2979 3647 3034 intel-

2031 3058 2174 3130 ligit;
2220 3061 2355 3115 sicut
2396 3072 2449 3117 et
2479 3064 2569 3132 qui
2600 3075 2845 3118 extrema
2891 3079 3211 3135 premuntur
3239 3079 3499 3138 egestate,
3533 3082 3644 3126 tmn

2029 3148 2210 3204 dolent
2251 3152 2448 3218 acrius,
2492 3168 2612 3208 cum
2656 3154 2853 3208 divites
2886 3155 2990 3210 illis
3022 3157 3075 3211 in
3104 3169 3338 3213 mentem
3371 3160 3640 3217 venerint.

2030 3242 2214 3314 Neque
2239 3259 2368 3299 vero
2392 3246 2763 3301 calamitosum
2808 3249 2910 3303 hoc
2956 3259 3161 3306 tantum
3205 3252 3319 3317 fuit,
3353 3255 3494 3325 quod
3528 3254 3643 3311 lere

2031 3335 2225 3393 liberos
2254 3354 2357 3390 nou
2388 3338 2629 3404 haberet,
2655 3339 2741 3394 illa
2773 3340 3013 3408 haberet,
3050 3343 3144 3398 sed
3174 3344 3321 3415 quod
3342 3349 3533 3402 :emula
3560 3365 3645 3404 es.

2029 3436 2145 3481 set:
2172 3443 2346 3499 neque
2384 3430 2527 3499 quod
2565 3433 2755 3487 aemula
2798 3443 3004 3489 tantum
3048 3446 3214 3501 esset,
3246 3453 3434 3493 verum
3483 3442 3643 3496 etiam

2031 3519 2170 3589 quod
2202 3520 2371 3589 ipsam
2404 3522 2471 3576 ad
2500 3523 2829 3578 iracundiam
2858 3538 3196 3596 provocaret,
3228 3544 3294 3585 eo
3320 3532 3463 3602 quod
3495 3534 3644 3589 lllatn

2030 3623 2334 3681 sperneret.
2368 3615 2508 3670 Dens
2534 3626 2715 3672 autem
2748 3633 2873 3673 cum
2904 3619 3006 3675 hoc
3054 3634 3322 3687 cerneret,
3358 3628 3642 3691 tolerabat,

2030 3716 2084 3759 et
2116 3704 2238 3759 Non
2268 3707 2407 3760 dedit
2439 3709 2487 3762 ei
2518 3706 2787 3773 Dominus,
2824 3712 3015 3782 inquit,
3042 3714 3209 3781 ﬁliuni
3240 3720 3519 3771 secundum
3542 3722 3642 3773 tri-

2031 3800 2335 3852 bulationem
2381 3803 2492 3869 ejus
2528 3812 2573 3853 et
2616 3806 2892 3856 secundum
2924 3806 3183 3859 tristitiam
3214 3811 3400 3863 anima
3424 3812 3534 3879 eius
3562 3813 3640 3884 (1.

2035 3893 2160 3965 Reg.
2200 3896 2247 3947 l.
2284 3894 2361 3962 6).
2405 3893 2541 3961 Quid
2593 3905 2697 3960 est,
2742 3897 3035 3951 Secundum
3076 3900 3458 3958 tribulationem
3493 3907 3644 3975 ejus.‘

2034 3986 2142 4038 Ilici
2187 4002 2291 4039 non
2342 3997 2540 4055 potest.
2577 3989 2766 4057 inquit,
2810 4005 2934 4043 eum
2977 3992 3246 4049 videntem
3294 3995 3439 4051 illam
3487 4015 3641 4069 a-quo

2029 4079 2210 4131 animo
2252 4079 2609 4134 calamitatem
2664 4083 2835 4147 ferre,
2870 4082 3177 4141 cohibuisse
3228 4098 3434 4155 iartum
3485 4088 3636 4160 ejus;

2030 4170 2275 4239 quamvis
2301 4186 2417 4225 eam
2449 4172 2698 4238 cruciari,
2728 4174 2933 4239 dolere,
2959 4175 3119 4245 afﬂigi
3156 4179 3384 4243 videret,
3436 4196 3638 4236 moero-

2032 4278 2144 4317 rem
2178 4272 2357 4316 tamen
2387 4265 2503 4332 ejus
2530 4280 2635 4317 non
2662 4265 2935 4333 diSCtISsit,
2966 4278 3021 4322 ut
3048 4270 3223 4338 majus
3247 4271 3442 4341 aliquid
3476 4277 3636 4328 moli-

2032 4364 2201 4408 retur.
2226 4352 2351 4409 lltcc
2381 4371 2447 4409 ne
2479 4364 2749 4426 tamquam
2780 4357 2922 4413 aliud
2951 4370 3176 4429 agentes
3214 4363 3517 4433 audiamus,
3544 4369 3639 4422 sed

2032 4446 2319 4501 maximam
2353 4446 2745 4517 philosophiam
2771 4450 2894 4505 hinc
2920 4451 3190 4509 discamus
3211 4458 3249 4520 ‘,
3276 4467 3328 4510 et
3349 4458 3393 4511 si
3426 4461 3643 4528 quando

2033 4537 2085 4591 in
2116 4538 2314 4591 malum
2358 4538 2574 4607 aliquod
2628 4540 2998 4608 inciderimus,
3031 4544 3155 4599 licet
3180 4547 3483 4611 doleamus,
3518 4553 3640 4608 licet

2032 4628 2405 4692 lameulemnr,
2439 4630 2560 4685 licet
2594 4631 2929 4687 intolerabile
2957 4635 3110 4690 nobis
3142 4640 3337 4693 malum
3372 4641 3636 4709 \ide.tlttr,

2032 4736 2099 4775 ne
2128 4737 2501 4791 properemus.
2535 4739 2633 4777 nec
2664 4725 2844 4778 animo
2875 4727 3241 4792 concidamus,
3268 4733 3361 4785 sed
3396 4734 3489 4787 Dei
3518 4750 3642 4805 pro-

2032 4814 2318 4867 videntiam
2369 4825 2768 4884 exspectemus.
2826 4816 2918 4872 Ille
2970 4834 3199 4891 namque
3252 4824 3416 4891 piobe
3468 4829 3641 4897 novit,

2029 4904 2242 4974 quando
2275 4904 2399 4958 illud
2444 4905 2841 4963 discutiendum
2872 4911 2964 4974 sit,
3011 4914 3153 4981 qttod
3184 4916 3453 4969 tristitiam
3486 4921 3642 4975 nobis

2032 4996 2167 5063 parit
2189 5011 2203 5049 ε
2225 4996 2367 5064 quod
2396 5006 2448 5050 ct
2476 4998 2560 5051 iSIi
2582 5000 2822 5069 conligit.
2850 5000 2964 5054 Non
2995 5007 3137 5057 enim
3158 5008 3298 5075 quod
3326 5007 3494 5077 ipsam
3513 5013 3639 5065 odio

2033 5098 2479 5158 prosequeretur,
2533 5100 2626 5144 aut
2676 5104 3058 5161 aversaretur,
3109 5097 3248 5152 Deus
3294 5104 3642 5160 cunelmerat

2032 5180 2239 5234 vulvam
2262 5180 2397 5249 ejus,
2424 5182 2516 5236 sed
2547 5192 2604 5236 ut
2627 5184 2766 5237 fores
2789 5186 2945 5239 nobis
2972 5188 3323 5259 philosophia:
3347 5206 3637 5261 reserarat,

2028 5290 2132 5341 qua
2166 5274 2388 5341 praedita
2416 5275 2610 5329 mulier
2639 5275 2759 5340 fuit,
2783 5280 3009 5348 ejusque
3041 5282 3160 5335 lidei
3191 5284 3403 5339 divitias
3423 5292 3643 5356 conspi-

2028 5382 2296 5429 ceretntts,
2338 5381 2401 5421 ac
2428 5368 2746 5423 nobiliorem
2782 5370 2923 5425 illam
2957 5373 3083 5428 hinc
3115 5376 3183 5429 ab
3209 5392 3276 5432 eo
3308 5377 3470 5435 fuisse
3512 5387 3639 5435 red-

2028 5463 2191 5513 ditata
2220 5475 2692 5529 engiioscercmus.
2724 5463 2862 5518 Audi
2903 5481 3033 5521 vero
3061 5470 3219 5522 etiam
3250 5485 3370 5540 qua:
3397 5487 3639 5542 sequun-

2029 5562 2133 5605 lttr.
2169 5552 2229 5604 Et
2258 5552 2330 5604 sic
2355 5553 2591 5620 faciebat,
2628 5554 2819 5626 inquit,
2852 5556 3065 5627 singulis
3094 5562 3243 5615 annis
3267 5580 3298 5615 a
3326 5566 3485 5619 multo
3509 5578 3636 5619 tem-

2028 5661 2168 5714 pore,
2198 5661 2311 5698 cum
2341 5647 2632 5701 ascenderet
2660 5648 2772 5716 ipsa
2797 5648 2849 5702 in
2880 5650 3090 5704 domum
3114 5653 3338 5707 Domini.
3368 5655 3434 5709 Et
3456 5659 3633 5718 trista-

2025 5736 2192 5803 batur,
2223 5746 2270 5790 et
2320 5740 2573 5807 plorabat,
2618 5750 2663 5794 et
2702 5757 2802 5795 non
2845 5742 3140 5797 comedebat
3180 5746 3257 5814 (Ι.
3312 5744 3440 5818 Reg.
3481 5750 3530 5806 l.
3554 5751 3631 5819 Ἰ).

2028 5892 2284 6017 (“‘0
2294 5894 2393 6005 duo
2409 5905 2461 5947 ct
2481 5903 2620 5960 αρε..
2636 5897 2724 5949 sed
2742 5895 2822 5947 hic
2839 5899 3105 5949 nutricium
3126 5900 3515 5966 philosophentur
3534 5904 3641 5967 νηὶ-
