4152 6494
292 503 398 560 «ιιι
1669 503 1755 538 ur.
1796 503 1903 541 an:

297 595 442 649 citur
464 600 566 647 tua
589 606 756 645 semen
782 587 911 643 viri:
942 583 1073 637 dabo
1094 578 1226 636 illud
1252 578 1429 632 datam
1457 590 1629 631 rorant
1666 582 1732 627 te.
1762 573 1903 642 Quid

297 693 405 751 est,
436 684 621 740 Coram
657 691 704 735 te
746 677 966 732 datum?
1012 673 1320 730 Dedititium
1365 679 1421 725 et
1461 668 1620 740 plane
1664 678 1903 720 servum.

298 775 457 833 Omni
488 780 751 844 potestate
774 785 861 825 me
885 766 1100 824 abdico.
1130 765 1365 820 Eatenus
1386 762 1529 817 enim
1561 768 1767 814 tantum
1788 756 1903 811 ﬁeri

300 876 471 924 mater
495 864 677 935 cupio,
709 873 973 933 quatenus
993 874 1023 913 a
1054 872 1142 913 me
1174 856 1315 911 filius
1340 853 1501 910 ducat
1534 852 1764 917 initium,
1790 860 1903 903 tum

296 958 557 1029 deinceps
582 972 705 1013 meo
731 958 850 1025 jure
880 953 1038 1016 cedo,
1068 966 1131 1006 ac
1162 964 1349 1005 rursus
1374 948 1424 1003 ei
1451 945 1721 1003 renuntio.

370 1052 425 1109 6.
467 1055 548 1109 Ac
575 1051 697 1107 vide
723 1046 963 1105 mulieris
988 1047 1259 1117 pietatem.
1287 1040 1402 1097 Non
1434 1039 1589 1102 dixit,
1615 1036 1670 1094 Si
1692 1036 1907 1093 dederis

297 1144 430 1201 mihi
456 1156 585 1210 tres,
608 1144 743 1199 duos
768 1142 859 1197 libi
881 1141 984 1194 do:
1010 1140 1092 1194 sin
1118 1146 1299 1192 autem
1320 1135 1476 1198 duos,
1500 1148 1663 1188 unum
1682 1132 1752 1186 do
1774 1130 1864 1185 tibi
1888 1148 1900 1183 :

296 1240 417 1305 sed,
450 1237 507 1293 Si
536 1251 699 1291 unum
722 1234 895 1290 solum
923 1231 1159 1297 dederis,
1190 1239 1358 1285 totum
1393 1228 1485 1282 tibi
1509 1224 1738 1282 fructum
1770 1241 1903 1279 Cult-

297 1345 475 1388 secro.
506 1328 571 1384 Et
600 1330 773 1383 vinum
803 1336 850 1381 et
876 1341 1026 1381 omne
1053 1324 1189 1389 quod
1220 1322 1471 1376 inebriare
1499 1330 1657 1389 potest
1688 1335 1788 1371 non
1828 1317 1903 1370 bi-

296 1424 397 1478 bet.
426 1421 673 1479 Nondum
703 1420 870 1474 lilium
900 1417 1126 1485 accepit,
1171 1425 1226 1471 et
1250 1415 1359 1483 jam
1395 1412 1705 1482 prephetam
1737 1410 1903 1464 infor-

298 1524 428 1580 mat,
457 1529 521 1569 ac
544 1513 612 1568 de
640 1512 784 1567 illius
810 1510 1129 1566 educatione
1159 1509 1318 1563 verba
1350 1506 1493 1564 facit.
1526 1512 1577 1558 et
1622 1519 1742 1558 cum
1794 1502 1904 1555 Dco

298 1616 510 1677 pactum
546 1607 660 1661 iuit.
688 1604 734 1661 Ο
759 1601 1137 1659 conﬁdentiam
1171 1599 1437 1655 mulieris!
1486 1598 1621 1666 Quia
1655 1614 1759 1651 non
1790 1606 1900 1650 tum

297 1698 608 1769 persolvere
636 1706 863 1767 poterat,
886 1694 1028 1766 quod
1052 1692 1289 1748 nondum
1312 1693 1628 1762 accepisset,
1652 1705 1682 1744 a
1709 1689 1904 1745 futuris

294 1798 569 1859 sumptum
602 1787 827 1858 pretium
862 1786 1139 1857 persolvit.
1169 1784 1235 1840 Et
1260 1781 1715 1854 quemadmodum
1759 1795 1904 1852 smpe

294 1880 446 1938 multi
477 1880 727 1951 agricolae
770 1893 979 1934 summa
1025 1877 1199 1948 pressi
1249 1883 1507 1946 egestate,
1540 1889 1661 1929 eum
1695 1881 1902 1927 tantum

294 1972 540 2043 pecunia:
582 1986 688 2026 non
732 1978 1001 2040 suppetat,
1044 1978 1101 2023 ut
1133 1968 1354 2021 vitulum
1394 1966 1600 2036 possint
1625 1974 1715 2019 aut
1744 1980 1901 2020 ovem

292 2076 498 2126 emere,
532 2062 630 2117 hac
658 2062 969 2117 conditione
997 2075 1029 2114 a
1058 2059 1294 2114 dominis
1320 2074 1379 2113 ea
1403 2058 1673 2127 accipiunt
1698 2058 1903 2112 anima-

294 2155 387 2222 lia.
412 2163 470 2209 ut
493 2154 775 2209 semissem
798 2152 1067 2207 fructuum
1096 2150 1345 2215 reddant,
1378 2165 1543 2219 seque
1572 2150 1803 2219 pretium
1832 2164 1897 2203 ex

294 2243 490 2302 futuris
515 2230 802 2299 deductum
836 2242 1097 2299 fructibus
1138 2242 1507 2313 persoluturos
1537 2241 1855 2312 promittunt
1884 2258 1897 2293 :

293 2339 375 2392 sic
398 2336 558 2393 etiam
581 2336 705 2401 ista,
725 2335 808 2390 vel
836 2335 1013 2405 potius
1035 2333 1208 2403 majus
1224 2333 1477 2404 quiddam
1497 2332 1763 2403 praestitit.
1784 2331 1900 2387 Non

291 2430 437 2488 enim
468 2443 531 2483 ea
561 2426 893 2492 conditione,
944 2436 1001 2481 ut
1043 2426 1327 2481 semissem
1372 2423 1638 2479 fructuum
1686 2423 1895 2487 reddat,

294 2520 464 2587 filium
496 2521 711 2591 accipit,
756 2520 852 2575 sed
902 2528 960 2574 ut
1003 2528 1171 2574 totum
1216 2519 1291 2573 illi
1320 2518 1515 2573 deinde
1546 2519 1811 2584 restituat,
1846 2527 1901 2573 et

288 2610 559 2672 fruauum
590 2612 709 2667 loco
731 2610 824 2665 filii
845 2610 1217 2666 educationem
1249 2608 1495 2678 accipiat.
1528 2608 1897 2664 Sufficientem

287 2704 434 2767 enim
466 2721 587 2761 esse
615 2704 921 2761 mercedem
963 2702 1317 2771 existimavit,
1347 2712 1403 2757 ut
1432 2702 1643 2757 labores
1672 2716 1800 2758 suos
1846 2704 1897 2756 in

292 2801 387 2857 Dei
411 2798 717 2857 sacerdotis
761 2797 1135 2853 educationem
1166 2794 1523 2865 impenderet.
1561 2792 1626 2848 Et
1654 2796 1825 2848 uinum
1851 2804 1898 2845 et

288 2908 439 2953 omne
460 2892 599 2963 quod
623 2891 836 2945 inebriat
874 2907 975 2945 non
1021 2889 1167 2955 bibet,
1204 2889 1395 2959 inquit.
1428 2887 1543 2942 Non
1571 2887 1643 2941 illi
1671 2888 1817 2949 venit
1845 2889 1897 2942 in

288 2991 527 3047 mentem
561 2983 676 3039 haec
723 2982 865 3053 apud
895 2997 954 3037 se
980 2981 1197 3038 dicere:
1222 2980 1361 3049 Quid
1391 2995 1519 3034 vero
1553 2982 1663 3046 liet,
1692 2978 1739 3035 si
1769 2979 1897 3034 dum

288 3088 445 3134 tener
472 3086 556 3131 est
601 3074 795 3140 infans,
828 3090 982 3145 aqum
1012 3082 1140 3143 potu
1172 3072 1287 3141 ejus
1339 3070 1590 3125 valetudo
1632 3069 1899 3124 laedatur?

285 3170 415 3244 quid
457 3171 503 3225 si
535 3174 589 3229 in
619 3168 863 3225 morbum
898 3167 1129 3222 incidat?
1158 3164 1283 3237 quid
1312 3165 1355 3220 si
1383 3163 1531 3235 gravi
1564 3162 1753 3219 morbo
1796 3178 1903 3233 op-

287 3279 510 3337 preslts
557 3263 853 3319 moriatur?
898 3261 1004 3317 Sed
1049 3276 1171 3317 cum
1208 3259 1497 3330 cogitasset
1534 3274 1680 3325 eum,
1720 3274 1749 3313 a
1790 3273 1898 3328 quo

286 3359 467 3414 fuerat
509 3356 689 3421 datus,
719 3368 878 3425 posse
912 3353 1054 3408 illius
1082 3368 1297 3423 quoque
1326 3350 1541 3407 sanitati
1588 3349 1893 3421 providere,

284 3452 357 3507 ab
385 3450 515 3522 ipsis
541 3448 880 3506 incunabulis
908 3456 962 3503 et
1005 3454 1190 3517 partus
1220 3444 1531 3500 secundinis
1558 3444 1609 3500 in
1636 3445 1897 3501 sanctita-

287 3553 397 3599 tem
437 3540 585 3599 illum
634 3540 862 3607 invexit,
905 3538 1121 3609 Deoque
1171 3552 1284 3592 rem
1317 3546 1483 3591 totam
1515 3536 1808 3605 commisit,
1843 3543 1897 3591 et

283 3644 412 3691 ante
442 3640 652 3703 partum
682 3630 1117 3687 sanetiiicabatur
1154 3629 1271 3699 ejus
1314 3638 1499 3684 uterus
1540 3628 1591 3683 in
1622 3644 1727 3698 quo
1766 3644 1894 3699 pro-

286 3726 448 3795 pheta
476 3723 808 3795 gestabatur,
832 3732 886 3779 et
913 3722 1170 3778 sacerdos
1192 3721 1624 3791 concipiebatur,
1650 3731 1704 3776 et
1727 3722 1896 3775 dona-

286 3817 425 3871 rium
472 3814 767 3879 ferebatur,
814 3813 1117 3878 donarium,
1151 3813 1391 3882 inquam,
1422 3812 1737 3865 animatum.
1770 3811 1895 3867 Ideo

283 3907 487 3963 diutius
526 3920 646 3961 eam
682 3919 915 3962 mmrore
944 3904 1133 3959 eonfici
1167 3902 1512 3974 permittebat
1564 3903 1723 3969 Deus,
1773 3902 1895 3958 ideo

283 3998 436 4054 tarde
465 3995 656 4058 dabat,
697 4006 752 4052 ut
798 4012 919 4052 eam
953 3997 1069 4067 ipso
1100 4010 1298 4067 genere
1328 4004 1514 4067 partus
1544 3995 1893 4051 illustriorem

281 4092 554 4158 redderet,
582 4104 641 4150 ut
673 4090 1065 4161 philosophiam
1109 4092 1227 4161 ejus
1256 4089 1529 4160 animique
1560 4088 1891 4144 moderatio-

279 4200 406 4240 nem
435 4182 770 4239 ostenderet.
804 4182 935 4236 Natn
964 4183 1015 4236 in
1046 4183 1293 4238 oratione
1314 4196 1421 4236 non
1452 4180 1699 4237 meminit
1727 4196 1895 4235 remu-

280 4277 371 4342 Ias,
395 4290 503 4332 non
523 4276 641 4345 ejus
661 4274 901 4331 convicia
932 4274 1267 4341 memoravit,
1300 4288 1405 4328 non
1429 4275 1481 4327 in
1508 4273 1741 4329 medium
1768 4287 1893 4341 pro-

280 4366 403 4423 tulit
440 4367 559 4437 ejus
586 4367 899 4436 opprobria,
937 4383 1041 4421 non
1086 4366 1239 4429 dixit,
1268 4364 1543 4421 Ulciscere
1574 4379 1659 4420 me
1690 4365 1759 4419 de
1785 4365 1888 4419 ἱιιιο

278 4458 448 4531 proba
496 4468 553 4514 et
594 4460 817 4514 scelesta
868 4459 953 4513 illa
1000 4459 1245 4524 muliere,
1291 4458 1432 4529 quod
1476 4459 1658 4513 multa:
1691 4458 1887 4513 iaciunt

278 4550 700 4607 muliercs:sed
750 4566 927 4622 neque
978 4551 1296 4621 probrorum
1348 4549 1663 4615 recordata,
1710 4550 1779 4605 de
1825 4551 1890 4606 iis

278 4652 488 4699 tantum
514 4658 634 4713 qua:
656 4643 755 4699 sibi
786 4643 1076 4715 proderant
1106 4659 1293 4713 preces
1314 4642 1591 4699 oiferebat.
1622 4642 1695 4698 lta
1723 4644 1806 4700 fac
1833 4655 1890 4700 tu

273 4752 514 4809 quoque,
560 4736 631 4791 mi
676 4736 861 4803 hoino,
908 4752 1138 4808 cumque
1170 4737 1366 4793 videris
1394 4738 1670 4793 inimicum
1702 4737 1890 4794 dolore

274 4830 628 4894 afﬁcientem,
664 4831 715 4885 in
744 4846 866 4885 eum
898 4830 1115 4902 quidem
1144 4832 1349 4887 nullum
1377 4833 1623 4903 asperius
1664 4832 1885 4888 verbum

277 4922 484 4986 mittas,
516 4938 690 4993 neque
729 4923 869 4979 male
908 4938 1036 4994 erga
1078 4934 1131 4980 te
1176 4924 1371 4980 affecto
1417 4925 1765 4994 impreceris:
1791 4924 1885 4979 sed

277 5015 577 5085 ingressus,
610 5030 673 5071 ac
701 5014 853 5070 flexis
877 5015 1123 5087 genibus,
1149 5016 1391 5086 fusisque
1412 5016 1685 5086 lacrymis,
1718 5018 1885 5072 Deum

277 5120 524 5179 precare,
549 5116 604 5159 ut
628 5106 899 5162 tristitiam
926 5107 1178 5164 discutiat
1198 5107 1547 5179 doloremque
1563 5108 1881 5180 restinguat;

270 5198 424 5269 quod
453 5196 566 5255 lucc
594 5212 809 5268 quoque
835 5200 1029 5256 mulier
1060 5200 1203 5265 fecit,
1250 5216 1351 5256 nec
1396 5201 1723 5257 mediocrem
1770 5203 1885 5257 fru-

276 5296 428 5344 ctum
452 5302 522 5343 ex
556 5286 771 5344 inimica
800 5290 1037 5362 collegit.
1091 5292 1182 5347 Illa
1228 5294 1371 5349 enim
1404 5293 1472 5349 ad
1501 5294 1643 5349 hunc
1672 5305 1882 5366 partum

276 5378 505 5436 infantis
532 5380 886 5438 obtinendum
930 5383 1183 5452 opitulata
1228 5394 1331 5441 est.
1361 5385 1479 5453 Quo
1520 5396 1677 5457 pacto
1720 5386 1770 5441 id
1802 5386 1885 5442 fa-

276 5487 428 5533 ctum
454 5477 543 5539 sit,
572 5491 673 5548 ego
700 5475 895 5533 dicam.
916 5474 1051 5543 Quia
1080 5478 1365 5546 opprobria
1393 5478 1642 5548 jactarat,
1668 5479 1885 5535 afﬂixe-

280 5574 394 5631 rat,
414 5568 782 5638 majoremque
808 5568 1055 5626 dolorem
1078 5568 1405 5635 reddiderat,
1425 5586 1453 5623 a
1476 5571 1663 5627 dolore
1684 5571 1849 5629 ardeu
1863 5604 1883 5617 ο

287 5660 398 5719 tior
414 5659 509 5715 fuit
548 5663 743 5727 oratio,
792 5662 959 5719 Deum
993 5678 1122 5719 vero
1162 5662 1237 5717 illi
1277 5664 1603 5729 conciliavit,
1635 5674 1796 5735 atque
1826 5674 1886 5720 ut

278 5761 593 5829 impetraret
624 5754 822 5820 effecit,
855 5755 1043 5825 sicque
1086 5754 1304 5811 Samuel
1350 5765 1436 5811 est
1480 5767 1635 5827 partu
1679 5757 1878 5813 editus.

278 5850 468 5917 Itaque
492 5848 537 5905 si
568 5848 755 5921 vigiles
782 5850 970 5915 simus,
1005 5863 1112 5904 non
1161 5848 1324 5905 modo
1363 5848 1495 5904 nihil
1542 5865 1640 5905 nos
1687 5850 1885 5906 [ardere

270 5945 522 6012 poterunt
554 5941 774 6005 iu‘utici.
803 5939 901 5998 sed
922 5948 977 6000 et
1004 5940 1296 6014 plurimum
1326 5942 1641 6014 proderunt,
1673 5941 1800 5998 dum
1825 5944 1878 5998 in

1666 480 1755 538 DE
1796 480 1979 541 ΑΝΝΑ
2008 477 2241 536 θεωίο
2278 480 2320 537 l.

3522 468 3629 525 (ἱίὲ

2019 570 2275 626 omnibus
2296 582 2396 625 nos
2418 567 2789 639 diligentiores
2814 564 3073 633 efficient,
3094 572 3298 621 tantum
3323 578 3392 620 ne
3412 576 3637 636 propter

2016 662 2323 720 molestiam
2347 676 2412 717 ae
2437 660 2705 727 dolorem,
2737 676 2900 733 quem
2929 660 3089 716 nobis
3120 659 3362 725 inurunt,
3396 658 3465 712 ad
3494 673 3628 715 eon-

2016 754 2149 811 vicia
2179 754 2485 826 probraque
2513 769 2611 809 nos
2631 753 2804 824 abripi
2834 754 3097 817 sinamus,
3120 750 3215 807 sed
3232 750 3299 807 ad
3321 765 3509 822 preces
3531 765 3631 807 nos

2017 849 2195 920 potius
2223 858 2622 905 convertamus.

2086 942 2172 998 Ea:
2214 943 2417 997 nomine
2444 940 2704 998 Samuelis
2731 940 3048 995 occasionem
3072 940 3256 1001 arripit
3282 939 3347 995 de
3365 938 3635 993 educatio-

2014 1050 2079 1089 ne
2123 1034 2395 1089 liberorum
2448 1031 2705 1103 loquendi.
2743 1060 2819 1072 —
2858 1031 3148 1101 Postquam
3193 1039 3375 1086 autem
3424 1028 3634 1100 peperit

2014 1127 2206 1201 lilium,
2224 1127 2435 1183 vocavit
2455 1126 2602 1181 illum
2620 1125 2945 1189 Samuelem,
2967 1123 3070 1179 hoc
3085 1134 3186 1189 est,
3210 1122 3411 1179 Audiet
3436 1122 3626 1177 Deum.

2011 1220 2143 1276 Nam
2174 1221 2425 1291 quoniam
2453 1234 2520 1273 ex
2550 1234 2637 1284 eo,
2665 1216 2809 1289 quod
2839 1215 3085 1272 exaudita
3113 1215 3294 1280 fuerit,
3326 1224 3381 1270 et
3406 1229 3627 1285 precum

2011 1330 2175 1386 opera
2196 1315 2369 1384 ipsum
2390 1313 2617 1381 accepit,
2647 1326 2755 1366 non
2778 1310 3039 1366 beneficio
3066 1318 3291 1372 naturm,
3311 1306 3629 1363 memoriam

2010 1418 2247 1479 qumstns
2273 1407 2415 1461 illius
2444 1412 2721 1475 tamquam
2763 1404 2815 1457 in
2843 1410 2992 1456 antea
3030 1400 3257 1471 quadam
3296 1401 3546 1455 columna
3575 1399 3629 1455 in

2010 1499 2367 1568 appellatione
2400 1496 2605 1567 pueruli
2630 1495 2797 1551 voluit
2824 1508 2946 1549 esse
2972 1492 3229 1548 delixam.
3256 1490 3440 1563 Neque
3469 1492 3627 1559 dixit,

2017 1591 2278 1647 Vocemus
2304 1606 2427 1645 eum
2468 1589 2685 1644 nomine
2717 1587 2884 1657 patris
2912 1585 3015 1648 sui,
3051 1583 3135 1639 vel
3166 1582 3339 1654 patrui
3360 1623 3374 1645 ,
3403 1585 3485 1638 vel
3517 1583 3627 1651 avi,

2012 1684 2093 1738 vel
2125 1683 2312 1753 proavi
2340 1700 2351 1735 :
2382 1680 2497 1747 sed,
2529 1681 2623 1735 Ille
2654 1680 2789 1749 ipse,
2814 1678 2903 1747 qui
2930 1676 3080 1732 dedit
3108 1691 3252 1740 eum,
3292 1674 3502 1745 inquit,
3532 1690 3629 1745 ap-

2011 1776 2300 1848 pellatione
2322 1774 2528 1844 pueruli
2560 1773 2875 1827 honoretur.
2908 1770 3055 1823 llanc
3077 1766 3401 1823 mmulamini
3434 1766 3631 1822 mulie-

2008 1885 2119 1935 res,
2156 1868 2298 1922 hanc
2326 1866 2600 1921 imitemur
2628 1864 2747 1929 viri,
2776 1870 3085 1931 tantamque
3114 1860 3405 1915 liberorum
3439 1875 3626 1915 curam

2008 1976 2281 2032 geramus,
2316 1959 2387 2013 ita
2421 1967 2575 2013 natos
2602 1956 2916 2021 educemus,
2950 1970 3073 2010 cum
3107 1954 3159 2009 in
3187 1954 3308 2011 aliis
3335 1954 3624 2020 euntibus,

2010 2063 2122 2108 tum
2150 2052 2383 2108 maxime
2411 2051 2464 2105 in
2485 2051 2750 2106 castitate.
2784 2048 2929 2104 Nihil
2951 2048 3096 2103 enim
3125 2046 3262 2103 adeo
3287 2045 3622 2102 contenden-

2008 2145 2137 2200 dum
2177 2153 2233 2200 et
2260 2142 2557 2199 curandum
2589 2152 2669 2197 est
2695 2184 2711 2210 ,
2744 2157 2901 2214 quam
2932 2148 2990 2195 ut
3011 2141 3240 2210 juvenes
3268 2141 3401 2195 casti
3434 2140 3541 2195 sint
3571 2150 3626 2194 et

2008 2235 2208 2307 pudici.
2262 2234 2389 2291 [late
2435 2235 2578 2290 enim
2625 2234 2859 2289 maxime
2904 2231 3165 2302 :egritudo
3209 2232 3281 2287 illi
3309 2232 3454 2287 mtati
3501 2248 3623 2286 mo-

2009 2330 2219 2386 lestiam
2264 2329 2520 2384 exhibet:
2545 2338 2597 2382 et
2625 2326 2767 2399 quod
2814 2325 2865 2381 in
2900 2325 3136 2381 lucernis
3169 2325 3411 2395 agimus,
3444 2324 3547 2380 hoc
3573 2336 3629 2381 et

2006 2440 2132 2496 erga
2160 2424 2357 2480 liberos
2385 2423 2756 2479 observemus.
2788 2418 2947 2476 Certe
2984 2434 3130 2490 saepe
3155 2418 3406 2475 ancillam
3433 2418 3627 2480 adma-

2008 2534 2218 2587 nemus,
2252 2534 2373 2590 qua:
2401 2518 2677 2573 lucernam
2705 2514 2970 2579 accendit,
3005 2530 3072 2569 ne
3105 2514 3155 2567 in
3185 2528 3309 2567 eum
3340 2512 3516 2567 locum
3548 2512 3631 2567 lu-

2005 2626 2223 2668 cernam
2276 2609 2567 2665 transferat
2595 2650 2611 2676 ,
2641 2609 2691 2663 iu
2724 2622 2831 2677 quo
2876 2606 3071 2677 stipula
3114 2605 3386 2661 fmnumve
3426 2603 3626 2669 fuerit,

2006 2714 2099 2759 aut
2142 2702 2345 2775 aliquid
2373 2700 2679 2772 hujusmodi
2699 2742 2714 2765 ,
2752 2716 2819 2755 ne
2846 2699 2985 2755 forte
3016 2699 3173 2753 nobis
3199 2698 3383 2753 insciis
3413 2697 3631 2753 excidat

2006 2797 2241 2854 scintilla
2267 2796 2552 2868 quatpiam,
2575 2803 2631 2851 et
2653 2794 2936 2850 materiam
2965 2794 3109 2849 illam
3139 2794 3436 2865 corripiens
3460 2802 3629 2849 totam

2005 2892 2223 2945 domum
2248 2888 2529 2944 incendat:
2548 2888 2793 2942 eamdem
2816 2901 3029 2957 quoque
3051 2887 3470 2943 sollicitudinem
3496 2904 3624 2959 erga

2006 2985 2206 3040 liberos
2233 2984 2642 3055 impendamus,
2672 2998 2847 3054 neque
2872 2983 3051 3037 vultus
3070 2996 3260 3038 eorum
3294 2983 3419 3041 illuc
3446 2986 3629 3040 traduo

2003 3092 2210 3143 camus,
2240 3078 2329 3133 ubi
2359 3078 2573 3133 lascivae
2600 3088 2726 3133 sunt
2754 3077 2969 3133 famula:
2988 3120 3002 3144 ,
3027 3078 3118 3133 ubi
3150 3078 3440 3135 luxuriosae
3471 3082 3625 3149 puel-

2007 3172 2073 3227 lae
2096 3212 2112 3238 ,
2145 3172 2231 3225 ubi
2261 3171 2565 3241 petulantes
2594 3169 2804 3225 ancilla:
2826 3212 2840 3235 ,
2876 3168 2972 3224 sed
3000 3169 3285 3239 jubeamus
3324 3187 3389 3227 ac
3417 3172 3628 3228 denun-

2006 3266 2203 3322 tiemus
2227 3265 2353 3331 illis,
2385 3264 2431 3319 si
2457 3263 2594 3321 forte
2621 3265 2742 3319 talis
2770 3265 2925 3321 nobis
2946 3266 3016 3321 sit
3046 3264 3266 3329 famula,
3295 3279 3390 3320 seu
3423 3268 3623 3335 Vicina,

2004 3357 2117 3412 sive
2138 3356 2341 3427 quaevis
2371 3355 2658 3426 ejusmodi,
2695 3365 2751 3411 ut
2776 3372 2951 3427 neque
2979 3357 3031 3411 in
3059 3366 3430 3428 conspectum,
3452 3375 3627 3430 neque

2001 3447 2057 3503 in
2085 3446 2353 3502 sermonis
2368 3460 2716 3517 congressum
2740 3462 2862 3502 eum
2887 3448 3177 3516 juvenibus
3199 3448 3399 3512 veniat,
3425 3465 3494 3505 ne
3520 3465 3625 3521 qua

2005 3537 2131 3594 inde
2168 3538 2400 3593 scintilla
2431 3538 2689 3593 excidens
2722 3547 2885 3593 totam
2916 3541 3123 3610 pueruli
3154 3542 3387 3597 animam
3433 3531 3623 3599 incen-

2002 3629 2115 3695 dat,
2135 3640 2188 3685 et
2219 3630 2619 3699 irreparabilem
2644 3632 2719 3686 illi
2740 3632 3101 3688 calamitatem
3136 3634 3409 3703 importet.
3440 3636 3626 3706 Neque

2002 3737 2133 3777 vero
2180 3730 2387 3777 tantum
2418 3736 2447 3776 a
2487 3723 2814 3793 Spectaculis
2838 3765 2852 3789 ,
2885 3723 2984 3780 sed
3011 3726 3173 3781 etiam
3217 3742 3248 3780 a
3279 3727 3535 3783 mollibus
3560 3744 3625 3784 ac

2002 3813 2278 3869 dissolutis
2302 3813 2587 3869 cantilenis
2613 3813 2977 3880 abducamus,
3008 3830 3075 3869 ne
3106 3816 3189 3870 his
3217 3831 3408 3872 eorum
3440 3817 3625 3874 anima

2002 3904 2314 3970 faseinetur;
2348 3919 2524 3975 neque
2554 3906 2671 3959 illos
2698 3904 2764 3960 ad
2799 3905 3003 3961 theatra
3037 3906 3389 3974 deducamus,
3422 3925 3522 3964 nec
3552 3911 3617 3965 ad

2000 3996 2245 4053 convivia
2267 4005 2321 4051 et
2348 3997 2795 4068 competitiones,
2822 3997 2918 4053 sed
2945 3998 3157 4054 cautius
3186 4015 3345 4070 quam
3378 4002 3617 4057 conclavi

2001 4088 2197 4145 abdita:
2228 4090 2459 4160 virgines
2480 4131 2494 4153 .
2524 4090 2897 4144 custodiantur
2938 4106 2969 4144 a
3016 4092 3171 4148 nobis
3200 4094 3446 4163 juvenes.
3479 4094 3620 4149 Nihil

1999 4188 2212 4234 aatatcm
2240 4179 2382 4234 illam
2408 4179 2545 4234 adeo
2566 4180 2705 4235 solet
2723 4196 2988 4237 exornare
3012 4196 3077 4238 ac
3099 4182 3367 4253 pudicitia:
3390 4199 3473 4241 eo:
3490 4200 3618 4254 oua,

2000 4284 2055 4328 et
2084 4274 2127 4328 si
2159 4273 2280 4343 quis
2318 4274 2387 4327 ab
2431 4273 2577 4327 omni
2623 4272 2839 4328 lascivia
2889 4289 3056 4344 purus
3082 4276 3149 4329 ad
3180 4276 3489 4348 conjugium
3524 4294 3623 4335 vc-

2000 4367 2131 4422 niat.
2175 4365 2267 4421 Sic
2306 4374 2359 4419 et
2388 4364 2644 4421 mulieres
2674 4365 2781 4419 illis
2828 4367 2956 4421 iient
2982 4367 3275 4431 amabiles.
3309 4384 3434 4425 cum
3462 4380 3619 4426 antea

2000 4458 2143 4515 nulla
2172 4472 2231 4512 se
2273 4456 2631 4512 fornicatione
2669 4458 3012 4521 exercuerit,
3035 4467 3129 4514 aut
3154 4470 3409 4532 corrupta
3454 4461 3621 4519 fuerit

1998 4552 2195 4618 anima,
2226 4565 2349 4605 cum
2372 4564 2493 4604 eam
2521 4548 2693 4604 solam
2722 4550 3002 4605 mulierem
3034 4558 3217 4606 notam
3256 4552 3503 4609 habuerit
3524 4554 3623 4625 ju-

1998 4644 2170 4708 venis,
2204 4658 2326 4712 quze
2352 4640 2454 4697 sibi
2483 4640 2645 4696 fuerit
2666 4642 2868 4711 nuptiis
2896 4642 3169 4711 copulata.
3200 4642 3291 4699 Sic
3319 4654 3375 4699 et
3417 4644 3617 4702 arden-

1999 4736 2165 4790 tiores
2189 4748 2424 4799 amores,
2453 4741 2509 4788 et
2528 4732 2794 4788 sincerior
2823 4733 3199 4791 benevolentia
3219 4777 3234 4801 ,
3266 4738 3345 4792 sic
3374 4738 3611 4794 amicitia

2001 4830 2058 4882 lit
2081 4827 2455 4884 vehementior
2480 4867 2494 4891 ,
2524 4840 2649 4881 cum
2678 4824 2747 4880 ad
2775 4825 2991 4897 nuptias
3014 4825 3243 4897 juvenes
3293 4844 3417 4883 cum
3469 4840 3615 4886 tanta

1995 4921 2245 4977 cautione
2272 4921 2628 4990 perrexerint.
2654 4918 2785 4975 Nam
2804 4936 2947 4975 nunc
2971 4920 3188 4991 quidem
3217 4938 3337 4992 qua:
3354 4933 3616 4993 geruntur

1996 5031 2103 5072 non
2154 5017 2353 5087 nuptias
2395 5024 2559 5083 sunt,
2590 5014 2687 5072 sed
2730 5028 2878 5070 mera
2910 5016 3203 5087 negotiatio
3248 5016 3489 5087 pecuniae
3515 5059 3531 5085 ,
3562 5029 3615 5074 et

1995 5110 2334 5181 cauponatio.
2360 5108 2493 5165 Cum
2519 5108 2662 5165 enim
2692 5117 2819 5164 ante
2843 5108 3150 5181 conjugium
3178 5119 3468 5181 corruptus
3494 5110 3615 5169 fue-

1996 5205 2069 5257 rit
2087 5202 2332 5273 juvenis,
2360 5212 2415 5258 et
2441 5210 2565 5273 post
2592 5201 2902 5274 conjugium
2936 5218 3122 5259 rursus
3146 5203 3201 5259 iu
3232 5204 3458 5260 alteram
3490 5221 3613 5261 mu-

1998 5296 2184 5351 licrem
2212 5294 2401 5351 oculos
2430 5309 2559 5351 suos
2588 5294 2917 5351 converterit
2936 5337 2952 5363 ,
2981 5295 3131 5365 quid,
3162 5311 3369 5365 qua‘so,
3389 5297 3616 5368 prodest

1995 5387 2478 5460 conjugiuutﬂmo
2522 5396 2635 5446 tum
2675 5387 2849 5457 majus
2892 5387 3213 5459 supplicium
3260 5388 3490 5444 debetur
3516 5431 3530 5455 ,
3562 5403 3617 5448 et

1998 5482 2275 5553 indignum
2318 5488 2401 5536 est
2428 5480 2585 5537 venia
2620 5490 2900 5552 peccatum
2922 5518 2942 5547 .
2974 5495 3097 5535 cum
3143 5482 3285 5537 intus
3337 5481 3615 5540 residente

1997 5588 2165 5630 uxore
2215 5574 2451 5644 seipsum
2507 5574 2849 5629 meretricum
2914 5587 3208 5643 congressu
3267 5572 3472 5644 polluat
3504 5618 3518 5640 ,
3560 5589 3617 5632 et

1996 5666 2318 5721 adulterium
2365 5667 2688 5722 committat.
2714 5664 2923 5735 Quippe
2958 5680 3127 5721 uxore
3170 5666 3371 5736 ducta,
3397 5672 3613 5725 tametsi

1996 5755 2252 5812 meretrix
2281 5765 2364 5812 est
2387 5799 2402 5824 ,
2432 5771 2551 5828 quae
2578 5771 2638 5813 se
2681 5756 2859 5811 mariti
2902 5770 3201 5829 congressu
3243 5758 3615 5816 contaminat.

1993 5849 2325 5905 adulterium
2350 5858 2434 5905 est
2464 5846 2849 5915 illud,faciws.
2872 5846 3000 5904 Bac
3026 5858 3205 5905 autem
3232 5850 3343 5919 jam
3375 5849 3528 5913 ﬁunt,
3564 5857 3621 5902 et

1996 5943 2291 5999 contractis
2338 5942 2535 6015 nuptiis
2583 5940 2649 5999 ad
2695 5940 2949 5998 mulieres
2990 5942 3308 6001 meretrices
3352 5948 3615 6013 currunt,
