4152 6494
622 428 732 484 σω

624 541 875 612 quoniam
901 547 1023 592 ante
1051 536 1261 606 nuptias
1286 536 1583 591 castitatem
1610 547 1824 591 servare
1851 545 1956 585 non
2004 528 2193 583 didiee.

625 642 766 686 runt.
795 629 924 684 lliue
952 641 1138 697 pugnas
1161 668 1177 694 ,
1205 625 1486 682 maledicta
1507 667 1520 691 ,
1547 624 1828 680 domorum
1858 619 2164 677 eversiones
2189 659 2202 683 ,

624 733 678 776 et
702 716 1168 790 quotidiana'bella
1197 735 1211 772 :
1235 715 1358 772 hinc
1378 715 1434 772 fit
1459 725 1517 771 ut
1544 730 1666 784 erga
1698 727 1916 767 uxorem
1936 724 2086 766 amor
2105 710 2207 763 dif-

623 811 753 866 fluat
789 820 842 863 et
885 817 1212 874 marcescat,
1241 823 1360 863 cum
1403 805 1734 878 lupanarium
1780 802 2206 873 frequentatione

623 902 964 955 dissolvatur.
982 898 1133 968 Quod
1150 899 1193 953 si
1209 898 1502 953 castitatem
1523 909 1738 951 servare
1755 894 1944 958 discat,
1971 907 2084 963 pra:
2103 906 2207 947 ca:-

622 995 753 1050 teris
779 993 1030 1048 omnibus
1045 988 1393 1060 expetendam
1415 1001 1634 1043 uxorem
1666 1000 1817 1041 suam
1838 982 2203 1052 arbitrabitur,

621 1087 784 1142 multa
801 1084 938 1138 illam
960 1096 1080 1137 cum
1099 1079 1464 1136 benevolentia
1481 1076 1839 1142 contuebitur,
1858 1088 2207 1146 magnamque

622 1191 743 1231 eum
790 1175 875 1228 illa
921 1172 1256 1228 concordiam
1284 1171 1621 1227 conservabit
1647 1189 1660 1224 :
1689 1169 1734 1224 si
1763 1183 1890 1224 vero
1914 1182 2016 1237 pax
2051 1167 2208 1220 fuerit

619 1277 672 1322 et
692 1264 997 1327 concordia,
1023 1263 1200 1319 omnia
1232 1263 1366 1318 bona
1395 1262 1446 1316 in
1477 1261 1693 1317 domum
1723 1259 1864 1314 illam
1892 1258 2202 1314 introibunt.

622 1357 688 1413 Ut
713 1357 868 1426 igitur
888 1364 943 1409 et
968 1369 1054 1407 res
1084 1353 1241 1422 hujus
1259 1340 1378 1407 vitii:
1405 1360 1546 1406 recte
1571 1367 1598 1403 a
1627 1351 1780 1405 nabis
1808 1351 2202 1418 dispcttscntttr,

619 1458 675 1504 et
721 1464 843 1503 cum
881 1446 982 1500 illis
1021 1459 1240 1514 regnum
1289 1444 1540 1498 cmlorum
1589 1453 2014 1509 consequamur,
2050 1436 2206 1506 hujus

618 1539 887 1609 przecipue
910 1534 1144 1590 mandati
1168 1533 1335 1604 gratia
1365 1540 1420 1588 et
1447 1541 1684 1588 nostrum
1710 1537 1766 1585 et
1793 1529 2078 1583 liberorum
2111 1541 2207 1581 eu-

619 1649 732 1686 ratn
750 1644 1016 1701 geramus,
1042 1643 1105 1682 ue
1124 1626 1352 1681 sordidis
1372 1623 1703 1680 vestimentis
1725 1622 1889 1676 induti
1921 1620 1972 1672 iu
1996 1618 2206 1689 nuptias

619 1723 740 1776 illas
787 1718 1089 1791 spirituales
1130 1721 1391 1771 intremus
1415 1757 1430 1782 ,
1458 1713 1552 1768 sed
1581 1727 1702 1768 cum
1735 1710 1924 1766 fiducia
1967 1709 2207 1763 fruamur

624 1813 826 1867 honore
850 1851 866 1878 ,
896 1807 988 1881 qui
1011 1807 1185 1878 dignis
1209 1815 1292 1863 est
1317 1807 1422 1861 illic
1451 1814 1753 1860 reservatus
1778 1819 1791 1856 :
1819 1817 1977 1872 quem
2005 1801 2206 1854 utinam

619 1915 809 1958 omnes
835 1913 1184 1970 assequamur
1203 1940 1218 1963 ,
1246 1897 1410 1969 gratia
1441 1904 1496 1950 et
1522 1893 1846 1964 benignitate
1877 1889 2083 1945 Domini
2111 1903 2208 1943 no-

619 1993 718 2049 stri
755 1993 877 2049 Jesu
906 1990 1138 2055 Christi,
1161 2003 1257 2059 per
1284 2002 1440 2059 quem
1467 1995 1519 2040 ct
1544 2000 1663 2041 eum
1693 1997 1798 2054 quo
1829 1981 1968 2038 Patri
1998 1981 2162 2052 gloria
2187 2019 2202 2044 ,

623 2088 826 2150 honor,
856 2082 1134 2153 imperium
1156 2121 1172 2146 ,
1203 2093 1304 2134 una
1331 2093 1449 2133 cum
1483 2075 1683 2146 Spiritu
1725 2081 1908 2129 sancto
1930 2114 1946 2139 ,
1989 2085 2129 2126 nunc
2154 2079 2208 2126 et

623 2191 854 2247 semper,
887 2183 939 2230 et
966 2174 1017 2228 in
1048 2172 1239 2228 saecula
1270 2185 1328 2226 sa
1345 2169 1606 2225 culorum.
1636 2169 1825 2222 Anien.

1257 2300 1486 2358 SERSIO
1516 2299 1579 2355 ll.

622 2417 701 2474 De
718 2417 820 2486 ﬁde
843 2417 1019 2480 Amne,
1047 2414 1206 2485 deque
1223 2412 1570 2485 philosophia,
1598 2412 1693 2464 hoc
1719 2418 1810 2475 est,
1844 2409 2001 2462 animi
2028 2407 2204 2462 mode-

690 2511 885 2564 ratione
907 2549 922 2573 ,
943 2518 990 2561 et
1017 2507 1258 2561 modestia
1295 2506 1455 2575 ipsius
1478 2545 1492 2570 ,
1523 2511 1567 2557 et
1603 2502 1666 2555 de
1707 2502 1895 2556 honore
1936 2499 2208 2571 deferendo

689 2601 1051 2666 sacerdotibus;
1067 2610 1110 2654 α
1137 2589 1270 2670 quod
1291 2608 1396 2652 tum
1421 2597 1472 2649 in
1495 2595 1658 2658 initio,
1679 2603 1784 2648 tum
1809 2595 1862 2646 in
1886 2593 1987 2661 [ine
2006 2590 2209 2662 prandii

692 2693 759 2748 sit
787 2691 1060 2746 orandum.

696 2809 746 2860 t.
784 2802 1018 2875 Εθεεασία
1049 2801 1292 2857 orationis
1317 2798 1549 2868 exeruplo
1577 2798 1740 2851 Anna
1761 2795 2033 2867 probatur;
2059 2793 2209 2847 Anna

622 2897 774 2951 sintut
802 2904 960 2949 inater
984 2903 1029 2948 et
1054 2901 1214 2963 pater.
1242 2920 1314 2932 —-
1339 2889 1480 2945 Nihil
1514 2887 1799 2959 precationi
1834 2901 1928 2956 par
1973 2893 2057 2940 est
2075 2927 2088 2949 ,
2119 2899 2208 2939 ca-

627 2986 822 3044 rissimi
847 3028 862 3051 ,
887 2999 1058 3055 neque
1100 2982 1386 3054 quidquam
1437 2980 1541 3035 lide
1584 2978 1874 3050 potentius.
1911 2975 2208 3046 Utrumque

626 3078 783 3133 nobis
810 3091 981 3147 nuper
1001 3073 1292 3132 declaravit
1319 3076 1472 3128 Anna
1499 3087 1658 3128 :eum
1693 3070 1776 3126 his
1803 3069 1945 3125 cnim
1975 3069 2211 3124 muneri-

625 3171 724 3227 bus
766 3169 1026 3224 accedens
1063 3166 1131 3222 ad
1168 3167 1335 3221 Deum
1359 3207 1374 3233 ,
1409 3164 1588 3219 omnia
1633 3179 1754 3233 quae
1800 3162 1970 3218 voluit
2007 3160 2205 3216 elfecit.

624 3263 895 3334 Siquidem
936 3270 989 3315 ct
1033 3268 1278 3314 naturam
1321 3257 1556 3313 sterilem
1608 3255 1886 3320 correxit,
1915 3263 1970 3308 et
1995 3253 2205 3307 vulvam

625 3371 746 3428 qua:
787 3364 904 3410 erat
929 3353 1180 3410 conclusa
1209 3351 1416 3421 aperuit
1444 3392 1459 3416 ,
1485 3357 1537 3403 et
1580 3349 1832 3417 probrum
1870 3345 2128 3411 sustulit,
2156 3353 2211 3399 et

625 3447 865 3507 convicia
889 3443 1096 3501 aemula:
1131 3442 1414 3506 dissolvit,
1445 3455 1607 3510 sequo
1645 3439 1813 3510 ipsam
1853 3436 1920 3491 ad
1965 3450 2212 3507 magnam

625 3541 856 3600 restituit
903 3539 1187 3604 fiduciam,
1216 3535 1340 3590 dum
1377 3549 1409 3590 e
1455 3543 1604 3603 petra
1657 3527 1964 3602 infrugifera
2009 3529 2209 3600 spicam

630 3633 850 3691 messuit
874 3638 1194 3686 comantem.
1225 3625 1422 3682 Omnes
1447 3625 1668 3679 audistis
1693 3620 1960 3693 quomodo
1986 3620 2208 3685 ﬂeverit,

628 3721 892 3795 quomodo
936 3727 1145 3790 precata
1193 3716 1300 3779 sit,
1340 3713 1608 3785 quomodo
1649 3712 1816 3767 orarit
1850 3717 1906 3765 et
1942 3709 2210 3765 exorarit:

630 3813 893 3882 concepit,
925 3810 1152 3881 peperit,
1179 3807 1426 3862 educavit
1443 3813 1496 3860 et
1524 3801 1858 3860 consecravit
1884 3799 2211 3856 Samuelem.

633 3905 810 3974 Itaque
841 3916 948 3955 non
972 3898 1229 3954 aberrarit
1254 3935 1271 3959 ,
1299 3896 1386 3966 qui
1418 3894 1555 3948 hanc
1577 3892 1855 3946 mulierem
1881 3890 2031 3961 pueri
2057 3889 2215 3944 simul

628 4005 684 4051 et
709 4003 931 4050 matrem
961 3999 1017 4044 et
1046 3997 1248 4058 patrem
1275 3985 1577 4059 appellarit:
1605 3983 1934 4053 Quamquam
1961 3982 2103 4036 enim
2134 3980 2216 4035 vir

631 4085 906 4142 addiderat
947 4095 1164 4142 semen.
1196 4079 1352 4147 hujus
1394 4087 1567 4130 tamen
1614 4074 1848 4144 precatio
1885 4073 1991 4127 vim
2035 4071 2217 4127 effica-

632 4179 873 4242 ciamque
897 4171 1083 4227 semini
1116 4169 1340 4237 praebuit
1359 4208 1374 4234 ,
1400 4166 1680 4236 elfecitque
1703 4174 1764 4220 ut
1789 4162 2005 4220 Samuel
2051 4162 2217 4218 hone-
2241 4192 2243 4195 ι

634 4267 888 4322 stioribus
926 4261 1162 4316 exordiis
1203 4266 1528 4313 nasceretur.
1569 4255 1752 4324 Neque
1793 4255 1936 4310 enim
1983 4255 2121 4308 sicut
2165 4257 2216 4308 iu

633 4355 840 4414 cretcris
908 4349 1211 4407 hominibus
1266 4363 1483 4403 somnus
1535 4355 1592 4402 et
1648 4359 1967 4416 congressus
2016 4353 2218 4399 tantum

634 4453 910 4520 parentum
933 4482 949 4509 ,
987 4455 1170 4497 verum
1228 4426 1411 4508 preces
1435 4477 1450 4503 ,
1484 4436 1768 4508 lacrymas,
1817 4434 2055 4504 fidesque
2109 4435 2226 4488 fue-

634 4547 759 4595 runt
803 4535 960 4604 hujus
985 4530 1341 4605 generationis
1381 4527 1634 4600 principia
1658 4569 1674 4595 ,
1701 4540 1873 4598 eoque
1910 4526 2120 4581 caeteris
2154 4526 2225 4580 il-

638 4630 937 4684 lustriorem
982 4624 1166 4678 habuit
1203 4631 1379 4676 ortum
1438 4617 1694 4690 propheta
1719 4659 1734 4684 ,
1778 4627 1994 4688 prepter
2037 4617 2224 4671 matris

641 4720 797 4774 fidem
841 4726 1012 4770 natus.
1042 4711 1166 4767 ideo
1207 4710 1274 4765 de
1301 4709 1400 4764 hac
1425 4710 1648 4763 muliere
1682 4707 1803 4777 jure
1832 4708 1951 4777 quis
1984 4706 2177 4761 dixerit
2207 4723 2220 4758 :

642 4810 742 4877 Qui
765 4806 1012 4862 seminam
1037 4804 1090 4858 in
1119 4801 1376 4872 lacrymis,
1402 4801 1455 4853 in
1480 4798 1815 4854 multatione
1837 4806 2018 4852 metant
2045 4796 2219 4867 (Psal.

640 4901 766 4956 125.
788 4899 868 4968 5).
899 4897 1046 4951 llane
1082 4893 1394 4949 aemulemur
1429 4891 1550 4956 viri,
1586 4889 1725 4944 hanc
1764 4889 2037 4944 imitentur
2072 4887 2226 4945 femi-

645 5006 769 5048 nze:
802 5003 922 5043 nam
967 4986 1240 5052 utriusque
1280 4996 1440 5037 sexus
1466 4980 1718 5052 magistra
1747 4989 1831 5036 est
1858 4976 2068 5034 mulier.
2098 4979 2228 5046 Quae

643 5082 855 5141 steriles
900 5087 1024 5132 sunt
1047 5119 1063 5141 ,
1099 5091 1166 5131 ne
1211 5075 1532 5144 desperent:
1559 5089 1678 5143 qua:
1716 5080 1912 5128 matres
1950 5081 2112 5136 sunt,
2152 5072 2230 5127 sic

645 5177 873 5230 educent
917 5179 1068 5224 natos
1113 5168 1308 5222 liber-3
1335 5184 1348 5229 ;
1378 5165 1470 5220 sed
1518 5180 1703 5220 omnes
1750 5165 1907 5220 simul
1958 5165 2228 5219 imitemur

646 5264 883 5322 mulieris
899 5258 1303 5331 philosophiam.
1323 5271 1478 5326 quam
1495 5257 1676 5311 habuit
1691 5267 1812 5311 ante
1829 5264 2061 5326 partum,
2075 5255 2230 5310 fidem

647 5371 804 5427 quam
862 5349 1044 5406 habuit
1097 5353 1148 5403 itt
1198 5359 1347 5415 partu
1388 5389 1402 5409 ,
1453 5347 1790 5417 studiumque
1843 5346 1985 5417 quod
2050 5346 2234 5401 habuit

653 5457 771 5520 post
809 5455 1035 5515 partum.
1064 5439 1200 5507 Quid
1226 5440 1365 5494 enim
1401 5454 1520 5493 esse
1561 5439 1724 5507 possit
1750 5438 1836 5491 illa
1866 5437 2088 5491 muliere
2116 5452 2230 5490 ma-

649 5541 731 5611 gis
795 5533 1212 5606 philosophicum
1241 5571 1255 5596 ,
1305 5545 1423 5600 quae
1466 5527 1823 5583 calamitatem
1865 5526 1999 5581 adeo
2046 5526 2237 5582 intole-

653 5628 871 5684 rabilem
916 5622 1120 5696 placide
1169 5619 1477 5689 fortiterque
1507 5619 1660 5683 tulit,
1695 5632 1794 5672 nec
1829 5618 1971 5686 prius
1999 5616 2234 5683 destitit,

584 5772 586 5775 .
653 5719 824 5774 donec
862 5730 978 5772 eam
1008 5712 1306 5769 molestiam
1336 5709 1604 5772 discussit,
1634 5707 1866 5777 malique
1899 5707 2056 5762 linem
2084 5723 2236 5776 repe-

656 5810 761 5869 rit.
794 5817 905 5861 tum
954 5802 1354 5866 admirandum,
1398 5812 1509 5856 tum
1563 5798 1968 5864 incredibilem;
2004 5797 2148 5851 nullo
2204 5813 2235 5850 e

1284 421 1339 477 S.
1379 419 1658 479 .IOANNIS
1695 415 2169 477 CHRYSOSTOMI
2213 413 2525 471 ARClllEP.
2556 411 3091 474 CONSTANNNOP.

3811 417 3908 474 6“

2321 528 2548 583 terrenis
2573 528 2742 583 accito
2769 526 3014 598 adiutore
3042 537 3095 582 et
3123 524 3484 595 opitulatore?
3511 524 3746 583 Noverat
3770 529 3912 584 enim

2317 619 2698 674 humanitatem
2731 619 2958 683 Domini,
2984 632 3155 688 eoque
3183 617 3296 672 sola
3325 617 3473 671 illum
3499 617 3650 684 adiit,
3679 629 3739 673 et
3759 621 3916 688 quid-

2314 712 2429 780 quit
2444 713 2608 767 voluit
2625 711 2940 781 impetravit.
2963 709 3144 781 Neque
3159 709 3302 765 enim
3321 709 3613 765 humanum
3629 711 3914 776 auxilium,

2313 803 2410 858 sed
2439 803 2673 858 divinam
2698 804 2922 874 gratiam
2949 803 3253 870 requirebat
3283 801 3424 856 illius
3451 802 3684 857 tristitia:
3724 818 3916 857 corre-

2313 897 2420 950 ctio
2444 913 2456 947 :
2478 909 2539 950 ea
2558 895 2704 950 enim
2735 910 2841 950 non
2871 893 3188 950 nascebatur
3215 909 3280 949 ex
3303 892 3511 962 jactura
3537 895 3912 963 pecuniarum.

2315 997 2368 1039 ut
2419 984 2609 1055 aliquis
2647 985 2810 1040 allato
2851 999 2985 1039 auro
3026 983 3256 1039 dilueret
3299 998 3558 1054 angorem
3585 1001 3602 1040 :
3628 999 3808 1055 neque
3846 1001 3913 1040 ex

2312 1075 2532 1130 adversa
2560 1076 2802 1145 corporis
2831 1074 3132 1129 valetudine
3153 1117 3166 1140 ,
3196 1083 3252 1128 ut
3278 1075 3467 1129 accitis
3508 1074 3731 1130 medicis
3762 1090 3914 1131 more

2315 1167 2441 1219 bum
2471 1176 2649 1233 posset
2679 1166 2914 1234 abigere.
2949 1165 3146 1220 Natura
3175 1175 3291 1219 erat
3317 1167 3456 1221 male
3484 1164 3674 1220 affecta
3701 1208 3718 1233 ,
3747 1167 3913 1221 cmic-

2312 1269 2449 1311 stem
2489 1273 2706 1312 manum
2747 1257 3078 1312 desiderans.
3133 1257 3318 1328 quue
3358 1272 3490 1312 sane
3529 1260 3916 1329 przctermissis

2312 1350 2562 1404 omnibus
2585 1351 2833 1414 terrenis,
2865 1350 2930 1404 ad
2964 1359 3170 1404 natura:
3202 1351 3485 1405 Dominum
3510 1349 3778 1421 confugit,
3811 1366 3916 1407 nec

2296 1444 2459 1511 prius
2485 1443 2707 1508 destitit,
2739 1459 2899 1513 quam
2931 1444 3080 1497 illum
3105 1452 3376 1508 exoraret,
3410 1453 3467 1500 ut
3492 1443 3782 1499 orbitatem
3812 1444 3917 1500 tol—

2315 1535 2467 1600 leret,
2496 1551 2558 1590 ac
2579 1537 2794 1591 vulvam
2816 1537 3069 1605 aperiret,
3089 1551 3227 1606 eque
3245 1536 3412 1591 sterili
3436 1535 3637 1592 faceret
3659 1547 3912 1592 matrem.

2314 1626 2492 1705 Itaque
2515 1628 2668 1682 beata
2695 1635 2777 1681 est
2802 1635 2857 1682 et
2884 1627 2954 1682 ob
2982 1627 3102 1694 hoc,
3135 1642 3241 1682 non
3271 1627 3412 1698 quod
3438 1637 3613 1684 mater
3637 1627 3776 1684 facta
3803 1632 3912 1692 sit,

2312 1719 2406 1773 sed
2435 1719 2600 1788 quod,
2621 1733 2744 1774 eam
2773 1734 2876 1772 nou
2903 1728 3067 1781 esset,
3093 1719 3227 1774 facta
3255 1721 3344 1774 sit.
3371 1719 3645 1790 Siquidem
3672 1721 3802 1776 illud
3829 1732 3915 1776 est

2312 1818 2517 1864 natura-
2539 1826 2822 1865 commune
2844 1851 2858 1874 ,
2891 1809 2993 1865 huc
3022 1821 3202 1865 autem
3239 1820 3356 1865 erat
3392 1811 3649 1866 eximium
3694 1812 3916 1869 femina

2312 1902 2563 1956 meritum
2619 1902 2777 1956 Beata
2805 1901 3020 1972 quidem
3054 1902 3211 1970 igitur
3237 1910 3292 1955 et
3322 1912 3540 1970 propter
3569 1903 3724 1957 nixus
3752 1905 3909 1968 illos,

2314 1992 2661 2046 nihilominus
2687 2001 2862 2047 tamen
2892 1990 3043 2046 beata
3074 1999 3292 2061 propter
3315 1991 3494 2045 omnia
3523 1991 3608 2046 illa
3637 2007 3760 2068 (ωε
3791 2006 3915 2063 par-

2315 2092 2428 2138 tum
2461 2093 2867 2152 prmeesseruut.
2898 2082 3059 2138 Scitis
3082 2083 3227 2138 enim
3264 2083 3506 2153 profecto
3535 2099 3724 2140 omnes
3747 2127 3762 2147 .
3795 2088 3914 2144 sive

2313 2174 2602 2238 mulieres,
2631 2174 2744 2229 sive
2792 2174 2929 2241 viri,
2955 2173 3088 2228 nihil
3128 2176 3348 2244 gravius
3389 2184 3483 2229 aut
3522 2175 3914 2232 intolerabilius

2311 2265 2558 2320 accidere
2584 2280 2740 2334 posse
2772 2265 2981 2320 femina:
3001 2307 3015 2331 ,
3039 2279 3197 2335 quam
3236 2275 3294 2319 ut
3328 2265 3509 2320 liberis
3532 2275 3748 2331 careat;
3775 2266 3916 2323 adeo

2313 2366 2371 2410 ut
2394 2357 2436 2411 si
2464 2355 2611 2411 mille
2633 2356 3076 2426 prosperitatibus
3100 2356 3297 2426 alioqui
3320 2354 3547 2422 fruatur,
3569 2356 3814 2412 dolorem
3841 2373 3912 2413 cx

2311 2448 2417 2503 hoc
2443 2449 2666 2504 vulnere
2692 2456 2874 2503 natum
2904 2463 3193 2518 numquam
3225 2464 3291 2504 ex
3319 2449 3502 2503 animo
3524 2449 3701 2503 valeat
3725 2448 3916 2519 depel-

2313 2538 2446 2595 lere.
2476 2538 2628 2608 Quod
2655 2540 2699 2594 si
2735 2539 2786 2593 ιιι
2815 2553 2956 2594 nunc
2982 2538 3115 2594 adeo
3141 2545 3225 2594 est
3255 2537 3666 2604 intolerandum,
3691 2554 3815 2593 cum
3841 2539 3914 2594 ad

2315 2630 2576 2700 majorem
2603 2630 2992 2701 philosophiam
3019 2629 3192 2686 vocati
3220 2643 3428 2696 sumus,
3456 2644 3686 2700 cumque
3712 2629 3779 2684 ad
3804 2643 3914 2685 cas-

2311 2725 2425 2780 lum
2448 2723 2788 2779 tendentibus
2816 2723 2993 2778 nullus
3021 2732 3107 2779 est
3135 2738 3316 2779 rerum
3350 2724 3694 2794 praesentium
3724 2739 3916 2794 respe-

2311 2821 2454 2880 ctus,
2481 2812 2576 2868 sed
2603 2811 2670 2867 ad
2697 2813 2922 2868 alteram
2947 2812 3117 2869 vitam
3140 2812 3488 2878 adornamur,
3518 2827 3749 2881 cumque
3773 2813 3917 2868 mul-

2313 2902 2384 2961 tis
2424 2892 2671 2959 laudibus
2695 2901 2921 2958 effertur
2950 2903 3227 2975 virginitas
3254 2903 3464 2973 :cogita
3493 2915 3706 2974 quantm
3735 2903 3915 2960 infeli-

2315 2995 2491 3052 citatis
2533 3011 2596 3052 ea
2631 3012 2719 3051 res
2759 2996 2870 3050 visa
2913 3005 3022 3049 tum
3071 2995 3252 3058 fuerit,
3283 3009 3408 3050 eum
3433 2993 3738 3050 futurorum
3767 2995 3918 3050 nulla

2313 3095 2459 3144 esset
2482 3102 2630 3157 spes,
2658 3101 2722 3141 ac
2762 3102 2830 3142 ne
2850 3086 3100 3156 cogitatio
3125 3086 3339 3155 quidem
3357 3085 3633 3142 veteribus
3653 3086 3792 3153 illis,
3818 3087 3920 3143 sed

2315 3178 2493 3233 omnia
2522 3178 2711 3231 lierent
2739 3191 2917 3231 rerum
2948 3176 3291 3246 prznseutiam
3315 3178 3486 3248 gratia
3513 3195 3525 3230 :
3551 3191 3672 3231 eum
3695 3175 3751 3232 id
3777 3184 3921 3232 tem-

2319 3270 2463 3340 poris
2501 3268 2739 3323 sterilem
2774 3278 2828 3324 et
2860 3269 3045 3323 orbam
3093 3283 3215 3323 esse
3251 3267 3524 3334 feminam,
3551 3268 3923 3326 damnationis

2316 3371 2500 3419 notam
2524 3360 2710 3418 ferret.
2741 3360 2909 3416 Nemo
2938 3361 3108 3430 possit
3136 3360 3314 3430 eloqui
3339 3400 3355 3427 ,
3385 3376 3486 3416 nec
3517 3359 3631 3416 ullo
3661 3375 3922 3418 sermone

2315 3453 2571 3523 consequi
2592 3451 2794 3507 doloris
2815 3450 3239 3522 magnitudinem
3254 3467 3318 3507 ex
3344 3451 3445 3507 hoc
3459 3452 3681 3509 vulnere
3701 3453 3926 3509 venien-

2319 3546 2407 3601 tis.
2437 3545 2627 3601 Testes
2669 3560 2800 3599 vero
2845 3553 2972 3598 sunt
3021 3543 3237 3598 femina:
3259 3583 3274 3608 ,
3303 3559 3423 3614 qua:
3459 3559 3583 3600 cum
3623 3545 3678 3599 in
3707 3546 3924 3600 meris

2318 3652 2530 3696 omnem
2550 3634 2892 3692 exhibuerint
2917 3634 3349 3705 philosophiam,
3379 3633 3518 3690 hanc
3547 3633 3924 3692 infelicitatem

2320 3742 2429 3783 non
2477 3727 2812 3798 pertulerunt
2857 3741 3013 3796 aequo
3051 3726 3232 3780 animo
3258 3740 3274 3790 ;
3299 3724 3396 3781 sed
3421 3719 3666 3804 quaedam
3709 3727 3925 3782 maritis

2321 3818 2612 3888 indignata:
2643 3825 2796 3882 sunt,
2829 3816 2950 3871 alia:
2976 3815 3077 3871 sibi
3103 3817 3270 3870 vitam
3293 3815 3604 3885 iudicarunt
3628 3831 3754 3872 esse
3780 3817 3926 3889 inju-

2320 3908 2570 3964 cuudam.
2619 3908 2768 3963 llanc
2804 3923 2934 3963 vero
2973 3907 3228 3963 feminam
3279 3920 3384 3961 non
3416 3908 3660 3962 anxietas
3695 3907 3863 3962 modo
3889 3923 3924 3964 ι

2322 4000 2604 4066 sterilitate
2636 3999 2956 4068 provenicns
2973 4040 2989 4064 ,
3012 4013 3202 4054 verum
3228 4006 3283 4053 et
3310 3996 3455 4052 aliud
3483 3995 3741 4067 quiddam
3769 3999 3925 4055 obsi-

2324 4091 2485 4146 debat
2531 4090 2763 4158 malum,
2795 4089 2874 4144 ira
2926 4088 3175 4144 videlicet
3217 4097 3436 4159 propter
3477 4088 3686 4144 aemulae
3729 4104 3927 4160 oppro-

2322 4181 2459 4238 bria.
2488 4182 2554 4236 Et
2592 4181 2730 4237 sicut
2757 4181 2931 4236 ventis
2975 4195 3040 4235 ex
3079 4180 3308 4236 adverso
3352 4180 3495 4236 inter
3538 4194 3660 4236 sese
3697 4196 3927 4237 concur-

2324 4272 2597 4338 rentibus,
2646 4271 2985 4341 mediamque
3028 4271 3317 4342 scapham,
3369 4271 3498 4326 dum
3547 4273 3688 4328 inter
3727 4289 3792 4330 se
3824 4273 3924 4330 de-

2325 4372 2595 4434 pugnant,
2623 4363 3033 4433 corripientibus
3052 4403 3069 4428 ,
3109 4377 3171 4417 ac
3199 4363 3379 4417 multis
3402 4361 3650 4418 ﬂuetibus
3680 4367 3870 4434 partim
3893 4380 3925 4421 a

2329 4471 2483 4526 prora
2509 4497 2524 4521 ,
2568 4455 2848 4526 partim‘a
2902 4454 3062 4523 puppi
3120 4453 3554 4525 insurgentibus,
3599 4455 3927 4524 gubernator

2326 4546 2479 4602 clavo
2509 4543 2753 4599 assidens
2783 4517 2969 4600 ‘servat
2993 4545 3172 4598 navim
3198 4585 3213 4611 ,
3243 4543 3508 4599 undarum
3550 4545 3797 4602 incursus
3825 4563 3927 4618 gu-

2328 4637 2585 4693 bernandi
2634 4636 2912 4707 prudentia
2962 4636 3243 4707 depellens
3288 4654 3304 4690 :
3347 4636 3426 4692 sic
3476 4647 3532 4693 et
3576 4640 3772 4694 mulier
3815 4650 3928 4695 tum

2329 4730 2590 4798 illucum
2635 4729 2711 4782 ira
2760 4737 2816 4782 et
2859 4741 3025 4798 angor
3063 4742 3161 4782 ceu
3207 4726 3348 4782 venti
3396 4727 3446 4781 in
3483 4729 3723 4782 animum
3764 4731 3930 4799 ipsius

2331 4819 2565 4876 facerent
2589 4819 2867 4889 impetum,
2897 4819 3158 4874 rationein
3195 4818 3337 4874 illius
3357 4817 3729 4889 perlurhantes
3748 4861 3765 4887 ,
3797 4822 3932 4874 niui-

2336 4922 2524 4981 tosque
2571 4911 2761 4965 ﬂuetus
2801 4912 3098 4966 excitarent
3121 4950 3135 4975 ,
3168 4925 3274 4964 non
3316 4909 3428 4980 jam
3466 4910 3684 4964 biduum
3715 4921 3810 4967 aut
3838 4914 3930 4966 tri-

2333 5001 2535 5066 duum,
2579 5011 2670 5055 aut
2716 5000 2832 5056 dies
2875 5000 3105 5071 viginti,
3149 4999 3243 5057 sed
3279 5011 3335 5056 et
3374 5010 3516 5057 totos
3553 5002 3775 5076 annos(
3811 5020 3928 5059 nam

2337 5092 2478 5158 hoc,
2528 5103 2588 5148 ut
2633 5093 2710 5148 ait
2747 5092 3020 5161 Scriptura
3046 5132 3060 5158 ,
3107 5092 3278 5147 multo
3323 5101 3568 5164 tempore
3606 5093 3805 5150 factum
3851 5105 3928 5151 est

2341 5183 2415 5256 [l.
2450 5184 2578 5255 Reg.
2630 5186 2682 5239 l.
2735 5183 2815 5256 7])
2866 5184 3072 5238 fortiter
3115 5183 3332 5256 pertulit
3376 5193 3788 5253 tempestatem,
3836 5201 3936 5243 nec

2338 5254 2492 5345 passa
2530 5254 2612 5330 est
2655 5254 2915 5329 rationem
2955 5273 3216 5343 demergi.
3261 5254 3538 5344 Siquidem
3583 5273 3674 5329 Dei
3723 5273 3888 5331 timor
3913 5318 3929 5341 ,

2340 5375 2604 5436 tamquam
2635 5365 2920 5419 nauclerus
2943 5363 3319 5434 gubernaculis
3355 5361 3633 5430 assidens,
3665 5367 3932 5434 persuasit

2341 5473 2457 5514 eam
2489 5465 2861 5528 tempestatem
2905 5471 3100 5526 magno
3133 5457 3318 5511 animo
3355 5455 3734 5526 perferendam
3771 5473 3934 5525 esse;

2345 5563 2443 5603 nec
2496 5548 2640 5617 prius
2683 5546 2888 5602 destitit
2916 5555 3152 5601 mentem
3201 5544 3349 5600 illius
3383 5545 3692 5616 gubernare
3715 5587 3730 5611 ,
3763 5546 3937 5603 donec

2347 5638 2397 5692 iu
2428 5636 2771 5707 tranquillum
2816 5636 3107 5691 adduceret
3146 5645 3360 5706 portam
3400 5651 3588 5692 navem
3625 5652 3793 5694 onere
3821 5639 3938 5709 ple-

2349 5744 2491 5792 nam,
2517 5728 2619 5783 hoc
2638 5735 2739 5792 est,
2764 5737 2971 5782 uterum
2995 5727 3227 5798 pretioso
3253 5725 3506 5782 thesauro
3539 5741 3818 5786 onustum.
3837 5728 3939 5787 Ne-

2349 5834 2451 5890 que
2463 5820 2604 5874 enim
2628 5835 2814 5872 aurum
2840 5828 3186 5888 argentumve
3211 5817 3474 5890 portabat,
3498 5821 3593 5874 se.l
3631 5819 3942 5894 prophetae:
