4106 6522
246 424 349 481 665

243 548 298 593 et
319 536 652 593 sacerdotem
669 550 684 601 ;
701 540 921 602 eratque
941 530 1151 602 gemina
1173 528 1290 599 ejus
1310 529 1447 585 uteri
1468 526 1841 587 sanctificatio.

243 640 298 683 ct
324 627 465 697 quod
492 626 580 681 tali
606 640 771 695 puero
797 638 1079 694 praegnans
1099 629 1265 685 esset,
1296 630 1349 675 et
1375 617 1516 689 quod
1538 616 1850 687 conceptio-

247 720 332 773 uis
392 718 598 773 initium
650 731 742 787 per
780 713 1144 784 precationem
1196 726 1261 766 ac
1303 712 1575 765 caelestem
1620 708 1850 779 gratiam

246 812 562 882 accepisset.

319 905 374 958 Ξ.
403 903 550 959 Onus
576 910 754 957 autem
779 899 905 955 illud
928 914 1034 954 non
1058 896 1231 952 solum
1263 904 1380 952 erat
1423 895 1754 964 inopinatum
1798 900 1853 947 et

245 995 583 1061 admirabile,
624 1008 810 1050 verum
836 1002 890 1047 et
927 990 1301 1062 negotiationis
1328 988 1520 1045 modus
1554 986 1653 1043 fuit
1676 986 1851 1041 admi-

248 1089 467 1144 rabilior
496 1106 507 1142 :
538 1103 711 1159 neque
747 1088 888 1142 enim
929 1085 1056 1140 illud
1102 1083 1406 1139 hominibus
1452 1080 1574 1136 ullis
1615 1077 1855 1133 vendidit

246 1191 341 1236 aut
386 1180 822 1251 negotiatoribus,
854 1177 947 1232 sed
982 1178 1225 1247 protinus
1251 1184 1308 1230 ut
1332 1182 1654 1243 exposuerat
1681 1186 1713 1227 e
1734 1184 1853 1226 sca-

248 1272 376 1340 phn,
411 1273 520 1327 Deo
563 1269 843 1326 vendidit:
880 1276 1084 1322 tantum
1124 1276 1305 1323 autem
1351 1267 1451 1319 hac
1494 1262 1856 1334 negotiatione

252 1365 458 1420 lucrum
484 1364 624 1424 fecit,
672 1372 929 1433 quantum
977 1361 1150 1415 facere
1185 1374 1279 1427 par
1302 1366 1385 1413 est
1413 1372 1553 1421 eam,
1586 1368 1706 1424 quae
1731 1366 1852 1408 cum

251 1455 361 1510 Deo
391 1456 634 1509 habuerit
655 1454 1062 1509 commercium.
1090 1451 1302 1506 Etenim
1351 1458 1699 1519 posteaquam
1731 1460 1855 1501 eum

250 1546 418 1602 fctum
437 1557 714 1615 acceperat
734 1546 893 1606 Dens,
916 1543 1150 1599 reddidit
1168 1542 1243 1597 illi
1263 1542 1492 1596 alterum
1510 1539 1675 1594 lilium
1710 1556 1722 1591 :
1749 1536 1857 1591 imo

251 1640 451 1711 potius,
470 1653 576 1692 non
600 1652 782 1701 unum,
804 1651 978 1706 neque
996 1635 1151 1699 duos,
1175 1647 1347 1702 neque
1375 1640 1506 1697 tres,
1532 1643 1703 1699 neque
1724 1643 1856 1697 qua-

256 1742 378 1785 tuor
397 1739 620 1793 tantum,
642 1729 734 1784 scd
759 1728 841 1782 his
862 1728 1032 1782 multo
1050 1726 1253 1795 plures,
1277 1725 1409 1791 Quia
1429 1722 1631 1784 sterilis,
1651 1720 1853 1790 inquit,

252 1822 447 1891 peperit
486 1829 675 1889 septem
706 1819 781 1889 (ί.
818 1818 943 1888 Reg.
976 1817 1029 1873 2.
1063 1816 1140 1885 ὅ),
1172 1824 1227 1869 et
1256 1830 1413 1867 nsura
1441 1822 1640 1867 Sortem
1671 1824 1859 1865 exces-

250 1913 343 1967 sit.
372 1912 515 1966 Talis
549 1910 692 1966 enim
719 1918 801 1963 est
832 1908 1138 1979 negotiatio,
1166 1920 1284 1975 qua:
1324 1920 1445 1958 cum
1478 1903 1586 1957 Deo
1612 1903 1815 1971 geritur
1840 1916 1854 1953 :

253 2017 362 2058 non
392 2002 481 2057 ille
520 2001 1059 2070 quantulamcumque
1096 1996 1257 2051 sortis
1287 2003 1512 2065 partem,
1539 1991 1633 2047 sed
1679 1990 1860 2046 multis

253 2094 493 2165 partibus
543 2092 971 2161 conduplicatatn
1018 2089 1213 2144 reddit.
1263 2086 1446 2157 Neque
1490 2086 1668 2140 solum
1713 2084 1861 2140 dedit

254 2188 333 2243 illi
367 2188 542 2257 proles
596 2187 872 2248 femineas,
896 2182 991 2238 scd
1020 2198 1083 2237 ex
1117 2191 1343 2250 utroque
1383 2193 1516 2234 sexu
1554 2178 1762 2231 lucrum
1790 2176 1856 2230 il-

252 2281 357 2336 lius
399 2280 709 2343 cumulavit,
744 2288 801 2331 ut
826 2276 900 2330 illi
949 2276 1060 2345 jam
1099 2272 1395 2343 perlectum
1423 2269 1709 2341 contigerit
1732 2284 1861 2340 gau-

255 2375 427 2430 diutn.
480 2374 605 2429 Haec
632 2388 698 2427 eo
727 2383 1114 2434 commemoro,
1145 2383 1251 2422 non
1279 2374 1337 2422 ut
1361 2364 1589 2422 laudetis
1632 2372 1859 2430 tantum,

256 2468 353 2522 scd
383 2475 437 2521 et
463 2464 788 2520 annoletniui
812 2463 828 2495 ί
863 2461 1021 2531 hujus
1064 2458 1303 2516 mulieris
1345 2458 1503 2515 fidem
1535 2473 1599 2513 ac
1623 2457 1860 2513 toleran-

255 2558 407 2622 tiam,
442 2569 601 2626 quam
632 2570 697 2610 ex
732 2562 880 2624 parte
920 2551 1136 2623 quidem
1167 2550 1392 2606 audistis
1441 2565 1646 2619 nuper;
1675 2562 1865 2603 verum

256 2659 309 2703 ut
344 2647 595 2716 reliquias
623 2644 1011 2715 persolvamus,
1043 2642 1322 2697 concedite
1352 2640 1481 2695 mihi
1514 2654 1677 2709 pauca
1706 2653 1864 2695 com-

264 2754 569 2795 memorare
588 2737 656 2793 de
685 2737 1025 2793 sermonibus
1068 2744 1189 2805 post
1233 2735 1459 2805 primam
1502 2734 1861 2802 precationem

257 2848 383 2888 cum
410 2830 691 2887 sacerdote
735 2830 957 2901 ejusque
1006 2830 1252 2884 ministro
1302 2827 1529 2890 habitis,
1564 2834 1620 2879 ut
1659 2826 1865 2895 perspi-

255 2924 413 2980 ciatis
440 2923 627 2980 mitem
659 2935 723 2977 ac
754 2920 1019 2991 placidum
1052 2919 1211 2989 lmjus
1238 2916 1477 2972 mulieris
1504 2918 1765 2971 animum.
1796 2914 1863 2970 Et

258 3018 455 3086 factum
495 3024 586 3080 est,
626 3014 817 3084 inquit,
864 3028 980 3066 cum
1027 3010 1394 3080 multiplicaret
1442 3010 1781 3080 precationem
1809 3008 1865 3062 in

256 3114 531 3177 conspectu
573 3105 803 3172 Domini,
856 3102 977 3159 Heli
1017 3102 1254 3159 sacerdos
1301 3102 1595 3158 observabat
1630 3118 1687 3157 os
1727 3100 1868 3157 illius

261 3198 427 3270 (Ibid.
460 3200 513 3255 t.
538 3197 653 3269 ιε).

331 3290 605 3363 Duplicem
628 3291 793 3345 Anna
828 3291 1063 3345 uirtutem
1102 3287 1303 3343 laudat.
1330 3286 1553 3344 Assidue
1592 3286 1863 3343 orandum.

258 3382 630 3440 -Geminam
694 3382 927 3453 scriptor
970 3381 1057 3438 hic
1108 3380 1364 3437 virtutem
1412 3381 1467 3437 in
1512 3380 1713 3435 femina
1766 3393 1868 3435 suo

262 3474 571 3532 testimonio
594 3474 965 3547 comprobavit
993 3492 1006 3528 :
1040 3474 1092 3529 in
1118 3473 1372 3546 precibus
1413 3472 1780 3529 assiduitatem
1816 3481 1872 3528 et

263 3566 431 3622 animi
476 3566 843 3638 vigilantiam:
875 3566 1023 3620 illam
1065 3565 1303 3637 quidem,
1330 3579 1453 3620 cum
1480 3564 1575 3633 ait,
1607 3563 1870 3634 Multipli-

260 3658 393 3714 ctm't
420 3674 439 3724 ς
468 3656 626 3725 hanc,
649 3673 771 3727 cum
812 3655 1049 3722 addidit,
1081 3655 1149 3711 In
1168 3664 1441 3727 conspectu
1469 3654 1720 3712 Domini:
1745 3670 1870 3711 nam

261 3762 455 3807 omnes
474 3724 723 3821 quidem/
736 3763 977 3816 oramus,
1004 3747 1101 3804 sed
1130 3762 1239 3805 non
1283 3724 1477 3805 omnes
1500 3748 1555 3805 ia
1578 3756 1870 3820 conspectu

265 3840 382 3897 Dei.
432 3839 641 3897 Etenim
679 3855 802 3896 cum
837 3854 1066 3910 corpore
1095 3839 1147 3895 in
1181 3848 1322 3895 terra
1356 3849 1645 3910 prostrato,
1675 3850 1732 3897 et
1777 3855 1873 3896 ore

265 3940 470 3989 temere
512 3932 795 3997 delirante,
834 3946 989 3988 mens
1013 3931 1209 4002 ubique
1231 3946 1327 4003 per
1355 3932 1576 3988 domum
1604 3947 1667 3989 ac
1697 3932 1871 3988 forum

263 4025 691 4095 circuntvagatur
720 4043 733 4081 :
765 4038 873 4096 quo
892 4040 987 4080 ore
1013 4024 1136 4079 talis
1159 4033 1345 4094 posset
1361 4022 1566 4091 dicere,
1588 4024 1731 4096 quod
1750 4020 1874 4081 ora-

265 4118 403 4173 verit
422 4118 474 4173 in
492 4124 781 4188 conspectu
802 4116 933 4172 Dei?
953 4114 1091 4171 Nam
1107 4115 1159 4171 in
1172 4124 1462 4187 conspectu
1487 4115 1696 4171 Domini
1729 4125 1870 4183 orat,

264 4208 360 4280 qui
380 4218 498 4264 orat
522 4208 757 4280 undique
775 4208 1037 4279 colligens
1056 4222 1207 4263 suam
1228 4214 1484 4271 mentem.
1504 4207 1639 4263 nihil
1668 4208 1872 4265 habens

264 4316 391 4358 cuni
413 4310 551 4358 terra
577 4301 912 4367 commercii,
928 4300 1023 4356 sed
1047 4298 1114 4355 ad
1135 4299 1310 4372 ipsum
1330 4300 1521 4357 cadum
1534 4303 1557 4336 ⁸
1577 4310 1721 4357 totus
1734 4316 1877 4358 com-

264 4396 524 4468 migrans,
546 4394 689 4450 omni
707 4393 1029 4464 cogitatione
1063 4390 1297 4448 humana
1312 4392 1382 4447 ab
1396 4393 1576 4448 animo
1597 4392 1821 4463 depulsa
1846 4410 1860 4447 :

270 4488 730 4562 quemadmodum
756 4487 809 4543 id
834 4485 1091 4556 temporis
1118 4486 1236 4542 haec
1264 4486 1390 4542 fecit
1434 4487 1630 4544 mulier
1662 4505 1676 4542 :
1705 4496 1872 4544 totam

268 4585 416 4641 enim
442 4598 561 4639 sese
588 4580 876 4653 collegerat
903 4593 968 4635 ac
996 4587 1231 4634 mentem
1274 4578 1598 4647 intenderat,
1620 4589 1780 4651 atque
1800 4580 1873 4635 ita

268 4678 442 4735 Deum
484 4672 752 4730 invocavit
797 4670 979 4727 animo
1015 4668 1251 4726 dolente.
1294 4669 1403 4726 Sed
1428 4686 1526 4727 cur
1569 4672 1873 4739 dicit,cam

268 4768 656 4839 multiplicans
689 4762 1072 4837 precationem,
1089 4760 1304 4833 quando
1329 4765 1553 4836 exiguus
1575 4774 1660 4820 est
1682 4764 1875 4822 modus

267 4859 789 4934 precationis,quatn
815 4854 952 4912 fudit
976 4853 1204 4910 mulier?
1227 4851 1411 4925 Neque
1434 4856 1486 4911 in
1508 4856 1725 4927 longum
1747 4871 1876 4929 pro-

267 4951 423 5008 duxit
447 4964 773 5017 sermonem,
793 4960 969 5019 neque
997 4945 1049 5000 in
1080 4944 1309 5000 multum
1328 4948 1585 5018 temporis
1599 4947 1839 5005 extendit
1854 4946 1876 4980 ³

267 5042 714 5113 supplicationem
732 5080 749 5108 ,
780 5036 877 5095 sed
904 5048 1071 5107 pauca
1106 5033 1355 5107 nudaque
1370 5037 1530 5094 verba
1558 5038 1877 5111 proloquuta

268 5142 376 5189 est.
405 5133 611 5189 About
640 5145 839 5188 nomn:
858 5130 993 5188 Ειοι
1036 5138 1299 5198 ssnon,
1323 5130 1367 5185 si
1392 5129 1667 5201 respiciens
1706 5145 1877 5201 respe-

267 5226 410 5283 xeris
436 5224 507 5279 ad
525 5224 861 5280 hundlitatan
900 5225 1106 5281 ancilla
1148 5237 1284 5291 tua,
1320 5225 1516 5296 meique
1546 5239 1738 5279 memor
1758 5205 1875 5294 fuc-

270 5318 368 5383 r-is,
395 5316 686 5372 κατοικία
702 5315 913 5373 ancilla
930 5326 1052 5385 tua,
1080 5316 1377 5387 dederisquc
1400 5315 1606 5370 ancilla:
1621 5324 1723 5371 tua
1756 5330 1878 5387 pro-

272 5411 377 5468 lem
419 5408 966 5479 mulam,o[omn
1006 5409 1155 5466 illam
1180 5410 1315 5466 dono
1350 5409 1406 5464 in
1432 5418 1705 5477 conspectu
1746 5417 1834 5463 tne
1855 5446 1873 5475 ,

271 5520 432 5577 usque
487 5503 558 5559 ad
593 5503 729 5561 diem
766 5505 943 5560 mortis
987 5504 1171 5577 ipsius.
1217 5501 1403 5558 Vinum
1425 5512 1472 5558 et
1511 5501 1758 5574 quidquid
1788 5502 1877 5556 in-

272 5639 728 5755 lJmt’tegmetconi.
752 5640 1036 5702 damnante
1055 5638 1309 5691 laudemus
1328 5644 1530 5702 tantum,
1551 5635 1641 5689 sed
1660 5643 1877 5689 am-

339 5737 732 5828 ἶῗιὸιῖἶξειιιηι,
752 5763 899 5815 deest
922 5764 973 5814 tn
992 5763 1207 5828 Colbaet
1225 5770 1345 5828 ttog.

340 5825 362 5858 ³
381 5827 468 5892 sic
500 5821 771 5892 'Coln._t_luo
807 5834 861 5877 et
883 5833 1022 5890 303.,
1046 5825 1225 5877 melius
1255 5821 1402 5892 quam
1421 5822 1566 5876 Savﬂ.
1601 5830 1659 5877 et
1685 5821 1875 5888 ιιοιοι..

264 5895 354 5946 qut
380 5887 563 5939 habent
575 5920 591 5943 .
611 5886 801 5950 abiecit.

1570 410 1656 465 DE
1697 408 1878 465 ANNA
1919 405 2151 463 δειιιιυ
2177 404 2241 463 ll.

3064 0 3831 18 ὶνίέ--Ϋ

3470 404 3577 460 (illi

1960 524 2120 579 ebriat
2146 540 2247 578 non
2272 522 2421 587 bibet,
2453 532 2499 576 et
2526 522 2714 591 ferrum
2736 536 2850 575 non
2864 520 3100 575 ascendet
3112 534 3264 590 super
3287 517 3576 589 caputeius

1960 616 2036 689 (ι.
2063 616 2193 688 Reg.
2244 616 2294 671 1.
2334 616 2445 685 11).
2483 614 2614 684 Quae
2658 624 2741 670 est
2780 614 2865 668 hic
2909 613 3196 669 verborum
3248 608 3577 667 multitudo?

1959 708 2099 778 Quid
2138 710 2298 780 igitur
2347 710 2541 773 innuit,
2570 724 2692 764 cum
2734 707 2829 774 ait,
2861 706 3261 778 Multiplicavit.’
3297 704 3423 760 Ιιιιιο
3472 702 3578 757 fre-

1959 810 2188 872 quenter
2231 800 2463 867 dicebat,
2511 816 2611 857 nec
2637 799 2842 855 destitit
2869 798 3058 855 iisdem
3100 798 3282 853 verbis
3320 795 3581 851 iterandis

1965 896 2193 950 multum
2235 896 2494 966 temporis
2534 894 2841 949 absumere.
2869 892 2947 948 ita
2973 901 3028 949 et
3055 882 3580 943 CbristusiltEvau-

1960 986 2100 1057 gelin
2126 986 2306 1041 decuit
2331 1001 2507 1042 orare.
2542 985 2678 1041 Cum
2711 985 2854 1042 enim
2878 984 3132 1055 jussisset
3176 982 3474 1055 discipulis,
3511 994 3579 1035 ne

1962 1094 2112 1135 more
2156 1080 2431 1150 gentilium
2478 1090 2715 1145 orarent,
2747 1087 2961 1134 utentes
3008 1075 3366 1146 multiloquio,
3412 1073 3577 1129 etiam

1961 1170 2179 1226 modum
2207 1171 2529 1239 precationis
2549 1170 2728 1226 docuit
2750 1168 2967 1240 (Matth.
2987 1168 3041 1222 6.
3069 1166 3144 1235 7):
3173 1164 3487 1228 oStendens,
3518 1171 3578 1217 ut

1961 1262 2316 1317 exattdiatnnr
2364 1277 2471 1317 non
2532 1276 2653 1318 esse
2702 1262 2862 1315 situm
2906 1260 2957 1314 in
3002 1257 3290 1313 verborum
3340 1254 3580 1310 multitu-

1964 1353 2109 1420 dine,
2160 1352 2255 1408 sed
2276 1352 2328 1407 in
2354 1352 2627 1423 vigilantia
2654 1351 2870 1407 mentis.
2899 1348 3180 1417 Quomodo
3219 1346 3398 1416 igitur,
3431 1345 3582 1400 dixe-

1965 1445 2036 1499 rit
2081 1443 2311 1515 aliqttis,
2360 1446 2403 1500 si
2446 1444 2630 1514 paucis
2680 1442 2945 1499 orandum
2986 1449 3098 1505 est,
3149 1439 3457 1511 parabolam
3502 1438 3581 1492 eis

1966 1539 2263 1610 proposuit,
2308 1538 2689 1593 admonentem
2724 1552 2941 1607 semper
2985 1549 3106 1591 esse
3144 1534 3447 1590 orandum?
3481 1532 3571 1586 Vi-

1963 1632 2066 1687 dua
2110 1632 2354 1702 quaedam
2400 1642 2552 1697 erat,
2594 1647 2713 1701 qua:
2762 1630 2979 1685 assidue
3032 1628 3354 1699 appellando
3379 1626 3577 1683 crude-

1965 1722 2073 1779 lem
2120 1724 2547 1778 etinlmmanum
2584 1723 2841 1793 judicem,
2867 1735 3040 1791 neque
3081 1722 3249 1774 Deum
3278 1720 3579 1786 timentem,

1966 1831 2139 1885 neque
2181 1815 2429 1870 homines
2454 1824 2813 1879 reverentem,
2848 1812 3158 1883 frequenter
3201 1810 3389 1869 adiens
3430 1810 3576 1866 ﬂexit

1966 1904 2120 1976 (Luc.
2147 1906 2232 1962 l8.
2256 1905 2402 1979 5-5).
2418 1906 2700 1973 Quomodo
2718 1920 2815 1961 nos
2830 1915 2883 1960 et
2902 1905 3097 1959 Paulus
3110 1906 3357 1958 hortatur
3372 1902 3579 1967 dicens,

1968 1999 2261 2055 Precationi
2302 2002 2547 2056 instantes
2575 1999 2757 2069 (Rom.
2792 1997 2879 2052 12.
2917 1997 3027 2067 12),
3051 2011 3113 2051 ac
3144 2011 3348 2057 rursus,
3377 1993 3583 2050 Iudai-

1966 2102 2142 2147 nenter
2165 2103 2308 2145 orate
2328 2093 2404 2160 (l.
2430 2090 2609 2145 Thess.
2636 2090 2689 2145 5.
2716 2088 2804 2159 17)
2828 2090 2849 2141 ἲ
2868 2086 3003 2143 Nam
3021 2089 3065 2143 si
3097 2087 3257 2143 verba
3274 2086 3514 2157 proferre
3530 2088 3585 2141 in

1968 2184 2188 2254 longum
2218 2198 2325 2240 non
2352 2191 2589 2253 oportet,
2607 2190 2660 2237 ct
2683 2189 2865 2236 tamen
2889 2180 3104 2236 assidue
3130 2195 3305 2244 orare,
3333 2180 3434 2234 hoc
3458 2194 3585 2234 cum

1971 2278 2063 2332 illo
2106 2285 2323 2348 pugnat.
2373 2276 2489 2332 Non
2537 2272 2679 2332 inter
2706 2288 2769 2331 se
2814 2281 3055 2345 pugnant
3100 2272 3229 2338 ista;
3276 2273 3454 2329 absit:
3488 2272 3585 2329 sed

1968 2387 2294 2443 magnopere
2341 2372 2481 2427 inter
2511 2387 2571 2426 se
2600 2378 2927 2441 congruunt.
2952 2365 3226 2439 Siquidem
3258 2377 3311 2423 et
3337 2366 3587 2422 Christus

1967 2472 2023 2518 et
2048 2463 2242 2518 Paulus
2262 2462 2425 2533 jussit
2453 2463 2666 2528 breves,
2691 2461 2786 2517 sed
2819 2458 3040 2517 crebras
3085 2460 3202 2515 fieri
3247 2456 3589 2530 precationes

1966 2569 2034 2609 ex
2083 2555 2269 2625 paucis
2308 2554 2623 2610 intervallis.
2670 2550 2807 2609 Nam
2853 2548 2976 2607 siin
3012 2552 3237 2623 longum
3273 2550 3588 2606 extenderis

1970 2647 2159 2713 verba,
2189 2661 2313 2702 cum
2362 2646 2673 2717 frequenter
2716 2661 2906 2716 parum
2945 2646 3031 2700 sis
3072 2654 3331 2709 attentus,
3362 2646 3588 2703 multaut

1968 2737 2245 2792 audaciam
2272 2737 2486 2794 diabolo
2511 2737 2887 2809 suppeditasti,
2912 2746 2963 2792 ut
2995 2736 3219 2792 accedat
3242 2738 3579 2809 supplantat-

1969 2845 2093 2901 que,
2123 2846 2187 2886 ac
2211 2842 2445 2886 mentem
2468 2829 2536 2884 ab
2565 2831 2630 2885 iis
2654 2845 2775 2901 quae
2795 2828 3049 2884 dicuntur
3093 2839 3287 2885 avocet
3320 2847 3333 2883 :
3363 2830 3509 2900 quod
3534 2831 3584 2886 si

1970 2924 2277 2993 frequenter
2293 2940 2356 2979 ac
2384 2922 2611 2981 subinde
2636 2922 2901 2990 oraveris,
2932 2930 3145 2993 tempus
3192 2937 3353 2978 omne
3380 2921 3591 2979 crebris

1970 3015 2230 3073 dirimens
2258 3017 2573 3082 intervallis,
2602 3015 2757 3072 facile
2794 3016 2996 3086 poteris
3025 3030 3147 3071 esse
3176 3016 3390 3070 sobrius
3414 3030 3479 3071 ac
3506 3016 3589 3070 vi-

1972 3109 2145 3178 gilans
2175 3148 2189 3174 ,
2231 3117 2289 3163 ut
2327 3110 2692 3178 precationem
2738 3106 2909 3161 multa
2954 3122 3076 3160 cum
3118 3106 3416 3162 attentione
3459 3121 3590 3176 per-

1976 3202 2149 3258 licias.
2180 3200 2332 3268 Quod
2381 3214 2513 3255 sane
2552 3197 2670 3254 lucc
2717 3198 2880 3262 fecit,
2930 3197 3057 3252 dum
3107 3211 3217 3252 non
3266 3197 3426 3268 latigo
3468 3213 3592 3253 sero

1974 3309 2155 3362 mune,
2171 3294 2270 3350 sed
2297 3291 2503 3349 crebris
2522 3306 2587 3347 ac
2609 3288 2978 3361 frequentibus
3004 3289 3253 3359 precibus
3271 3288 3405 3345 adiit
3423 3288 3593 3347 Deum

1974 3385 2051 3460 (Ι.
2084 3384 2215 3459 Reg.
2250 3386 2300 3439 1.
2332 3383 2422 3440 12.
2455 3382 2571 3454 15).
2606 3380 2811 3438 Deinde
2843 3390 3192 3452 posteaquam
3232 3381 3485 3438 sacerdos
3513 3381 3591 3439 illi

1973 3477 2200 3535 occlusit
2227 3492 2290 3533 os
2320 3493 2335 3532 :
2365 3492 2490 3532 nam
2515 3475 2618 3531 hoc
2634 3482 2717 3531 est
2741 3473 2886 3545 quod
2913 3473 3011 3542 ait,
3043 3470 3352 3528 Obseruabat
3377 3490 3433 3529 os
3457 3474 3590 3545 ejus,

1975 3582 2021 3627 et
2051 3571 2187 3627 labia
2213 3571 2322 3643 ejus
2346 3570 2693 3635 movebantur,
2723 3583 2822 3623 vos
2847 3574 3016 3621 autem
3054 3565 3193 3623 illius
3220 3582 3322 3620 non
3346 3565 3595 3621 audieba-

1976 3675 2060 3718 tur
2092 3672 2319 3719 :coacta
2359 3668 2444 3718 est
2481 3659 2703 3716 obedire
2749 3657 3038 3721 sacerdoti,
3066 3665 3121 3712 et
3148 3657 3219 3712 ab
3260 3657 3468 3715 orando
3496 3658 3594 3714 de-

1975 3753 2188 3811 sistere.
2217 3752 2285 3807 Et
2309 3767 2414 3807 vox
2454 3749 2674 3823 quidem
2702 3748 2780 3804 illi
2830 3749 3118 3804 interclusa
3160 3756 3264 3815 est,
3291 3756 3347 3803 at
3372 3764 3479 3804 non
3507 3758 3594 3804 est

1975 3845 2191 3903 exclusa
2221 3844 2435 3910 fiducia,
2468 3842 2564 3899 sed
2600 3842 2974 3899 vehementius
2998 3840 3165 3897 etiam
3195 3857 3290 3897 cor
3318 3842 3589 3899 clamabat

1978 3936 2143 3992 intus.
2170 3934 2306 3992 Nam
2334 3934 2419 3991 illa
2447 3933 2788 4006 potissimm
2813 3942 2897 3989 est
2926 3934 3184 4003 precatio,
3218 3948 3343 3989 cum
3367 3934 3437 3990 ab
3464 3935 3591 3990 inti-

1977 4027 2082 4084 mis
2106 4040 2267 4082 voces
2286 4039 2504 4081 sursum
2533 4024 2774 4080 feruntur
2804 4041 2819 4079 :
2852 4022 2956 4079 hoc
2984 4023 3251 4094 pmcipne
3284 4024 3482 4081 mentis
3506 4035 3594 4082 est

1978 4117 2307 4186 exercitatae,
2337 4132 2445 4173 non
2474 4117 2773 4173 intentione
2819 4116 2987 4184 vocis,
3020 4116 3114 4172 sed
3168 4117 3333 4171 animi
3376 4117 3592 4175 fervore

1979 4211 2354 4283 precationem
2383 4208 2685 4265 absolvere.

2050 4303 2106 4359 5.
2127 4303 2217 4359 Sic
2241 4302 2414 4357 oravit
2441 4309 2498 4357 et
2526 4300 2701 4356 Moses
2742 4317 2755 4355 :
2785 4300 2875 4371 qui
2905 4314 3029 4355 cum
3054 4299 3185 4356 nihil
3210 4315 3339 4357 voce
3365 4317 3590 4359 resona-

1980 4404 2083 4463 ret,
2114 4394 2257 4449 Dens
2298 4404 2497 4461 tamen,
2540 4392 2700 4460 Quid,
2725 4391 2919 4464 inquit,
2960 4393 3157 4448 clamas
3192 4395 3263 4449 ad
3288 4393 3589 4469 πωπω.

1982 4489 2070 4546 16.
2101 4488 2221 4558 15)?
2249 4487 2506 4544 Homines
2545 4486 2761 4560 quidem
2782 4497 3061 4544 externam
3089 4487 3229 4545 hanc
3254 4504 3444 4547 vocem
3473 4500 3595 4547 tan-

1981 4592 2095 4639 tum
2119 4581 2365 4648 audiunt,
2390 4590 2447 4636 at
2475 4582 2614 4637 Deus
2639 4588 2695 4637 et
2718 4590 2844 4636 ante
2884 4582 3024 4637 l.anc
3067 4582 3211 4639 intus
3238 4584 3594 4643 inelamantes

1978 4671 2147 4730 audit.
2185 4671 2368 4744 Itaque
2412 4671 2529 4728 ﬂeri
2562 4678 2759 4742 potest,
2792 4678 2851 4727 ut
2893 4672 3055 4727 etiam
3102 4672 3193 4743 qui
3222 4688 3329 4731 non
3354 4675 3592 4733 clamant

1980 4764 2289 4831 audiantur,
2317 4772 2377 4819 nt
2409 4777 2505 4835 per
2554 4761 2731 4819 forum
2755 4761 3042 4822 ambulans
3067 4763 3191 4835 quis
3218 4775 3340 4822 oret
3366 4781 3591 4823 accura-

1982 4856 2211 4926 tissime,
2239 4856 2372 4913 etin
2400 4870 2660 4914 consessu
2709 4856 3005 4913 amicorum
3052 4856 3393 4931 aliorumque
3434 4861 3593 4933 quid.

1982 4948 2067 5005 vis
2091 4947 2235 5004 aliud
2260 4962 2425 5020 agens
2450 4947 2756 5005 vehementi
2777 4948 3017 5007 clamore
3042 4948 3256 5006 invocet
3278 4950 3469 5021 Deum,
3489 4952 3594 5012 ειν

1982 5054 2157 5109 more,
2189 5039 2432 5112 inquam,
2458 5039 2692 5106 interno,
2726 5034 2945 5095 etiamsi
2977 5039 3109 5095 nihil
3156 5040 3337 5111 faciat,
3377 5044 3521 5116 quod
3560 5062 3593 5102 a

1979 5146 2250 5205 quoquam
2279 5130 2628 5203 praesentium
2672 5130 2956 5187 sentiatur.
2988 5129 3143 5201 Quod
3170 5145 3303 5189 sane
3332 5143 3447 5191 tum
3478 5136 3597 5195 hau:

1982 5225 2109 5281 fecit
2153 5222 2369 5280 mulier.
2432 5220 2565 5288 Vos,
2596 5222 2789 5294 inquit,
2836 5221 2982 5278 illius
3024 5239 3129 5278 non
3172 5225 3513 5292 audiebatur;
3539 5241 3597 5285 et

1982 5320 2261 5377 exaudivit
2303 5318 2451 5375 illam
2502 5318 2691 5376 Deus:
2724 5326 2905 5374 tantus
2936 5326 3056 5373 erat
3088 5317 3232 5375 illius
3277 5320 3486 5378 clamor
3513 5324 3595 5380 in~

1984 5422 2188 5469 ternos.
2222 5410 2287 5466 Et
2315 5411 2444 5467 dixit
2484 5410 2564 5465 illi
2594 5426 2721 5480 pater
2766 5408 2926 5466 Heli:
2961 5410 3236 5482 Quousque
3270 5414 3373 5469 eris
3417 5416 3596 5473 ebria!

1985 5503 2193 5560 Discate
2216 5504 2390 5559 vinum
2429 5513 2572 5558 tantm
2610 5503 2701 5562 abs
2720 5512 2789 5569 te,
2822 5512 2877 5557 et
2911 5503 3091 5558 recedo
3114 5520 3157 5559 a.
3180 5517 3456 5577 conspectu
3488 5508 3596 5565 Do-

1982 5597 2108 5653 mini
2122 5596 2198 5667 (l.
2214 5595 2343 5667 Reg.
2368 5596 2420 5652 1.
2446 5596 2554 5667 ll).
2575 5592 2674 5649 ilic
2695 5592 3032 5665 potissimum
3058 5593 3187 5651 licet
3214 5595 3374 5667 hujus
3399 5599 3597 5657 mulio-

1982 5690 2057 5746 ris
2075 5687 2466 5760 philosophiam
2490 5687 2811 5759 perspicere.
2832 5685 2985 5741 Domi
3001 5686 3362 5759 exprobrabat
3375 5693 3593 5761 amula;

1981 5783 2133 5839 venit
2156 5782 2207 5836 in
2232 5780 2514 5852 templum,
2532 5789 2589 5835 et
2608 5777 2906 5836 sacerdotis
2928 5792 3063 5849 puer
3099 5779 3266 5834 allicit
3289 5779 3435 5838 illam
3455 5798 3595 5841 con-

1980 5868 2227 5937 tumclia.
2253 5883 2308 5932 ct
2336 5875 2577 5945 increpat
2620 5873 2737 5946 ipse
2777 5870 3050 5932 sacerdos.
3093 5870 3367 5945 Ell'ugcrat
3404 5875 3593 5935 dome-
