4152 6484
581 413 683 469 δη

574 527 764 583 sticam
807 529 1191 592 tempestatem,
1207 515 1356 572 venit
1375 515 1428 569 in
1449 522 1682 584 portum,
1703 520 1760 568 et
1792 522 1978 566 rursus
2013 508 2159 563 inre-

577 616 658 673 nit
677 615 867 670 lluctus
884 629 899 667 :
919 609 1060 669 venit
1086 613 1366 678 acceptura
1388 605 1740 673 medicamen,
1765 600 1860 658 sed
1885 598 2062 655 addita
2077 605 2161 653 est

580 706 895 778 probrorum
919 703 1094 774 plaga,
1117 713 1219 768 qua
1249 697 1441 752 vulnus
1466 702 1751 759 cresceret,
1783 690 1977 748 nedum
2008 703 2159 743 cura-

581 793 917 853 κιαι-,θείας
933 792 1075 848 enim
1091 791 1168 861 (α)
1185 787 1452 859 quomodo
1467 785 1625 840 animi
1655 791 1943 839 maerentes
1969 779 2158 834 adver-

590 901 685 943 sus
727 881 1153 940 contumelias‘et
1178 878 1412 935 convicia
1461 877 1567 930 sint
1608 873 1800 929 adacti.
1829 871 1977 927 Sicut
2015 870 2159 925 enim

580 977 772 1034 acerba
809 974 1035 1030 vulnera
1061 987 1126 1026 nc
1164 972 1335 1027 levem
1380 967 1593 1039 quidem
1634 977 1822 1021 manus
1858 968 2159 1018 contactum

582 1068 762 1124 ferunt
789 1083 803 1119 :
831 1066 908 1121 sic
932 1074 988 1119 et
1013 1063 1223 1118 animus
1247 1057 1582 1131 perturbatus
1605 1070 1669 1110 ac
1697 1067 1940 1109 morosus
1955 1051 2020 1106 ad
2041 1065 2160 1106 om-

583 1158 670 1213 nia
701 1156 1004 1226 indignatur
1042 1153 1250 1221 levique
1274 1148 1439 1204 verbo
1479 1145 1751 1201 mordetur
1775 1152 1830 1199 et
1856 1140 2158 1197 on'enditur.

579 1247 778 1304 Verum
806 1246 909 1301 hoc
930 1258 1033 1300 non
1059 1241 1250 1298 accidit
1273 1240 1394 1295 huic
1421 1237 1650 1304 mulieri,
1681 1251 1750 1292 ne
1780 1245 1888 1290 tum
1919 1233 2160 1305 quidem,

587 1353 709 1395 cum
736 1353 764 1392 a
808 1351 974 1408 puero
1012 1334 1270 1390 conviciis
1315 1339 1597 1402 peteretur.
1648 1328 1778 1384 Nam
1827 1328 1871 1382 si
1916 1326 2164 1382 sacerdos

581 1429 770 1486 fuisset
787 1414 1136 1492 conviciatus,
1161 1439 1266 1478 non
1285 1431 1398 1478 erat
1424 1420 1641 1492 perinde
1668 1417 1903 1474 miranda
1930 1417 2164 1473 toleran-

583 1523 662 1579 tia
689 1538 704 1576 :
731 1521 1004 1591 dignitatis
1038 1519 1234 1589 quippe
1266 1512 1587 1584 magnitudo,
1615 1526 1678 1566 ac
1703 1510 2043 1580 magistratus
2067 1523 2164 1563 au-

582 1615 802 1670 ctoritas
825 1611 910 1666 vel
940 1609 1151 1664 invitam
1191 1607 1332 1661 illam
1365 1602 1706 1672 compulisset
1730 1601 1796 1655 ad
1823 1599 2157 1655 modestiam.

582 1703 735 1759 Nunc
760 1716 886 1757 vero
911 1715 1008 1755 nec
1025 1698 1282 1754 adversus
1309 1693 1603 1751 sacerdmis
1633 1707 1855 1763 puerum
1898 1691 2164 1760 indignata

581 1801 664 1849 est
692 1809 706 1848 :
735 1805 840 1862 quo
867 1789 1032 1859 magis
1054 1788 1213 1844 etiam
1243 1786 1344 1841 sibi
1371 1784 1673 1840 conciliavit
1703 1784 1886 1838 Deum.
1918 1781 2005 1837 Sic
2033 1796 2167 1850 quo-

585 1885 686 1941 tles
723 1882 1026 1954 opprobriis
1064 1881 1316 1952 milleque
1361 1879 1514 1934 malis
1558 1876 1754 1945 aﬁecti,
1801 1875 2165 1932 conviciantes

578 1989 845 2055 generoso
869 1975 1087 2031 ferimus
1117 1973 1317 2040 animo,
1341 1971 1594 2042 majorem
1628 1969 1780 2026 nobis
1805 1984 1834 2024 ιι
1863 1969 1974 2023 Deo
2002 1967 2164 2023 bene—

583 2070 869 2126 volentiam
897 2067 1260 2124 wnciliamus.

659 2158 946 2214 Toleranda
971 2157 1305 2212 conviciorum
1337 2155 1533 2210 occasio
1558 2154 1721 2208 meriti
1751 2151 1955 2205 Doridi.
1985 2181 2059 2192 —
2088 2150 2156 2207 Et

588 2248 732 2305 unde
758 2249 858 2304 hoc
895 2248 1096 2318 liquet?
1122 2246 1198 2301 Ex
1241 2245 1323 2301 bis
1363 2259 1482 2316 qua:
1524 2258 1752 2299 evenere
1789 2243 1990 2298 Davidi.
2033 2240 2168 2309 Quid

585 2351 766 2398 autem
795 2339 871 2395 illi
897 2339 1114 2395 evenit?
1157 2337 1443 2393 Exsulabat
1486 2336 1768 2406 aliquando
1811 2349 1842 2389 e
1868 2335 2056 2404 patria,
2092 2333 2169 2387 si-

588 2432 702 2488 mul
727 2439 779 2486 et
802 2430 869 2486 de
897 2429 1139 2484 libertate
1158 2436 1212 2484 et
1239 2428 1344 2483 vita
1373 2441 1472 2482 sua
1500 2426 1825 2497 periclitans,
1857 2433 1911 2478 et
1935 2424 2169 2479 exercitu

587 2526 845 2582 adversus
881 2523 1319 2593 intemperantem
1346 2520 1494 2575 ilium
1517 2520 1767 2588 juvenem
1799 2526 2082 2588 tyrannum
2108 2530 2171 2570 ac

587 2615 906 2688 parricidam
937 2615 1210 2678 instructo,
1237 2611 1448 2668 errabat
1474 2611 1528 2666 in
1547 2610 1775 2666 desertis
1799 2608 1872 2680 (Ξ.
1898 2609 2027 2680 Reg.
2050 2606 2168 2678 l6):

587 2723 689 2764 nec
731 2717 907 2762 tamen
963 2704 1262 2774 indignatus
1320 2711 1424 2769 est,
1470 2717 1568 2758 nec
1613 2701 1891 2771 despondit
1937 2701 2171 2756 animum

591 2799 735 2871 apud
765 2799 952 2862 Deum,
984 2811 1157 2866 neque
1175 2795 1309 2850 dixit
1337 2813 1351 2850 :
1383 2795 1519 2862 Quid
1560 2793 1768 2849 tandem
1818 2794 1920 2850 hoc
1947 2795 2023 2849 rei
2052 2793 2173 2849 est?

589 2891 835 2963 permisit
877 2898 934 2945 ut
966 2888 1106 2944 filius
1145 2888 1437 2956 insurgeret
1475 2885 1734 2941 adversus
1772 2885 1952 2951 illum,
1995 2901 2024 2938 a
2067 2899 2173 2954 quo

590 2983 800 3054 genitus
824 2980 1058 3050 est:qui
1082 2979 1290 3034 etiamsi
1332 2976 1456 3048 quid
1499 2976 1739 3042 haberet,
1785 2977 1853 3031 de
1893 2992 1999 3047 quo
2031 2977 2175 3046 juste

592 3075 743 3146 queri
792 3080 995 3144 posset,
1034 3087 1139 3126 non
1177 3068 1414 3140 oportuit
1459 3077 1634 3123 tamen
1689 3070 1739 3123 id
1786 3068 1962 3124 facere
1991 3087 2003 3121 :
2034 3085 2174 3124 nunc

593 3182 720 3223 vero
746 3181 844 3222 nec
872 3167 923 3220 in
950 3179 1115 3235 parvo
1144 3178 1242 3220 nec
1268 3165 1320 3218 in
1347 3178 1539 3233 magno
1569 3163 1724 3218 laesus
1752 3179 1780 3217 a
1814 3166 1965 3219 nobis
1992 3164 2173 3218 obam-

594 3260 762 3326 bulat,
786 3258 1004 3328 cupiens
1029 3257 1266 3312 dextram
1297 3266 1515 3326 paterno
1543 3256 1799 3327 sanguine
1840 3256 2094 3324 polluere,
2123 3265 2177 3310 et

597 3351 736 3407 Deus
756 3351 872 3406 haec
896 3349 1082 3405 videns
1107 3348 1318 3418 patitur.
1350 3347 1453 3402 Sed
1485 3346 1614 3400 nihil
1646 3352 1830 3402 horum
1858 3346 2009 3402 dixit.
2037 3347 2174 3413 Quin

593 3441 733 3512 quod
754 3441 992 3514 profecto
1020 3441 1190 3509 majus
1219 3450 1300 3494 est
1326 3449 1378 3495 et
1413 3438 1795 3506 admirabilius,
1831 3448 2094 3494 errantem
2122 3447 2176 3494 et

595 3533 828 3603 undique
875 3532 1155 3601 expulsum
1203 3532 1377 3587 Semel
1431 3530 1643 3600 quidam
1693 3531 1772 3583 vir
1812 3530 2084 3600 improbus
2114 3545 2176 3586 ac

597 3629 852 3683 scelestus
899 3627 1185 3682 insectatus
1215 3633 1314 3686 est,
1371 3623 1655 3677 homicidio
1701 3623 1953 3693 pollutum
1998 3633 2046 3677 et
2079 3624 2177 3676 im—

594 3721 742 3789 pium
789 3718 1061 3787 appellans
1107 3716 1328 3785 aliisque
1376 3715 1666 3770 innumeris
1710 3713 1963 3768 conviciis
2010 3715 2177 3784 impe-

597 3820 757 3865 tens:
785 3817 838 3863 at
865 3824 931 3862 ne
952 3808 1030 3862 sic
1053 3806 1263 3874 quidem
1292 3805 1388 3860 fuit
1419 3815 1779 3875 exasperatus.
1805 3804 1958 3872 Quod
1989 3805 2033 3859 si
2059 3807 2178 3875 quis

565 3911 568 3913 λ
598 3897 829 3953 dixerit:
862 3897 997 3965 Quid
1039 3896 1229 3950 mirum
1260 3899 1304 3950 sl
1342 3911 1447 3949 non
1496 3897 1638 3974 ultus
1663 3906 1763 3958 est,
1813 3911 1931 3950 eum
1964 3905 2179 3964 prOpter

600 3990 1012 4046 imbecillitatem
1058 3989 1343 4044 ulciscendi
1394 3982 1710 4058 potestatem
1756 4002 1859 4041 non
1923 3986 2179 4041 haberet?

601 4083 828 4153 primum
862 4081 989 4135 illud
1018 4082 1279 4135 dixerim:
1312 4095 1414 4134 non
1453 4079 1670 4147 perinde
1707 4080 1931 4134 mirarer
1960 4095 2101 4143 eum,
2133 4081 2177 4134 si

598 4173 840 4228 diadema
867 4181 1080 4242 gestans
1106 4182 1158 4227 et
1187 4187 1350 4242 regno
1378 4171 1604 4240 potiens,
1640 4171 1799 4240 inque
1826 4170 1958 4223 solio
1983 4170 2176 4224 sedens

599 4265 984 4321 conviciantem
1017 4263 1340 4332 pertulisset,
1369 4274 1428 4316 ut
1471 4278 1608 4316 nunc
1651 4263 1793 4316 illum
1834 4270 1887 4315 et
1916 4262 2096 4326 laudo,
2126 4273 2179 4317 et

600 4354 837 4409 admiror
879 4361 1116 4422 tempore
1158 4353 1473 4407 calamitatis
1522 4352 2002 4421 philosophantem.
2047 4351 2180 4406 Nam

561 4459 569 4462 ·
601 4437 712 4502 illic
738 4454 792 4499 et
820 4445 1029 4515 imperii
1058 4443 1381 4514 magnitudo,
1414 4453 1468 4497 et
1507 4443 1852 4497 conviciantis
1880 4443 2052 4497 tilitas
2080 4457 2182 4496 sa:-

600 4552 668 4608 pe
695 4537 978 4608 persuasit,
1007 4546 1065 4590 ut
1092 4534 1465 4591 contumeliam
1500 4534 1808 4603 negligeret.
1837 4533 1984 4587 Multi
2025 4548 2180 4604 reges

600 4619 908 4696 frequenter
925 4625 1147 4681 similem
1173 4623 1334 4678 animi
1357 4620 1773 4678 moderationem
1798 4623 2177 4690 przestitéruut,

601 4718 691 4787 qui
721 4717 980 4786 insignem
1005 4715 1411 4769 conviciantium
1440 4712 1698 4767 insaniam
1735 4722 2054 4781 acceperunt
2085 4727 2179 4782 pro

605 4809 967 4863 excusatione.
999 4805 1177 4875 Neque
1201 4805 1341 4859 enim
1373 4819 1523 4873 mque
1555 4819 1652 4858 nos
1682 4805 1734 4858 in
1762 4819 1937 4858 rerum
1963 4819 2179 4873 prospe-

605 4899 759 4952 ritate
783 4907 942 4964 atque
986 4895 1038 4948 in
1073 4895 1309 4950 adversis
1353 4893 1633 4964 opprobria
1675 4894 1920 4948 mordere
1955 4896 2128 4948 solent
2167 4914 2180 4950 :

604 4989 697 5046 Sed
726 4988 808 5042 ubi
835 4987 1180 5050 concidimus,
1214 4995 1335 5038 tunc
1365 4986 1532 5054 magis
1568 4993 1807 5055 pungunt
1836 4998 1952 5049 nos,
1977 4984 2180 5038 acrius-

605 5096 708 5150 que
739 5078 986 5134 mordent
1009 5076 1267 5133 convicia.
1299 5076 1373 5130 De
1416 5075 1518 5131 hoc
1561 5091 1720 5145 porro
1747 5074 1892 5130 aliud
1931 5073 2180 5145 quiddam

564 5175 567 5177 “
606 5173 729 5226 licet
753 5168 970 5236 addere,
998 5169 1243 5224 videlicet
1269 5167 1410 5236 quod
1448 5168 1520 5221 illi
1567 5166 1731 5223 fuerit
1784 5169 1834 5222 in
1877 5183 2035 5221 manu
2064 5167 2183 5221 vin-

605 5261 800 5316 dictam
831 5275 1066 5324 sumere,
1101 5273 1201 5313 nec
1227 5259 1534 5328 sumpserit.
1582 5261 1754 5328 Atque
1781 5260 1853 5313 uti
1895 5259 2183 5330 perspicias

604 5368 721 5407 eam
751 5351 916 5407 animi
944 5350 1361 5405 moderationem
1389 5365 1492 5404 non
1522 5348 1681 5404 fuisse
1710 5350 2056 5419 impotentiae,
2087 5350 2182 5406 sed

607 5443 892 5514 patientiae,
937 5457 1057 5497 cum
1113 5441 1163 5495 id
1207 5441 1310 5496 dux
1360 5441 1626 5496 exercitus
1666 5451 1884 5510 cuperet
1911 5442 2008 5496 sibi
2038 5456 2184 5497 com-

607 5537 765 5601 mitti,
811 5545 868 5591 ut
910 5535 976 5590 ad
1019 5534 1404 5590 conviciantem
1452 5533 1728 5599 transiret,
1769 5531 1986 5604 ejusque
2025 5544 2185 5605 caput

666 5694 742 5756 (α)
774 5698 870 5742 Hoc
891 5692 1118 5756 probmm
1153 5690 1371 5756 intulisse
1414 5689 1585 5740 dicitur
1622 5689 1760 5738 matri
1799 5685 2029 5756 Samuelis
2053 5701 2184 5756 puer

605 5749 908 5806 sive'lcrvus'
926 5751 1028 5804 Heli
1052 5752 1317 5814 semiudum
1340 5758 1444 5814 Lxx
1491 5757 1804 5814 Interpretes.
1831 5755 1887 5814 _At
1908 5749 1954 5797 in
1980 5749 2183 5800 Hebraeo

605 5828 657 5871 et
680 5817 733 5869 in
748 5817 946 5880 Vulgata
970 5814 1073 5879 ipse
1089 5813 1200 5865 ttci'r
1214 5812 1346 5864 solus
1368 5812 1604 5862 inducitur
1621 5809 1806 5862 'Annaat
1830 5809 2103 5875 ina-epam.

1301 402 1360 459 S.
1398 397 1676 458 IOANNlS
1709 387 2183 452 CHRYSOS‘I'OMI
2225 383 2539 442 AIKCHIEP.
2581 383 3114 442 CONSTANTINOP.

3737 380 3843 439 ϐιΙ

2265 509 2588 573 amputaret,
2621 518 2725 559 non
2769 502 2942 557 solum
2993 516 3096 556 non
3147 499 3390 571 prmisit
3435 498 3623 570 David,
3671 513 3850 556 verum

2264 595 2424 648 etiam
2479 593 2781 664 indignatus
2824 601 2927 659 est,
2975 592 3198 647 dicens:
3233 592 3370 659 Quid
3407 590 3533 645 mihi
3553 597 3741 656 ιμτιυιι,
3781 593 3859 660 ﬁli

2267 684 2506 739 Samia?
2544 684 2710 740 Sinite
2753 683 2900 737 illuni
2942 683 3255 747 maledicere,
3302 693 3357 736 ut
3403 683 3564 737 cidem
3610 681 3858 736 Dominae

2267 775 2604 828 humilitatem
2630 791 2810 841 meam,
2850 786 2898 828 et
2928 774 3106 828 reddat
3131 773 3256 827 mihi
3286 774 3417 827 bona
3458 789 3550 844 pro
3579 774 3860 828 maledictis

2267 867 2418 935 hujus
2458 866 2511 919 in
2545 865 2625 920 die
2661 867 2755 920 Imc
2790 865 2869 936 (3.
2905 865 3033 938 Reg.
3073 866 3159 926 i6.
3210 865 3299 937 12)
3328 883 3344 922 :
3376 864 3518 937 quod
3552 865 3767 937 quidem
3804 874 3862 920 et

2276 958 2471 1013 evenit.

2337 1050 2390 1104 ι.
2422 1049 2555 1105 Vide
2579 1050 2782 1119 justum
2824 1049 3153 1106 intellexisse
3194 1063 3386 1120 magno
3428 1050 3606 1104 animo
3650 1048 3859 1120 perpeti

2268 1143 2526 1208 convicia,
2561 1144 2898 1199 occasionem
2925 1157 3047 1198 esse
3085 1142 3442 1212 adipiscenda:
3469 1141 3690 1213 glorize?
3711 1141 3861 1198 Hane

2267 1233 2335 1289 ob
2361 1248 2573 1288 causam
2623 1233 2836 1289 Saniem
2884 1233 3167 1303 aliquando
3208 1242 3394 1288 nactus
3421 1233 3560 1289 inter
3585 1236 3862 1304 geminum

2272 1328 2546 1395 parietem,
2575 1340 2696 1381 cum
2724 1335 2865 1381 esset
2891 1324 3165 1380 occidendi
3205 1324 3447 1390 facultas,
3479 1326 3738 1397 pepercit,
3783 1325 3866 1379 id-

2269 1435 2391 1484 que,
2420 1432 2542 1472 cum
2586 1417 2809 1472 comites
2853 1418 3210 1480 hortarentur,
3246 1425 3302 1470 ut
3341 1416 3517 1486 gladio
3544 1415 3862 1471 conroderet

2271 1510 2348 1578 (i.
2380 1507 2508 1579 Reg.
2538 1508 2650 1578 2i).
2684 1508 2790 1564 Sed
2837 1523 3011 1579 neque
3039 1517 3143 1563 tam
3179 1518 3418 1578 prompta
3459 1508 3736 1563 occidendi
3783 1507 3862 1562 fa-

2269 1600 2457 1660 cultas.
2488 1614 2661 1670 neque
2683 1600 2934 1653 comitum
2961 1599 3049 1668 qui
3075 1599 3298 1654 aderant
3327 1596 3654 1667 provocati-i,
3687 1611 3863 1666 neque

2270 1691 2552 1744 multarum
2607 1689 2941 1757 injuriarum,
2987 1703 3121 1758 quas
3164 1705 3449 1760 perpessus
3489 1689 3686 1753 fuerat,
3746 1703 3861 1743 me-

2272 1773 2461 1842 moria,
2490 1787 2664 1844 nsque
2689 1773 2929 1842 graviora
2960 1773 3190 1842 patiendi
3223 1773 3538 1842 periculum,
3585 1773 3650 1826 ad
3696 1773 3860 1827 strin—

2271 1865 2498 1935 gendum
2526 1865 2756 1934 gladium
2787 1864 2935 1919 illutn
2967 1863 3246 1934 impellere
3287 1873 3574 1933 potuerunt
3606 1882 3618 1918 :
3653 1862 3860 1917 tametsi

2273 1971 2445 2026 neque
2471 1955 2726 2010 exercitui
2755 1952 3070 2012 manifestus
3103 1953 3372 2008 homicidii
3404 1953 3613 2010 futurus
3651 1963 3786 2018 crat,
3815 1953 3865 2008 si

2272 2046 2471 2101 eadem
2503 2047 2644 2100 illam
2673 2052 2934 2114 patrasset
2965 2063 2977 2099 :
3006 2044 3265 2114 siquidem
3310 2044 3562 2114 spelunca
3601 2053 3737 2104 erat.
3765 2057 3865 2099 nec

2273 2136 2412 2190 ullus
2458 2137 2592 2191 alius
2633 2135 2816 2191 aderat
2854 2135 2952 2206 (α),
2993 2136 3093 2191 ιιῗεὶ
3137 2137 3248 2205 ipse
3297 2137 3463 2189 solus.
3510 2131 3694 2205 Neque
3731 2131 3865 2190 dixit

2274 2227 2412 2295 quod
2463 2226 2724 2298 quispia-n
2775 2226 3096 2285 adulterium
3161 2227 3543 2281 commissuros
3591 2225 3803 2280 dicebat
3845 2242 3859 2278 :

2274 2317 2511 2372 Tenebrae
2534 2319 2723 2371 cit-cant
2753 2334 2831 2372 me
2860 2327 2908 2372 et
2928 2319 3081 2383 muri,
3103 2318 3224 2385 quid
3247 2319 3395 2370 timeo
3416 2315 3600 2388 (Et-cli.
3633 2314 3865 2384 25.36)?

2274 2409 2366 2464 sed
2399 2410 2698 2464 insomnem
2726 2409 2938 2463 oculum
2978 2408 3268 2478 spectabat,
3299 2417 3351 2463 et
3393 2407 3599 2463 sciebat
3647 2407 3864 2462 inﬁnitis

2275 2500 2515 2570 partibus
2557 2499 2944 2569 splendidiores
2986 2513 3106 2554 esse
3145 2498 3258 2553 sole
3302 2499 3510 2554 Domini
3541 2499 3747 2553 oculos.
3778 2497 3864 2552 ld-

2277 2592 2418 2646 circo
2464 2593 2542 2644 sic
2581 2592 2758 2644 omnia
2789 2589 2978 2660 agebat
3005 2598 3061 2644 et
3089 2589 3405 2660 loquebatur
3444 2599 3710 2658 tamquam
3751 2589 3864 2658 ipso

2277 2693 2559 2752 praesente,
2585 2691 2638 2738 et
2656 2682 2724 2737 de
2753 2683 2817 2737 iis
2845 2697 2964 2754 qua:
2993 2681 3331 2749 dicebantur,
3356 2679 3615 2751 judicium
3640 2680 3863 2736 ferente.

2278 2775 2532 2844 Aitcrgo,
2565 2774 2681 2828 Non
2707 2776 2926 2844 inferam
2965 2791 3168 2829 manant
3201 2788 3363 2828 meam
3389 2775 3442 2827 in
3471 2776 3714 2828 curiatum
3754 2772 3862 2827 Do-

2277 2867 2400 2920 mini
2425 2869 2497 2937 (l.
2524 2865 2650 2937 Reg.
2682 2867 2771 2922 ει.
2805 2865 2881 2939 7).
2919 2866 3033 2921 Non
3064 2865 3294 2935 respicio
3322 2864 3741 2936 improbitatem,
3768 2862 3864 2919 sed

2278 2959 2503 3028 reapicio
2543 2959 2878 3027 dignitatem.
2925 2957 3106 3026 Neque
3145 2956 3274 3010 mihi
3305 2956 3448 3009 dicat
3487 2955 3678 3024 aliquis
3719 2954 3870 3009 illum

2277 3065 2396 3104 esse
2426 3050 2714 3104 violentum
2763 3063 2827 3102 ac
2870 3046 3131 3102 nefarium
3163 3065 3176 3098 :
3208 3061 3308 3116 ego
3337 3045 3481 3099 enim
3523 3045 3614 3099 Dei
3661 3045 3867 3100 calculo

2282 3143 2537 3195 honorem
2563 3141 2766 3203 defero,
2795 3141 3034 3209 quamvis
3065 3138 3317 3208 indignus
3343 3139 3443 3190 iste
3463 3137 3723 3190 videatur.
3755 3136 3869 3190 Non

2278 3233 2422 3286 enim
2452 3247 2626 3286 meum
2656 3241 2738 3286 est
2764 3233 2865 3285 hoc
2890 3232 3114 3292 crimen,
3159 3228 3297 3299 quod
3331 3229 3415 3283 hic
3443 3227 3650 3284 honore
3691 3228 3874 3283 vidca-

2281 3330 2365 3376 tur
2415 3322 2679 3390 indignus.
2741 3320 2975 3376 Audiant
3013 3320 3101 3390 qui
3150 3318 3457 3375 sacerdotes
3495 3329 3874 3389 aspernantur,

2279 3413 2482 3468 discant
2534 3422 2782 3482 quantum
2833 3412 2918 3467 hic
2964 3414 3071 3482 regi
3123 3413 3479 3467 reverentiam
3540 3413 3874 3468 exhibuerit.

2279 3505 2514 3561 Tametsi
2544 3506 2713 3561 multo
2738 3505 2948 3576 dignior
2973 3515 3055 3560 est
3081 3505 3287 3559 honore
3313 3519 3376 3559 ac
3405 3505 3756 3560 veneratione
3783 3521 3874 3558 sa-

2278 3599 2489 3662 cerdos,
2518 3615 2672 3666 quant
2699 3614 2814 3660 rex,
2843 3607 3046 3666 quanto
3075 3597 3137 3649 ad
3170 3597 3430 3664 majorem
3467 3596 3625 3649 etiam
3657 3605 3876 3650 vocatus

2281 3699 2364 3745 est
2395 3691 2769 3760 principatum.
2826 3690 3038 3743 Di~eant
3087 3705 3190 3744 non
3238 3688 3498 3756 judicare,
3548 3703 3645 3742 nec
3687 3701 3877 3757 pinnas

2282 3784 2514 3850 exigere,
2547 3783 2638 3835 sed
2669 3782 2852 3849 subjici
2885 3796 2947 3834 ac
2976 3781 3186 3835 cedere.
3218 3779 3350 3833 Nam
3378 3790 3430 3832 tu
3458 3779 3675 3849 quidem
3709 3781 3875 3836 vitam

2281 3875 2572 3931 sacerdotis
2602 3876 2818 3928 minime
2848 3874 3005 3935 nosti,
3048 3874 3389 3942 quantumvis
3419 3873 3659 3939 ahjectns
3689 3871 3782 3927 ilic
3805 3872 3876 3928 sit

2283 3985 2342 4022 ac
2366 3969 2481 4021 vilis
2511 3985 2524 4020 :
2560 3967 2642 4021 hic
2671 3981 2797 4021 vero
2822 3978 3010 4025 cuneta
3043 3966 3208 4034 probe
3233 3974 3457 4019 noverat
3482 3981 3598 4035 qum
3625 3965 3748 4019 Sail?
3779 3981 3876 4035 pa-

2286 4069 2448 4113 trarat
2479 4076 2490 4112 :
2526 4059 2868 4111 nihilominus
2898 4058 2974 4110 sic
3001 4057 3237 4110 delatum
3269 4057 3339 4108 illi
3380 4070 3409 4108 a
3453 4055 3562 4108 Duo
3607 4056 3874 4124 principa-

2285 4162 2395 4206 tum
2427 4151 2786 4205 reverebatur.
2841 4148 2990 4216 Quod
3036 4159 3235 4213 autem,
3282 4147 3523 4215 quamvis
3564 4161 3661 4202 ros
3709 4148 3876 4216 probo

2285 4245 2516 4306 noveris,
2549 4241 2700 4294 venia
2747 4250 2920 4294 tamen
2951 4250 3004 4294 et
3033 4240 3376 4293 excusatione
3419 4237 3664 4308 indiguus
3707 4241 3800 4303 sis,
3828 4240 3874 4294 si

2283 4335 2623 4402 magistratus
2651 4342 2987 4396 contemnas,
3040 4346 3139 4385 nec
3185 4346 3368 4383 corinn
3410 4330 3567 4384 dictis
3594 4330 3874 4400 obtempe-

2287 4439 2394 4486 res,
2426 4423 2550 4476 audi
2579 4437 2685 4491 quo
2731 4431 2883 4490 pacto
2931 4422 3070 4474 hunc
3101 4421 3252 4474 nol-is
3295 4431 3612 4489 praetextum
3666 4439 3763 4492 per
3812 4438 3873 4479 ea

2284 4514 2533 4570 Christus
2555 4513 2828 4582 eripuerit,
2863 4528 2986 4581 qua:
3002 4511 3058 4567 iu
3081 4511 3368 4581 Evangelio
3392 4511 3559 4566 dixit:
3594 4512 3764 4582 Super
3787 4532 3874 4567 ca-

2285 4605 2514 4658 thedram
2548 4602 2716 4674 Moysi
2768 4603 3000 4655 sederunt
3048 4603 3224 4653 scriba:
3267 4612 3314 4654 et
3360 4599 3613 4655 Pharisa‘i
3660 4620 3678 4655 :
3707 4603 3877 4657 omnia

2284 4711 2402 4765 ergo
2427 4709 2755 4764 quiscumque
2795 4691 3012 4746 dixerint
3040 4691 3178 4746 vobis
3204 4693 3437 4761 facienda
3482 4693 3664 4761 facite;
3691 4711 3874 4747 secun-

2284 4786 2403 4838 dum
2429 4801 2544 4838 vero
2591 4799 2746 4853 opera
2773 4799 2945 4837 eorum
2989 4782 3142 4838 nolite
3174 4785 3336 4854 {acac
3361 4779 3573 4841 (Matth.
3599 4777 3690 4841 35.
3716 4781 3771 4838 2.
3797 4783 3872 4853 5).

2286 4877 2519 4933 Videsne
2546 4891 2653 4947 quo
2675 4887 2827 4945 pacto
2849 4890 3077 4946 quorum
3117 4875 3250 4931 :deo
3273 4877 3547 4945 depravati
3575 4885 3731 4931 erant
3760 4891 3877 4937 mo-

2286 4984 2391 5031 res,
2428 4978 2483 5022 ut
2512 4967 2656 5038 digni
2691 4977 2892 5032 essent,
2920 4967 3008 5036 qui
3041 4981 3069 5019 a
3106 4966 3392 5034 discipulis~
3415 4961 3874 5035 reprehenderem

2289 5071 2391 5125 tur,
2421 5076 2606 5115 eorum
2632 5071 2806 5115 tamen
2831 5059 3257 5116 adhortationem
3291 5074 3397 5116 non
3426 5070 3743 5128 aspernatus
3773 5070 3874 5122 est,

2287 5169 2459 5222 neque
2488 5153 2784 5208 doctrinam
2813 5151 3032 5220 rejecitl
3060 5150 3184 5206 Haec
3202 5164 3314 5206 non
3350 5163 3418 5205 eo
3444 5149 3586 5211 dico,
3619 5150 3763 5219 quod
3789 5165 3868 5205 sc-

2287 5244 2534 5299 eerdotes
2563 5243 2724 5298 velim
2768 5258 3025 5300 accusare
3065 5259 3078 5298 :
3116 5241 3283 5306 absit;
3324 5240 3590 5310 siquidem
3628 5257 3726 5297 vos
3753 5258 3876 5297 eou-

2287 5336 2604 5392 versatinnis
2629 5350 2693 5391 ac
2716 5335 2928 5404 pietatis
2948 5350 3137 5390 eorum
3159 5341 3323 5389 testes
3355 5333 3521 5397 estis;
3549 5334 3647 5388 sed
3675 5347 3732 5388 ut
3761 5333 3877 5391 Inn-

2287 5446 2353 5501 ge
2377 5430 2635 5498 majorem
2689 5428 2793 5483 illis
2833 5427 3189 5485 reverentiam
3229 5434 3283 5480 et
3323 5425 3589 5482 honorem
3616 5422 3874 5483 exhibea-

2290 5539 2426 5578 mus.
2455 5523 2640 5594 Neque
2670 5523 2812 5577 enim
2853 5520 2988 5576 adeo
3024 5521 3074 5576 in
3107 5520 3245 5580 illos,
3295 5525 3456 5586 atque
3507 5518 3561 5571 in
3611 5532 3711 5571 nos
3736 5518 3880 5587 ipsos

2291 5615 2491 5669 utilitas
2517 5612 2826 5668 dimanabit.
2876 5611 2976 5678 Qui
3000 5612 3174 5678 recipit
3213 5623 3343 5678 ergo
3371 5607 3675 5678 prophetam
3700 5609 3756 5661 in
3795 5621 3880 5664 no-

2350 5749 2422 5810 (a)
2455 5749 2622 5810 Nescio
2641 5745 2873 5810 curgdicat
2894 5744 3080 5795 nullum
3096 5743 3241 5810 alium
3264 5742 3506 5803 adfuisse;
3524 5741 3730 5796 dannt
3747 5751 3886 5794 eum

2459 5809 2647 5860 Davidis
2667 5807 2863 5870 milites,
2889 5812 3118 5858 narrante
3138 5807 3395 5870 scriptura.
