4152 6488
305 378 409 439 διο

303 496 443 553 utine
477 492 761 565 propheta,
802 491 1093 550 mercedem
1135 486 1399 559 propheta:
1441 485 1653 556 accipiet
1679 483 1897 559 (Matth.

301 586 392 644 £0.
430 584 549 656 ιι).
590 583 649 642 Si
693 582 838 639 enim
873 580 943 636 de
994 589 1176 636 nostra
1218 580 1450 637 invicem
1493 579 1602 635 vita
1640 578 1903 652 judicium

300 676 443 733 terre
470 673 836 745 prohibemur,
866 670 1037 728 multo
1062 670 1233 743 magis
1272 670 1345 728 de
1378 678 1594 743 patrum
1638 670 1767 726 vita.
1794 669 1902 727 Sed

297 764 442 839 quod
467 766 648 821 dicere
671 763 1009 819 institueram
1030 761 1241 834 (rursus
1268 761 1413 818 enim
1441 760 1512 817 ad
1550 758 1688 817 hanc
1722 759 1904 818 redire

300 854 583 912 mulierem
628 852 906 923 oportet),
951 852 1395 923 quotiescumque
1419 851 1662 908 convicia
1686 850 1904 907 excelso

298 945 522 1002 ferimus
554 943 757 1009 animo,
789 944 1083 998 multorum
1112 942 1265 998 nobis
1314 942 1577 997 bonorum
1601 957 1819 998 musam
1849 941 1902 997 id

296 1037 439 1104 ﬁeri,
482 1051 771 1109 possumus
815 1045 870 1091 et
909 1036 1007 1105 ipsi
1053 1034 1157 1090 Job
1181 1050 1406 1091 cernere
1445 1036 1753 1107 contigisse.
1800 1034 1906 1089 Nc-

294 1146 403 1199 que
435 1130 582 1185 enim
622 1129 773 1183 illum
820 1127 1040 1198 perinde
1074 1128 1261 1191 miror,
1310 1126 1623 1198 priusquam
1666 1138 1809 1182 esset
1833 1125 1903 1180 ab

299 1237 469 1278 uxore
520 1223 824 1293 instigatus,
876 1228 935 1275 ut
984 1228 1104 1291 post
1142 1219 1270 1275 illud
1321 1219 1681 1289 perniciosum
1716 1218 1904 1274 consi-

299 1317 449 1371 lium.
475 1314 670 1370 Verum
694 1329 761 1368 ne
790 1313 876 1368 cui
906 1313 1153 1368 videatur
1185 1311 1496 1367 incredibile
1530 1310 1671 1382 quod
1701 1325 1859 1365 narro
1884 1328 1898 1364 :

298 1406 610 1476 frequenter
650 1420 787 1476 quos
832 1404 947 1475 ipsa
992 1418 1172 1459 rerum
1224 1413 1415 1457 natura
1463 1417 1569 1456 non
1613 1401 1898 1469 subvertit,

300 1497 523 1553 verbum
538 1507 899 1566 corruptaque
914 1494 1217 1549 exhortatio
1238 1492 1451 1549 devicit.
1472 1493 1625 1562 Quod
1648 1508 1773 1547 cum
1794 1508 1899 1547 non

300 1589 571 1659 ignoraret
599 1587 861 1651 diabolus,
903 1595 1024 1656 post
1062 1585 1322 1640 inﬂictum
1351 1587 1568 1650 vulnus,
1601 1595 1657 1640 ut
1686 1585 1901 1655 experi-

301 1690 470 1745 retur,
500 1681 661 1734 etiam
689 1692 787 1748 per
811 1692 1086 1733 sermones
1116 1677 1237 1732 fecit
1259 1677 1546 1739 insultum;
1573 1676 1713 1745 quod
1738 1676 1903 1732 etiam

302 1771 431 1826 fecit
460 1770 513 1825 in
553 1768 773 1824 Davidc.
809 1768 1161 1839 Posteaquam
1192 1769 1337 1823 enim
1371 1767 1504 1821 vidit
1551 1767 1699 1822 illum
1734 1782 1905 1836 gene-

300 1878 426 1919 rose
463 1863 648 1918 tulisse
687 1862 781 1916 lilii
812 1862 1179 1927 rebellionem,
1210 1870 1263 1915 et
1286 1861 1501 1931 impiam
1530 1861 1677 1915 illam
1715 1871 1901 1932 tyran-

302 1954 503 2017 nidem,
526 1954 713 2008 volens
741 1952 1085 2022 supplantare
1114 1951 1329 2007 Davidis
1357 1962 1616 2019 mentem,
1644 1960 1805 2020 atque
1833 1950 1902 2005 ad

302 2042 631 2100 iracundiam
661 2058 900 2107 movere,
925 2057 1212 2113 aggressus
1237 2051 1321 2097 est
1354 2042 1504 2097 illum
1547 2043 1902 2098 amarulentis

301 2133 481 2191 Semei
504 2133 706 2202 verbis,
740 2133 841 2189 hoc
868 2148 1057 2203 agens,
1092 2142 1149 2187 ut
1174 2133 1450 2188 morderet
1470 2134 1710 2187 animum
1736 2134 1898 2187 illius.

302 2224 417 2281 Hoc
447 2226 622 2296 ipsum
648 2234 701 2279 et
746 2226 797 2278 in
843 2224 1057 2280 beatum
1103 2223 1205 2279 Job
1247 2232 1371 2278 astu
1419 2223 1639 2279 molitus
1683 2232 1785 2279 est.
1833 2224 1904 2279 Ut

300 2318 450 2375 enim
492 2318 765 2389 perspexit
792 2327 847 2373 et
895 2317 1047 2372 illum
1073 2330 1171 2371 sua
1198 2315 1449 2373 deridere
1484 2316 1684 2385 jacula,
1726 2332 1903 2387 neque

300 2424 461 2466 secus
487 2418 645 2479 atque
675 2410 863 2464 turrim
891 2408 1179 2480 quamdam
1218 2408 1618 2463 adamantinam
1642 2408 1903 2465 adversus

299 2503 482 2557 omnia
512 2500 723 2557 lortiter
752 2505 1071 2568 consistere,
1099 2502 1396 2558 obarmavit
1424 2502 1476 2555 in
1502 2517 1625 2556 eum
1656 2515 1900 2569 uxorem,

298 2601 409 2664 quo
440 2594 690 2651 videlicet
714 2610 820 2650 non
862 2605 1009 2651 esset
1042 2604 1351 2665 suspectum
1379 2594 1689 2661 consilium,
1720 2605 1774 2651 et
1802 2609 1900 2649 ve-

303 2700 509 2741 nenum
539 2684 719 2741 verbis
746 2686 959 2741 feminae
978 2685 1131 2750 texit,
1152 2686 1519 2741 calamitatem
1548 2700 1897 2758 exaggerans.

296 2776 450 2846 Quid
475 2777 635 2848 igitur
673 2777 762 2834 ille
788 2779 1199 2850 magnanimus?
1228 2778 1331 2834 Cur
1354 2779 1562 2850 loquuta
1601 2796 1672 2845 es,
1704 2780 1901 2849 inquit,

295 2868 432 2923 sicut
455 2885 559 2923 una
585 2868 649 2923 de
671 2869 840 2924 stultis
868 2869 1163 2924 mulieribus
1184 2871 1210 2924 7
1253 2868 1316 2926 Si
1345 2870 1478 2924 bona
1521 2872 1807 2941 accepimus
1837 2872 1900 2928 de

295 2977 456 3017 manu
481 2961 708 3029 Domini,
728 2965 865 3018 mala
892 2981 995 3019 non
1018 2966 1322 3037 excipientes
1343 2964 1463 3036 (Job
1482 2965 1538 3020 2.
1569 2966 1700 3037 10)?
1743 2966 1901 3035 Quod

293 3063 476 3111 autem
505 3055 590 3111 hic
614 3057 763 3124 dicit,
788 3058 928 3113 hunc
952 3072 1168 3114 sensum
1191 3057 1353 3113 habet
1380 3076 1395 3110 :
1418 3058 1473 3114 Si
1496 3074 1601 3113 non
1624 3067 1786 3125 esset,
1819 3060 1902 3115 in-

293 3145 433 3215 quit,
462 3146 737 3210 Dominus,
776 3163 950 3218 neque
988 3156 1136 3203 tanto
1178 3148 1334 3204 nobis
1380 3151 1755 3217 excellentior,
1800 3152 1898 3208 sed

292 3238 503 3293 amicus
529 3239 721 3311 aliquis
745 3241 857 3311 pari
887 3240 1197 3297 conditione
1222 3259 1236 3295 :
1264 3256 1423 3311 quam
1452 3241 1775 3299 haberemus
1797 3260 1897 3300 ex-

291 3329 649 3394 cusationem,
694 3331 739 3385 si
790 3340 866 3385 tot
898 3332 1164 3401 tantisque
1190 3331 1363 3387 aﬂ'ecti
1396 3331 1691 3397 beneﬁciis,
1734 3336 1896 3390 etiam

292 3419 583 3475 cmtrariis
630 3437 751 3475 eum
797 3437 1268 3479 remuneraremur
1288 3426 1313 3477 Ἰ
1338 3422 1504 3480 Vides
1531 3433 1587 3479 ut
1614 3426 1698 3480 vir
1728 3425 1895 3481 Deum

291 3508 546 3580 diligens,
569 3526 668 3565 nec
694 3512 915 3567 ellertur
936 3513 1138 3579 animo,
1163 3528 1261 3570 nec
1287 3514 1569 3585 gloriatur,
1608 3515 1753 3586 quod
1784 3518 1898 3587 pla-

290 3616 393 3673 gas
408 3602 523 3657 illas
544 3604 827 3660 humanam
851 3616 1092 3661 naturam
1109 3606 1435 3664 excedentes
1455 3606 1666 3665 fortiter
1683 3610 1893 3678 toleret,

290 3707 474 3763 neque
511 3708 621 3749 sum
661 3696 936 3764 sapientiai
980 3697 1062 3753 vel
1090 3699 1508 3767 magnanimitati
1540 3700 1753 3755 tribuit‘
1784 3711 1893 3757 tam

292 3785 559 3856 insignem
591 3787 945 3853 tolerantiam,
973 3789 1068 3845 sed
1100 3789 1251 3859 quasi
1281 3788 1520 3846 debitum
1551 3795 1890 3863 exsolvisset,

290 3875 534 3948 nihilque
565 3889 757 3945 prteter
779 3895 989 3950 acquum
1014 3882 1311 3944 accidisset.
1342 3883 1411 3938 itu
1437 3892 1656 3941 strenue
1681 3887 1891 3946 mulieri

287 3984 358 4025 os
382 3969 637 4025 occlusit?
662 3969 806 4026 Idem
834 3970 1031 4033 factum
1057 3981 1140 4029 est
1168 3974 1221 4029 in
1248 3973 1351 4031 hac
1377 3975 1621 4032 muliere.
1655 3977 1789 4034 Nam
1815 3981 1890 4036 si-

287 4059 405 4116 mul
434 4070 489 4116 ut
512 4071 726 4119 satanas
752 4065 1023 4136 perspexit
1050 4081 1169 4123 eam
1193 4082 1387 4139 magno
1406 4068 1589 4125 animo
1618 4072 1756 4129 ferre
1780 4081 1892 4129 ste-

284 4151 565 4221 rilitatem,
592 4155 815 4213 immisit
835 4159 1129 4214 sacerdotis
1155 4176 1404 4231 puerum,
1427 4163 1517 4233 qui
1552 4166 1721 4236 magis
1743 4166 1887 4223 illam

284 4246 661 4305 exacerbaret.
681 4251 749 4304 At
765 4250 891 4304 nihil
913 4250 1103 4306 horum
1124 4254 1317 4310 accidit
1340 4257 1549 4313 mulieri
1574 4276 1588 4311 :
1616 4259 1711 4315 sed
1736 4261 1881 4317 domi

285 4346 476 4406 parata
504 4340 570 4393 ad
604 4340 917 4409 perferenda
948 4344 1251 4413 maledicta,
1291 4348 1605 4421 mmulzeque
1629 4353 1887 4409 conviciis

282 4430 605 4497 exercitata,
645 4433 909 4503 intrepide
948 4435 1209 4492 adversus
1238 4439 1501 4508 ejusmodi
1530 4444 1765 4499 assultus
1808 4444 1885 4502 le-

281 4521 485 4578 rendos
524 4538 584 4579 se
617 4526 948 4596 accingebat.
986 4528 1321 4600 Quapropter
1350 4535 1402 4588 in
1429 4536 1629 4605 templo
1662 4540 1881 4594 multam

280 4613 535 4682 praestitit
581 4616 965 4675 humanitatem
998 4662 1014 4686 ,
1068 4622 1295 4678 viriliter
1353 4633 1409 4679 et
1466 4640 1659 4698 magno
1703 4631 1883 4688 animo

277 4714 574 4759 scommata
594 4706 888 4776 perferens,
915 4709 1042 4767 dum
1071 4724 1294 4770 vocatur
1315 4718 1602 4773 temulenta
1638 4735 1701 4777 ac
1730 4723 1883 4778 vino-

277 4794 444 4851 lenta.
476 4796 618 4853 Nihil
637 4808 815 4857 autent
838 4813 979 4858 vetat
1000 4814 1056 4860 et
1082 4804 1199 4875 ipsa
1216 4807 1454 4863 mulieris
1481 4810 1667 4868 audire
1690 4814 1876 4871 verba.

273 4883 411 4940 Cum
437 4888 582 4944 enim
610 4904 745 4959 puer
782 4891 1027 4963 dixisset,
1055 4894 1241 4967 Digere
1280 4901 1453 4953 vinum
1496 4912 1640 4957 tuum
1678 4905 1768 4959 abs
1807 4917 1875 4976 te,

272 4988 321 5029 et
347 4980 524 5032 recede
539 4996 574 5033 a
591 4994 860 5052 conspectu
889 4984 1099 5041 Domini
1116 5004 1137 5041 :
1152 4992 1411 5058 respondit
1436 4991 1613 5061 Anna,
1636 5004 1684 5049 ct
1708 4996 1837 5051 dixit
1857 5014 1877 5053 :

276 5063 639 5138 Nequaquam,
677 5072 881 5128 domine
916 5075 994 5144 (l.
1026 5076 1156 5147 Reg.
1190 5078 1246 5133 Ι.
1286 5079 1375 5135 ιι.
1400 5081 1515 5152 15).
1546 5085 1647 5153 Qui
1682 5095 1876 5143 contu-

273 5157 497 5214 meliose
523 5158 775 5231 loquutus
800 5161 992 5233 luerat,
1022 5180 1145 5223 cum
1172 5171 1409 5240 appellat
1431 5174 1727 5231 dominmn.
1756 5178 1874 5235 Non

271 5248 408 5303 ..αἰι
433 5250 578 5321 quod
608 5251 856 5324 plerique
877 5257 1054 5314 solent
1079 5260 1343 5329 homines,
1374 5260 1549 5321 lstane
1576 5269 1875 5327 sacerdos?

271 5336 373 5393 ista
398 5340 488 5409 qui
513 5340 647 5398 alios
674 5342 852 5411 docet,
884 5348 1249 5407 temulentiam
1275 5368 1339 5410 ac
1361 5354 1709 5414 vinolentiam
1738 5361 1871 5417 mihi

268 5428 601 5521 exprobrat?
621 5432 716 5488 sed
738 5433 867 5490 illud
894 5441 1189 5510 spectabat,
1216 5448 1485 5515 quomodo
1509 5451 1872 5521 suspicionem

270 5515 582 5587 impelleret,
607 5522 727 5584 licet
751 5525 964 5583 falsam.

337 5608 393 5665 5.
428 5608 697 5679 Quomodo
721 5619 951 5687 ferenda:
974 5627 1315 5683 contumelia.
1352 5627 1593 5688 Precatio
1620 5634 1690 5689 ad
1727 5654 1867 5695 nien-

347 5811 365 5846 ¹
397 5814 538 5868 ωδ.
565 5831 695 5871 unus
715 5824 771 5871 et
791 5818 1093 5887 negansque
1111 5825 1428 5899 philosophas
1446 5832 1630 5882 tribuit.

1612 367 1703 426 DE
1740 365 1931 426 ANNA
1968 364 2204 425 SERIO
2240 366 2314 426 il.

3518 374 3627 431 σεο

2016 482 2337 541 sonu—Nos
2352 491 2563 551 contra,
2580 483 2632 543 si
2650 484 2867 557 quando
2881 486 3140 544 conviciis
3156 488 3483 560 appetimur,
3499 507 3624 550 cum

2008 584 2292 647 oporteret
2318 589 2584 634 excusare
2624 584 2681 634 et
2720 576 2776 633 in
2811 577 3037 648 gratiam
3080 579 3281 649 redire,
3324 582 3630 641 excitamus

2009 665 2342 736 incendium,
2364 682 2429 725 ac
2456 670 2692 725 ferarum
2730 669 2784 725 in
2823 664 3032 726 morem
3060 670 3325 728 insilimus
3350 671 3403 728 in
3433 675 3625 731 convi-

2007 757 2260 826 ciatores,
2282 768 2660 830 praetoeantes.
2676 759 3087 831 trabentes,pro
3108 760 3271 818 dictis
3297 777 3515 835 ponam
3538 779 3626 821 re-

2012 859 2320 920 poscentes,
2347 860 2510 923 atque
2530 852 2614 909 bis
2647 853 2779 924 ipsis
2804 852 2959 909 lactis
2979 855 3341 924 suspicionem
3368 856 3437 913 de
3465 857 3627 913 nobis

2009 942 2415 1001 conﬁrmamus.
2439 943 2572 1000 Nam
2598 946 2643 1000 si
2674 946 2826 1017 cupis
2854 946 3304 1017 exprobrantibus
3333 950 3625 1007 ostendero

2011 1043 2063 1089 te
2092 1049 2212 1090 non
2244 1050 2368 1092 csse
2414 1038 2765 1093 temulentum
2791 1080 2809 1103 ,
2854 1038 3082 1095 ostende
3126 1056 3224 1111 per
3253 1034 3623 1101 mansuetudi-

2010 1143 2155 1193 nem,
2186 1129 2412 1186 03tend‘e
2431 1146 2529 1203 per
2556 1132 2967 1199 humanitatem,
2996 1148 3104 1189 non
3143 1149 3242 1204 per
3264 1138 3625 1194 contumelias

2010 1231 2067 1277 et
2114 1222 2377 1280 convicia.
2426 1223 2559 1277 Nam
2610 1223 2655 1278 si
2706 1223 3040 1294 percusseris
3076 1241 3202 1281 eum
3239 1227 3332 1298 qui
3372 1237 3428 1285 te
3456 1228 3624 1287 allicit

2008 1314 2288 1384 conviciis,
2319 1316 2685 1371 tentulentiam
2723 1325 2868 1372 tuam
2896 1318 3305 1377 condentiaturi
3336 1330 3464 1379 sunt
3505 1338 3625 1378 om-

2012 1422 2141 1473 nes;
2171 1408 2255 1461 sin
2298 1424 2490 1478 magno
2519 1409 2815 1478 pertuleris
2853 1408 3036 1465 animo
3056 1451 3073 1477 ,
3108 1412 3263 1469 lactis
3293 1413 3425 1481 ipsis
3451 1414 3623 1485 depu-

2010 1496 2139 1551 leris
2169 1497 2365 1552 malam
2396 1498 2537 1555 dcte
2563 1501 2922 1570 suspicionem
2954 1521 2968 1557 :
2995 1501 3045 1557 id
3079 1504 3222 1573 quod
3254 1513 3369 1560 tum
3396 1504 3513 1562 lucc
3540 1506 3622 1563 le-

2010 1589 2084 1644 cit
2114 1590 2325 1645 mulier.
2356 1589 2491 1647 Cum
2530 1592 2673 1647 enim
2712 1592 2935 1660 diceret,
2980 1595 3339 1667 Nequaquam,
3376 1592 3657 1657 domine!

2008 1701 2068 1741 re
2113 1688 2224 1756 ipsa
2269 1688 2594 1754 declaravit,
2642 1688 2831 1743 falsam
2879 1705 3000 1746 esse
3048 1691 3191 1749 illius
3235 1694 3619 1763 suspicionem.

2011 1779 2165 1836 Unde
2194 1792 2373 1838 autem
2406 1781 2507 1837 hoc
2533 1783 2617 1837 vel
2667 1784 2925 1853 suspicari
2965 1787 3135 1855 potuit
3162 1788 3465 1843 sacerdos?
3490 1804 3618 1843 num

2010 1872 2274 1925 ridentem
2319 1871 2487 1926 vidit?
2530 1889 2655 1927 num
2694 1874 3021 1929 saltantem?
3048 1893 3174 1931 num
3215 1878 3535 1934 titubantem
3566 1888 3624 1936 et

2009 1965 2426 2020 concidentem?
2452 1982 2577 2021 num
2614 1967 2815 2021 audivit
2858 1968 3078 2023 verbum
3127 1970 3441 2026 obscenum
3466 2012 3480 2036 ,
3527 1981 3623 2027 aut

2011 2054 2313 2111 illiberale?
2352 2056 2503 2113 Unde
2548 2058 2709 2128 igitur
2750 2061 2998 2130 concepit
3034 2060 3173 2116 hanc
3215 2064 3621 2131 suspicionem?

2011 2146 2161 2202 [laud
2192 2148 2285 2203 ille
2314 2148 2530 2220 quidem
2562 2160 2785 2213 temere.
2818 2152 3067 2221 nullaque
3095 2152 3164 2208 de
3191 2166 3392 2219 causa;
3425 2154 3521 2209 scd
3546 2170 3613 2211 ex

2008 2237 2115 2293 diei
2161 2246 2404 2311 tempore
2440 2258 2453 2295 :
2484 2252 2601 2297 erat
2646 2242 2789 2296 enim
2836 2242 3090 2299 meridies
3134 2259 3257 2299 cum
3306 2256 3622 2315 precaretur

2011 2328 2127 2386 illa.
2153 2328 2310 2385 Unde
2346 2330 2448 2387 hoc
2478 2333 2678 2402 liquet?
2708 2332 2785 2387 Ex
2814 2333 2877 2389 iis
2906 2348 3026 2404 quae
3072 2334 3248 2390 locum
3293 2335 3435 2391 hunc
3478 2352 3619 2408 prae-

2008 2424 2226 2480 cedunt.
2270 2425 2525 2487 Surrexit,
2565 2429 2754 2498 inquit,
2785 2429 2954 2498 Anna,
2988 2441 3254 2501 postquam
3282 2430 3363 2485 illi
3398 2433 3621 2488 comede-

2006 2527 2125 2570 ront
2164 2528 2212 2572 et
2253 2518 2478 2573 biberant
2506 2522 2559 2574 in
2604 2520 2799 2589 Selom,
2842 2531 2889 2576 et
2937 2531 3052 2592 post
3090 2533 3264 2594 potum
3303 2526 3525 2581 constitit
3562 2527 3619 2581 in

2007 2620 2277 2675 conspectu
2314 2610 2519 2665 Domini
2548 2614 2633 2682 (i.
2657 2610 2783 2683 Reg.
2818 2615 2870 2669 l.
2893 2612 2973 2685 9).
3002 2614 3223 2670 Viden“?
3252 2614 3402 2684 Quod
3428 2632 3621 2675 omnes

2008 2697 2210 2756 faciunt
2236 2710 2445 2772 tempus
2475 2704 2841 2768 relaxationis,
2886 2706 2973 2759 illa
3017 2704 3146 2761 fecit
3190 2716 3404 2777 tempus
3432 2723 3618 2778 prcca-

2009 2790 2169 2846 tionis
2200 2810 2215 2845 :
2250 2804 2371 2864 post
2396 2795 2702 2850 convivium
2728 2811 3019 2852 occurrens
3046 2797 3115 2854 ad
3143 2800 3615 2871 supplicationem,

2007 2882 2182 2939 lontes
2220 2885 2578 2955 lacrymarmn
2627 2886 2824 2952 emisit,
2869 2899 3216 2960 mentemque
3255 2907 3365 2962 pra:
3400 2907 3463 2948 se
3499 2894 3620 2949 tulit

2005 2974 2240 3030 sobriam
2267 2990 2332 3031 ac
2369 2976 2680 3047 vigilantem
2711 2995 2724 3031 :
2759 2992 2822 3032 ac
2858 2990 2978 3049 post
3014 2983 3204 3051 epulas
3241 2982 3379 3039 adeo
3409 2982 3617 3041 intente

2006 3066 2201 3133 oravit,
2232 3078 2290 3122 ut
2316 3066 2518 3122 donum
2542 3070 2813 3139 acciperet
2841 3084 3000 3139 supra
3037 3082 3306 3139 naturam,
3350 3075 3611 3131 solveret-

2004 3173 2110 3228 que
2136 3156 2502 3225 sterilitatem,
2534 3174 2598 3215 ac
2618 3170 2823 3214 natura:
2850 3159 3272 3217 imbecillitatem
3295 3165 3611 3237 corrigeret.

2007 3250 2120 3305 lloc
2148 3250 2309 3321 igitur
2330 3266 2359 3304 a
2391 3253 2587 3306 femina
2626 3251 2761 3308 lucri
2791 3255 3106 3323 consequuti
3136 3270 3343 3324 sumus,
3383 3268 3439 3312 ut
3473 3261 3615 3317 scia-

2003 3356 2125 3398 mus
2150 3350 2205 3398 et
2230 3352 2349 3413 post
2377 3344 2689 3400 convivium
2715 3360 2894 3402 orare.
2941 3346 3196 3419 Quisquis
3220 3352 3365 3406 enim
3398 3352 3466 3409 ad
3509 3354 3613 3414 hoc

2005 3445 2335 3506 praeparatus
2365 3436 2542 3503 fuerit,
2569 3454 2861 3510 numquam
2888 3440 2941 3495 in
2970 3440 3295 3499 ebrietatem
3331 3455 3425 3502 aut
3453 3448 3610 3507 vino-

2001 3525 2222 3582 lentiam
2250 3527 2470 3594 incidet,
2502 3544 2791 3601 numquam
2819 3531 3034 3602 crapula
3064 3533 3429 3606 disrtnnpctur
3463 3557 3477 3593 :
3510 3542 3608 3599 sed

2001 3618 2252 3689 quoniam
2279 3620 2736 3692 exspectationem
2768 3626 3089 3692 precationis
3133 3624 3295 3683 habet
3322 3643 3419 3700 pro
3456 3630 3611 3690 lrcno

2000 3711 2305 3783 impositam
2345 3714 2550 3781 animo,
2594 3717 2953 3773 conveniente
3001 3734 3254 3776 mensura
3281 3723 3507 3794 attinget
3540 3742 3608 3784 ex

1998 3806 2248 3863 omnibus
2274 3823 2396 3879 qua:
2423 3807 2620 3864 fuerint
2644 3810 2909 3881 apposita,
2933 3812 3209 3884 multaque
3230 3814 3609 3878 benedicqu

2000 3910 2110 3956 tum
2139 3902 2403 3972 animum,
2435 3910 2549 3960 tum
2577 3919 2777 3977 corpus
2810 3906 3073 3977 implebit.
3104 3907 3422 3968 Convivium
3459 3916 3606 3974 enim

1996 3992 2138 4062 quod
2164 4007 2196 4049 a
2242 3996 2552 4064 precatione
2594 4004 2830 4069 emptum
2876 3998 2933 4054 in
2982 4000 3345 4069 precationem
3386 4004 3607 4078 desinit,

1995 4101 2288 4159 numquam
2334 4088 2569 4158 deliciet,
2617 4091 2712 4147 sed
2761 4092 2953 4162 quovis
2996 4090 3145 4149 fonte
3189 4094 3411 4153 uberius
3449 4100 3607 4157 nobis

1993 4178 2175 4233 omnia
2194 4177 2402 4236 adlenet
2430 4180 2591 4236 bona.
2617 4180 2696 4237 Ne
2730 4182 2893 4254 igitur
2927 4192 3131 4240 tantum
3160 4187 3493 4259 negligamus
3519 4192 3605 4249 lu-

1992 4282 2164 4325 crum.
2190 4271 2497 4328 Absurdum
2522 4275 2666 4330 enim
2692 4273 2877 4339 fuerit,
2900 4280 2945 4331 si
2966 4291 3089 4333 cum
3120 4277 3303 4335 {amuli
3333 4285 3527 4352 nostri,
3555 4288 3605 4344 si

1990 4362 2208 4433 quando
2247 4372 2453 4433 partem
2492 4364 2726 4435 aliquam
2767 4382 2956 4423 eorum
2995 4383 3117 4440 quo
3160 4371 3316 4426 nobis
3355 4376 3602 4445 apposita

1992 4463 2119 4509 sunt
2154 4456 2482 4526 acceperint,
2516 4456 2675 4514 nobis
2710 4459 2914 4529 gratias
2954 4470 3138 4532 agant,
3166 4460 3413 4537 beneque
3444 4468 3603 4527 nobis

1992 4557 2276 4618 precantes
2305 4548 2501 4605 abeant
2542 4567 2556 4604 :
2590 4565 2711 4619 nos,
2756 4566 2878 4608 cum
2925 4561 3005 4608 tot
3048 4555 3318 4628 tantisque
3359 4559 3604 4619 fruamur

1992 4637 2169 4705 bonis,
2203 4653 2270 4696 ne
2296 4638 2399 4696 hoc
2425 4639 2639 4711 quidem
2666 4639 2890 4698 honoris
2914 4643 3025 4700 Deo
3053 4648 3443 4719 persolvamns,
3474 4653 3601 4712 licet

1991 4728 2117 4786 hinc
2146 4732 2364 4788 multam
2392 4733 2562 4789 simus
2575 4737 2916 4807 assequumri
2934 4740 3303 4798 securitatem.
3326 4738 3432 4802 Ubi
3450 4748 3596 4805 enim

1990 4823 2229 4894 precatio
2256 4833 2313 4880 et
2341 4825 2637 4897 gratiarum
2682 4827 2846 4896 actio,
2874 4843 2944 4886 eo
2971 4833 3140 4888 sancti
3167 4832 3403 4905 Spiritus
3432 4838 3601 4899 advo-

1989 4917 2069 4973 nit
2095 4916 2605 4990 gratiakahignntur
2630 4919 2928 4989 daemones,
2974 4932 3032 4981 et
3071 4927 3249 4983 omnis
3288 4927 3600 4991 adversaria

1986 5017 2227 5080 potestas
2253 5007 2467 5082 diffugit
2490 5025 2555 5066 ac
2581 5009 2831 5069 discedit.
2881 5013 2985 5083 Qui
3021 5029 3083 5073 se
3109 5032 3472 5079 conversurus
3512 5034 3600 5084 est

1982 5101 2049 5157 ad
2072 5103 2356 5167 orandum,
2386 5119 2495 5161 non
2533 5105 2692 5163 audet
2723 5108 3017 5180 quidquam
3052 5111 3286 5171 absurde
3323 5116 3489 5190 loqui,
3519 5137 3591 5179 ne

1983 5195 2036 5249 in
2063 5194 2240 5250 medio
2264 5196 2480 5266 quidem
2501 5199 2750 5255 convivio
2768 5218 2783 5255 :
2804 5209 2898 5256 aut
2916 5202 2963 5258 si
2988 5202 3241 5277 ioqutuus
3260 5205 3439 5277 luerit,
3462 5228 3591 5272 mox

1984 5287 2275 5357 resipiscit.
2304 5287 2539 5345 Proinde
2566 5299 2785 5360 Oportet
2826 5300 2939 5348 tum
2970 5294 3024 5350 in
3053 5295 3227 5366 initio,
3256 5308 3368 5357 tum
3397 5302 3448 5359 in
3481 5304 3592 5363 line

1980 5378 2210 5433 convivii
2239 5382 2441 5450 gratias
2462 5394 2623 5452 agere
2650 5381 2763 5438 Deo
2790 5384 2865 5441 ob
2892 5384 3030 5443 hanc
3056 5390 3325 5463 pracipue
3346 5409 3590 5468 causam,

1977 5468 2121 5540 quod
2148 5478 2205 5524 ut
2224 5469 2405 5528 dicere
2431 5486 2728 5544 cumeram,
2758 5472 2904 5533 haud
2945 5477 3101 5536 lacile
3138 5483 3489 5552 prolabemur
3530 5488 3590 5546 in

1977 5561 2320 5629 ebrietatem,
2346 5563 2390 5618 si
2418 5578 2520 5620 nos
2546 5564 2696 5635 ipsos
2722 5565 2776 5622 in
2803 5566 2944 5625 hanc
2976 5573 3426 5634 consuetudiitem
3454 5592 3592 5638 cou-

1978 5651 2333 5742 stituerimus.
2357 5653 2497 5723 Quin
2535 5654 2582 5711 si
2606 5656 2824 5727 quando
2850 5674 3035 5718 surres
3046 5663 3156 5720 eris
3183 5668 3401 5739 crapula
3429 5680 3590 5742 potn-

1977 5737 2084 5813 q'ue
2106 5756 2383 5815 gravatus,
2410 5761 2479 5803 ne
2502 5748 2584 5804 sic
2605 5747 2822 5818 quidem
2848 5751 3072 5823 abjicias
3095 5737 3587 5827 consuitudinctu:

1977 5833 2075 5893 scd
2098 5838 2345 5910 quamvis
2370 5837 2665 5898 habeamus
2686 5852 2965 5916 gravatum
2984 5857 3166 5921 caput,
3194 5852 3446 5925 quamvis
3464 5870 3591 5917 ver.
