4152 6490
596 407 694 462 651

595 519 763 591 tigine
781 511 1232 573 circumferamur.
1252 515 1305 562 et
1326 503 1689 567 concidamus,
1713 499 1881 594 nihilo
1906 496 2078 594 secius
2101 502 2180 594 ta-

599 584 723 664 m'en
747 617 977 667 oremus,
1007 615 1120 655 nec
1141 595 1451 654 aboleatnus
1485 589 1942 650 consuetudinem.
1971 584 2181 640 Etenim

597 699 644 754 si
673 690 996 767 praecedenti
1016 690 1105 773 die
1127 689 1192 744 ad
1223 689 1364 742 hunc
1396 683 1631 776 oraveris
1657 673 2183 776 modum-postridie

598 784 837 854 corriges
864 771 1097 837 dedecus
1140 777 1312 849 pridie
1353 773 1716 831 commissum.
1759 767 1982 836 Quoties
2025 767 2183 832 igitur

599 876 996 946 praudebimus,
1027 871 1426 928 meminerimus
1466 866 1622 935 hujus
1647 863 1900 922 mulieris.
1945 870 2000 915 et
2041 857 2183 914 illius

598 969 976 1039 laerymarnm.
1016 977 1115 1018 nec
1156 976 1263 1016 non
1289 957 1558 1029 praeclara:
1580 955 1696 1024 ejus
1723 952 2013 1022 ebrietatis.
2045 948 2180 1003 Nam

597 1058 743 1113 ebria
768 1065 881 1111 erat
906 1054 1118 1117 mulier,
1145 1067 1252 1106 non
1278 1065 1308 1105 e
1331 1049 1472 1112 vino,
1501 1045 1594 1101 sed
1623 1060 1686 1101 ex
1715 1043 2037 1099 abundantia
2066 1041 2179 1110 pie.

596 1148 742 1204 tatis.
775 1146 992 1202 Etenim
1009 1144 1054 1199 si
1095 1150 1212 1212 post
1249 1138 1524 1210 prandium
1569 1135 1688 1191 talis
1731 1134 1848 1200 fuit,
1875 1132 2048 1203 qualis
2067 1138 2183 1187 erat

597 1241 699 1294 sub
724 1235 1008 1292 auroram?
1037 1234 1083 1288 si
1110 1243 1215 1287 tam
1261 1233 1523 1285 instanter
1556 1226 1730 1282 oravit
1769 1234 1890 1296 post
1917 1225 2093 1279 cibum
2127 1233 2181 1278 et

601 1338 802 1400 unum,
829 1326 998 1397 qualis
1019 1334 1129 1380 erat
1149 1323 1328 1392 jejuna
1343 1322 1369 1375 ἳ

672 1419 725 1473 6.
777 1416 1079 1471 Redeamus
1115 1415 1272 1484 igitur
1299 1411 1476 1467 denuo
1503 1409 1570 1464 ad
1598 1408 1755 1463 verba
1805 1405 1977 1468 illius,
2021 1404 2178 1459 verba

521 1551 531 1561 .
600 1510 781 1563 multa:
810 1507 964 1577 plena
993 1503 1373 1575 philosophia,
1400 1501 1670 1568 munitaque
1707 1496 1896 1552 referta
1928 1509 2178 1550 mansue-

603 1597 804 1654 tudine.
844 1594 974 1650 Cum
1017 1594 1156 1649 enim
1203 1591 1466 1646 dixisset:
1501 1588 1867 1660 Nequaquam,
1936 1586 2175 1651 domine,

601 1685 864 1757 subjecit:
895 1682 1085 1737 Mulier
1112 1682 1166 1735 in
1194 1680 1322 1734 duro
1350 1680 1433 1734 die
1456 1695 1566 1734 sunt
1590 1695 1681 1748 ego
1701 1718 1714 1743 ,
1746 1677 1915 1730 uinum
1958 1675 2180 1742 etnquod

600 1777 811 1833 inebriat
837 1792 938 1831 non
977 1773 1077 1829 bibi
1119 1773 1197 1843 (1.
1239 1772 1366 1842 Reg.
1409 1770 1604 1841 1.15).
1633 1769 1865 1824 Observa
1910 1767 2178 1837 quomodo

600 1884 699 1925 nec
727 1867 812 1923 hic
847 1874 1231 1923 commemorat
1255 1864 1460 1919 :emulaa
1484 1862 1722 1918 convicia
1748 1904 1762 1928 ,
1797 1875 1968 1930 neque
2000 1859 2180 1915 tradu-

601 1963 677 2016 cit
730 1959 872 2015 illius
911 1958 1203 2024 malitiam,
1258 1972 1357 2012 nec
1420 1955 1765 2012 domesticam
1823 1954 2176 2009 calamitatem

598 2057 881 2122 exaggerat
903 2047 1195 2118 evulgans?
1223 2047 1317 2103 sed
1345 2047 1598 2102 hactenus
1626 2045 1796 2115 aperit
1814 2060 1963 2098 suam
1991 2045 2176 2099 anxie-

600 2151 797 2206 tatem,
851 2150 908 2194 ut
939 2146 1139 2194 tantum
1189 2152 1308 2198 sese
1346 2137 1483 2207 apud
1523 2135 1853 2191 sacerdotem
1907 2143 2176 2204 purgaret.

605 2231 791 2286 Muller
813 2232 867 2284 in
893 2231 1021 2283 duro
1045 2230 1127 2282 die
1149 2245 1240 2298 ego
1265 2243 1377 2282 sunt
1407 2240 1428 2281 :
1455 2228 1624 2279 uinum
1645 2225 1946 2295 etquidquid
1967 2225 2179 2279 inebriat

598 2337 701 2376 non
727 2321 844 2387 bibi,
873 2320 962 2375 sed
995 2318 1199 2386 effando
1225 2319 1448 2374 animant
1489 2333 1652 2370 nteant
1673 2317 1690 2347 ί
1725 2331 1895 2370 coram
1935 2315 2175 2370 Domino.

598 2413 714 2468 Non
742 2413 844 2474 ait,
870 2411 1134 2481 Deprecor
1159 2409 1442 2464 Dominum
1462 2449 1477 2473 ,
1500 2407 1739 2477 supplico
1768 2406 1991 2462 Domino
2012 2446 2025 2466 .
2048 2405 2142 2462 sed
2160 2446 2173 2471 ,

599 2505 830 2574 Emmdo
859 2506 1080 2558 animam
1110 2520 1270 2556 meum
1297 2519 1468 2557 coram
1505 2500 1722 2555 Domino
1749 2517 1768 2555 :
1792 2500 1892 2556 hoc
1912 2508 1996 2555 cst
2013 2541 2026 2564 ,
2070 2499 2178 2556 Me-

600 2598 767 2668 ipsam
795 2604 956 2650 totam
983 2596 1217 2648 converti
1256 2592 1322 2647 ad
1368 2593 1684 2658 Dominum,
1730 2599 1960 2647 mentem
2003 2605 2176 2646 meam

599 2687 853 2742 evacuavi
900 2685 1038 2754 apud
1085 2685 1266 2750 illum,
1309 2691 1419 2737 toto
1461 2683 1671 2747 animo,
1722 2690 1935 2751 totaque
1988 2684 2179 2737 virtute

597 2777 961 2849 precationem
1018 2790 1191 2828 meam
1249 2774 1464 2843 peregi,
1525 2774 1634 2828 Deo
1697 2773 1903 2827 narravi
1955 2773 2175 2827 calami-

602 2878 762 2922 tatem
800 2881 1008 2930 meam,
1060 2865 1265 2918 ostendi
1315 2867 1538 2929 vulnus;
1587 2863 1674 2919 ille
1715 2871 1888 2932 potest
1920 2863 2048 2918 dare
2087 2877 2176 2920 re-

601 2959 852 3013 medium.
898 2957 980 3011 Ne
1015 2962 1102 3010 des
1141 2956 1379 3010 ancillam
1426 2957 1479 3009 in
1519 2956 1733 3026 faciem,
1775 2957 1826 3008 in
1878 2956 2039 3024 ﬁliam
2092 2972 2180 3024 pe-

597 3051 844 3103 stilentent
876 3051 952 3115 (1.
1002 3049 1106 3118 ltcg
1171 3049 1220 3100 1.
1264 3048 1376 3115 lli).
1423 3047 1624 3101 Rursus
1653 3047 1896 3102 ancillam
1947 3049 2175 3117 appellat

598 3141 862 3208 seipsam,
917 3141 1134 3194 multam
1185 3140 1442 3194 adhibens
1479 3155 1693 3203 cut-am,
1735 3155 1802 3194 ne
1844 3155 1872 3194 a
1902 3141 2179 3196 sacerdote

599 3231 798 3287 malam
825 3232 1016 3286 refernt
1042 3233 1233 3289 famam
1260 3248 1274 3284 :
1306 3245 1402 3284 nec
1428 3230 1564 3299 apud
1587 3244 1647 3284 se
1689 3230 1821 3284 dixit
1845 3249 1858 3285 :
1887 3231 2021 3297 Quid
2049 3233 2178 3287 mihi

597 3339 743 3379 cura:
795 3333 876 3378 est
912 3325 1064 3376 istius
1103 3323 1409 3380 calumnia?
1444 3324 1750 3392 ignorantur
1773 3339 1836 3377 ac
1867 3334 2066 3380 temere
2091 3340 2180 3381 ac-

599 3423 749 3469 cusat
767 3456 781 3477 ,
803 3414 1105 3483 sospitator
1131 3414 1216 3467 ubi
1243 3413 1371 3466 nihil
1402 3422 1518 3468 erat
1541 3428 1704 3483 opus;
1723 3430 1839 3470 mea
1856 3417 2181 3472 conscientia

601 3522 730 3576 pura
755 3516 868 3560 esto
888 3547 902 3571 ,
930 3515 984 3559 ct
1009 3521 1195 3560 omnes
1225 3521 1312 3565 me
1343 3506 1662 3566 traducant:
1704 3508 1798 3563 sed
1829 3510 2176 3577 apostolicam

601 3598 745 3650 illam
802 3597 1037 3665 implevit
1061 3596 1232 3666 legem
1254 3639 1269 3662 ,
1318 3612 1438 3666 quae
1463 3597 1782 3669 prroipitut
1808 3600 2180 3668 provideamus

599 3687 738 3743 bona
766 3700 871 3741 non
899 3697 1098 3740 tantum
1125 3703 1304 3742 curam
1345 3688 1603 3754 Domino,
1655 3688 1752 3745 sed
1798 3691 1958 3746 etiam
1996 3706 2178 3749 coram

603 3778 903 3832 hominibus
932 3777 1112 3845 (Rom.
1143 3778 1230 3833 12.
1261 3780 1372 3850 17).
1418 3779 1590 3850 Atque
1617 3781 1761 3835 omni
1793 3781 1952 3837 modo
2003 3784 2179 3852 suspi-

601 3868 809 3922 cioncm
832 3867 1064 3936 depulit,
1091 3882 1210 3923 cum
1229 3869 1336 3936 ait,
1373 3868 1455 3924 Ne
1475 3869 1562 3924 des
1589 3873 1828 3928 ancillam
1853 3883 1992 3927 tuam
2019 3874 2073 3928 in
2095 3878 2179 3945 fa-

600 3963 745 4024 cient,
769 3962 820 4014 in
841 3962 1002 4028 ﬁliam
1022 3961 1348 4028 pestilentem.
1373 3961 1512 4028 Quid
1530 3971 1710 4017 autem
1739 3973 1842 4030 est,
1870 3964 1937 4018 In
1959 3968 2139 4037 faciem
2155 3969 2182 4022 Ρ

599 4053 680 4108 Ne
704 4067 789 4108 nte
816 4052 1089 4108 existimes
1114 4051 1395 4109 ell‘rosttem
1432 4063 1484 4108 et
1512 4054 1872 4123 impudentem
1902 4072 2041 4112 esse.
2067 4059 2179 4113 An-

599 4145 776 4215 gor'ts,
807 4159 910 4199 non
935 4144 1234 4197 vinolentia!
1254 4154 1336 4198 est
1361 4143 1474 4200 hinc
1498 4146 1748 4201 audacia:
1778 4163 1949 4203 mmro
1981 4151 2045 4215 is,
2071 4167 2175 4205 non

599 4233 894 4292 ebrietatis.
944 4234 1079 4298 Quid
1112 4235 1267 4302 igitur
1294 4234 1582 4290 sacerdos?
1612 4235 1906 4294 Considera
1943 4249 1998 4294 et
2039 4241 2181 4297 illius

606 4324 936 4393 prudentiam
963 4342 975 4377 :
1007 4339 1112 4378 non
1154 4325 1422 4393 inquisivit
1452 4325 1661 4380 curiose
1705 4327 1772 4382 de
1799 4344 1994 4396 genere
2032 4333 2178 4386 cala-

602 4414 834 4480 mitatis,
867 4431 970 4468 non
1001 4415 1240 4469 exactius
1268 4424 1534 4470 scrutatus
1571 4425 1654 4470 est
1679 4419 1894 4486 angoris
1919 4434 2134 4476 causam
2162 4440 2176 4476 :

601 4505 695 4562 sed
730 4505 856 4574 quid
885 4505 996 4559 ait?
1037 4503 1244 4558 Vadeiu
1289 4522 1446 4575 pace;
1493 4507 1573 4561 det
1622 4509 1711 4564 tibi
1758 4509 2005 4566 Dominus
2046 4514 2180 4570 Deus

605 4594 769 4650 Israel
794 4611 989 4648 omnem
1017 4597 1333 4665 petitionem,
1374 4613 1525 4666 quam
1551 4599 1614 4652 ab
1640 4617 1698 4654 eo
1732 4602 1901 4671 petisti
1943 4606 2022 4674 (l.
2047 4604 2176 4678 Reg.

605 4689 659 4743 1.
689 4688 801 4756 1Ἱ).
823 4687 1007 4740 Mulier
1032 4704 1100 4741 ex
1128 4700 1434 4748 accusatore
1464 4690 1586 4747 fecit
1617 4704 1915 4761 patronum.
1950 4695 2174 4752 Tantum

604 4777 800 4832 bonum
831 4788 913 4830 est
941 4776 1240 4834 humanitas
1267 4795 1331 4836 ac
1361 4783 1734 4837 mansuetudo.
1776 4785 1881 4840 Pro
1903 4797 2178 4844 contume~

595 4871 663 4926 lia
695 4871 913 4938 copioso
957 4881 1178 4939 accepto
1203 4872 1395 4927 viatico
1419 4872 1696 4940 discessit,
1748 4891 1976 4946 eumque
2023 4891 2175 4934 nacta

598 4971 680 5016 est
711 4971 1129 5030 propugnantem
1167 4971 1220 5016 et
1246 4963 1652 5020 intercessorem
1673 5007 1686 5028 ,
1718 4982 1875 5037 quem
1921 4969 2178 5026 habuerat

598 5050 1014 5120 objurgatorem.
1057 5052 1135 5106 Ac
1162 5068 1226 5107 ne
1253 5055 1329 5108 sic
1355 5055 1568 5124 quidem
1595 5056 1831 5124 destitit,
1861 5061 1955 5116 sed
1993 5078 2176 5119 rursus

597 5141 673 5198 ait
701 5158 714 5194 :
743 5140 974 5197 Inveniat
1001 5143 1188 5197 ncilla
1223 5155 1308 5199 tua
1346 5148 1563 5216 gratiam
1600 5150 1654 5202 in
1682 5151 1845 5204 oculis
1876 5153 1973 5207 luis
2009 5153 2172 5223 (Ibid.

596 5248 644 5287 ν.
670 5231 761 5302 18)
780 5249 792 5285 :
823 5231 924 5287 hoc
941 5241 1022 5289 est
1050 5249 1064 5287 :
1089 5232 1298 5289 Utinam
1317 5251 1347 5288 e
1375 5237 1480 5292 line
1497 5252 1784 5310 rerumque
1805 5241 1953 5298 exitu
1975 5243 2172 5312 discas,

597 5338 685 5379 me
713 5322 848 5379 hanc
875 5325 1232 5394 precationem
1259 5326 1792 5400 obsecrationemque
1820 5333 2035 5400 fecisse,
2068 5351 2172 5391 non

593 5427 658 5470 ex
685 5413 1006 5479 vinolentia,
1038 5415 1132 5470 sed
1161 5430 1225 5471 ex
1253 5432 1454 5487 angore
1481 5436 1493 5472 :
1528 5418 1595 5473 Et
1622 5436 1738 5475 cum
1763 5425 1911 5488 abiit,
1967 5426 2169 5496 inquit,

594 5519 698 5558 non
737 5505 965 5575 ampliata
989 5507 1227 5562 concidit.
1258 5508 1418 5564 Vides
1470 5511 1708 5568 mulieris
1751 5515 1943 5571 fidem?
1987 5519 2172 5574 Prius-

593 5611 750 5667 quam
781 5600 1046 5670 acciperet
1073 5602 1217 5672 qttod
1246 5608 1566 5673 postularat,
1599 5611 1818 5679 perinde
1838 5617 2039 5672 conlisa
2065 5627 2168 5684 est,

586 5779 632 5825 ﬂ
655 5709 672 5741 ι
706 5707 836 5760 uilli.
856 5709 1102 5773 duo,sicut
1129 5722 1180 5765 ct
1204 5721 1340 5777 [ωιτη
1364 5720 1684 5780 precationem
1699 5736 1887 5790 meam;
1909 5729 2069 5785 minus
2089 5746 2171 5784 re-

637 5788 684 5825 e.

637 5788 684 5825 e.

1341 389 1397 446 s.
1440 382 1717 443 JOANNIS
1751 372 2224 438 cnuvsos'rom
2266 371 2578 428 .tttcuuar.
2621 340 3150 428 mser-imisue.

3771 375 3876 434 653

2294 493 2444 560 quasi
2489 492 2600 563 jam
2651 492 2964 564 accepisset.
3019 493 3075 548 In
3105 507 3264 550 causa
3313 508 3463 554 erat,
3505 497 3645 565 quod
3700 507 3878 557 oraret

2291 581 2460 638 multo
2483 597 2603 638 eum
2629 583 2839 638 fervore
2857 623 2874 651 ,
2906 583 3179 654 multoque
3199 584 3376 642 studii
3409 585 3541 642 citra
3565 586 3731 644 ullam
3761 591 3874 642 lia--

2288 673 2612 728 sitationem.
2656 673 2803 730 Hanc
2827 674 2896 729 ob
2924 689 3038 729 rem
3065 675 3194 731 abiit
3218 674 3370 746 quasi
3393 683 3558 732 totum
3586 677 3876 749 impetus-

2288 771 2384 817 eet.
2437 761 2574 830 Quin
2614 763 2830 834 insuper
2877 764 3015 821 Deus
3062 765 3171 833 jant
3219 776 3381 821 totam
3428 768 3752 825 anxietatem
3802 770 3872 826 illi

2286 857 2524 910 excussit
2550 871 2615 912 ex
2640 857 2818 911 animo
2837 898 2852 922 ,
2877 857 3161 926 largiturus
3186 857 3384 913 donum
3413 861 3551 928 qunti
3576 861 3810 930 petebat.

2361 946 2574 1003 Moralis
2607 949 2852 1019 epilogus.
2880 978 2952 988 —
3004 949 3150 1003 lianc
3199 947 3448 1004 feminam
3498 951 3770 1009 imitemur
3817 963 3873 1007 et

2287 1053 2419 1106 nos,
2451 1051 2506 1096 et
2556 1042 2607 1096 in
2652 1045 2899 1099 omnibus
2937 1044 3314 1102 afﬂictionibus
3358 1047 3425 1103 ad
3465 1049 3632 1103 Deum
3683 1049 3872 1104 confu-

2283 1130 2510 1200 giamus.
2542 1133 2610 1188 Et
2634 1135 2678 1189 si
2707 1135 2864 1192 nobis
2887 1152 2992 1193 non
3031 1139 3224 1195 fuerint
3251 1140 3440 1208 liberi,
3471 1141 3540 1196 ab
3564 1141 3655 1198 illo
3683 1153 3872 1214 pustu-

2285 1222 2487 1289 lemus;
2510 1240 2645 1295 quos
2669 1228 2714 1281 si
2758 1230 3143 1299 acceperimus,
3183 1233 3346 1287 multa
3374 1248 3502 1288 cura
3530 1233 3827 1289 educcnnts
3858 1253 3872 1288 :

2285 1312 2651 1371 adolescentes
2702 1331 2825 1371 cum
2877 1319 2949 1374 ab
2997 1323 3142 1376 omni
3191 1322 3317 1376 vitio
3371 1337 3715 1388 sevocemus,
3762 1336 3873 1378 tum

2286 1406 2550 1472 pracipue
2572 1420 2598 1457 a
2633 1407 2871 1474 lascivia,
2892 1410 3032 1478 quod
3063 1411 3164 1466 Itoc
3189 1412 3405 1468 difﬁcile
3427 1414 3500 1471 sit
3526 1414 3746 1480 bellum,
3775 1430 3874 1472 nec

2283 1493 2384 1547 alia
2429 1509 2517 1549 res
2551 1498 2828 1553 molestior
2855 1502 2924 1553 sit
2973 1502 3047 1556 illi
3094 1504 3264 1568 mta'i,
3313 1521 3472 1574 quam
3504 1505 3590 1561 hic
3631 1505 3870 1562 morbus.

2291 1585 2533 1656 Undique
2559 1588 2720 1659 igitur
2744 1591 2837 1645 Pil‘l
2858 1593 3206 1649 umvallcmus
3236 1595 3354 1650 illos
3378 1595 3649 1658 consiliis.
3679 1596 3874 1653 adhor-

2283 1677 2572 1734 tationibus
2591 1720 2605 1745 ,
2643 1681 2956 1748 terret-ilius,
2987 1684 3162 1738 minis.
3193 1683 3249 1740 Si
3279 1684 3414 1741 hanc
3443 1686 3741 1744 deviceriut
3779 1704 3872 1744 cu-

2285 1770 2514 1837 pidinem
2542 1813 2557 1837 ,
2594 1786 2696 1826 nec
2733 1772 2802 1826 ab
2839 1774 2958 1828 aliis
2985 1774 3140 1831 facile
3185 1779 3649 1849 expugnabuatur,
3693 1781 3789 1837 sed
3818 1792 3873 1838 et

2285 1861 2524 1929 pecuniis
2550 1873 2705 1916 erunt
2742 1867 3066 1933 superiores,
3119 1877 3172 1922 et
3213 1869 3575 1926 temulentiam
3623 1873 3870 1929 vinoleno

2285 1954 2518 2021 tiamque
2572 1957 2932 2024 superabunt.
2981 1965 3036 2013 et
3084 1959 3354 2029 improbos
3401 1963 3680 2017 Convictus
3723 1968 3869 2020 omni

2282 2043 2458 2097 studio
2485 2044 2806 2110 discutient,
2841 2055 2895 2101 et
2919 2049 3260 2106 amabiliores
3279 2061 3436 2106 emat
3459 2053 3792 2127 parentibus,
3818 2064 3876 2112 et

2282 2135 2532 2189 omnibus
2561 2135 2869 2191 hominibus
2897 2140 3065 2208 magis
3093 2141 3396 2196 reverendi.
3437 2143 3566 2208 Quis
3591 2145 3735 2199 enim
3763 2162 3872 2201 non

2285 2233 2590 2279 revereatur
2622 2226 2870 2294 juvenem
2901 2239 3048 2286 caste
3087 2231 3372 2302 sobrieque
3399 2235 3660 2290 viventem
3681 2237 3706 2289 ἲ
3751 2238 3871 2307 quis

2284 2331 2387 2368 non
2413 2316 2781 2385 amplectatur,
2814 2321 3256 2391 exosculeturque
3279 2338 3400 2378 eum
3427 2327 3516 2394 qui
3563 2327 3870 2396 cupiditati-

2284 2406 2381 2460 bus
2405 2405 2610 2461 frenum
2643 2408 2930 2476 imposuit?
2959 2412 3078 2480 quis
3102 2428 3207 2467 non
3241 2416 3321 2469 vel
3347 2431 3377 2470 e
3406 2432 3628 2473 numero
3673 2420 3868 2487 pradi-

2282 2498 2445 2552 vitum
2488 2499 2650 2554 multa
2676 2516 2795 2555 cum
2824 2504 2991 2572 gratia
3017 2505 3158 2561 volet
3181 2506 3256 2562 illi
3285 2507 3462 2563 locare
3491 2509 3655 2565 ﬁliam
3681 2526 3868 2578 suam,

2283 2588 2489 2642 etiamsi
2521 2590 2681 2646 fuerit
2702 2593 2943 2647 omnium
2975 2597 3384 2665 pauperrimus?
3410 2600 3558 2656 Sicut
3581 2618 3613 2656 e
3655 2603 3878 2660 diverso

2287 2679 2558 2736 luxuriose
2601 2683 2900 2748 viventem,
2929 2688 3139 2742 etiamsi
3178 2689 3340 2744 fuerit
3366 2693 3605 2748 omnium
3649 2697 3871 2766 opulen-

2283 2769 2547 2837 tissimus,
2598 2787 2754 2828 nemo
2797 2786 2902 2828 tant
2952 2777 3113 2832 miser
3140 2787 3251 2843 est,
3286 2797 3444 2837 nemo
3495 2794 3601 2840 tam
3647 2786 3870 2856 ahjecta‘.

2279 2858 2541 2927 fortunae,
2572 2873 2628 2918 ut
2669 2864 2769 2919 sibi
2818 2882 3077 2937 generum
3121 2870 3250 2925 velit
3284 2872 3628 2930 adsciscere:
3681 2887 3877 2935 contra

2282 2950 2458 3006 nullus
2501 2953 2637 3008 adeo
2687 2957 2880 3012 stultus
2921 2968 3003 3012 est
3027 2999 3040 3023 ,
3076 2968 3132 3014 ut
3154 2961 3390 3018 sobrium
3415 2979 3477 3019 ac
3509 2966 3760 3035 pudicum
3787 2984 3873 3024 re-

2277 3041 2446 3111 jiciat,
2477 3058 2539 3098 ac
2556 3043 2817 3102 dedecore
2845 3048 3062 3104 ofﬁciat.
3092 3050 3158 3106 Ut
3177 3052 3336 3122 igitur
3366 3055 3456 3110 filii
3485 3068 3541 3112 et
3562 3058 3873 3117 hominibus

2283 3136 2562 3192 reverendi
2591 3138 2737 3206 (iant,
2761 3149 2814 3195 et
2852 3141 2961 3197 Deo
2988 3145 3263 3215 amabiles,
3297 3163 3617 3207 exornemus
3657 3153 3873 3209 illorum

2283 3229 2511 3295 animos,
2531 3247 2756 3302 cumque
2788 3235 3037 3302 pudicitia
3063 3237 3129 3292 ad
3156 3240 3460 3310 eonjugium
3493 3243 3868 3311 perducamus.

2284 3321 2370 3377 Sic
2391 3323 2532 3377 enim
2563 3324 2667 3380 illis
2693 3325 2833 3381 velut
2854 3343 2883 3381 c
2912 3329 3054 3384 fonte
3066 3333 3590 3402 prevenientomnia,
3619 3348 3672 3393 et
3703 3338 3872 3395 Deum

2285 3413 2512 3468 habituri
2532 3424 2654 3470 sunt
2684 3419 2991 3488 propitium,
3019 3435 3082 3476 ac
3112 3425 3389 3492 praesentis
3419 3423 3718 3498 futuraeque
3746 3429 3871 3486 vitae

2281 3505 2448 3574 gloria
2497 3505 2882 3575 perfruentur:
2915 3526 3072 3580 quam
3122 3515 3334 3585 assequi
3388 3519 3664 3588 contingat
3716 3521 3875 3578 nobis

2281 3598 2548 3666 omnibus,
2565 3602 2733 3668 gratia
2754 3608 2808 3656 et
2832 3601 3066 3658 bonitate
3086 3603 3294 3661 Domini
3325 3608 3490 3663 nostri
3503 3609 3632 3666 lesu
3642 3610 3860 3680 Christi,

2282 3701 2401 3742 cum
2428 3703 2536 3757 quo
2576 3690 2716 3745 Patri
2746 3692 2934 3761 gloria,
2990 3695 3182 3763 honor,
3230 3697 3531 3769 imperium,
3559 3704 3718 3758 simul
3749 3720 3868 3760 cum

2285 3789 2468 3834 sancto
2493 3780 2690 3850 Spiritu
2716 3824 2731 3850 ,
2762 3799 2902 3840 nunc
2929 3795 2985 3841 et
3028 3802 3263 3858 semper,
3296 3801 3350 3845 et
3381 3792 3432 3846 itt
3481 3796 3673 3850 stecula
3703 3812 3869 3856 saecu-

2286 3867 2480 3926 lorum.
2508 3873 2698 3927 Amen.

2894 3945 3124 4004 SERMO
3174 3949 3260 4006 Ill.

2285 4027 2365 4086 De
2393 4032 2576 4099 Anna,
2602 4034 2766 4104 deque
2806 4035 3062 4094 Samuelis
3103 4043 3430 4109 educatione,
3473 4054 3520 4098 et
3553 4046 3689 4116 quod
3731 4047 3872 4104 utilia

2355 4122 2418 4176 ait
2456 4123 2509 4177 in
2538 4125 2780 4193 pariendo
2807 4129 3045 4197 tarditas,
3075 4138 3124 4188 et
3149 4137 3281 4200 quod
3321 4135 3663 4204 periculosum
3703 4138 3774 4194 sit
3801 4137 3874 4195 li-

2357 4212 2497 4267 beros
2524 4215 2835 4287 negligenter
2862 4219 3067 4275 habere.

2357 4325 2407 4379 1.
2440 4324 2617 4380 Oratio
2654 4327 2815 4383 Anna
2855 4346 3007 4399 quam
3036 4342 3184 4403 grata
3235 4333 3367 4392 Deo.
3397 4335 3660 4408 Lacryntar
3704 4341 3869 4413 rigant

2286 4414 2513 4483 plantam
2556 4419 2816 4474 orationis.
2867 4420 2968 4476 Res
3018 4423 3307 4492 spirituales
3351 4428 3504 4482 uariis
3533 4430 3871 4488 indesinenter

2287 4507 2460 4574 [armis
2495 4508 2737 4562 adornari
2774 4522 3007 4580 possunt.
3053 4514 3203 4569 Anna
3243 4516 3514 4572 liberorum
3557 4521 3871 4577 educationis

2286 4597 2640 4667 magistra.—
2679 4599 2789 4656 N'si
2816 4604 3000 4658 videor
3040 4605 3306 4676 aliquibus
3358 4607 3569 4664 fastidio
3619 4620 3676 4666 et
3720 4614 3873 4670 oneri

2284 4703 2424 4755 esse,
2457 4692 2579 4746 volo
2609 4693 2744 4747 idem
2793 4708 3164 4765 argumentum
3213 4714 3426 4755 rursum
3460 4703 3757 4774 attingere,
3802 4706 3874 4762 de

2283 4795 2388 4848 quo
2418 4782 2564 4836 vobis
2590 4799 2757 4854 nuper
2797 4785 3023 4841 disserui
3051 4804 3066 4841 :
3090 4803 3291 4860 vosque
3333 4791 3401 4845 ad
3457 4794 3666 4847 Annam
3701 4795 3868 4850 intro.

2285 4872 2477 4929 ducere
2525 4885 2684 4944 atque
2733 4878 2785 4930 in
2832 4889 3038 4947 pratum
3094 4881 3349 4936 virtutum
3415 4883 3558 4938 illius
3618 4885 3874 4944 inducere

2283 4979 2630 5020 sermonem:
2699 4978 2939 5034 pratum,
3000 4971 3251 5039 inquam.
3307 4987 3414 5028 non
3465 4974 3609 5044 quod
3667 4981 3874 5035 rosaria

2284 5058 2515 5124 profert,
2554 5069 2646 5112 aut
2671 5057 2832 5114 ﬂores
2877 5061 2964 5130 qui
3007 5073 3374 5132 marcescunt,
3423 5066 3516 5122 sed
3560 5067 3703 5138 quod
3753 5084 3878 5139 pte-

2282 5146 2547 5202 eationem
2607 5161 2670 5202 ac
2725 5147 2916 5213 iidem,
2972 5166 3323 5224 magnamque
3371 5155 3727 5213 tolerantiam.
3781 5159 3871 5215 Si-

2280 5237 2495 5307 quidem
2527 5237 2642 5293 htec
2667 5240 2846 5296 vernis
2873 5240 3093 5297 floribus
3121 5244 3275 5314 longe
3306 5257 3560 5314 praestant
3584 5248 3753 5304 odore
3771 5290 3786 5314 ,
3814 5259 3872 5306 ut

2279 5343 2398 5398 quae
2438 5345 2542 5385 non
2569 5344 2822 5399 aquarum
2854 5330 3122 5400 fontibus,
3153 5336 3246 5391 sed
3295 5337 3653 5409 lacrymarum
3696 5340 3868 5398 imbre

2281 5420 2538 5489 rigantur.
2571 5421 2753 5492 Neque
2785 5423 2927 5479 enim
2959 5426 3179 5494 perinde
3199 5427 3436 5482 amnium
3457 5429 3631 5486 fontes
3651 5430 3873 5490 ﬂoridos

2281 5511 2507 5566 reddunt
2535 5512 2716 5567 hortos
2739 5556 2754 5581 ,
2788 5523 2845 5568 ut
2867 5515 3099 5584 plantam
3131 5519 3452 5586 precationis
3493 5518 3665 5578 fontes
3690 5521 3866 5596 lacn.

2281 5616 2487 5656 marum
2510 5603 2789 5674 irrigantes
2818 5604 2869 5658 in
2895 5621 3159 5661 summam
3185 5607 3520 5668 altitudinem
3548 5611 3824 5670 deducat
3849 5632 3866 5672 :

2280 5694 2420 5764 quod
2449 5694 2572 5749 huic
2600 5696 2818 5766 contigit
2845 5698 3074 5754 mulieri.
3106 5697 3272 5755 Simul
3299 5701 3442 5757 enim
3457 5710 3518 5756 ut
3531 5703 3758 5775 loquuta
3771 5713 3874 5769 est,

2284 5787 2578 5844 subvolavit
2598 5788 2650 5844 in
2676 5788 2863 5851 caelum
2893 5791 3012 5862 ejus
3029 5790 3373 5864 deprecatio,
3404 5808 3469 5852 ac
3505 5793 3736 5855 fructum
3768 5794 3868 5870 Ipsi
