4106 6524
232 511 340 569 6Ξόξῖ

247 622 493 675 produxit
528 617 934 691 tempestivum,
962 627 1207 670 sanctum
1237 612 1481 666 videlicet
1514 609 1839 665 Samuelem.

279 712 421 767 ‘olite
448 710 606 780 igitur
632 709 857 761 moleste
888 705 1028 760 ferre
1049 746 1063 767 ,
1094 705 1136 757 si
1183 718 1367 758 rursus
1398 703 1536 754 idem
1564 714 1848 768 argumen-

244 812 357 855 tum
386 808 615 854 tractare
643 797 945 865 incipimus.
975 796 1159 863 Neque
1186 795 1327 848 enim
1358 791 1545 845 eadem
1582 790 1846 851 dicemus,

243 891 339 945 sed
360 904 492 944 nova
519 888 759 959 quaedam
783 902 844 942 ac
868 886 1122 942 recentia.
1150 884 1280 939 Nam
1309 886 1359 937 in
1387 884 1630 938 convivio
1650 896 1843 949 corpo-

242 982 360 1042 rali.
391 996 454 1035 ex
474 980 661 1034 eodem
682 979 905 1034 obsonio
929 978 1091 1031 multa
1116 976 1415 1029 eduliormn
1445 989 1640 1043 genera
1665 983 1845 1042 posset

241 1074 436 1142 aliquis
450 1070 735 1127 conﬁcere.
767 1070 904 1137 Quin
931 1078 987 1124 et
1012 1069 1262 1123 auriﬁces
1293 1066 1535 1121 videmus
1560 1081 1625 1121 ex
1653 1064 1843 1120 eadem

240 1164 357 1217 auri
404 1177 577 1217 massa
603 1172 657 1217 et
682 1162 938 1225 armillas,
966 1170 1019 1214 et
1069 1169 1319 1228 torques,
1370 1157 1607 1225 aliasque
1651 1155 1847 1209 multas

242 1270 330 1310 res
362 1270 550 1309 aureas
581 1253 801 1323 ﬁngere.
832 1252 1164 1322 Quamquam
1197 1251 1337 1304 enim
1370 1248 1612 1317 ejusdem
1631 1249 1845 1318 generis

241 1356 325 1401 est
354 1345 594 1405 materia,
628 1360 715 1397 ars
739 1354 911 1397 tamen
939 1352 1022 1396 est
1070 1342 1213 1394 varia
1236 1382 1251 1405 ,
1298 1355 1397 1393 nec
1445 1347 1749 1394 coarctatur
1774 1338 1845 1391 si-

240 1434 541 1489 militudine
588 1433 825 1487 materia:
853 1432 1105 1501 subjectae
1126 1472 1139 1491 .
1170 1429 1311 1501 quod
1340 1431 1450 1499 ipsa
1481 1430 1550 1483 sit
1578 1429 1793 1497 cepiosa
1823 1469 1837 1494 ,

241 1524 481 1593 variique
532 1524 761 1579 artiﬁcii.
819 1524 970 1591 Quod
1002 1524 1044 1576 si
1079 1538 1167 1577 res
1199 1522 1350 1576 istius
1377 1521 1498 1575 vitze
1544 1530 1670 1575 sunt
1700 1520 1843 1590 ejus-

239 1616 422 1679 modi,
459 1615 627 1669 multo
681 1632 804 1669 vero
836 1615 1003 1684 magis
1036 1614 1266 1683 Spiritus
1321 1622 1508 1681 gratia.
1537 1611 1671 1666 Nam
1700 1611 1841 1680 quod

237 1709 424 1779 gratiae
449 1723 629 1762 mensa
662 1709 730 1762 sit
762 1709 899 1761 varia
919 1749 934 1771 ,
968 1705 1329 1771 multiformis,
1364 1714 1417 1758 et
1446 1705 1684 1775 opipara,
1714 1704 1838 1758 audi

239 1799 464 1853 Paulum
508 1797 771 1852 dicentem
823 1815 839 1849 :
880 1798 980 1850 Alii
1032 1797 1239 1866 quidem
1273 1811 1365 1864 per
1400 1795 1653 1865 Spiritum
1693 1796 1844 1847 datur

237 1906 405 1945 sermo
431 1889 713 1959 sapientiaa,
761 1890 851 1943 alii
880 1906 993 1942 vero
1022 1904 1194 1942 sermo
1232 1889 1498 1949 scientiw,
1540 1886 1631 1939 alii
1666 1901 1842 1938 rursus

238 1984 389 2056 fides,
413 1984 502 2037 alii
536 2000 649 2037 vero
669 1984 803 2036 dona
819 1983 1169 2044 sanationum,
1189 1980 1573 2051 subventioues,
1593 1978 1843 2047 guberna-

240 2077 423 2139 tiones,
448 2091 631 2146 genera
659 2075 969 2143 linguarum.
993 2072 1121 2126 Ha’c
1150 2081 1326 2125 autem
1355 2084 1605 2137 operatur
1639 2085 1769 2121 unus
1797 2078 1843 2121 et

237 2169 372 2223 idem
408 2166 649 2236 Spiritus,
674 2165 900 2218 dividens
924 2180 1159 2219 seorsum
1191 2166 1377 2231 cuique
1404 2173 1457 2213 nt
1482 2162 1585 2214 vult
1616 2161 1690 2230 (l.
1721 2160 1839 2215 Cor.

239 2260 329 2314 12.
387 2258 566 2328 ε-Η).
605 2255 765 2311 Vides
814 2271 973 2325 quam
1029 2254 1173 2307 varia
1215 2251 1325 2306 sit?
1378 2252 1573 2315 Multa,
1636 2252 1838 2320 inquit,

238 2348 456 2405 ﬂumina
478 2390 494 2416 ,
526 2346 618 2403 sed
672 2364 808 2400 unus
837 2356 919 2400 est
950 2345 1100 2408 fons;
1131 2346 1276 2398 varia
1318 2352 1444 2398 sunt
1487 2343 1694 2406 edulia,
1748 2345 1841 2396 sed

238 2457 379 2496 unus
408 2448 489 2495 est
515 2442 845 2494 convicator.
892 2437 1034 2509 Ergo
1058 2454 1176 2492 cum
1211 2447 1319 2490 tam
1349 2452 1537 2505 magna
1563 2480 1576 2498 ,
1628 2448 1842 2505 tamque

238 2531 515 2600 multiplex
549 2532 617 2583 sit
646 2531 876 2598 Spiritus
893 2531 1084 2599 gratia,
1108 2544 1175 2582 ne
1194 2528 1570 2597 defatigemur.
1602 2527 1843 2580 Vidimus

237 2640 359 2681 eam
381 2624 615 2677 sterilem
637 2664 651 2690 ,
685 2621 917 2676 vidimus
937 2636 1053 2675 eam
1080 2620 1271 2674 factam
1312 2628 1536 2673 matrem
1574 2636 1586 2671 :
1616 2618 1842 2672 vidimus

238 2716 658 2786 lacrymantem,
697 2712 925 2768 vidimus
962 2712 1321 2783 gaudentem;
1357 2721 1466 2765 tum
1513 2710 1671 2764 simul
1719 2726 1841 2765 cum

240 2808 331 2863 illa
364 2807 689 2861 indoluimus
725 2824 737 2859 :
767 2806 925 2860 simul
958 2820 1079 2860 cum
1111 2806 1196 2861 illa
1227 2804 1423 2875 gaudio
1463 2803 1763 2858 efﬁciamur
1790 2812 1843 2857 et

240 2901 419 2955 hodie.
451 2884 541 2955 Sic
567 2910 619 2954 et
649 2900 843 2955 Paulus
869 2898 1039 2967 jubet,
1070 2898 1304 2954 Gaudere
1341 2916 1453 2952 cum
1481 2898 1839 2969 gaudentibus,

239 2992 364 3062 ﬂere
382 3009 495 3045 cum
516 2992 749 3061 ﬂentibus
793 2990 976 3060 (Rom.
1004 2990 1091 3045 12.
1126 2991 1238 3057 15).
1276 2989 1327 3042 Id
1364 3005 1489 3043 vero
1538 2988 1842 3043 faciendum

241 3092 327 3141 est
354 3098 457 3138 non
482 3084 657 3139 Solum
694 3097 855 3152 super
882 3083 947 3135 iis
968 3084 1057 3152 qui
1089 3081 1367 3135 nobiscum
1394 3082 1577 3133 vivunt
1602 3121 1616 3142 ,
1664 3079 1756 3132 sed
1790 3088 1844 3133 et

236 3192 401 3247 super
422 3176 486 3230 iis
511 3177 598 3245 qui
622 3174 749 3229 olim
774 3175 881 3227 nati
916 3172 1133 3227 fuerint.
1170 3173 1244 3227 Ac
1275 3186 1343 3226 ne
1368 3172 1488 3241 quis
1516 3171 1645 3225 mihi
1676 3170 1839 3233 dicat,

236 3268 365 3337 quid
395 3265 597 3320 fructus
625 3264 831 3334 capiam
857 3264 925 3318 ab
956 3266 1107 3317 Anna
1133 3305 1147 3329 ,
1180 3272 1230 3317 et
1264 3262 1331 3315 ah
1349 3262 1490 3316 illius
1510 3274 1840 3316 commemo-

237 3358 484 3415 ratione?
510 3356 641 3412 Nam
668 3366 721 3411 et
764 3356 910 3410 orba:
950 3355 1075 3409 hinc
1120 3361 1372 3423 poterunt
1412 3352 1621 3406 discere
1650 3393 1662 3415 ,
1710 3365 1843 3420 quo-

240 3448 402 3504 modo
432 3448 631 3517 possint
659 3445 772 3499 ﬁeri
798 3455 996 3499 matres
1027 3462 1038 3497 :
1066 3459 1250 3497 rursus
1276 3454 1477 3497 matres
1505 3445 1702 3507 scient,
1723 3458 1843 3512 qua:

238 3543 310 3596 sit
337 3541 534 3609 optima
566 3540 701 3593 ratio
745 3538 944 3591 liberos
971 3535 1253 3589 educandi.
1304 3534 1411 3589 Nec
1457 3533 1670 3589 femiuw
1719 3545 1840 3588 tan-

240 3644 393 3699 tum,
422 3634 515 3687 sed
544 3640 599 3686 et
628 3630 725 3684 viri
771 3630 1059 3700 plurimum
1110 3632 1176 3683 ab
1231 3628 1331 3683 hac
1372 3628 1592 3682 historia
1640 3628 1843 3681 fructus

239 3722 515 3784 auferent.
562 3722 606 3776 si
652 3721 775 3775 hinc
824 3720 1113 3775 didicerint
1186 3719 1395 3788 placido
1448 3719 1668 3787 mitique
1716 3733 1840 3786 erga

242 3829 441 3869 uxores
470 3827 591 3868 esse
612 3812 791 3867 animo
814 3853 828 3876 ,
858 3810 1066 3865 etiamsi
1095 3810 1391 3864 Sterilitatis
1418 3811 1545 3864 vitio
1578 3808 1838 3873 laborent,

241 3916 303 3962 ut
327 3906 523 3961 Eleana
543 3921 666 3976 erga
700 3908 913 3959 Annam
944 3903 1041 3958 fuit
1067 3903 1309 3958 affectus.
1334 3902 1441 3957 Nec
1472 3918 1599 3957 vero
1626 3902 1725 3955 huc
1755 3918 1841 3955 so-

242 3998 389 4060 lum.
419 3996 514 4051 sed
552 4005 606 4051 et
633 3995 775 4051 aliud
820 4010 886 4051 eo
930 3995 1501 4065 ntnjuslucrifacient,
1543 4011 1664 4047 cum
1707 3994 1844 4047 didi-

241 4088 415 4145 cerint
439 4096 618 4157 patres
644 4102 830 4142 omnes
854 4098 1105 4157 Oportere
1131 4087 1346 4149 liberos,
1369 4086 1457 4154 qui
1485 4087 1592 4139 nati
1623 4085 1837 4151 fuerint,

239 4179 475 4235 educare
499 4179 627 4233 Deo.
652 4179 728 4235 Ne
750 4180 909 4249 igitur
928 4178 1181 4249 quoniam
1202 4178 1457 4250 pecunias
1486 4187 1539 4231 et
1565 4186 1842 4247 argentum

242 4273 490 4340 accipere
535 4286 598 4325 ex
658 4271 759 4325 hac
798 4270 1103 4324 narratione
1142 4286 1249 4324 non
1292 4268 1443 4333 licet,
1477 4271 1844 4324 existimemus

243 4376 548 4417 sermonem
580 4360 733 4416 nobis
763 4359 1134 4431 infrugifcrum
1173 4375 1333 4415 esse:
1367 4360 1458 4415 sed
1500 4360 1570 4413 ob
1612 4360 1841 4428 tdlpSttm

243 4454 567 4508 arbitremur
598 4452 867 4508 lucrosum
888 4462 942 4507 et
963 4454 1146 4507 utilem
1167 4495 1182 4519 ,
1215 4452 1358 4523 quod
1393 4468 1499 4507 non
1522 4469 1711 4509 aurum
1752 4468 1843 4508 ar-

242 4556 550 4617 geutumve,
582 4546 674 4602 sed
704 4546 845 4615 quod
887 4545 951 4601 iis
980 4546 1136 4615 longe
1161 4548 1332 4613 majus
1359 4555 1463 4610 est,
1486 4547 1648 4600 animi
1676 4546 1843 4617 pieta-

247 4648 379 4701 tem,
428 4637 779 4707 czelestesque
809 4636 1089 4691 thesauros
1135 4637 1290 4692 nobis
1339 4638 1602 4699 ostendit,
1637 4638 1837 4693 docens

244 4744 354 4799 quo
402 4738 556 4797 pacto
603 4728 902 4798 periculum
964 4744 1125 4783 omne
1171 4729 1523 4798 depellamus.
1573 4729 1845 4799 Siquidem

246 4819 426 4888 largiri
476 4819 761 4887 pecuniam
794 4818 1097 4873 hominibus
1126 4819 1176 4873 in
1230 4820 1451 4889 proclivi
1484 4827 1567 4874 est
1596 4836 1610 4873 :
1642 4829 1698 4874 at
1725 4836 1847 4875 cor-

246 4913 424 4981 rigere
462 4919 735 4976 naturam,
765 4925 831 4965 ac
856 4909 1016 4964 talem
1046 4925 1334 4967 maerorem
1357 4920 1618 4967 excutere
1637 4954 1653 4980 ,
1684 4913 1846 4969 talem

246 5003 412 5057 animi
435 5001 726 5057 cruciatum
757 5002 971 5067 tollere,
991 5003 1222 5056 animam
1246 5002 1462 5069 jamjam
1488 5004 1847 5074 collapsnmm

246 5094 462 5165 erigere
482 5134 497 5159 ,
525 5094 653 5148 nulli
675 5095 891 5156 quidem
914 5095 1189 5148 hominum
1212 5136 1225 5158 ,
1248 5095 1343 5149 sed
1376 5096 1474 5149 soli
1504 5107 1707 5151 natura:
1739 5096 1846 5150 Do-

250 5185 400 5243 mino
431 5185 481 5239 in
524 5200 682 5239 manu
709 5196 811 5239 est.
838 5185 915 5240 Tu
944 5201 1075 5239 vero
1103 5187 1147 5239 si
1194 5201 1314 5240 cum
1359 5188 1548 5241 morbo
1605 5188 1849 5242 ‘aboraus

248 5275 535 5332 insatiabili
558 5317 574 5342 ,
611 5290 857 5344 percursa
886 5285 995 5330 tota
1029 5278 1241 5331 civitate
1269 5278 1525 5347 pecunias
1556 5279 1849 5349 impendis-

248 5382 363 5430 κε,
388 5366 623 5435 pluribus
643 5377 799 5421 utens
829 5366 1072 5433 medicis,
1106 5383 1204 5422 nec
1238 5368 1407 5422 ullum
1442 5369 1565 5424 mali
1598 5370 1848 5424 solatium

252 5458 545 5527 reperisses
566 5501 580 5523 ,
619 5468 804 5529 postea
834 5458 1099 5513 iucideres
1136 5461 1187 5515 in
1233 5462 1512 5516 mulierem
1538 5503 1551 5525 ,
1579 5477 1698 5531 qua:
1726 5478 1847 5517 cum

252 5550 449 5606 eodem
477 5551 667 5605 morbo
705 5561 999 5617 teneretur,
1032 5552 1252 5607 liberata
1284 5555 1375 5617 sit,
1418 5570 1525 5607 non
1581 5554 1853 5609 desineres

253 5642 542 5698 obsecrare
562 5682 578 5707 ,
606 5656 812 5711 rogare,
864 5642 1135 5697 exhortari
1163 5685 1176 5705 ,
1204 5654 1257 5695 ιιι
1298 5660 1419 5697 eum
1452 5645 1543 5699 tibi
1573 5660 1851 5699 common-

254 5741 476 5798 straret,
506 5732 657 5801 cujus
695 5750 856 5803 opera
895 5732 1084 5789 fuisset
1131 5743 1354 5789 sanata:
1388 5750 1531 5789 nunc
1576 5751 1703 5790 vero
1730 5751 1850 5789 cum

256 5824 442 5879 videas
467 5826 674 5878 Annam
716 5827 767 5879 in
798 5824 975 5879 medio
1003 5835 1231 5879 Stantem
1260 5871 1271 5892 ,
1300 5841 1567 5895 suumque
1607 5827 1851 5881 morbum

255 5925 619 5982 enarrantem,
637 5924 690 5970 et
710 5914 952 5985 ejusdem
986 5915 1279 5973 remedium
1310 5927 1846 5987 commemorantem,

1529 494 1616 548 ηις
1657 490 1839 547 ANNA
1880 489 2116 547 SER)!"
2156 490 2244 547 ιιι.

3457 499 3564 558 σω

1964 622 2027 663 ac
2055 607 2319 663 medicum
2361 617 2905 674 commonstrantem,
2962 608 3122 664 nullis
3170 608 3561 667 obsecrationi-

1957 702 2086 763 bus,
2137 702 2298 756 nullis
2362 702 2610 771 precibus
2659 699 2981 769 adductam,
3040 716 3145 757 non
3190 708 3418 759 accedes
3474 719 3565 760 ac-

1953 802 2174 861 ceptura
2220 792 2517 847 remedium
2545 834 2560 858 ,
2591 808 2689 848 nec
2734 794 2921 847 audies
2971 803 3079 847 tota
3108 807 3230 848 cum
3256 795 3558 852 attentione

1956 884 2271 937 historiam?
2320 884 2387 939 Et
2438 886 2565 954 quid
2621 901 2875 955 umquam
2926 886 3048 939 boni
3102 886 3305 955 poteris
3362 901 3562 945 conse-

1952 973 2083 1042 qui?
2131 979 2199 1027 At
2234 975 2321 1028 alii
2366 974 2673 1045 frequenter
2712 991 2899 1046 magna
2950 978 3114 1030 etiam
3176 977 3383 1033 emensi
3435 988 3563 1035 sunt

1955 1067 2118 1118 maria
2145 1107 2160 1129 ,
2193 1066 2508 1136 longinquas
2537 1069 2996 1139 peregrinationes
3027 1077 3421 1139 susceperunt,
3470 1086 3563 1140 pe-

1951 1158 2138 1211 cunias
2186 1159 2596 1227 impenderunt,
2646 1160 2859 1215 labores
2906 1162 3143 1230 perpessi
3178 1171 3338 1226 sunt,
3373 1171 3427 1216 ut
3454 1178 3561 1217 me-

1953 1248 2128 1303 dicunt
2176 1264 2353 1304 comm
2378 1260 2659 1305 ‘nstratum
2694 1252 2745 1305 in
2777 1252 3059 1321 peregrina
3093 1252 3312 1323 regione
3339 1254 3559 1322 conspi-

1950 1349 2155 1403 cerent,
2189 1343 2347 1411 idque
2373 1359 2497 1397 cum
2520 1359 2624 1397 non
2656 1344 2943 1399 admodum
2972 1354 3115 1399 certa
3145 1356 3288 1399 esset
3322 1345 3517 1400 ﬁducia
3544 1388 3558 1411 ,

1952 1442 2011 1485 ut
2037 1448 2254 1500 prorsus
2282 1435 2471 1488 morbo
2510 1434 2867 1488 liberarentur
2897 1451 2909 1487 :
2945 1447 2995 1489 at
3024 1446 3099 1500 tu,
3129 1452 3161 1489 ο
3185 1436 3400 1503 mulier,
3434 1452 3557 1492 cum

1950 1537 2057 1576 non
2086 1523 2160 1577 sis
2190 1524 2381 1578 initura
2409 1526 2791 1593 profectionem
2819 1530 3228 1581 transmarinam
3256 1572 3269 1594 ,
3297 1545 3395 1584 nec
3420 1530 3558 1599 ultra

1952 1615 2134 1682 patria:
2168 1614 2301 1669 ﬁnes
2330 1616 2716 1686 demigratum,
2751 1634 2847 1671 nec
2880 1620 3115 1673 laborem
3163 1620 3396 1674 similem
3431 1636 3554 1689 per-

1948 1723 2203 1777 pessum:
2234 1722 2285 1763 et
2324 1710 2450 1779 quid
2486 1710 2627 1773 dixi,
2660 1712 2799 1765 ultra
2860 1713 3042 1779 patri-.2
3088 1711 3257 1765 lines?
3291 1726 3412 1766 cum
3461 1726 3557 1766 nec

1948 1799 2120 1869 ipsum
2148 1800 2341 1855 domus
2375 1801 2536 1856 limen
2567 1804 2795 1857 transire
2842 1804 3072 1873 cogaris,
3124 1804 3217 1858 sed
3245 1806 3325 1858 vel
3358 1806 3409 1859 in
3440 1805 3558 1874 ipso

1950 1888 2183 1944 thalamo
2222 1890 2394 1960 possis
2420 1893 2709 1947 convenire
2730 1893 2995 1947 medicum
3028 1936 3041 1959 ,
3083 1895 3322 1963 citraque
3346 1895 3554 1949 media-

1950 1990 2124 2036 torem
2152 1997 2271 2036 cum
2306 1982 2396 2035 illo
2447 1982 2677 2054 colloqui
2729 1984 2795 2038 de
2847 1985 3273 2056 quibuscumque
3321 1988 3555 2041 volucris

1950 2071 2111 2143 (Deus
2129 2073 2271 2128 enim
2295 2116 2308 2139 ,
2339 2075 2542 2145 inquit,
2597 2076 3018 2147 appropinquans
3057 2094 3146 2148 ego
3186 2094 3335 2141 sum,
3367 2090 3413 2131 et
3454 2095 3555 2131 non

1948 2162 2088 2218 Deus
2117 2165 2297 2235 procul
2346 2164 2480 2233 (Jer.
2506 2164 2599 2219 25.
2627 2165 2756 2236 25),
2810 2166 2994 2221 differs
3040 2176 3093 2221 et
3133 2168 3445 2223 cunctaris?
3489 2168 3556 2222 Et

1947 2271 2104 2323 quam
2153 2254 2403 2309 habitura
2445 2271 2505 2310 es
2538 2258 2979 2312 excusationem?
3005 2273 3164 2328 quam
3204 2259 3556 2327 ccinsequeris

1948 2345 2187 2409 veniam,
2242 2346 2287 2399 si
2316 2362 2436 2400 cum
2484 2348 2777 2415 proclivem
2800 2357 2853 2402 et
2885 2347 3122 2417 undique
3174 2347 3382 2403 facilem
3415 2349 3554 2402 riam

1950 2438 2195 2492 invenire
2231 2438 2442 2507 possis,
2489 2455 2591 2508 qua
2620 2440 2687 2492 ab
2717 2440 3033 2509 urgentibus
3073 2438 3228 2492 malis
3273 2439 3545 2503 libereris,

1950 2542 2044 2597 per
2070 2528 2369 2582 socordiam
2411 2538 2556 2583 tuam
2592 2529 2758 2599 ipsius
2812 2530 3040 2585 salutem
3076 2528 3414 2598 prodideris?
3460 2530 3555 2585 llic

1948 2622 2089 2675 enim
2122 2622 2359 2676 medicus
2394 2638 2501 2676 non
2545 2623 2881 2678 sterilitatem
2933 2624 3133 2687 solum,
3184 2622 3278 2677 sed
3310 2632 3361 2677 et
3394 2638 3556 2678 omne

1948 2713 2258 2768 morborum
2306 2730 2475 2785 genus
2529 2726 2636 2769 tum
2689 2716 3102 2783 corporis,tum
3145 2715 3308 2769 animi
3360 2731 3554 2770 sanare

1948 2816 2165 2876 potest,
2200 2808 2243 2861 si
2281 2808 2407 2863 velit
2440 2818 2663 2866 tantum.
2715 2807 2898 2877 Neque
2937 2808 2989 2861 id
3018 2808 3194 2862 Solum
3241 2807 3551 2863 mirandum

1947 2906 2027 2951 est
2052 2941 2065 2960 ,
2096 2898 2238 2968 quod
2279 2899 2408 2954 citra
2438 2898 2710 2963 laborem,
2743 2900 2858 2953 sine
2910 2900 3337 2969 peregrinatione
3364 2940 3378 2964 ,
3429 2898 3548 2953 sine

1947 2991 2251 3059 impendiis,
2286 2993 2489 3062 absque
2530 2992 2979 3047 intercessoribus
3015 2992 3349 3046 curationem
3398 2989 3555 3044 adhi-

1948 3082 2071 3147 bet,
2106 3099 2291 3137 verum
2335 3085 2496 3138 etiam
2528 3085 2669 3154 quod
2714 3086 2845 3138 citra
2872 3084 3141 3138 dolorem.
3175 3084 3360 3153 Neque
3409 3084 3551 3137 enim

1948 3170 2091 3227 ferro
2122 3174 2298 3243 iguive
2329 3185 2483 3227 curat
2514 3174 2749 3237 malum,
2782 3186 2838 3228 ιιι
2864 3176 3045 3227 οςιιιοΐί
3078 3176 3271 3228 medici
3302 3174 3506 3228 faciunt
3538 3192 3551 3227 :

1948 3262 2143 3318 sufﬁcit
2183 3265 2265 3318 vel
2294 3263 2519 3333 simplex
2550 3273 2710 3319 nutus
2735 3304 2751 3328 ,
2783 3279 2847 3317 ac
2877 3265 3117 3333 protinus
3152 3266 3329 3319 OllllliS
3358 3280 3547 3335 angor,

1946 3354 2121 3409 omnis
2142 3354 2313 3420 dolor,
2339 3369 2498 3409 onme
2514 3354 2714 3408 malum
2733 3354 2881 3423 fugit,
2902 3364 3062 3425 atque
3088 3356 3385 3409 exsulatum
3416 3357 3547 3411 abit.

2018 3448 2073 3502 2.
2116 3448 2191 3502 Ne
2212 3459 2527 3503 cunctentur
2548 3449 2726 3518 igitur,
2753 3464 2887 3503 neve
2920 3450 3395 3518 procrastinemus,
3424 3448 3552 3502 licet

1952 3556 2214 3611 pauperes
2238 3542 2425 3607 simus,
2464 3551 2519 3594 et
2547 3542 2611 3593 ad
2642 3552 2937 3595 extremam
2987 3539 3189 3595 redacti
3235 3550 3549 3609 egesLuem.

1946 3631 2131 3700 Neque
2161 3632 2304 3686 enim
2338 3630 2423 3685 hic
2452 3630 2778 3686 numeranda
2811 3641 2893 3686 est
2947 3632 3191 3702 pecunia,
3234 3640 3293 3685 ut
3317 3631 3550 3700 iu0pium

1947 3724 2214 3793 prasini-'5
2258 3722 2572 3777 obtendere.
2619 3722 2714 3777 llic
2763 3722 3014 3775 nimirum
3046 3722 3285 3777 medicus
3311 3736 3417 3775 non
3458 3734 3552 3775 ar-

1946 3826 2165 3885 gentum
2199 3829 2297 3885 pro
2326 3815 2574 3869 mercede
2616 3815 2768 3884 petit,
2814 3814 2907 3867 sed
2937 3814 3221 3883 lacrymas,
3264 3827 3451 3881 preces
3490 3826 3554 3866 ac

1949 3909 2127 3962 fidem.
2158 3906 2284 3961 llmc
2311 3907 2353 3961 si
2398 3914 2618 3977 portans
2647 3904 2712 3959 ad
2748 3906 2896 3958 illum
2929 3904 3247 3971 accesseris,
3288 3902 3550 3973 quidquid

1946 4000 2167 4054 Omnino
2186 3999 2470 4068 postularis
2486 3998 2740 4067 accipies,
2772 3996 3044 4066 multoque
3070 4010 3190 4050 cum
3214 3995 3408 4065 gaudio
3429 3993 3545 4056 dis-

1947 4090 2125 4145 cedes.
2163 4088 2215 4143 ld
2244 4104 2374 4143 sane
2403 4104 2524 4142 eum
2557 4086 2737 4140 nmltis
2763 4101 2831 4140 ex
2861 4086 3019 4139 rebus
3040 4098 3367 4155 cognoscere
3400 4086 3544 4149 licet,

1950 4189 2060 4234 tum
2090 4195 2217 4234 vero
2247 4179 2511 4249 pra-cipue
2533 4194 2599 4232 ex
2630 4178 2730 4231 hac
2757 4177 3004 4243 muliere,
3028 4190 3150 4246 quae
3177 4190 3281 4229 non
3312 4191 3500 4230 aurum
3533 4215 3549 4237 .

1948 4286 2053 4326 non
2083 4281 2359 4341 argentum
2377 4268 2639 4333 exhibuit,
2670 4267 2763 4322 sed
2792 4282 3001 4339 preces,
3031 4265 3189 4321 ﬁdem
3212 4276 3267 4320 et
3289 4264 3552 4335 lacrymas

1948 4362 2164 4429 obtulit,
2197 4374 2359 4433 atque
2384 4362 2455 4415 ita
2487 4360 2743 4431 quidquid
2773 4362 3264 4430 petiitconsequuta
3283 4358 3550 4412 discessit.

1950 4452 2179 4509 Proinde
2205 4439 2274 4507 ne
2305 4462 2554 4522 putemus
2583 4452 2721 4507 hanc
2762 4452 3123 4505 narrationem
3148 4449 3302 4503 nobis
3326 4448 3553 4518 infrugi-

1952 4544 2117 4599 feram
2144 4558 2265 4599 esse
2285 4586 2298 4609 ,
2327 4542 2759 4615 quandoquidem
2806 4540 2933 4596 Hac
2958 4542 3149 4609 scripta
3180 4550 3297 4595 sunt
3338 4541 3405 4593 ad
3440 4556 3555 4593 cor-

1949 4636 2228 4706 reptionem
2255 4646 2504 4702 nostram,
2536 4636 2589 4688 in
2615 4651 2741 4702 quos
2765 4635 2897 4704 ﬁnes
2914 4634 3219 4689 seculorum
3245 4634 3553 4687 devenerunt

1952 4727 2029 4799 (1.
2061 4727 2180 4781 Cor.
2213 4728 2448 4796 10.“):
2482 4728 2576 4781 sed
2611 4728 2867 4781 adeamus
2902 4742 3058 4792 eam,
3107 4727 3379 4783 discamus
3416 4739 3553 4795 quo-

1952 4818 2113 4873 modo
2139 4818 2358 4873 liberata
2380 4819 2449 4871 sit
2478 4834 2506 4871 a
2550 4818 2713 4882 malo,
2737 4818 2932 4889 etquid
2964 4819 3127 4889 egerit
3154 4820 3550 4883 morbnlerata,

1952 4919 2006 4965 et
2029 4925 2136 4981 quo
2157 4919 2311 4979 pacto
2338 4908 2494 4963 fuerit
2518 4924 2612 4963 usa
2640 4924 2864 4964 nnmere
2890 4925 2917 4961 a
2953 4909 3063 4964 Deo
3093 4908 3238 4963 dato.
3271 4908 3437 4975 Sedit,
3473 4908 3555 4963 in-

1952 5004 2085 5073 quit.
2109 5013 2156 5056 et
2185 5003 2390 5056 lactavit
2413 5001 2707 5057 Samuelem
2739 5002 2824 5069 (1.
2858 5000 2967 5073 Reg
3022 5003 3075 5057 l.
3112 5002 3231 5073 25).

2029 5093 2233 5161 Quanta
2267 5094 2445 5162 pietate
2503 5108 2714 5163 puerum
2762 5093 2980 5148 Domino
3020 5094 3249 5149 educavit
3275 5094 3551 5158 obtutuque

1955 5185 2337 5241 Anum—Vide
2354 5186 2628 5257 quomodo
2642 5186 3006 5255 eonspiciebat
3025 5187 3279 5256 deinceps
3295 5187 3553 5242 infantem

1956 5277 2123 5342 illum,
2140 5293 2245 5332 non
2269 5288 2472 5347 tantum
2488 5285 2547 5332 ut
2564 5277 2841 5344 infantem,
2860 5277 3214 5333 verumetiam
3234 5284 3292 5333 ut
3312 5293 3424 5332 rem
3443 5277 3487 5333 ι)
3519 5292 3555 5333 o

1954 5376 2322 5423 Consecratam
2358 5384 2372 5421 :
2398 5383 2574 5437 eoque
2603 5369 2759 5423 matri
2793 5370 3041 5440 geminus
3070 5369 3271 5423 amoris
3311 5369 3559 5423 stimulus

1959 5461 2150 5514 insitus
2174 5470 2277 5521 est.
2300 5461 2436 5515 alter
2463 5476 2491 5512 a
2524 5470 2736 5526 natura,
2759 5461 2897 5515 alter
2918 5476 2943 5510 a
2971 5462 3163 5531 gratia.
3199 5461 3274 5514 Ac
3304 5462 3557 5529 meaqui-

1958 5552 2078 5606 dem
2112 5553 2398 5617 sententia,
2438 5553 2599 5606 etiam
2632 5551 2980 5607 reverehatur
3010 5566 3234 5620 puerum
3266 5567 3418 5605 suum
3442 5594 3455 5616 ,
3506 5561 3557 5607 ct

1959 5643 2171 5697 tnerito.
2225 5643 2433 5697 Etenim
2475 5644 2519 5697 si
2566 5644 2655 5712 qui
2697 5643 2903 5712 phialas
2947 5642 3201 5711 [ioculare
3246 5658 3410 5698 aurea
3453 5644 3559 5698 Deu

1959 5734 2184 5788 dicaturi
2213 5744 2358 5799 sunt,
2390 5743 2735 5804 posteaquam
2764 5750 2823 5788 ea
2849 5732 3212 5800 jamconfucta
3230 5735 3556 5802 accept-rint,

1960 5826 2212 5895 domique
2240 5826 2596 5895 reposuerint,
2630 5841 2735 5880 non
2781 5840 2841 5879 ea
2883 5826 3032 5895 quasi
3066 5828 3287 5895 profana
3319 5840 3443 5879 vasa
3475 5826 3553 5879 in-

1964 5924 2211 5985 tuentur,
2241 5916 2335 5975 sed
2361 5926 2630 5988 tamquam
2664 5918 2770 5971 Deo
2796 5932 2968 5983 sacra,
3024 5931 3121 5970 nec
3160 5925 3355 5971 audent
3386 5931 3449 5971 ea
3481 5927 3553 5971 ιι)⁴
