4152 6492
609 412 717 472 ὑ55

615 541 766 583 mere
785 524 1022 592 citraque
1042 530 1254 575 causam
1285 516 1568 586 attingere,
1596 513 1730 567 sicut
1757 517 1948 564 caetera
1976 523 1990 561 :
2033 501 2199 558 multo

618 624 786 688 magis
816 615 926 669 haec
948 611 1141 666 mulier
1154 609 1312 666 simili
1334 607 1513 662 animo
1533 602 1842 660 attendebat
1868 600 1932 654 ad
1957 609 2199 668 puerum,

619 713 779 765 etiam
809 699 1113 776 priusquam
1144 702 1290 756 illum
1323 702 1374 756 in
1404 698 1655 767 templum
1690 695 1965 749 induceret
1992 709 2004 745 :
2036 701 2086 745 et
2117 690 2202 744 di-

618 799 813 870 ligebat
839 798 1128 868 impensius
1153 796 1338 858 tilium,
1367 805 1417 846 et
1436 790 1655 846 curabat
1689 798 1957 856 tamquam
1987 786 2096 838 Deo
2119 783 2205 837 cli-

613 903 811 952 catum.
830 891 1138 948 existimans
1153 905 1210 945 se
1222 903 1316 958 per
1334 887 1477 941 illum
1492 882 1875 940 sanctificatum
1889 880 1973 946 iri,
1991 877 2206 951 quando

615 985 809 1041 domus
825 984 990 1056 ipsius
1001 984 1113 1055 jam
1133 991 1247 1037 erat
1273 981 1411 1036 facta
1440 979 1716 1048 templum,
1747 988 1798 1032 ut
1825 991 1944 1047 qum
1967 973 2203 1048 prophe-

620 1086 728 1129 tam
754 1089 816 1131 ac
838 1072 1165 1128 sacerdotem
1195 1071 1330 1126 intra
1353 1084 1414 1125 se
1433 1069 1752 1124 contineret.
1780 1066 1895 1121 Non
1918 1066 2088 1121 solum
2106 1079 2206 1118 au-

617 1179 724 1222 tem
751 1179 816 1220 ex
847 1179 912 1222 eo
937 1163 1078 1234 quod
1111 1163 1256 1217 illum
1286 1161 1394 1217 Deo
1424 1159 1730 1230 spopondit,
1758 1158 2106 1214 verumetiatn
2135 1171 2204 1211 ex

619 1257 720 1310 ltoc
734 1255 874 1317 quod
885 1269 997 1309 non
1013 1269 1136 1308 ausa
1153 1253 1218 1307 sit
1240 1251 1531 1308 ascendere
1549 1251 1600 1306 in
1622 1250 1879 1320 templum
1900 1248 2205 1319 priusquam

619 1346 944 1401 ablactasset
986 1345 1262 1406 infantem,
1304 1343 1420 1413 ejus
1448 1342 1696 1411 pietatem
1731 1342 1851 1395 licet
1880 1339 2202 1409 perspicere.

621 1439 706 1494 Ait
727 1439 860 1492 enim
881 1439 988 1491 uiro
1007 1455 1100 1492 suo
1125 1453 1145 1493 :
1177 1435 1298 1490 Non
1326 1437 1595 1491 ascendant
1627 1433 1793 1488 donec
1813 1434 2053 1489 ascendat
2079 1446 2208 1501 puer

571 1548 578 1556 '
621 1548 818 1586 succum
838 1547 857 1586 :
879 1547 993 1584 cum
1019 1541 1183 1584 autent
1205 1529 1521 1600 ablactavero
1543 1528 1714 1592 illum,
1750 1526 1995 1594 offeretur
2013 1527 2065 1579 in
2083 1539 2208 1579 con—

621 1632 793 1692 spectu
821 1619 1042 1683 Domini,
1075 1629 1121 1674 et
1145 1619 1330 1674 sedebit
1355 1619 1460 1673 illic
1487 1620 1540 1673 in
1557 1635 1720 1674 rerum
1749 1619 1824 1690 (l.
1852 1617 1978 1689 Reg.
2005 1618 2059 1672 1.
2089 1615 2207 1686 22).

630 1711 816 1766 Vidcu‘
837 1717 861 1763 ‘t
886 1708 1001 1764 Non
1033 1709 1369 1764 existimabat
1390 1721 1510 1764 esse
1536 1717 1706 1763 tutum
1732 1709 1823 1763 illo
1843 1706 1992 1761 domi
2018 1707 2208 1761 relicto

621 1801 916 1856 ascendere
939 1801 990 1854 in
1029 1801 1282 1870 templum
1301 1841 1314 1866 ,
1345 1799 1488 1871 quod
1516 1814 1635 1853 cum
1664 1800 1960 1868 accepisset
1984 1799 2207 1864 donum,

625 1906 732 1967 nun
749 1890 1038 1945 sustineret
1064 1888 1266 1960 absque
1292 1890 1434 1946 dono
1455 1901 1789 1960 comparere.
1815 1887 2019 1946 Rursus
2037 1890 2210 1946 addu-

623 1990 712 2038 cto
734 1981 846 2046 illo,
876 1997 940 2037 ac
969 1995 1090 2036 mox
1119 1991 1356 2051 recepto,
1377 1981 1706 2038 descendere
1734 1983 2021 2038 verebatur
2047 1999 2062 2036 :
2091 1983 2216 2040 ideo

625 2079 777 2128 tanto
804 2081 1042 2142 tempore
1067 2071 1357 2138 remansit,
1406 2080 1464 2127 ut
1506 2087 1626 2128 cum
1671 2072 1814 2128 dono
1857 2083 2211 2143 compareret.

631 2160 862 2216 Adduxit
886 2173 1033 2231 ergo,
1073 2174 1138 2215 ac
1163 2162 1396 2230 reliquit,
1434 2175 1532 2216 nec
1561 2177 1695 2231 puer
1724 2177 1753 2216 a
1786 2179 2013 2217 mamma
2045 2165 2217 2219 divul-

628 2269 722 2310 sus
747 2256 972 2310 moleste
999 2252 1137 2320 tulit,
1166 2254 1291 2310 licet
1315 2257 1495 2311 sciatis
1535 2270 1693 2326 quam
1719 2257 1927 2312 soleant
1953 2257 2214 2328 indignari

629 2346 778 2418 pueri
800 2349 1006 2418 qu0ties
1025 2361 1054 2402 a
1080 2349 1216 2404 lacte
1241 2347 1580 2420 depelluntur
1603 2348 1679 2420 (a)
1710 2366 1724 2404 :
1752 2361 1933 2404 verum
1975 2361 2074 2403 nec
2101 2348 2216 2418 ipse

630 2454 766 2510 puer
793 2453 934 2507 aegre
961 2439 1080 2492 tulit
1124 2452 1153 2491 a
1201 2447 1370 2494 matre
1411 2438 1670 2504 divulsus,
1715 2439 1808 2497 sed
1836 2436 1908 2498 ad
1931 2435 2214 2493 Dominum

631 2528 886 2599 respexit,
917 2528 1005 2600 qui
1033 2529 1199 2598 ipsam
1229 2526 1453 2585 matrem
1481 2528 1714 2596 fecerat;
1753 2542 1853 2584 nec
1902 2529 2017 2600 ipsa
2048 2539 2220 2586 mater

631 2619 801 2675 doluit
819 2635 848 2674 a
877 2633 1046 2690 puero
1076 2621 1336 2691 seiuncta,
1365 2621 1488 2690 quia
1511 2617 1804 2676 naturalem
1833 2621 2079 2676 allectum
2095 2622 2222 2676 vicit

635 2709 997 2766 interveniens
1021 2708 1208 2782 gratia,
1234 2721 1287 2766 et
1316 2723 1541 2782 uterque
1569 2725 1628 2766 se
1657 2727 1778 2766 cum
1828 2712 1998 2766 altero
2043 2713 2222 2769 vivere

634 2800 999 2857 existimabat.
1031 2800 1489 2870 Quemadmodum
1521 2803 1706 2856 eodem
1739 2804 1789 2856 iu
1815 2803 1932 2859 loco
1966 2800 2067 2858 ﬁxa
2098 2804 2221 2860 vitis

636 2890 691 2945 in
712 2891 926 2962 longum
956 2888 1199 2962 producit
1230 2893 1474 2962 palmites
1498 2935 1513 2954 ,
1545 2903 1600 2949 ct
1623 2911 1718 2948 ura
1745 2897 1914 2950 multo
1941 2897 2222 2952 intervallo

636 2980 895 3053 pendens,
927 2982 1092 3039 radici
1123 2979 1291 3040 lueret
1321 2999 1334 3039 :
1368 2986 1551 3042 itidem
1587 2995 1643 3042 et
1675 2988 1725 3041 in
1760 2986 1860 3043 hac
1902 2986 2098 3044 accidit
2149 2989 2226 3044 fe-

636 3075 802 3140 mina,
830 3084 951 3144 qua:
979 3075 1032 3129 in
1059 3073 1192 3132 urbe
1215 3091 1441 3132 mancus
1467 3092 1637 3148 usque
1661 3079 1726 3134 ad
1752 3081 2008 3149 templum
2034 3091 2224 3136 exten-

638 3164 718 3220 dit
737 3177 892 3222 suum
915 3167 1208 3238 palmitem,
1236 3180 1398 3240 atque
1424 3170 1533 3227 illic
1557 3186 1713 3226 uvam
1741 3170 2018 3244 suspendit
2050 3186 2226 3230 utatu-

642 3274 758 3313 ram
787 3276 802 3313 :
835 3271 937 3316 nec
959 3260 1297 3316 intervallqu
1326 3263 1452 3316 illud
1485 3263 1651 3318 ullum
1680 3265 2227 3337 attulitimpcdimcu-

642 3357 756 3404 tum
783 3391 800 3417 ,
830 3363 951 3406 cum
979 3351 1176 3407 caritas
1204 3369 1322 3422 qua:
1357 3355 1648 3410 secundum
1680 3356 1849 3411 Deum
1874 3364 1974 3423 est,
2008 3373 2229 3428 puerum

643 3443 797 3498 matri
812 3446 1106 3516 copularet.
1123 3445 1451 3521 Quamquam
1472 3449 1613 3507 enim
1637 3463 1767 3507 tutas
1784 3459 1898 3509 erat
1924 3453 2227 3522 immatura,

644 3533 810 3589 virtus
860 3547 1036 3593 tamen
1086 3538 1271 3596 aderat
1321 3549 1570 3599 matura:
1611 3544 2131 3620 ascendentibusque
2176 3547 2227 3601 in

644 3626 908 3715 tetnpluttt
931 3631 1180 3688 omnibus
1225 3632 1406 3691 multm
1456 3636 1727 3709 religionis
1766 3642 2018 3712 magister
2063 3643 2232 3700 factus

643 3729 747 3775 est.
773 3720 904 3775 Nam
947 3719 1020 3778 illi
1047 3720 1172 3779 dum
1217 3727 1549 3797 inquirerent
1591 3729 1968 3804 discerentque
2013 3736 2230 3792 modum

645 3814 900 3867 natalium
931 3812 1094 3882 illius,
1117 3817 1329 3875 abunde
1355 3837 1603 3892 ntagnum
1629 3824 1878 3880 solatium
1901 3827 2236 3898 accipiebant

643 3903 757 3973 spei
778 3920 897 3974 qua:
923 3915 1144 3985 esterga
1167 3909 1357 3966 Deum.
1380 3910 1563 3983 Neque
1582 3913 1884 3986 quisquam,
1910 3917 2028 3973 viso
2043 3933 2231 3990 puero,

645 3999 835 4078 tacitus
873 3998 1254 4072 descendebat,
1299 4006 1394 4061 sed
1419 4003 2005 4082 omnes'glorilicabant
2034 4012 2183 4070 illum
2215 4058 2232 4082 ,

643 4106 677 4143 a
704 4106 809 4160 quo
839 4101 1036 4161 pratter
1059 4110 1210 4165 spem
1236 4097 1393 4176 datus
1411 4111 1548 4156 erat.
1582 4102 1730 4159 Hanc
1755 4105 1826 4160 ob
1854 4120 2070 4163 causam
2091 4107 2234 4166 Deus

643 4181 857 4236 distulit
885 4194 1118 4254 partum,
1147 4196 1206 4244 ut
1227 4187 1372 4263 banc
1392 4203 1612 4263 augeret
1651 4197 1999 4266 voluptatem,
2028 4208 2084 4255 ut
2113 4216 2235 4255 mu-

649 4271 835 4327 lierem
859 4273 1110 4330 redderet
1135 4277 1506 4356 illustriorem.)
1525 4282 1657 4341 Nam
1685 4279 2006 4359 quicumque
2025 4291 2236 4347 calami-

643 4372 810 4438 tatem
844 4366 961 4437 ejus
1010 4381 1291 4441 noverant,
1343 4374 1378 4429 ii
1425 4383 1590 4434 testes
1619 4378 1740 4434 facti
1785 4383 1969 4452 gratiae
2024 4386 2155 4444 Dei:
2181 4374 2240 4445 et

647 4456 788 4528 quod
817 4457 976 4530 longo
1005 4470 1246 4533 tempore
1273 4467 1469 4522 mansit
1492 4469 1544 4523 in
1571 4471 1819 4542 orbitate,
1844 4475 2040 4545 eﬂ'ecit,
2087 4488 2144 4535 ut
2183 4491 2238 4538 et

641 4548 762 4624 ipsa
790 4551 978 4619 multis
994 4565 1146 4610 esset
1174 4557 1368 4624 notior,
1394 4567 1443 4632 et
1467 4560 1536 4616 ab
1566 4564 1814 4621 omnibus
1841 4568 1995 4625 beata
2044 4573 2238 4642 prtedi-

646 4648 1164 4732 caretur,uessetquc
1207 4647 1259 4701 in
1294 4648 1684 4712 admiratione:
1712 4656 1943 4731 hincque
1990 4662 2188 4724 factum
2217 4707 2233 4732 ,

652 4738 712 4780 ut
740 4744 834 4799 per
856 4730 1004 4787 illam
1031 4733 1140 4805 Deo
1160 4739 1360 4804 gratias
1387 4754 1606 4806 agerent
1639 4759 1797 4814 quam
1827 4730 2058 4817 plurimi.
2112 4730 2238 4812 llaec

652 4819 774 4873 ideo
806 4822 1014 4891 loquor,
1055 4834 1111 4878 ιιι
1137 4829 1344 4883 etiamsi
1373 4847 1470 4886 nos
1510 4832 1741 4892 feminas
1784 4818 1997 4896 sanctas
2028 4847 2239 4901 [ιονιξτί-

653 4929 774 4966 tuus
798 4911 850 4966 in
879 4911 1106 4972 orbitate
1131 4929 1220 4972 aut
1255 4921 1304 4974 iu
1333 4922 1434 4977 alia
1455 4939 1693 4981 aerumna
1721 4929 1999 5000 degentes,
2036 4953 2101 4991 ne
2121 4954 2237 4994 mo-

648 5009 790 5064 lesto
810 5008 1066 5096 feramus,
1093 5026 1229 5084 gnere
1268 5013 1624 5087 indignemur,
1676 5037 1775 5077 nec
1813 5024 2055 5082 dicamus
2098 5032 2235 5100 apud

654 5097 906 5166 nosipsos
926 5117 944 5190 7:
976 5099 1152 5169 Quare
1181 5103 1320 5159 Deus
1349 5105 1593 5178 despexit
1637 5113 1915 5170 mulierem
1947 5127 2090 5173 tanta
2124 5097 2235 5190 pie-

653 5200 766 5244 tate
788 5189 1087 5260 prteditam,
1118 5208 1220 5249 nec
1261 5195 1408 5252 dedit
1453 5200 1696 5268 prolem?
1735 5203 1917 5278 Neque
1946 5211 2090 5266 enim
2126 5189 2236 5268 ista

653 5292 778 5338 sunt
807 5282 1141 5353 negligentis,
1174 5288 1268 5343 sed
1293 5288 1395 5345 hoc
1412 5292 1566 5347 nobis
1589 5297 1842 5366 expedire
1857 5303 2048 5358 melius
2065 5304 2238 5361 scien-

654 5375 723 5427 tis
753 5388 855 5443 qua
880 5391 911 5427 n
934 5376 1133 5444 nosipsi
1165 5379 1382 5434 scimus.
1412 5384 1667 5441 Ascendit
1699 5388 1854 5460 igitur
1877 5393 1926 5447 itt
1951 5397 2232 5466 templum,

653 5473 707 5518 et
733 5478 930 5534 agnum
957 5467 1162 5523 induxit
1193 5470 1244 5526 in
1270 5473 1410 5527 ovile
1430 5488 1494 5529 ac
1522 5477 1744 5535 vitulum
1769 5484 2018 5551 perduxit
2049 5487 2116 5541 ad
2145 5504 2235 5543 ar-

653 5564 914 5622 mentum,
938 5568 989 5634 et
1019 5559 1070 5613 in
1100 5571 1308 5629 pratum
1323 5563 1730 5626 deduxitrosam
1747 5587 1775 5626 a
1793 5574 1960 5645 spinis
1990 5578 2234 5648 liberam,

657 5664 857 5717 rosam,
882 5651 1118 5724 inquam,
1141 5670 1258 5726 qua:
1285 5675 1576 5732 numquam
1604 5670 1902 5739 marcescit,
1959 5673 2053 5730 sed
2081 5673 2236 5733 ﬂoret

657 5855 707 5898 et
719 5783 908 5911 (gigante
934 5790 1081 5844 multa
1114 5794 1347 5858 deerant,
1387 5812 1499 5864 quae
1519 5801 1774 5872 desumpta
1797 5822 1910 5866 sunt
1934 5829 1995 5868 ex
2021 5813 2233 5871 Colbert.

1353 404 1410 461 S.
1449 398 1725 460 JOANNIS
1746 385 2220 454 CIIRYSOSTOHI
2260 385 2583 447 ARCHIEP.
2623 390 3156 452 CONSTANTINOP.

2308 516 2588 577 perpetuo,
2619 511 2846 578 quaeque
2872 507 3038 575 possit
3079 506 3147 562 ad
3189 513 3362 578 ipsum
3393 521 3562 579 usque
3588 508 3782 564 cadum
3807 526 3901 567 cx-

2309 599 2480 663 tcudi,
2505 599 2657 672 cujus
2687 597 2974 668 fragrantia
3003 599 3053 652 in
3080 597 3402 654 hodiernum
3434 614 3604 670 usque
3628 600 3776 656 diem
3803 616 3898 668 po-

2310 692 2516 744 tiuutur
2538 704 2728 746 omnes
2762 691 2852 760 qui
2901 699 3161 745 terrarum
3198 690 3432 745 incolunt
3465 690 3674 746 orbem.
3702 690 3903 748 Tantus

2309 794 2572 836 annorum
2594 797 2849 837 numerus
2879 782 3155 851 prmteriit,
3204 793 3256 836 ct
3312 793 3493 838 tamen
3521 783 3736 838 virtutis
3763 783 3904 839 illius

2310 874 2598 945 fragrantia
2628 889 2843 947 semper
2867 875 3125 946 augescit,
3153 890 3250 930 nec
3303 885 3446 930 tanta
3487 877 3747 947 temporis
3787 892 3903 932 ma-

2311 965 2591 1038 gnitudiue
2615 964 2753 1020 facta
2782 974 2867 1021 est
2892 964 3210 1036 languidior.
3243 965 3384 1020 Talis
3415 966 3559 1020 enim
3591 976 3675 1022 est
3721 983 3900 1023 rerum

2313 1058 2672 1127 spiritualium
2701 1067 2916 1112 natura.

2385 1151 2437 1205 ὅ.
2463 1148 2800 1220 Comparatur
2824 1151 2988 1204 Anme
3012 1149 3322 1219 sacri/icium
3345 1167 3459 1204 cum
3471 1149 3726 1219 sacriﬁcio
3742 1168 3909 1206 sacer-

2313 1240 2445 1297 dotis
2464 1251 2512 1295 et
2530 1241 2782 1311 sacri/icio
2803 1239 3040 1296 Abraluz.
3076 1241 3240 1296 Anna:
3263 1242 3509 1296 modestia
3540 1251 3586 1297 et
3607 1252 3788 1302 oratus
3799 1259 3913 1296 ant-

2314 1351 2447 1390 nsus.
2464 1365 2536 1376 --
2550 1334 2808 1391 Ascendit
2829 1334 2989 1404 igitur
3003 1335 3318 1405 prtcclarum
3348 1332 3475 1389 illud
3492 1349 3712 1404 germen
3731 1345 3912 1390 trans-

2316 1435 2583 1504 plantans,
2602 1429 3115 1502 etquemadmodum
3144 1428 3388 1483 industrii
3411 1427 3660 1498 agricolae
3679 1429 3914 1499 primum

2315 1542 2499 1582 semen
2529 1527 2580 1580 in
2613 1535 2811 1578 terram
2841 1522 3132 1595 deponunt,
3158 1521 3420 1591 cupressi,
3443 1529 3536 1575 aut
3559 1521 3790 1576 aliarum
3825 1536 3916 1575 ar—

2317 1619 2507 1673 borum
2532 1616 2810 1680 slmilium,
2841 1613 3055 1681 deinde,
3089 1613 3176 1667 ubi
3199 1622 3596 1682 conspexerunt
3635 1627 3666 1665 a
3706 1613 3919 1668 semine

2318 1710 2512 1765 laeuam
2538 1708 2812 1775 arborem,
2847 1723 2954 1762 non
2997 1706 3306 1777 relinquunt
3331 1705 3384 1758 in
3413 1703 3606 1760 eadem
3635 1715 3800 1770 terra,
3822 1704 3917 1760 sed

2318 1803 2442 1858 inde
2468 1802 2735 1857 revulsam
2757 1801 2810 1855 in
2841 1799 2982 1855 aliud
3012 1797 3342 1856 transferunt
3363 1798 3562 1865 solum,
3599 1808 3659 1853 ut
3683 1809 3829 1853 terra
3860 1798 3910 1853 in

2319 1908 2508 1950 recens
2536 1893 2744 1965 gremio
2766 1906 2867 1948 suo
2891 1901 3172 1960 exceptam
3195 1891 3332 1946 illius
3362 1889 3622 1954 radicem,
3656 1905 3847 1960 puram
3865 1898 3922 1947 et

2320 1980 2582 2058 integram
2611 1971 2904 2041 vimsuam
2936 1983 3170 2054 proferat
3195 1984 3262 2038 ad
3295 1999 3415 2040 eam
3441 1983 3692 2039 alendam
3724 2001 3737 2036 :
3768 1985 3847 2040 sic
3867 1995 3922 2039 et

2322 2079 2437 2133 batc
2464 2079 2588 2135 fecit
2613 2077 2828 2145 mulier,
2849 2094 2971 2148 qum
2997 2090 3226 2149 puerum
3251 2088 3449 2148 prtetcr
3474 2093 3624 2147 spem
3653 2075 3923 2148 prosemi-

2324 2183 2508 2227 natum
2536 2171 2588 2226 in
2621 2180 2774 2227 utero
2815 2185 2845 2223 a
2891 2168 3051 2226 domo
3102 2171 3389 2236 transtulit,
3451 2179 3506 2225 et
3558 2173 3614 2225 in
3662 2172 3923 2240 templum

2324 2261 2761 2336 transplautavit,
2803 2262 2894 2317 ubi
2942 2269 3210 2333 perpetuac
3236 2270 3362 2317 sunt
3407 2262 3633 2317 fontium
3659 2260 3925 2316 scatebm

2322 2365 2376 2411 ct
2403 2356 2737 2427 irrigationes
2790 2354 3132 2424 spirituales,
3188 2362 3247 2409 ut
3296 2353 3478 2410 videre
3535 2353 3746 2408 licuerit
3791 2353 3922 2408 illud

2325 2446 2698 2520 propheticum
2725 2449 2778 2505 in
2805 2449 2911 2504 illis
2937 2449 3165 2521 impleri,
3191 2447 3333 2520 quod
3367 2448 3533 2503 David
3560 2447 3715 2514 dixit,
3747 2448 3818 2501 ita
3835 2462 3927 2502 ca-

2327 2554 2462 2595 nens
2487 2556 2503 2594 :
2535 2539 2724 2594 Beatus
2743 2541 2819 2595 uir
2841 2540 2930 2610 qui
2958 2556 3061 2596 non
3106 2540 3381 2594 ambulavit
3409 2539 3462 2594 in
3501 2540 3717 2593 consitio
3746 2539 3929 2611 impio-

2326 2648 2462 2700 rum,
2491 2638 2605 2690 etin
2632 2635 2712 2689 via
2732 2644 3049 2707 peccatorum
3074 2648 3174 2689 non
3191 2634 3346 2699 stetit,
3368 2642 3414 2687 et
3437 2649 3594 2702 super
3617 2632 3923 2688 cathedram

2331 2727 2630 2796 pestilentia:
2653 2743 2754 2780 non
2779 2727 2948 2781 sedit:
2974 2725 3066 2781 sed
3083 2726 3135 2780 in
3164 2726 3274 2797 lege
3299 2723 3506 2780 Domini
3532 2725 3766 2778 uoluntas
3790 2725 3924 2794 ejus,

2328 2829 2374 2872 et
2403 2819 2457 2872 in
2484 2815 2591 2889 lege
2609 2812 2721 2889 ejus
2757 2813 3104 2868 meditabitur
3137 2813 3224 2868 die
3257 2830 3321 2867 ac
3358 2826 3510 2869 nocte
3549 2831 3569 2871 :
3596 2827 3644 2871 et
3670 2817 3763 2870 erit
3789 2827 3926 2869 tam-

2328 2924 2482 2984 quam
2515 2912 2710 2982 lignum
2733 2908 2872 2984 quod
2892 2909 3176 2981 plantatum
3201 2916 3275 2965 est
3308 2925 3450 2964 secus
3479 2910 3724 2964 decursus
3767 2923 3930 2976 aqua-

2329 3021 2468 3068 rum,
2499 3003 2636 3076 quod
2665 3005 2889 3074 fructum
2908 3016 3058 3056 suum
3074 3000 3213 3056 dabit
3231 3001 3288 3055 in
3313 3010 3539 3071 tempore
3560 3017 3653 3056 suo
3677 2999 3852 3074 (Psal.
3874 2999 3928 3054 1.

2335 3097 2360 3152 ι
2396 3127 2424 3138 -
2448 3095 2528 3168 ‘5).
2568 3094 2751 3166 Neque
2799 3087 2963 3149 enim
2986 3103 3106 3163 post
3131 3091 3349 3148 malitia:
3368 3092 3755 3162 experientiam
3785 3091 3935 3144 venit

2334 3188 2401 3243 ad
2430 3187 2650 3244 malitiae
2681 3185 3060 3240 remissionem
3080 3186 3203 3253 ,sed
3219 3185 3286 3240 ad
3305 3184 3437 3255 ipsis
3452 3181 3744 3239 cunabulis
3764 3183 3936 3235 virtu-

2335 3286 2448 3336 tem
2473 3280 2636 3351 elegit
2660 3293 2675 3345 ;
2725 3292 2830 3334 non
2865 3275 3052 3333 habuit
3079 3275 3412 3332 consortium
3436 3288 3560 3328 cum
3584 3273 3938 3329 consessibtts

2336 3371 2603 3442 iniquitati
2628 3370 2895 3437 obnoxiis,
2929 3382 3103 3438 neque
3131 3366 3568 3422 communionem
3591 3363 3778 3433 habuit
3808 3377 3938 3418 cum

2334 3460 2725 3518 ccuveuticulis
2745 3460 3018 3532 impietate
3043 3459 3252 3530 plenis:
3282 3457 3377 3514 sed
3395 3458 3565 3528 prima
3593 3455 3777 3512 statim
3807 3471 3942 3525 pac-

2337 3553 2460 3609 ritia
2487 3569 2518 3608 a
2539 3567 2768 3607 mamma
2797 3553 2982 3607 matris
3003 3551 3150 3608 venit
3173 3550 3240 3605 ad
3268 3563 3553 3605 mammam
3571 3549 3938 3619 spiritualem.

2340 3644 2411 3700 Et
2436 3643 2887 3720 quemadmodum
2917 3643 3079 3698 arbor
3104 3651 3362 3714 perpetua
3391 3641 3704 3712 irrigation‘e
3735 3641 3788 3695 in
3825 3655 3942 3694 ma-

2338 3759 2497 3814 gnam
2554 3743 2814 3800 cst-rescit
2865 3737 3353 3819 altitttdiuem:_sit'
3395 3744 3451 3793 et
3501 3735 3590 3791 hic
3629 3735 3941 3791 divinorum

2341 3834 2672 3906 eloquiorum
2722 3834 2965 3890 doctrina
3013 3833 3230 3889 assidue
3273 3827 3560 3906 irrigatus.
3609 3825 3675 3886 ad
3724 3827 3944 3885 virtutis

2340 3926 2610 3998 fastigium
2658 3927 2921 3997 pervenit.
2979 3927 3093 3996 Age
3138 3925 3418 3980 videamus
3466 3922 3738 3993 quomddo
3791 3922 3940 3978 illum

2341 4022 2590 4091 plantarit
2612 4037 2627 4085 ;
2654 4020 2922 4077 sectemur
2935 4020 3233 4084 mulierem,
3251 4018 3411 4074 simul
3426 4033 3550 4072 cum
3572 4013 3658 4072 illa
3677 4017 3941 4088 templum

2342 4113 2987 4183 ingrcdiamttr.Ascettdit,
3011 4110 3204 4182 inquit,
3233 4126 3349 4165 cum
3367 4111 3459 4165 illo
3485 4111 3539 4164 in
3557 4109 3731 4166 Sefom
3753 4111 3771 4141 ¹
3794 4111 3846 4165 in
3867 4109 3942 4166 Ii~

2341 4205 2450 4260 tulo
2463 4205 2646 4260 trienni
2661 4199 2872 4277 (LReg.
2894 4205 2945 4262 l.
2957 4203 3076 4276 24).
3089 4204 3207 4261 Jant
3224 4203 3496 4276 geminum
3513 4202 3939 4258 lltsacriiicium:

2341 4308 2399 4353 et
2421 4308 2539 4354 crat
2566 4297 2760 4352 vitulus
2791 4295 2879 4351 hic
2905 4296 3254 4362 irrationalis,
3288 4295 3376 4352 ille
3404 4291 3720 4359 rationalis;
3770 4305 3829 4352 et
3873 4296 3938 4350 il-

2345 4390 2453 4444 lum
2481 4390 2695 4460 quidem
2723 4389 2976 4446 sacerdos
3005 4389 3320 4457 immolavit,
3354 4385 3500 4444 hunc
3531 4380 3658 4446 verb
3673 4388 3938 4445 dedicavit

2344 4483 2568 4548 mulier;
2596 4492 2816 4553 eratque
2842 4481 3081 4539 mulieris
3105 4482 3318 4538 victima
3348 4481 3540 4538 melior
3557 4491 3716 4552 quam
3743 4482 3940 4549 hostia,

2344 4591 2504 4646 quam
2529 4575 2724 4632 obtulit
2763 4571 3042 4634 sacerdos.
3073 4575 3200 4631 Haec
3227 4591 3449 4631 suorum
3481 4573 3752 4630 viscerum
3801 4573 3939 4632 facta

2344 4675 2429 4722 est
2446 4666 2846 4733 saecrdotissa;
2880 4664 3082 4722 imitata
3108 4675 3194 4723 est
3223 4659 3583 4738 patriarcbam
3616 4661 3889 4742 Abraham
3924 4710 3939 4731 ,

2345 4759 2572 4828 cumque
2599 4759 2691 4812 illo
2718 4768 2990 4814 certamen
3020 4759 3277 4829 suscepit.
3303 4751 3410 4814 Sed
3437 4757 3526 4812 ille
3543 4753 3759 4826 quidem
3775 4758 3940 4815 tilium

2347 4857 2619 4917 receptura
2651 4847 2861 4903 reduxit
2916 4849 2984 4905 de
3041 4858 3257 4916 monte;
3286 4834 3406 4908 ssc
3455 4864 3583 4905 vero
3629 4841 3850 4920 reliquit
3891 4851 3941 4904 in

2348 4941 2571 5011 templo,
2627 4951 2683 4996 ut
2733 4942 2840 4996 illic
2862 4952 3122 5012 perpetuo
3153 4952 3413 5001 maneret.
3463 4943 3603 5010 Quin
3636 4944 3812 5014 potius
3856 4943 3944 5006 ille

2345 5047 2556 5103 quoque
2574 5041 2740 5088 totum
2758 5033 3024 5089 dedicavit
3045 5049 3060 5088 :
3088 5049 3221 5093 cave
3235 5037 3378 5092 enim
3397 5033 3526 5091 illud
3549 5045 3779 5106 spectes,
3799 5029 3941 5106 quod

2348 5140 2450 5179 non
2478 5126 2694 5192 occidit,
2723 5126 2815 5184 sed
2848 5126 2990 5196 quod
3037 5128 3217 5182 animo
3255 5137 3426 5182 totum
3475 5129 3702 5200 peregit.
3752 5128 3942 5186 Vidisti

2347 5201 2597 5276 feminam
2623 5232 2744 5272 cum
2778 5219 2896 5273 viro
2925 5218 3327 5274 decertantem?
3352 5218 3528 5275 vidisti
3562 5221 3692 5276 nibil
3736 5237 3767 5275 a
3808 5238 3942 5278 sese

2345 5310 2597 5376 vetitam,
2649 5313 2936 5381 quominus
2980 5314 3325 5369 aemularetur
3374 5313 3777 5382 patriarcltamt
3836 5314 3942 5372 Sed

2347 5402 2643 5469 videamus,
2679 5405 2948 5474 quomodo
2975 5404 3121 5460 illum
3168 5406 3514 5459 consecrarit.
3558 5408 3716 5473 Adiit,
3770 5411 3942 5481 inquit

2345 5493 2620 5562 Scriptura
2644 5535 2660 5558 ,
2707 5497 3049 5560 sacerdotem,
3099 5513 3159 5550 ac
3183 5495 3312 5550 dixit
3349 5496 3472 5553 iﬂi:
3503 5495 3692 5568 Insue,
3739 5503 3951 5558 domine

2346 5583 2507 5658 (Ibid.
2527 5602 2574 5641 υ.
2594 5585 2709 5657 26).
2731 5589 2866 5657 Quid
2895 5589 3108 5644 tandem
3139 5599 3222 5645 est
3247 5589 3396 5652 illud,
3425 5588 3490 5646 In
3515 5592 3637 5647 nte?
3663 5595 3940 5662 Ausculta,

2348 5679 2536 5749 inquit.
2578 5679 2865 5752 diligenter
2890 5698 3010 5754 qua:
3036 5684 3242 5755 loquar.
3260 5684 3528 5755 Quoniam
3552 5690 3777 5742 multum
3798 5698 3939 5746 tetu-

2347 5773 2492 5834 poris
2513 5773 2622 5844 jam
2656 5775 3055 5844 intercesserat,
3087 5778 3267 5834 studet
3308 5777 3396 5835 illa
3435 5795 3555 5851 qum
3601 5781 3751 5850 prius
3798 5781 3943 5838 dicta

2413 5892 2427 5923 ί
2463 5889 2594 5941 Oolb.
2622 5902 2766 5954 unus,
2789 5891 2951 5956 sitam,
2978 5899 3029 5944 et
3051 5899 3119 5949 sic
3143 5901 3289 5948 etiam
3311 5901 3474 5958 supra.
