4106 6500
286 450 393 503 Βῗίῖ

290 570 499 620 Inerant
520 572 572 619 tn
604 561 916 619 memoriam
940 571 1214 621 γενηθέντι),
1246 557 1469 625 ideoque
1495 553 1659 609 dicit:
1692 550 1755 605 In
1780 567 1879 614 me,

288 654 660 722 dominenvieit
688 655 859 707 anima
881 662 966 705 tua
998 667 1015 706 :
1050 665 1139 719 ego
1169 664 1279 702 sum
1311 646 1492 699 mulier
1523 660 1637 715 que
1680 644 1885 697 constiti

288 753 633 821 iuranspertu
676 761 760 804 tuo
800 749 1076 815 deprecans
1119 744 1391 799 Dominum
1437 757 1527 809 pro
1569 757 1724 808 puero
1765 740 1878 791 hoc.

288 841 469 909 Ellum
513 857 683 913 preces
731 841 798 894 ad
842 839 1136 904 Dominum,
1188 848 1232 889 et
1264 836 1351 889 ille
1396 834 1533 887 dedit
1583 832 1710 884 mihi
1756 831 1880 897 poti-

286 935 496 997 tionem,
550 949 702 1002 quam
751 931 977 1001 petebam
1033 928 1097 981 ab
1125 945 1200 982 eo.
1222 926 1291 981 Et
1322 943 1411 997 ego
1448 924 1710 978 commodo
1736 924 1879 975 illum

287 1022 508 1077 Domino
537 1065 553 1088 ,
615 1032 670 1075 ut
717 1023 900 1078 serviat
957 1019 1174 1072 Domino
1209 1060 1221 1081 ,
1282 1016 1515 1070 onmibus
1563 1013 1737 1068 diebus
1768 1022 1881 1066 uitat

284 1129 394 1168 suae
437 1114 512 1186 (Ι.
542 1114 664 1185 Reg.
699 1118 746 1169 l.
795 1114 887 1167 27.
932 1113 1044 1182 28).
1108 1110 1222 1165 Non
1270 1109 1439 1175 dixit,
1495 1108 1607 1177 Ego
1641 1122 1757 1162 sum
1791 1105 1880 1159 illa

286 1205 501 1271 mulier,
528 1207 613 1260 cui
638 1215 691 1259 tu
717 1204 1072 1274 exprobrasti,
1097 1217 1253 1273 quam
1279 1201 1576 1256 maledictis
1600 1198 1876 1270 impctisti,

284 1312 447 1366 quam
477 1298 624 1351 velut
642 1297 986 1352 temulentam
1012 1305 1068 1351 et
1090 1296 1291 1349 ebriam
1312 1293 1543 1347 derisisti
1565 1307 1581 1356 ;
1607 1290 1725 1346 ideo
1740 1289 1881 1343 Dt‘lls

290 1388 385 1445 tibi
416 1388 710 1444 declarabit
738 1403 825 1444 me
852 1404 954 1442 non
983 1403 1103 1443 esse
1126 1387 1473 1451 vinolentum,
1504 1396 1556 1440 te
1597 1398 1726 1438 vero
1769 1382 1876 1435 cri-

284 1495 408 1535 men
438 1480 539 1535 hoc
569 1489 768 1535 temere
790 1480 917 1534 mihi
950 1479 1254 1550 impegisse.
1274 1478 1412 1532 Nihil
1437 1476 1740 1546 hujusmodi
1760 1490 1880 1530 vere

283 1572 474 1627 borum
504 1587 815 1642 asperorum
848 1572 1000 1637 dixit,
1031 1571 1122 1626 sed
1142 1571 1305 1625 multa
1328 1586 1448 1624 cum
1471 1567 1878 1624 mansuetudine

284 1662 557 1734 loquitur:
588 1664 714 1719 licet
742 1664 963 1718 haberet
1008 1678 1185 1719 rerum
1233 1666 1483 1717 eventum”
1516 1660 1613 1715 sibi
1644 1659 1877 1729 patroci-

284 1767 527 1821 nantem,
556 1769 618 1808 ac
640 1754 759 1823 jure
786 1763 967 1823 posset
996 1753 1331 1821 exprobrare
1358 1749 1803 1821 sacerdoti,qnod
1825 1749 1876 1804 id

286 1846 548 1915 temporis
574 1845 741 1914 ipsam
777 1854 979 1899 temere
1007 1846 1142 1898 citra
1169 1858 1386 1898 causam
1433 1843 1766 1897 incusnsset:
1792 1842 1874 1896 tti-

282 1938 357 2011 hil
383 1938 570 1992 horum
604 1938 746 2005 facit,
770 1937 865 1993 sed
898 1945 1104 1991 tantum
1135 1948 1521 1990 commemorat
1548 1935 1642 1990 Dei
1669 1948 1793 2005 erga
1817 1948 1875 1987 se

277 2030 709 2085 beneficentiam.
758 2028 1052 2085 Considera
1083 2043 1211 2083 vero
1234 2036 1445 2097 gratum
1472 2042 1532 2081 ac
1558 2025 1874 2095 prudentem

276 2122 489 2177 ancillae
518 2123 778 2177 animum.
810 2120 943 2177 Cum
970 2118 1320 2188 afﬂigeretur,
1345 2118 1542 2171 nemini
1575 2132 1725 2171 suam
1748 2130 1873 2185 ape-

276 2216 386 2270 ruit
412 2215 792 2280 calamitatem,
822 2228 920 2268 nec
944 2210 1207 2268 sacerd0ti
1231 2209 1397 2265 dixit:
1418 2208 1680 2263 Emulam
1702 2206 1875 2262 habeo

281 2310 592 2373 mulierem,
623 2323 742 2379 qua:
769 2304 901 2361 mihi
933 2304 1266 2375 exprobrans
1285 2301 1707 2371 conviciansque
1730 2299 1865 2354 Cho-

276 2416 396 2454 rttm
428 2399 587 2454 habet
616 2400 908 2455 liberorum
938 2415 953 2452 :
982 2413 1082 2469 ego
1108 2411 1237 2451 vero
1264 2411 1383 2466 qua:
1406 2394 1871 2449 mansuetudinem

272 2491 418 2556 colo,
448 2490 514 2545 ad
546 2490 688 2546 hunc
709 2505 876 2560 usque
897 2488 1038 2544 diem
1066 2487 1302 2543 nondum
1330 2486 1479 2557 potui
1512 2485 1624 2540 fieri
1657 2494 1827 2539 mater
1852 2502 1866 2548 ;

274 2582 373 2639 sed
407 2583 547 2638 Deus
583 2583 845 2638 conclusit
880 2582 1091 2638 vulvam
1138 2594 1312 2635 meam
1334 2621 1349 2645 ,
1396 2592 1624 2648 cumque
1667 2578 1872 2631 videret

271 2665 618 2730 amictionem
648 2689 844 2743 meam,
891 2688 997 2729 non
1041 2682 1124 2730 est
1168 2674 1436 2727 misertus.
1484 2671 1625 2726 Nihil
1679 2672 1868 2727 horum

270 2767 410 2822 dixit
435 2782 450 2822 :
479 2766 573 2822 sed
601 2782 895 2837 suppresso
922 2764 1238 2821 calamitatis
1265 2778 1466 2835 genere
1490 2806 1503 2827 ,
1554 2772 1756 2817 tantum
1792 2764 1870 2815 in-

269 2858 473 2914 dicavit
503 2874 562 2914 se
582 2858 764 2912 animo
789 2858 915 2929 angi
941 2856 1153 2921 dicens,
1205 2855 1393 2909 Mulier
1418 2856 1471 2909 in
1511 2854 1642 2907 duro
1667 2854 1748 2908 die
1777 2870 1869 2923 ego

267 2964 386 3004 sum
417 2948 593 3017 (lbid.
627 2964 676 3003 υ.
711 2950 835 3018 15),
862 2964 930 3003 ne
956 2948 1085 3003 illud
1117 2948 1333 3017 quidem
1371 2947 1598 3011 dictura,
1634 2947 1736 3000 nisi
1782 2961 1868 2999 sa-

268 3040 464 3097 cerdos
493 3040 595 3097 huc
614 3039 984 3110 compulisset,
1018 3040 1298 3108 suspicans
1320 3052 1437 3093 eam
1464 3052 1584 3093 esse
1603 3036 1866 3092 temulen-

270 3144 403 3189 tam.
435 3136 505 3190 At
533 3142 881 3205 posteaquam
929 3131 982 3189 id
1023 3132 1214 3187 vulnus
1260 3132 1509 3196 sustulit,
1555 3131 1665 3185 Deo
1704 3129 1867 3183 dante

266 3226 414 3298 quod
443 3227 759 3297 postularat,
794 3237 903 3280 tum
927 3225 1144 3280 demum
1180 3225 1271 3279 Dei
1297 3223 1709 3279 beneficentiam
1738 3237 1864 3291 ape-

273 3320 344 3374 rit
365 3318 654 3382 sacerdoti,
686 3319 914 3388 cupiens
942 3317 1090 3370 illum
1126 3316 1176 3370 in
1206 3316 1426 3386 agendis
1450 3315 1635 3385 gratiis
1665 3314 1864 3369 habere

263 3421 599 3477 consortem,
632 3410 1088 3483 quemadmodum
1132 3410 1279 3479 prius
1326 3399 1587 3463 habuerat
1636 3409 1688 3463 in
1740 3423 1864 3477 prec

263 3504 479 3568 cando;
502 3504 682 3574 aitque
714 3518 734 3555 :
766 3501 872 3557 Pro
893 3518 1048 3574 puero
1072 3509 1166 3555 hoc
1192 3502 1454 3571 precabar,
1480 3502 1714 3570 deditque
1738 3500 1864 3554 nti/ti

265 3595 517 3650 Dominus
546 3596 837 3666 petitionem
891 3611 1085 3662 nteant,
1118 3611 1270 3665 quam
1305 3593 1533 3665 petebant
1581 3594 1644 3646 ab
1683 3610 1761 3648 eo.
1796 3592 1863 3647 Et

263 3706 401 3743 nunc
425 3689 690 3744 commodo
716 3705 828 3744 eum
856 3688 1097 3743 Domino.
1131 3687 1267 3744 Vide
1294 3704 1453 3759 quam
1481 3688 1551 3742 sit
1594 3686 1860 3743 modesta.

263 3782 342 3839 Ne
364 3794 540 3853 putes,
571 3782 769 3853 inquit,
799 3797 883 3838 me
914 3796 1161 3852 magnam
1202 3797 1314 3836 rem
1358 3792 1449 3835 aut
1493 3780 1861 3836 admirandam

260 3874 463 3940 facere,
495 3875 635 3945 quod
671 3874 928 3930 iniautem
960 3875 1154 3930 dedico
1185 3890 1199 3930 :
1233 3890 1339 3929 non
1384 3888 1485 3945 ego
1530 3873 1689 3942 hujus
1733 3872 1859 3928 boni

259 3967 445 4036 operis
470 3980 586 4021 sum
615 3977 824 4030 auctor,
860 3966 953 4021 sed
982 3966 1229 4036 persolvo
1254 3966 1515 4022 debitum.
1550 3965 1857 4035 Depositum

258 4059 405 4114 enim
426 4060 629 4129 accepi,
661 4069 715 4116 et
764 4062 863 4115 hoc
895 4061 942 4115 ei
972 4062 1195 4115 restituo
1226 4058 1317 4129 qui
1342 4060 1509 4115 dedit.
1538 4060 1715 4130 Atque
1743 4058 1861 4113 ιιωο

259 4152 390 4207 dum
419 4153 673 4223 loquitur,
710 4153 942 4223 seipsam
963 4168 1179 4224 quoque
1204 4152 1469 4208 dedicavit
1493 4167 1615 4207 cum
1644 4165 1810 4221 puero
1840 4190 1855 4215 ,

258 4247 413 4316 quasi
451 4255 641 4301 catena
670 4246 898 4317 quadam
930 4256 1134 4301 natura:
1164 4244 1355 4300 aa'ectn
1397 4243 1629 4315 seipsam
1656 4242 1859 4313 templo

258 4343 507 4415 alligans.

334 4435 390 4491 ι.
431 4434 644 4489 Etenim
674 4433 718 4488 si
745 4433 832 4487 ubi
858 4441 940 4488 est
972 4431 1257 4486 thesaurus
1282 4430 1535 4493 hominis,
1564 4430 1675 4485 illic
1701 4436 1861 4486 estet

258 4540 357 4581 cor
376 4526 492 4596 ejus
522 4524 736 4593 (Matth.
768 4523 819 4580 6.
846 4524 938 4579 2|.
975 4522 1100 4576 an.
1128 4522 1212 4577 12.
1242 4523 1357 4587 51),
1380 4523 1549 4576 multo
1577 4522 1747 4593 magis
1768 4522 1857 4577 ubi

260 4630 399 4689 puer
437 4615 697 4679 mulieris,
741 4616 810 4670 ibi
856 4623 911 4669 et
952 4628 1106 4668 mens
1134 4613 1276 4668 illius
1305 4623 1441 4679 erat,
1482 4623 1643 4682 atque
1673 4623 1857 4667 uterus

259 4710 406 4765 illius
427 4722 641 4763 rursum
674 4707 993 4775 implebatur
1019 4704 1412 4760 benedictione.
1440 4703 1569 4757 Nam
1597 4704 1855 4758 simulat-

257 4816 365 4872 que
386 4801 617 4865 dixerat,
646 4809 1016 4869 oraveratque,
1044 4798 1165 4853 audi
1189 4797 1315 4869 quid
1337 4798 1586 4867 loquatur
1608 4800 1858 4852 Sacerdos

261 4890 477 4947 Elcana:
498 4908 514 4944 ι
545 4890 743 4945 Reddat
765 4890 853 4943 tibi
876 4888 1123 4943 Dominus
1139 4905 1304 4943 semen
1334 4887 1548 4942 alterum
1568 4904 1630 4942 ea:
1650 4889 1859 4948 muliere

258 4984 378 5048 ista,
429 4998 523 5053 pro
561 4982 900 5046 commodato,
946 4982 1084 5051 quod
1130 4981 1350 5036 Domino
1398 4982 1729 5036 commodasti
1775 4983 1853 5051 (1.

263 5077 391 5150 Reg.
420 5075 471 5131 2.
501 5074 617 5146 20).
646 5075 799 5129 Initio
818 5090 923 5129 non
942 5074 1171 5141 dixerat,
1193 5073 1396 5129 Reddat
1422 5074 1509 5128 tibi
1533 5094 1546 5128 :
1575 5074 1668 5129 sed
1684 5074 1856 5145 quid?

264 5168 361 5225 Det
391 5169 479 5223 tibi
504 5168 753 5223 Dominus
795 5166 1038 5237 quidquid
1082 5164 1357 5235 postularis
1402 5165 1584 5236 (llud.
1634 5168 1685 5220 1.
1718 5166 1784 5221 17
1812 5164 1854 5235 ).

260 5260 461 5318 Verum
483 5268 825 5331 posteaquam
854 5259 941 5313 illa
974 5259 1139 5313 Deum
1171 5258 1368 5314 fecerat
1396 5258 1715 5324 debitorem,
1747 5260 1857 5314 ait:

263 5354 467 5411 Reddat
496 5354 608 5421 tibi,
643 5353 835 5407 bonam
857 5353 925 5407 de
952 5351 1143 5407 futuris
1170 5366 1320 5421 spem
1353 5350 1618 5422 prtehens.
1645 5350 1855 5406 Etenim

257 5448 304 5502 si
340 5444 489 5501 dedit
513 5460 635 5500 cum
682 5444 811 5500 nihil
858 5443 1101 5507 deberet,
1152 5444 1318 5498 multo
1347 5442 1515 5511 magis
1552 5442 1859 5497 redditurus

258 5547 345 5593 est
388 5547 667 5611 postquam
708 5537 933 5607 accepit.
967 5537 1031 5591 Et
1058 5537 1142 5591 hic
1168 5552 1297 5606 ergo
1331 5537 1533 5605 primus
1560 5550 1627 5590 ex
1669 5550 1861 5606 preca-

264 5634 443 5696 tione,
472 5638 524 5683 ιιι
556 5639 676 5699 post
704 5630 843 5684 hunc
872 5629 1052 5683 caueri
1082 5644 1146 5683 ex
1194 5628 1564 5683 benedictione
1590 5627 1859 5683 duxerunt

258 5725 545 5793 originem,
572 5730 713 5777 totus
744 5732 923 5777 autem
967 5721 1211 5777 mulieris
1252 5720 1455 5777 fructus
1492 5720 1857 5777 sanctificatus

262 5825 369 5873 est.
420 5817 592 5885 Atque
632 5814 719 5870 hic
758 5815 1145 5886 primogenitus
1173 5813 1388 5869 femina:
1415 5813 1597 5869 virtuti
1627 5812 1859 5868 debeba-

263 5915 394 5969 tur:
416 5908 551 5965 alter
566 5922 694 5965 vero
721 5907 962 5965 mulieris
988 5923 1051 5965 ac
1077 5905 1372 5965 sacerdotis
1394 5914 1511 5964 erat
1532 5904 1857 5963 communis.

1524 432 1610 490 DE
1651 431 1834 490 ANNA
1876 431 2106 488 SEIWU
2181 434 2264 488 Ill.

3491 436 3593 491 ('83

1996 547 2062 603 Et
2105 553 2236 604 sicut
2275 563 2411 608 terra
2453 553 2659 626 pinguis
2696 569 2759 613 ac
2795 555 3006 623 fertilis,
3054 565 3338 627 postquam
3379 569 3589 628 accepit

1990 645 2218 705 sentina,
2247 647 2474 698 Ostendit
2510 647 2664 701 tubis
2687 655 2972 701 vernantes
2997 650 3207 717 segetes
3238 663 3253 699 τ
3285 647 3363 701 sic
3383 658 3437 702 et
3461 662 3586 702 mu-

1991 737 2087 790 lier
2115 737 2245 797 lucc.
2277 740 2528 807 quoniam
2546 755 2682 793 cum
2712 739 2816 795 [ide
2841 740 3058 811 excepit
3082 740 3241 795 verba
3269 739 3584 806 sacerdotis,

1987 829 2118 884 altas
2150 829 2301 884 nobis
2335 832 2480 884 lanas
2512 834 2689 901 spicas
2722 831 2993 900 produxit,
3025 842 3374 902 veteremque
3417 832 3587 887 male-

1987 922 2278 978 dietiunem
2310 924 2439 978 Eva:
2461 924 2703 989 mutavit,
2736 926 2945 993 pariens
2974 940 3038 981 ex
3070 926 3379 994 precatione
3400 941 3463 980 ae
3488 925 3588 981 be-

1989 1016 2309 1071 nedictione.
2354 1018 2418 1070 Et
2449 1029 2500 1070 tu
2534 1018 2712 1086 igitur,
2741 1032 2774 1071 ο
2814 1018 3026 1083 mulier,
3052 1019 3189 1073 hanc
3225 1018 3502 1083 aemulare,
3534 1025 3593 1074 et

1988 1106 2031 1159 si
2054 1106 2249 1162 sterilis
2283 1106 2464 1170 fueris,
2502 1108 2662 1162 talem
2715 1108 3073 1177 precationem
3101 1108 3317 1172 exhibe,
3344 1107 3589 1163 sacerdo-

1990 1207 2095 1253 tent
2131 1214 2367 1266 accerse,
2414 1212 2473 1253 ut
2503 1210 2676 1254 tecum
2720 1200 3133 1269 suscipiatapud
3170 1200 3335 1255 Deum
3365 1198 3589 1270 legatio-

1989 1306 2131 1343 nem.
2181 1289 2411 1346 Omniuo
2460 1294 2502 1344 si
2536 1308 2657 1346 cunt
2701 1291 2807 1346 ﬁde
2836 1292 2993 1345 verba
3026 1292 3341 1360 cxceperis,
3378 1302 3587 1360 patrum

1988 1381 2290 1436 benedictio
2318 1382 2371 1436 in
2416 1381 2644 1437 fructum
2676 1383 2839 1437 exibit
2876 1383 3186 1450 prteclarum
3210 1398 3271 1437 ac
3295 1368 3585 1436 maturum.

1984 1473 2138 1539 Quod
2169 1475 2212 1529 si
2246 1484 2418 1529 mater
2458 1474 2643 1540 fueris,
2688 1475 2752 1528 ad
2786 1474 2942 1544 hujus
2966 1475 3270 1543 exemplum
3326 1486 3583 1528 eonseera

1987 1566 2150 1620 lilitttn
2181 1576 2330 1622 tuum
2364 1568 2492 1623 Deo.
2524 1567 2613 1626 illa
2639 1568 2689 1621 itt
2721 1566 2975 1638 templum
3006 1566 3247 1632 adduxit,
3274 1576 3327 1620 tu
3360 1566 3583 1637 teipsam

1992 1662 2197 1732 regium
2232 1663 2485 1731 templum
2516 1660 2700 1716 redde.
2723 1659 2974 1721 Membra,
3004 1660 3194 1730 inquit,
3224 1669 3388 1713 uestra
3402 1674 3589 1726 corpus

1984 1754 2174 1809 Clariin
2199 1765 2341 1821 sunt,
2370 1772 2430 1808 ac
2461 1755 2701 1825 templum
2732 1756 2897 1807 sancti
2923 1753 3172 1823 Spiritus,
3204 1751 3291 1821 qui
3315 1760 3388 1805 cst
3410 1751 3463 1803 in
3492 1764 3584 1803 vo-

1983 1848 2057 1902 bis
2083 1848 2162 1917 (l.
2186 1847 2304 1902 Cor.
2337 1848 2390 1903 6.
2423 1847 2537 1919 l9).
2577 1850 2655 1902 Ac
2692 1862 2877 1903 rursus
2911 1865 2923 1900 :
2951 1844 3279 1911 Inhabitabo,
3313 1844 3504 1915 inquit,
3531 1842 3585 1896 in

1981 1939 2137 1997 vobis.
2172 1949 2219 1994 et
2244 1939 2568 1993 inambulabo
2593 1938 2668 2011 (2.
2697 1939 2814 1993 Cor.
2844 1939 2897 1994 6.
2928 1937 3038 2009 16).
3074 1939 3268 1991 Annon
3291 1934 3583 1990 absurdum

1944 2020 1955 2029 ’
1980 2041 2062 2087 est
2090 2048 2187 2086 nos
2216 2031 2435 2087 domum
2469 2042 2732 2095 veterem,
2765 2033 2976 2086 ruinam
3008 2031 3343 2084 minitantem
3372 2027 3581 2092 fulcire,

1984 2126 2235 2195 pecunias
2277 2126 2667 2196 impendentes,
2708 2126 2885 2180 fabros
2928 2132 3289 2188 accersentes,
3346 2132 3401 2177 ct
3449 2120 3581 2175 nihil

1980 2232 2086 2272 non
2114 2215 2397 2282 facientes,
2430 2217 2647 2273 domum
2694 2226 2873 2271 autem
2922 2214 3014 2271 Dei
3055 2221 3202 2286 (nam
3255 2212 3347 2271 Dei
3389 2213 3583 2267 domus

1979 2322 2099 2365 esse
2120 2307 2279 2364 debet
2303 2308 2663 2365 adolescentis
2689 2306 2890 2376 anima)
2920 2323 2987 2363 ne
3017 2306 3221 2378 vulgari
3251 2305 3469 2375 quidem
3494 2304 3579 2360 di-

1977 2402 2127 2472 gnari
2152 2416 2285 2456 “cura
2311 2401 2335 2455 ?
2366 2401 2502 2456 Vide
2533 2416 2601 2457 ne
2628 2401 2768 2457 idem
2794 2400 3000 2465 audias,
3030 2400 3174 2470 quod
3205 2400 3333 2454 olim
3359 2397 3581 2454 audiere

1977 2493 2166 2549 Judmi.
2199 2493 2331 2550 Nam
2364 2494 2438 2548 illi
2463 2502 2810 2564 posteaquam
2840 2508 2867 2546 a
2891 2493 3198 2563 captivitate
3224 2491 3423 2547 reversi
3448 2501 3581 2546 tem-

1979 2586 2123 2655 plum
2168 2586 2443 2641 materiale
2489 2587 2788 2656 neglectum
2836 2585 3108 2652 viderunt,
3151 2595 3205 2640 et
3253 2584 3398 2638 mdes
3452 2597 3576 2637 suas

1976 2690 2327 2746 exornarunt,
2371 2680 2507 2736 adeo
2536 2681 2702 2735 Deum
2735 2688 3146 2750 exasperarunt,
3179 2688 3236 2733 ut
3266 2692 3372 2733 non
3403 2677 3576 2731 solum

1974 2775 2213 2828 mitteret
2237 2774 2316 2827 eis
2344 2771 2680 2842 prophetam,
2726 2772 2815 2843 qui
2849 2770 3040 2827 famem
3075 2770 3432 2831 minitaretur,
3466 2782 3575 2821 ma-

1972 2880 2239 2936 gnamque
2265 2880 2442 2921 rerum
2465 2866 2887 2921 necessariarum
2914 2864 3190 2934 penuriam
3216 2905 3232 2930 ,
3288 2862 3382 2917 sed
3442 2859 3579 2915 hanc

1972 2958 2135 3012 etiam
2183 2958 2620 3012 comminationis
2649 2974 2871 3012 causam
2899 2958 3243 3027 eloquerctur
3275 2978 3286 3011 :
3330 2954 3431 3009 Vos
3458 2955 3547 3025 qui
3563 2984 3576 2993 -

1974 3052 2087 3103 dent
2117 3048 2353 3103 habitatis
2376 3050 2428 3102 in
2450 3049 2683 3103 domibus
2714 3048 2962 3119 laqueatis
2992 3065 3010 3101 :
3046 3048 3228 3102 domas
3254 3057 3424 3102 autent
3466 3062 3576 3100 utea

1973 3140 2170 3197 deserta
2194 3154 2266 3197 est
2291 3141 2444 3212 (Agg.
2475 3142 2526 3195 1.
2559 3142 2640 3212 4).
2668 3142 2820 3207 Quod
2853 3141 2896 3193 si
2922 3142 3061 3194 illius
3094 3141 3275 3209 templi
3301 3141 3574 3210 neglectus

1974 3246 2174 3290 tantam
2220 3234 2471 3289 excitavit
2519 3235 2651 3288 iram
2686 3233 2950 3298 Numinis,
2989 3232 3159 3287 multo
3197 3232 3369 3301 magis
3418 3230 3575 3301 hujus

1972 3328 2154 3397 templi
2184 3324 2458 3396 neglecms
2480 3325 2545 3380 ad
2564 3325 2892 3380 iracundiam
2909 3324 3217 3393 provocabit
3242 3323 3526 3378 Dominum
3556 3338 3570 3375 :

1970 3420 2234 3492 siquidem
2289 3419 2391 3474 hoc
2446 3419 2701 3489 templum
2756 3428 2904 3472 tanto
2948 3427 3031 3472 est
3087 3418 3178 3472 illo
3233 3416 3570 3476 honoratius.

1968 3523 2172 3584 quanto
2212 3514 2367 3582 plura
2413 3513 2573 3567 habet
2601 3511 2971 3566 sanctimonia;
2996 3509 3259 3581 symbols.
3290 3507 3437 3563 Cave
3469 3507 3568 3579 igi-

1969 3607 2131 3676 gitur,
2158 3621 2226 3660 ne
2256 3604 2511 3674 templum
2545 3603 2639 3659 Dei
2669 3603 2753 3658 list
2781 3602 3037 3673 spelunca
3069 3602 3337 3657 latronum
3369 3642 3383 3663 ,
3418 3614 3486 3655 ne
3515 3608 3569 3655 ct

1968 3699 2192 3751 alteram
2219 3695 2405 3751 audias
2433 3694 2888 3765 obiurgationem,
2920 3708 3025 3763 qua
3056 3692 3299 3748 Christus
3321 3690 3569 3761 objurga-

1969 3790 2043 3843 vit
2067 3788 2304 3851 Judmos,
2346 3787 2532 3843 dicens
2558 3806 2569 3840 :
2602 3785 2797 3839 Domus
2829 3783 2999 3838 Patris
3030 3785 3148 3849 mei,
3174 3784 3363 3861 domus
3390 3798 3570 3851 preca—

1967 3884 2118 3937 tionis
2143 3892 2217 3935 est
2246 3897 2264 3935 :
2291 3898 2377 3935 vos
2398 3891 2571 3933 autem
2610 3879 2796 3948 fecistis
2824 3894 2934 3932 eam
2975 3878 3271 3949 speluncam
3309 3879 3565 3931 latronum

1968 3973 2186 4044 (Matth.
2213 3972 2306 4027 Si.
2336 3973 2424 4028 15.
2467 3970 2594 4024 Lue.
2627 3969 2715 4025 19.
2760 3969 2873 4038 46).
2906 3968 3012 4024 Sed
3044 3967 3314 4038 quomodo
3344 3966 3398 4021 iit
3445 3981 3567 4037 spe—

1968 4067 2120 4121 lunca
2149 4064 2414 4120 latronum
2441 4064 2464 4115 ?
2490 4060 2621 4118 Cum
2653 4062 2886 4133 patimur
2926 4059 3215 4115 illiberales
3250 4074 3315 4113 ac
3346 4057 3569 4112 serviles

1966 4157 2428 4229 concupiscentias
2460 4156 2844 4225 libidinemque
2898 4154 3118 4221 intrare,
3168 4152 3463 4223 sedemque
3502 4150 3564 4204 ll-

1965 4268 2093 4323 gere
2125 4254 2177 4307 in
2218 4249 2739 4305 adolescentulorum
2768 4247 2981 4302 animis.
3011 4246 3168 4301 Tales
3194 4248 3337 4300 enim
3367 4244 3569 4315 cogita-

1968 4346 2143 4400 tiones
2168 4342 2580 4414 perniciosiores
2609 4351 2735 4396 sunt
2763 4340 3082 4408 latronibus,
3120 4355 3241 4410 qua:
3269 4353 3563 4409 puerorum

1966 4440 2349 4510 ingenuitatem
2384 4446 2597 4492 vertunt
2638 4437 2690 4490 itt
2740 4435 3076 4500 servitutem,
3109 4434 3363 4503 ipsosque
3393 4432 3566 4487 brutis

1964 4531 2345 4601 cupiditatibus
2383 4529 2586 4585 dedunt
2626 4526 2885 4596 captivos,
2917 4524 3151 4595 undique
3192 4523 3566 4579 contodicntes

1968 4625 2107 4689 illos,
2142 4638 2205 4677 ac
2223 4631 2458 4677 mentem
2481 4620 2696 4674 illorum
2716 4617 2896 4672 multis
2923 4615 3207 4685 implentes
3231 4613 3563 4670 vulneribus.

1964 4718 2306 4787 Quapropter
2346 4713 2461 4768 lucc
2499 4711 2739 4781 quotidie
2777 4708 3142 4779 disniciamus,
3175 4717 3229 4761 et
3262 4707 3438 4761 verbis
3468 4721 3569 4775 pro

1966 4811 2164 4865 scutica
2198 4818 2427 4873 utentes,
2458 4820 2647 4859 omnes
2687 4804 2739 4858 id
2774 4816 2945 4872 genus
2990 4800 3214 4855 allectus
3255 4799 3325 4853 ab
3354 4799 3567 4853 illorum

1967 4904 2161 4958 animis
2207 4900 2560 4971 depellamus,
2592 4914 2699 4968 quo
2727 4896 2979 4952 videlicet
3011 4895 3106 4951 ﬁlii
3146 4894 3425 4951 nobiscum
3465 4908 3569 4949 cm-

1964 4997 2116 5053 lestis
2145 4995 2375 5052 civitatis
2416 4995 2628 5048 vah-ant
2662 5006 2783 5047 esse
2813 4990 3119 5061 participes,
3164 4998 3218 5045 et
3257 4989 3568 5043 universum

1966 5089 2167 5145 cultum
2200 5088 2288 5157 qui
2333 5087 2639 5142 celebratur
2670 5085 2777 5141 illic
2819 5086 2922 5139 rite
2951 5097 3229 5155 peragere.
3267 5083 3460 5137 Annon
3492 5081 3569 5135 vi-

1966 5185 2104 5240 detis
2158 5182 2489 5251 freqnenter,
2542 5179 2685 5251 quod
2736 5179 2825 5250 qui
2862 5180 2912 5233 in
2966 5176 3189 5232 urbibus
3237 5184 3568 5240 versantur,

1970 5291 2165 5347 pueros
2191 5290 2362 5344 nuper
2386 5289 2416 5328 a
2449 5274 2586 5327 lacte
2616 5271 2871 5342 depulsos
2899 5268 3289 5340 thallopboros.
3318 5279 3411 5321 aut
3439 5280 3572 5337 ago-

1968 5368 2238 5435 notltetas,
2258 5376 2348 5421 aut
2372 5366 2723 5422 certaminum
2752 5362 3035 5435 prtefeclos
3066 5363 3109 5430 ί,
3133 5371 3222 5415 aut
3244 5361 3569 5416 chorearum

1970 5461 2253 5529 magistros
2292 5458 2536 5514 faciunt?
2579 5456 2723 5511 Idem
2765 5465 2818 5511 et
2858 5469 2959 5509 nos
3002 5453 3277 5518 faciamus,
3325 5468 3354 5505 a
3387 5452 3574 5522 primis

1970 5554 2151 5609 statim
2178 5553 2339 5607 annis
2369 5550 2683 5605 inducamus
2710 5564 2804 5603 eos
2821 5546 2889 5602 ad
2910 5546 3249 5617 disciplinam
3275 5545 3571 5600 czulestem.

1972 5646 2248 5717 Siquidem
2279 5642 2394 5698 haec
2423 5653 2655 5704 terrena,
2706 5656 2829 5696 cum
2857 5640 3187 5710 impendium
3217 5634 3575 5701 adieratJru-

1970 5748 2118 5793 ctum
2152 5746 2328 5791 tamen
2360 5734 2561 5789 nullum
2592 5731 2771 5787 habet.

2036 5856 2052 5885 ι
2077 5846 2359 5902 Colbertini
2399 5844 2603 5905 addunt,
2627 5833 3143 5905 et__gyrnnastarcltos‘
3160 5834 3261 5893 (καὶ
3283 5830 3582 5905 wpr-

1972 5894 2406 5979 zwelas—icetiam
2438 5906 2562 5966 Heg.
2592 5894 2643 5950 in
2670 5894 2846 5951 ὶὶὸἷθὶ.
2870 5906 2925 5948 et
2946 5897 3097 5947 SaVil.
3132 5896 3239 5945 hac
3264 5907 3356 5942 vox
3380 5894 3578 5943 deerat.
