4152 6488
626 416 726 471 659

700 535 753 588 5.
796 528 1079 597 Disciplina
1129 523 1313 579 cclesti
1357 519 1615 575 imbuendi
1661 519 1892 588 juvenes.
1943 542 2012 554 —
2053 509 2204 569 Nam.

630 641 810 698 qtucso
823 634 894 688 te,
911 621 1028 691 quis
1042 619 1244 673 fructus
1265 629 1386 670 esse
1399 611 1568 684 possit
1592 627 1623 667 e
1651 608 1886 680 populari
1907 603 2164 698 applausu
2189 601 2213 653 ?

628 695 794 774 Simul
817 725 872 770 ut
901 726 1120 781 vespera
1147 724 1244 765 nos
1271 705 1562 776 occuparit,
1600 702 1744 756 illico
1767 701 1980 770 plausus
2009 695 2097 749 ille
2124 701 2208 746 to-

629 820 816 876 tusque
858 803 1114 859 tumultus
1159 795 1472 856 emarcescit
1509 811 1522 848 :
1568 805 1631 846 ac
1659 791 1792 846 festo
1828 793 2062 858 peracto,
2094 798 2214 852 pcr-

628 899 753 954 iude
799 896 950 968 quasi
980 895 1031 948 in
1073 889 1294 948 somniis
1323 885 1517 942 fuerint
1545 881 1776 938 deliciati
1798 919 1813 945 ,
1841 879 1912 933 ita
1940 876 2086 932 omni
2113 887 2210 928 vo-

628 990 829 1060 luptate
853 983 1092 1042 destituti
1117 980 1455 1040 consistunt;
1489 990 1587 1030 nec
1609 989 1642 1028 a
1669 985 1891 1037 corona,
1916 982 2016 1024 nec
2040 982 2069 1022 a
2098 982 2212 1020 ma-

627 1080 817 1148 gnifica
846 1085 1011 1139 veste,
1045 1087 1142 1128 nec
1165 1087 1196 1126 a
1217 1070 1425 1138 reliquo
1455 1067 1591 1121 fastu
1619 1063 1868 1118 universo
1895 1065 2208 1126 conceptam

628 1146 973 1240 voluptatem,
1000 1165 1045 1219 si
1084 1170 1348 1232 quaerant,
1373 1155 1614 1212 invenire
1632 1155 1831 1215 valent,
1854 1149 1995 1222 quod
2030 1146 2208 1202 omnia

631 1262 716 1315 illa
738 1259 925 1330 quovis
941 1263 1102 1311 vento
1122 1253 1351 1309 celerius
1380 1254 1814 1320 praetercurrant.

703 1351 945 1407 Felicitas
984 1350 1098 1404 vitae
1142 1347 1370 1401 celestis.
1403 1341 1755 1413 Abnegationis
1801 1338 1938 1392 modi
1966 1335 2108 1390 varii.
2138 1364 2210 1375 —

627 1444 894 1497 Cancrum
935 1439 988 1495 in
1018 1437 1215 1494 caelesti
1247 1436 1352 1489 vita
1384 1433 1560 1488 omnia
1599 1443 1754 1485 secus
1792 1427 1990 1482 habent
2022 1443 2036 1480 :
2077 1425 2208 1478 citra

635 1539 927 1604 impensam
963 1533 1166 1587 lucrum
1213 1526 1456 1582 adferunt
1485 1534 1538 1579 et
1576 1522 1850 1590 copiosum
1899 1529 1954 1574 et
1993 1515 2204 1571 stabile.

631 1628 763 1682 Nam
792 1625 898 1680 illic
926 1637 1029 1677 non
1061 1619 1298 1674 homines
1325 1615 1458 1671 ebrii
1481 1657 1493 1677 ,
1521 1613 1616 1670 sed
1647 1611 1959 1682 angelorum
1985 1607 2210 1678 pepulus

629 1718 821 1790 iugiter
857 1711 1123 1786 applaudit
1153 1725 1265 1764 rem
1294 1707 1517 1778 gerenti.
1539 1703 1646 1760 Sed
1670 1700 1795 1772 quid
1821 1701 1954 1766 dixi,
1981 1697 2198 1768 angelo-

632 1827 748 1866 rum
791 1806 1059 1878 popnlus?
1102 1804 1216 1874 Ipse
1241 1801 1548 1872 angelorum
1583 1797 1837 1850 Dominus
1862 1791 2119 1854 laudabit,
2155 1797 2211 1844 et

630 1900 996 1975 comprobabit
1025 1899 1189 1955 illum.
1207 1895 1306 1966 Qui
1332 1908 1460 1948 vero
1486 1907 1513 1945 a
1544 1891 1658 1970 Deo,
1684 1889 1946 1950 laudatur,
1976 1899 2081 1940 non
2105 1896 2210 1938 uno

632 1998 866 2053 alterove
903 1994 1009 2059 die,
1052 1999 1145 2045 aut
1188 1989 1343 2044 tertio
1365 2029 1380 2053 ,
1412 1985 1504 2040 sed
1537 1995 1588 2038 In
1629 1991 1891 2037 internum
1923 1979 2212 2048 triumphat

623 2082 739 2144 illic
764 2097 978 2158 gestans
1006 2097 1281 2144 coronam,
1312 2093 1411 2134 nec
1440 2090 1690 2146 umquam
1719 2081 1879 2141 caput
1913 2069 2042 2124 illud
2066 2068 2212 2124 vide-

633 2182 715 2236 his
741 2195 805 2236 ea
828 2179 1081 2234 nudatum
1109 2175 1273 2245 gloria
1305 2190 1317 2225 :
1348 2185 1517 2240 neque
1547 2167 1691 2223 enim
1719 2166 1858 2220 illius
1883 2161 2210 2218 celebritatis

631 2284 840 2342 tempus
876 2270 1042 2326 certis
1080 2266 1266 2322 diebus
1295 2266 1759 2328 circumscriptum
1788 2266 1889 2320 est,
1919 2253 2012 2309 sed
2044 2266 2210 2321 usque

629 2365 697 2420 ad
751 2363 910 2418 futuri
955 2359 1134 2416 saeculi
1187 2353 1644 2411 immortalitatem
1689 2346 2017 2405 extenditur.
2080 2342 2212 2398 Huic

629 2456 792 2512 cultui
818 2467 1103 2523 numquam
1131 2457 1408 2520 paupertas
1445 2459 1564 2500 esse
1608 2441 1782 2514 possit
1810 2436 2208 2508 impedimento,

630 2562 816 2602 verum
856 2553 910 2598 ct
955 2540 1174 2614 pauperi
1224 2540 1347 2593 licet
1395 2535 1495 2590 hoc
1537 2531 1813 2589 celebrare
1857 2528 2072 2590 festum,
2103 2527 2212 2580 imo

630 2639 851 2710 pauperi
894 2633 1143 2695 maxime,
1191 2631 1385 2702 quippe
1424 2628 1516 2698 qui
1565 2626 1630 2680 ab
1660 2623 1806 2678 omni
1851 2620 2032 2675 mundi
2075 2617 2211 2672 fastu

631 2730 963 2801 strepituque
991 2727 1058 2779 sit
1104 2724 1238 2779 liber
1270 2739 1284 2776 :
1315 2734 1491 2791 neque
1519 2717 1662 2772 enim
1687 2729 1822 2784 epus
1850 2722 1931 2769 est
1963 2711 2212 2782 pecunia-

631 2840 752 2880 rum
779 2821 1058 2891 impendiis
1074 2827 1128 2873 et
1154 2814 1445 2886 opulentia,
1465 2810 1558 2866 sed
1580 2809 1758 2864 animo
1776 2821 1931 2878 puro,
1955 2820 2018 2860 ac
2031 2811 2210 2859 mente

629 2915 828 2971 sobria.
854 2913 978 2968 Haec
1005 2910 1145 2966 enim
1171 2915 1253 2963 est
1277 2922 1394 2976 qua:
1425 2904 1564 2960 illius
1594 2901 1714 2957 vitae
1742 2909 1918 2955 vestes
1942 2899 2071 2953 texit
2095 2896 2211 2951 alii.

629 3023 753 3070 mae,
783 3007 897 3061 haec
933 3017 1052 3074 quas
1079 3014 1306 3056 coronas
1337 2996 1502 3052 nectit
1529 3010 1542 3049 :
1572 3009 1691 3064 «gnte
1720 2992 1822 3047 nisi
1847 2991 2056 3045 virtutis
2085 2988 2208 3044 ofli-

527 3117 534 3128 ’
632 3099 732 3153 ciis
759 3095 918 3152 fuerit
943 3103 1220 3154 exornata,
1245 3089 1369 3144 nulli
1397 3086 1514 3142 usui
1536 3085 1638 3141 erit
1663 3083 1779 3138 auri
1807 3096 1998 3152 magna
2021 3080 2207 3150 copia:

629 3191 768 3245 sicut
796 3203 828 3244 e
851 3186 1064 3242 diverso
1091 3197 1190 3240 nec
1229 3181 1426 3236 damno
1453 3177 1559 3234 erit
1589 3184 1896 3245 paupertas,
1924 3173 1968 3227 si
1994 3170 2207 3226 divitias

629 3282 774 3336 iutus
804 3276 994 3332 habeat
1023 3272 1303 3344 repositas.
1338 3269 1486 3323 Hauc
1511 3266 1878 3322 celebritatem
1905 3279 2010 3317 non
2051 3260 2209 3316 modo

617 3369 850 3424 masculi
890 3367 1062 3431 liberi,
1095 3364 1190 3425 sed
1226 3372 1281 3419 et
1314 3361 1434 3417 filia:
1477 3359 1633 3415 nobis
1659 3357 1936 3414 celebrent
1981 3373 1995 3409 :
2037 3368 2209 3423 neque

625 3463 790 3529 enim,
820 3457 1266 3533 quemadmodum
1307 3455 1361 3511 in
1388 3463 1608 3510 externa
1635 3448 2098 3507 administratione
2124 3445 2206 3500 vi-

625 3555 700 3611 ris
743 3564 944 3610 tantum
985 3555 1302 3623 imperatum
1336 3557 1416 3604 est
1447 3547 1550 3603 hoc
1582 3545 1776 3602 festum
1809 3558 1986 3617 agere,
2020 3556 2204 3598 verum

624 3657 677 3702 et
709 3646 931 3702 feminas
975 3643 1102 3700 illud
1129 3641 1316 3713 recipit
1339 3640 1606 3696 theatrum
1628 3679 1644 3705 ,
1669 3647 1723 3694 et
1745 3651 1904 3694 senes
1927 3678 1944 3704 ,
1976 3645 2031 3692 et
2049 3635 2204 3705 juve-

627 3752 742 3802 nes,
771 3747 824 3794 ct
849 3751 1033 3792 servos
1053 3743 1107 3790 et
1136 3735 1412 3805 ingenuos.
1443 3730 1544 3788 Ubi
1566 3731 1710 3786 enim
1735 3728 1899 3784 animi
1920 3738 2202 3798 speetacu-

627 3832 736 3887 lum
763 3838 846 3886 est
868 3870 882 3896 ,
913 3829 982 3884 ibi
1011 3842 1116 3882 non
1146 3841 1322 3889 sexus,
1355 3839 1460 3879 non
1482 3834 1633 3888 tetas,
1665 3836 1769 3877 non
1794 3820 2023 3892 dignitas
2047 3819 2207 3888 hujus

624 3922 826 3987 saeculi,
856 3935 964 3975 non
996 3917 1138 3974 aliud
1168 3917 1458 3986 quidquam
1489 3912 1749 3983 impedire
1793 3919 1986 3981 potest.
2023 3909 2207 3978 quue

622 4029 718 4068 vos
746 4027 934 4068 omnes
958 4009 1244 4076 exhortor,
1276 4016 1333 4062 ut
1372 4023 1400 4060 a
1433 4007 1630 4060 teneris
1667 4004 1848 4058 statim
1879 4003 2038 4057 annis
2067 4010 2121 4054 ct
2148 4000 2207 4052 ll-

621 4106 724 4161 lios
753 4114 806 4160 et
838 4104 973 4159 tilias
1009 4099 1310 4170 hujusmodi
1357 4095 1717 4153 functionibus
1742 4094 1968 4160 dedatis,
2000 4103 2054 4148 et
2085 4092 2204 4147 huic

624 4197 743 4250 \lliB
783 4195 1024 4249 instituto
1069 4199 1427 4260 congruentes
1465 4188 1678 4244 divitias
1719 4187 1798 4243 eis
1842 4184 2071 4250 addatis,
2097 4199 2202 4238 non

622 4279 812 4342 aurum
842 4274 1197 4348 defodicotes,
1236 4297 1341 4336 non
1369 4288 1644 4350 argentum
1671 4285 2074 4348 congregantes,
2108 4273 2202 4330 sed

624 4376 961 4441 modestiam,
1003 4374 1368 4438 sobrietatem,
1404 4387 1466 4427 ac
1499 4371 1802 4441 pudicitiam
1826 4409 1841 4435 ,
1870 4369 2205 4438 reliquasque

621 4468 843 4523 virtutes
854 4480 1042 4522 omnes
1067 4465 1118 4520 in
1137 4463 1329 4518 animis
1350 4477 1533 4518 eorum
1560 4470 1905 4532 reponentes.
1931 4459 2041 4515 Hos
2061 4459 2201 4514 enim

621 4569 865 4630 sumptus
885 4557 1049 4629 exigit
1078 4555 1167 4611 illa
1199 4554 1414 4610 functio.
1440 4553 1496 4609 Si
1525 4552 1664 4608 hanc
1691 4553 1848 4623 igitur
1873 4549 2199 4622 opulentiam

623 4661 736 4705 tum
767 4647 941 4710 nobis,
971 4657 1082 4701 tum
1109 4646 1230 4702 filiis
1253 4645 1648 4715 collegerimus,
1671 4654 1726 4698 et
1755 4643 1804 4697 iu
1829 4641 2078 4713 praesenti
2099 4640 2201 4694 vita

622 4741 850 4795 multum
883 4737 1185 4808 Splendoris
1231 4750 1640 4804 consequemur,
1674 4744 1728 4790 et
1774 4735 1826 4788 in
1872 4733 2046 4788 futura
2097 4734 2202 4787 vita

624 4831 835 4886 beatam
876 4828 1018 4884 illam
1070 4841 1256 4883 vocem
1297 4825 1596 4890 audiemus,
1643 4840 1741 4894 per
1765 4838 1922 4894 quam
1962 4822 2206 4879 Christus

623 4936 812 4977 omnes
841 4921 926 4993 qui
967 4919 1138 4990 ipsum
1175 4917 1406 4974 confessi
1445 4915 1663 4980 fuerint,
1704 4929 1803 4969 suo
1821 4925 2207 4984 ornatpraeco-

629 5010 736 5066 nio.
761 5010 1038 5066 Confessio
1053 5018 1230 5065 autem
1254 5024 1358 5064 non
1378 5016 1579 5064 tantum
1599 5007 1657 5061 fit
1677 5021 1772 5077 per
1790 5005 1987 5081 fidem”
2017 5021 2203 5062 verum

625 5105 788 5160 etiam
834 5117 929 5173 per
972 5115 1134 5173 opera
1160 5142 1176 5168 ,
1205 5101 1340 5158 adeo
1369 5109 1427 5157 ut
1452 5100 1498 5156 si
1529 5101 1641 5155 haec
1670 5099 1884 5165 absint,
1930 5100 2204 5156 veniamus

623 5195 674 5250 iu
703 5194 994 5264 periculum
1017 5233 1032 5259 ,
1067 5207 1134 5246 ne
1159 5207 1279 5246 cum
1319 5189 1702 5262 abuegantibus
1742 5205 1927 5260 poenas
1972 5190 2200 5244 luamus.

619 5285 800 5357 Neque
826 5283 968 5340 enim
999 5297 1137 5338 unus
1163 5291 1245 5338 est
1268 5281 1560 5352 abnegandi
1589 5281 1775 5337 modus
1801 5324 1816 5348 ,
1845 5281 1939 5337 sed
1969 5281 2119 5336 multi
2148 5290 2203 5337 et

614 5378 773 5446 varii,
820 5390 956 5446 quos
998 5375 1191 5430 Paulus
1233 5374 1390 5430 nobis
1419 5374 1747 5440 describens,
1799 5375 1868 5427 ita
1917 5374 2196 5443 loquitur:

622 5472 936 5540 Prcﬁtentur
976 5484 1031 5525 se
1069 5485 1215 5523 nosse
1265 5467 1446 5530 Deum,
1473 5466 1562 5520 sed
1599 5467 1744 5534 [actis
1785 5475 1969 5538 negant
1999 5464 2120 5536 (Tit.
2146 5467 2197 5522 Ι.

621 5565 733 5634 lli);
763 5571 818 5617 et
849 5576 1055 5626 rursus,
1090 5560 1152 5616 Si
1174 5561 1287 5628 quis
1314 5576 1542 5625 suorum,
1582 5571 1630 5614 et
1657 5560 1873 5614 maxime
1900 5559 2201 5614 domestico-

618 5670 731 5710 rant
759 5669 934 5708 curam
978 5668 1078 5707 non
1118 5653 1282 5716 liabet,
1323 5651 1474 5721 [idem
1518 5651 1800 5722 abnegavit,
1831 5660 1876 5705 et
1901 5660 1973 5705 est
2001 5650 2198 5720 inﬁdeli

618 5747 834 5803 deterior
859 5746 938 5812 (l.
982 5744 1113 5800 Tim.
1158 5745 1211 5800 5.
1243 5741 1322 5815 2).
1351 5741 1419 5798 Et
1443 5743 1657 5808 iterutu,
1689 5741 1872 5814 Fugite
1909 5742 2193 5808 avaritiam,

615 5853 733 5909 qntr
779 5846 852 5893 est
878 5837 1126 5891 idolorum
1153 5835 1319 5890 cultus
1342 5831 1554 5904 (Coloss.
1580 5834 1634 5891 3.
1663 5834 1738 5906 5).
1769 5833 1901 5891 Cum
1932 5833 2090 5905 igitur
2119 5840 2198 5888 tot

1297 409 1354 463 S.
1395 404 1674 464 JOANNIS
1697 396 2166 460 CHRYSOSTOMI
2208 394 2525 453 ARCIIIEP.
2564 394 3098 453 CONSTANTINOP.

3813 393 3915 449 suo

2325 506 2434 562 sint
2477 507 2775 579 abnegandi
2812 506 2958 562 modi
2985 549 3002 574 ,
3031 501 3372 562 manifestum
3409 510 3492 560 est
3522 502 3752 560 totidem
3795 518 3916 559 esse

2318 600 2628 669 confitendi,
2659 615 2724 657 ac
2765 599 2935 672 multo
2969 599 3130 654 etiam
3163 598 3383 668 plures;
3433 597 3630 668 quibus
3663 597 3914 653 omnibus

2318 692 2559 748 confiteri
2590 691 2921 758 studeamus,
2941 700 3001 746 ut
3028 702 3082 746 et
3109 691 3209 761 ipsi
3241 691 3292 745 in
3321 690 3470 746 aclis
3496 687 3764 745 honorem
3785 703 3914 744 con-

2317 798 2644 853 sequamur,
2691 783 2860 854 gratia
2913 790 2968 837 et
3009 781 3251 837 bonitate
3301 780 3515 836 Domini
3570 781 3740 836 nostri
3787 781 3914 837 Jesu

2315 875 2538 943 Christi,
2569 892 2664 946 per
2689 891 2846 947 quem
2869 883 2922 932 et
2950 890 3070 931 cum
3097 889 3204 946 quo
3224 873 3368 930 Patri
3392 873 3584 945 gloria,
3614 873 3773 930 simul
3791 887 3914 929 cura

2316 979 2503 1023 sancto
2524 968 2748 1038 Spiritu,
2778 982 2922 1026 nunc
2949 976 3004 1024 et
3031 981 3269 1037 semper,
3299 975 3354 1023 et
3381 965 3437 1022 in
3461 967 3658 1023 mula
3685 965 3918 1023 saculo-
3991 1033 3994 1040 ,

2315 1076 2453 1116 rum.
2487 1063 2680 1116 Amen.

2933 1191 3166 1250 SERMO
3201 1191 3292 1250 Π.

2314 1309 2396 1364 Ad
2432 1325 2516 1364 eos
2558 1309 2646 1376 qui
2690 1308 2900 1363 collecta
2943 1308 3120 1362 relicta
3163 1306 3234 1360 ad
3276 1306 3470 1361 theatra
3509 1305 3792 1360 ascendant
3819 1318 3841 1358 :
3865 1313 3916 1358 et

2385 1402 2522 1472 quod
2547 1419 2648 1457 non
2675 1403 2840 1456 solum
2878 1402 3055 1456 utilius
3083 1402 3150 1454 sit
3176 1401 3230 1454 in
3266 1398 3477 1455 ecclesia
3505 1399 3697 1454 versari
3720 1441 3734 1462 ,
3761 1415 3914 1468 quam

2382 1496 2440 1550 in
2462 1493 2691 1560 theatris,
2718 1495 2808 1548 sed
2839 1493 2990 1546 etiam
3005 1491 3288 1563 jucundius
3309 1506 3328 1542 :
3356 1498 3404 1544 et
3431 1491 3494 1544 de
3519 1490 3741 1544 secunda
3770 1500 3915 1557 parte

2385 1591 2690 1662 precationis
2713 1591 2877 1644 Annis
2903 1605 2921 1644 :
2947 1589 3179 1661 quodque
3213 1587 3552 1641 indesinenter
3593 1595 3640 1639 et
3681 1585 3734 1637 in
3774 1582 3912 1638 omni

2383 1684 2494 1736 loco
2521 1681 2719 1753 precari
2746 1690 3003 1751 oporteat,
3037 1679 3114 1735 vel
3145 1680 3200 1734 in
3227 1680 3362 1749 foro,
3391 1678 3469 1734 vel
3501 1679 3554 1732 in
3582 1676 3665 1730 ria
3692 1719 3706 1740 ,
3751 1676 3828 1729 uel
3859 1675 3910 1727 in

2384 1775 2536 1829 lecto.

2387 1886 2438 1941 1.
2480 1883 2634 1940 Haud
2672 1885 2819 1948 scio.
2863 1883 3059 1955 quibus
3101 1882 3282 1938 verbis
3326 1881 3552 1938 debeam
3603 1881 3680 1934 uti
3730 1878 3907 1934 hodie.

2313 1975 2448 2031 Cum
2479 1976 2620 2031 enim
2651 1975 2856 2030 videam
2885 1974 3142 2030 collectas
3170 1988 3360 2045 parum
3403 1972 3758 2042 frequentari,
3787 1986 3908 2041 pro-

2317 2068 2507 2138 phetas
2535 2067 2673 2121 affici
2720 2066 3042 2121 contumelia
3069 2107 3086 2132 ,
3130 2065 3403 2135 apostolos
3446 2063 3650 2135 deSpici
3674 2105 3692 2131 ,
3738 2049 3912 2133 patres

2315 2159 2608 2226 contemni,
2645 2172 2872 2229 eamque
2897 2157 3314 2224 contumeliam,
3345 2171 3448 2226 qua
3473 2157 3614 2211 servi
3645 2165 3909 2225 appetun-

2319 2262 2442 2317 tur,
2473 2251 2542 2305 ad
2591 2250 2764 2320 ipsum
2807 2263 2993 2304 eorum
3043 2247 3324 2302 Dominum
3369 2245 3740 2316 pertransire,
3787 2245 3914 2300 libet

2315 2343 2530 2414 quidem
2559 2355 2835 2407 accusare,
2866 2340 2960 2396 sed
2991 2354 3084 2396 eos
3110 2339 3200 2410 qui
3225 2337 3621 2394 accusationem
3651 2336 3794 2393 banc
3819 2352 3914 2391 au-

2317 2435 2438 2491 dire
2467 2435 2729 2491 deberent
2757 2447 2862 2489 non
2892 2431 2980 2488 hic
3005 2431 3162 2487 video
3192 2449 3206 2487 :
3232 2445 3326 2487 vos
3350 2429 3451 2486 soli
3471 2429 3695 2495 adestis,
3721 2429 3913 2501 quibus

2316 2529 2418 2586 hac
2445 2528 2810 2583 admonitione
2852 2525 2984 2582 nihil
3022 2540 3158 2596 opus
3191 2532 3291 2580 est.
3326 2523 3711 2580 Verumtamen
3745 2537 3814 2578 ne
3837 2521 3913 2577 sic

2314 2621 2532 2693 quidem
2563 2618 2826 2676 silendum
2857 2629 2938 2673 est
2969 2617 3122 2673 nobis
3159 2634 3172 2670 :
3212 2631 3338 2672 nam
3368 2625 3423 2671 et
3465 2614 3911 2685 indignationem,

2315 2728 2476 2784 quam
2519 2711 2675 2768 nobis
2720 2719 3046 2776 moverunt,
3091 2707 3494 2780 mitigabimus,
3534 2721 3751 2777 unaque
3793 2721 3914 2762 cum

2315 2805 2491 2861 verbis
2520 2803 2796 2873 ejiciemus
2823 2819 2837 2856 :
2868 2810 2923 2858 et
2962 2801 3083 2856 illos
3123 2799 3269 2870 ipsos
3293 2798 3360 2855 ad
3391 2798 3644 2854 ruborem
3671 2812 3734 2852 ac
3765 2813 3916 2852 vere-

2313 2896 2562 2953 cundiam
2589 2894 3004 2965 compellemus,
3035 2901 3113 2947 tot
3153 2892 3207 2947 in
3245 2905 3342 2948 eos
3379 2889 3787 2946 accusatoribus
3817 2891 3916 2945 im-

2312 2989 2511 3052 missis,
2535 2996 2664 3058 quot
2684 3000 2828 3041 nunc
2865 2983 3138 3039 auditores
3173 2981 3327 3038 estis.
3356 2980 3412 3037 Si
3441 2980 3588 3036 enim
3614 2981 3912 3046 venissent,

2313 3089 2525 3137 uestras
2551 3079 2724 3134 solum
2750 3076 3150 3148 obiurgationes
3179 3073 3426 3130 audirent
3454 3091 3469 3127 :
3500 3085 3644 3127 nunc
3677 3071 3911 3143 fugitan-

2315 3181 2396 3228 tes
2423 3179 2664 3227 nostram
2691 3169 3134 3237 iucrepationem,
3171 3165 3363 3221 eadem
3390 3164 3504 3220 haec
3527 3179 3559 3218 a
3585 3162 3737 3219 vobis
3761 3163 3915 3220 audi-

2315 3265 2417 3319 turi
2445 3272 2571 3319 sunt
2598 3262 2797 3316 omnia.
2826 3260 2914 3316 Sic
2940 3267 2995 3316 et
3021 3258 3178 3314 amici
3216 3255 3419 3314 faciunt
3444 3275 3460 3311 :
3493 3265 3777 3328 postquam
3806 3270 3913 3312 non

2316 3352 2979 3424 invenerunt‘quibuscum
3027 3349 3372 3421 expostulare
3396 3348 3668 3416 volebant,
3699 3348 3910 3404 illorum

2313 3447 2517 3502 amicos
2542 3444 2778 3510 adeunt,
2806 3441 2897 3514 qui
2924 3439 3065 3497 dicta
3094 3454 3190 3496 sua
3217 3439 3284 3495 ad
3315 3438 3433 3495 illos
3473 3431 3730 3494 referant.
3765 3438 3910 3494 ide

2310 3539 2470 3594 etiam
2500 3536 2641 3592 Deus
2667 3535 2794 3591 fecit
2819 3551 2832 3588 :
2860 3533 3076 3590 omissis
3119 3531 3185 3588 iis
3231 3530 3322 3602 qui
3367 3530 3419 3585 in
3451 3544 3510 3586 se
3535 3528 3909 3600 peccaverant,

2312 3635 2578 3690 insontem
2617 3629 2903 3688 Jeremiam
2953 3627 3235 3698 appellat,
3265 3626 3450 3680 dicens
3495 3641 3510 3679 :
3557 3623 3737 3678 Viden‘
3775 3623 3901 3694 quid

2311 3729 2436 3781 mihi
2465 3725 2638 3798 fecerit
2661 3723 2904 3793 insipiens
2934 3721 3045 3790 [ilia
3068 3718 3211 3774 Iuda
3241 3717 3387 3792 (Jer.
3417 3718 3472 3772 3.
3501 3716 3566 3790 6)
3592 3717 3616 3771 ἲ
3641 3717 3754 3773 Hac
3778 3732 3909 3773 sane

2310 3818 2377 3875 de
2400 3831 2558 3874 causa
2583 3830 2682 3871 nos
2715 3829 2926 3886 quoque
2949 3813 3068 3868 illos
3089 3811 3414 3876 accusando,
3436 3825 3533 3865 vos
3556 3809 3906 3882 alloquimur,

2311 3921 2368 3966 ut
2414 3911 2538 3965 hinc
2585 3907 2809 3980 profecti
2850 3921 2944 3962 eos
2981 3905 3284 3976 corrigatis.
3334 3904 3468 3972 Quis
3513 3903 3658 3959 enim
3704 3913 3906 3959 tantum

2311 4005 2609 4073 neglectum
2631 3999 2808 4056 ferat?
2836 3998 3012 4054 Semel
3035 3999 3088 4052 in
3117 3995 3449 4052 hebdomada
3474 3996 3561 4051 bic
3579 3995 3903 4068 colligimur,

2310 4105 2366 4152 et
2407 4110 2476 4150 ne
2519 4095 2617 4148 hac
2659 4091 2876 4163 quidem
2915 4091 3002 4146 die
3045 4089 3332 4145 saeculares
3377 4102 3537 4144 curas
3579 4089 3906 4160 posthabere

2307 4188 2613 4242 sustinent:
2642 4194 2697 4240 et
2723 4185 2767 4239 si
2814 4184 2935 4255 quis
2979 4182 3032 4238 id
3062 4182 3280 4253 objiciet
3302 4223 3318 4250 ,
3361 4181 3505 4237 illico
3533 4193 3902 4253 paupertatem

2307 4285 2628 4347 prtctexuut,
2657 4291 2720 4331 ac
2745 4275 2916 4331 victus
2944 4274 3160 4345 parandi
3197 4274 3592 4342 necessitatem,
3621 4285 3903 4345 urgentes-

2305 4385 2412 4440 que
2464 4371 2844 4439 occupationes
2874 4407 2889 4432 ,
2941 4367 3307 4423 defensionem
3370 4365 3675 4424 adferentes
3718 4369 3904 4439 quavis

2308 4463 2647 4516 accusatione
2675 4460 3000 4531 graviorem.
3041 4457 3177 4526 Quid
3206 4459 3347 4513 enim
3391 4457 3494 4514 hoc
3533 4458 3652 4529 ipso
3679 4461 3905 4517 crimina

2309 4555 2460 4625 pejus
2490 4569 2610 4610 esse
2632 4562 2829 4624 potest,
2859 4567 2980 4608 cum
3011 4549 3212 4622 aliquid
3241 4550 3384 4606 aliud
3413 4566 3572 4622 quam
3599 4551 3784 4609 divina
3813 4569 3904 4610 ue-

2306 4647 2449 4718 getia
2480 4646 2648 4717 magis
2681 4660 2877 4715 urgens
2902 4643 3057 4699 nobis
3083 4643 3315 4710 videtur,
3345 4644 3621 4715 magisque
3649 4660 3900 4702 necessa-

2308 4738 2489 4794 rium?
2529 4735 2668 4794 Sane
2694 4735 2903 4791 etiamsi
2943 4734 3174 4789 maxime
3212 4749 3396 4789 verum
3439 4735 3542 4790 hoc
3578 4745 3757 4802 esset,
3791 4737 3904 4792 base

2310 4832 2421 4901 ipsa
2447 4829 2689 4884 defensio
2713 4835 2859 4883 esset
2882 4827 3176 4894 accusatio,
3205 4835 3262 4880 ut
3287 4825 3396 4881 dixi
3429 4844 3443 4881 :
3475 4833 3534 4880 ut
3561 4836 3743 4881 autem
3771 4828 3904 4884 acia-

2311 4925 2377 5003 tis
2399 4924 2551 4978 istam
2579 4922 2942 4977 causationem
2964 4933 3085 4976 esse
3103 4935 3168 4975 ac
3188 4928 3502 4990 pmtextum
3527 4918 3594 4975 ad
3621 4923 3902 4992 segnitiem

2313 5014 2625 5087 tegendam,
2654 5012 2742 5068 vel
2777 5025 2865 5067 me
2895 5018 3104 5067 tacente
3134 5009 3324 5066 tertius
3349 5009 3546 5066 abhinc
3570 5010 3689 5067 dies
3716 5025 3906 5068 omnes

2310 5110 2432 5166 talia
2479 5103 2830 5163 obtendentes
2880 5103 3204 5174 redarguet,
3252 5116 3377 5157 cum
3419 5101 3612 5158 civitas
3657 5103 3903 5161 universa

2309 5201 2617 5275 migraverit
2645 5199 2710 5254 ad
2737 5197 2970 5263 Circum,
3006 5205 3062 5253 et
3091 5195 3285 5251 domus
3309 5209 3373 5252 ac
3399 5195 3517 5252 fora
3545 5195 3736 5252 nefarii
3764 5195 3904 5253 illius

2308 5293 2600 5368 spectaculi
2623 5291 2793 5363 gnatis
2815 5297 3068 5348 evacuata
3097 5286 3316 5343 fuerint.
3341 5287 3405 5343 Et
3430 5285 3518 5342 hic
3538 5301 3608 5343 ne
3633 5289 3902 5360 pracipes

2308 5387 2523 5462 quidem
2569 5383 2810 5441 ecclesia:
2849 5383 2965 5438 loca
3008 5379 3083 5451 (α)
3111 5377 3369 5450 compleri
3395 5377 3641 5434 videmus
3669 5396 3688 5435 :
3713 5387 3768 5434 at
3798 5378 3904 5436 illis

2309 5495 2414 5535 non
2445 5475 2606 5532 modo
2628 5473 2839 5536 Circus,
2862 5470 2955 5526 sed
2977 5477 3032 5527 et
3054 5467 3334 5525 ctenacula
3358 5475 3414 5523 et
3439 5465 3636 5523 domus
3660 5477 3718 5524 et
3741 5478 3899 5538 tecta,

2306 5579 2361 5626 et
2384 5569 2608 5638 abrupta
2638 5564 2755 5619 loca
2787 5563 3038 5633 pleraque
3066 5567 3399 5629 occupantur
3428 5576 3443 5611 :
3473 5567 3531 5614 at
3556 5573 3735 5630 neque
3769 5574 3899 5632 pau-

2307 5671 2520 5733 pertas,
2562 5671 2737 5728 neque
2775 5653 3052 5725 occupatio
3077 5692 3094 5719 ,
3137 5665 3310 5722 neque
3345 5649 3600 5708 debilitas
3637 5651 3897 5724 corporis,

2309 5771 2734 5906 μὲιέωρζέάρυα
2780 5767 2886 5822 loco
2921 5763 3142 5820 ecclesia
3179 5770 3321 5817 vocat
3360 5771 3530 5828 partes
3564 5758 3903 5814 sacerdotium
