4106 6510
259 446 367 505 639

324 572 382 619 ι’.
411 564 570 620 Ποῖον
595 565 702 639 7&9
732 564 800 622 ἃν
826 562 1034 635 γένοιτο
1066 564 1256 635 κέρδος
1282 563 1480 637 ἐκ⁴τῆς
1510 565 1620 620 τῶν
1651 567 1841 637 δήμων

252 647 565 721 εὐφημίας;
600 649 723 703 είπέ
747 640 857 719 μὸι.
891 649 1003 719 Τῆς
1021 648 1261 719 ἐσπέρας
1294 647 1402 720 γάρ
1426 650 1841 720 καταλαὸούσης

252 731 500 796 εὐθέωςό
522 733 715 804 κρότος
743 734 950 795 ἐκεῖνος
980 732 1074 785 καὶ
1094 733 1122 784 6
1154 730 1384 807 θόρυϐος
1405 732 1554 797 ἄπας
1581 732 1841 804 μαραίνε-

249 830 361 877 ται,
396 816 490 867 καὶ
524 814 900 886 παρελθούσης
930 816 1029 887 τῆς
1053 815 1434 892 πανηγύρεως,
1465 813 1656 887 ὥσπερ
1700 815 1836 885 ὄναρ

247 899 654 968 τρυφήσαντες,
686 897 860 962 οὕτως
894 898 1092 970 ἔρημοι
1123 899 1304 968 πάσης
1356 893 1714 953 καθίστανται
1748 899 1839 951 εύ-

250 980 548 1051 φροσύνης,
572 982 667 1034 καὶ¹
686 980 811 1034 οὐτε
844 982 944 1051 τὴν
986 982 1095 1034 ἀπὸ
1130 982 1225 1035 τοῦ
1256 982 1547 1052 στεφάνου,
1584 981 1708 1036 οὐτε
1740 980 1837 1051 τὴν

246 1064 359 1117 ἀπὸ
389 1065 489 1134 τῆς
515 1066 709 1136 στολῆς
737 1066 838 1134 τῆς
868 1065 1127 1136 λαμπρᾶς
1160 1065 1255 1119 καὶ
1291 1066 1391 1137 τῆς
1427 1065 1596 1138 ἀλλης
1627 1082 1836 1136 φαντα-

250 1146 371 1212 σίας
401 1149 617 1219 ἀπάσης
648 1149 914 1219 εὐθυμίαν
942 1148 1303 1219 ἐγγινομένην
1335 1149 1520 1213 αὐτοῖς
1544 1147 1835 1221 ζητοῦντες

245 1231 427 1302 εὑρεῖν
464 1230 698 1284 δύναιντ’
734 1231 821 1295 ἂν,
855 1232 1059 1301 ἀνέμου
1092 1232 1291 1297 παντὸς
1326 1230 1626 1304 ταχύτερον
1653 1247 1834 1302 παρα-

244 1312 564 1385 δραμόντων
596 1314 1105 1379 αὐτοὺς.ἀπάντων.

329 1463 390 1516 Ἢ
440 1464 497 1516 δὲ
551 1464 658 1517 τῶν
701 1464 951 1535 οὐρανῶν
1000 1468 1248 1519 πολιτεία
1278 1460 1589 1521 τούναντίον
1636 1466 1784 1521 ἅπαν
1816 1479 1831 1496 ⁸

244 1549 415 1619 χωρὶς
448 1549 693 1617 δαπάνης
726 1548 860 1601 πολὺ
909 1548 1069 1620 φέρει
1101 1548 1163 1601 τὸ
1192 1549 1382 1621 κέρδος
1411 1550 1545 1622 ἡμῖν
1589 1550 1686 1605 καὶ⁸
1734 1550 1834 1621 μό-

241 1649 422 1702 νιμον.
481 1633 554 1685 Οὐ
617 1632 725 1703 7&9
777 1631 1059 1703 ἅνθρωποι
1123 1632 1419 1703 μεθύοντες
1446 1673 1460 1697 ,
1530 1633 1668 1690 ἀλλά
1722 1633 1832 1687 τῶν

240 1716 491 1784 ἀγγέλων
533 1716 561 1766 6
598 1714 770 1785 δῆμος
825 1716 915 1769 τὸν
957 1718 1076 1769 ἐκεῖ
1117 1715 1536 1786 πολιτευόμενον
1574 1714 1833 1788 κροτοῦσι

236 1800 525 1873 διηνεκῶς.
586 1800 697 1855 Καὶ
745 1799 797 1854 τί
829 1797 975 1866 λόγω
1028 1799 1135 1853 τῶν
1198 1798 1447 1868 ἀγγέλων
1491 1800 1585 1854 τὸν
1621 1800 1831 1871 δῆμονς

238 1886 413 1948 Αὐτὸς
444 1884 607 1939 αὐτὸν
640 1886 669 1937 6
697 1883 805 1937 τῶν
854 1883 1103 1953 ἀγγέλων
1130 1884 1410 1954 Δεσπότης
1431 1883 1711 1937 ἐπαινέσει
1738 1883 1833 1938 καὶ

238 1968 581 2035 ἀποδέξεται.
621 1968 679 2020 '0
704 1968 761 2021 δὲ
808 1968 961 2039 παρὰ
996 1966 1090 2021 τοῦ
1136 1965 1273 2020 Θεοῦ
1303 1965 1720 2035 ἐπαινούμενος,
1767 1966 1830 2019 06

242 2053 398 2125 μίαν.
425 2054 548 2107 οὐδέ
594 2052 710 2116 δύο,
747 2053 841 2105 καὶ
886 2053 1038 2123 τρεῖς
1070 2051 1307 2123 ἡμέρας,
1344 2050 1482 2107 ἀλλά
1509 2050 1597 2125 διά
1628 2049 1833 2113 παντὸς

236 2136 336 2191 τοῦ
367 2136 562 2201 αἰῶνος
593 2135 864 2209 πομπεύει
895 2135 1345 2210 πεφανηφορῶν,
1370 2134 1466 2189 καὶ⁵
1494 2134 1709 2204 γυμνὴν
1730 2133 1833 2188 οὐκ

237 2221 308 2276 ἀν
342 2238 473 2275 ποτε
509 2220 639 2283 ίδοις
684 2219 783 2291 τῆς
819 2216 978 2289 δόξης
1026 2218 1255 2288 ἐκείνης.
1300 2218 1400 2289 τὴν
1442 2216 1539 2271 τοῦ
1584 2214 1829 2271 τοιούτου

238 2304 520 2376 κεφαλήνο
551 2304 612 2356 οὐ
675 2305 787 2373 γὰρ
820 2302 1157 2373 ὡρισμέναις
1190 2302 1429 2373 ἡμέραις
1473 2302 1502 2355 6
1543 2302 1642 2373 τῆς
1690 2316 1830 2354 παν-

236 2389 491 2460 ηγύρεως
542 2386 746 2457 ταύτης
771 2386 1213 2457 περιγέγραπται
1268 2386 1482 2456 χρόνος,
1522 2384 1659 2440 ἀλλά
1694 2384 1831 2457 πρὸς

235 2473 338 2544 τὴν
365 2470 686 2525 ἀθανασίαν’
710 2468 818 2523 τῶν
870 2468 1178 2540 μελλόντων
1232 2469 1561 2524 ἐκτείνεται.
1609 2467 1830 2539 Ταύτης

233 2554 335 2623 τῆς
362 2552 703 2624 λειτουργίας
726 2552 827 2604 οὐκ
854 2552 919 2605 ἀν
959 2551 1333 2619 ποτεδγένοιτο
1365 2550 1530 2606 πενία
1576 2549 1827 2621 κώλυμα,

233 2637 374 2692 ἀλλά
406 2634 631 2689 δυνατὸν
662 2634 758 2689 καὶ
810 2634 902 2687 τὸν
936 2634 1147 2705 πένητα
1190 2623 1580 2706 λειτουργῆσαι
1626 2635 1830 2704 ταύτην

232 2722 335 2792 τὴν
362 2717 731 2791 λειτουργίαν,
757 2718 853 2770 καὶ
886 2718 1124 2787 μάλιστα
1147 2717 1239 2769 τὸν
1261 2717 1492 2788 πένητα,
1524 2718 1620 2773 ἀτε
1648 2718 1830 2789 πάσης

232 2802 657 2873 ἀπηλλαγμένον
691 2800 993 2869 φαντασίας
1018 2800 1279 2872 βιωτικῆς
1304 2817 1317 2832 ·
1353 2801 1414 2854 οὐ
1453 2801 1563 2872 γὰρ
1583 2800 1829 2872 δαπάνης

233 2885 539 2957 χρημάτων
579 2884 674 2937 καὶ
703 2885 1047 2955 περιουσίας.
1077 2884 1213 2939 ἀλλὰ
1253 2885 1435 2956 ψυχῆς
1464 2885 1547 2939 δεῖ
1580 2884 1830 2956 καθαρᾶς

232 2972 327 3025 καὶ
343 2968 728 3042 σωφρονούσης
756 2968 1015 3031 διανοίας.
1046 2968 1179 3022 Ἀπὸ
1202 2971 1407 3041 ταύτης
1431 2970 1527 3025 καὶ
1552 2970 1621 3024 τά
1638 2970 1830 3041 ἱμάτια

231 3056 332 3125 τῆς
365 3052 641 3115 πολιτείας
670 3051 886 3123 ἐκείνης
914 3052 1201 3120 ὑφαίνεται
1230 3054 1295 3122 τῇ
1335 3053 1507 3124 ψυχῇ.
1534 3053 1625 3107 καὶ
1644 3054 1673 3105 6
1705 3052 1829 3106 01:6-

231 3154 401 3207 φανος
418 3134 571 3209 [⁵129]
594 3134 876 3188 πλέκεται·
893 3134 1037 3188 ὥστε
1053 3134 1120 3188 ἀν
1136 3136 1213 3206 μὴ
1226 3138 1338 3199 τοῖς
1352 3136 1452 3206 τῆς
1467 3131 1715 3209 ἀρετῆςῇ
1730 3152 1825 3188 κε-

231 3218 558 3291 κοσμημένη
576 3217 1022 3289 κατορθώμασιν,
1045 3218 1201 3273 οὐδὲν
1215 3219 1405 3289 ὄφελος
1431 3220 1569 3291 αὐτῇ
1602 3219 1826 3292 χρυσίου

230 3304 431 3359 πολλοῦ
451 3321 465 3335 ο
496 3292 687 3373 ὥσπερ
719 3298 812 3355 οὖν
854 3301 978 3355 οὐδὲ
1008 3300 1208 3373 βλάϐος
1256 3302 1411 3356 ἔσται
1465 3303 1693 3368 πενίας,
1729 3304 1828 3358 ἐὰν

229 3388 325 3443 τὸν
350 3385 561 3440 ἔνδοθεν
589 3384 687 3457 ῐχῃ
723 3382 955 3438 πλοῦτον
985 3386 1438 3456 ἐναποκείμενον.
1476 3386 1698 3457 Ταύτην
1727 3386 1828 3458 τὴν

230 3471 574 3543 λειτουργίαν
598 3468 673 3541 μὴ
705 3470 868 3539 μόνον
899 3469 1127 3542 ἄρρενες
1155 3469 1364 3533 παῖδες,
1383 3471 1523 3525 ἀλλά
1549 3471 1645 3523 καὶ
1665 3471 1830 3541 067a-

229 3555 388 3627 τέρες
429 3555 561 3625 ἡμῖν
582 3551 1075 3623 λειτουργείτωσαν
1096 3569 1110 3583 ο
1141 3553 1203 3604 οὐ
1237 3552 1347 3625 γὰρ
1377 3552 1568 3627 ὥσπερ
1601 3555 1695 3608 ἐπὶ
1728 3555 1829 3626 τῆς

228 3636 432 3701 ἔξωθεν
464 3634 743 3698 πολιτείας
770 3634 1000 3707 ἀνδράσι
1053 3635 1214 3706 μόνον
1258 3636 1434 3691 ταῦτα
1485 3636 1828 3709 λειτουργεῖν

229 3718 608 3783 ἐπιτέτακται,
642 3717 781 3772 ἀλλά
810 3720 905 3771 καὶ
956 3720 1223 3787 γυναῖκας
1268 3721 1449 3775 ἐκεῖνο
1491 3720 1553 3775 τὸ
1600 3720 1829 3792 θέατρον

227 3802 473 3873 δέχεται,
504 3800 599 3854 καὶ
627 3801 913 3873 γέροντας,
964 3803 1060 3856 καὶ
1105 3802 1282 3867 νέους,
1326 3804 1423 3858 καὶ
1456 3802 1699 3868 δούλους,
1732 3804 1829 3857 καὶ

227 3884 573 3956 ἐλευθέρους.
620 3884 798 3938 Ὀπου
843 3884 953 3955 7&9
990 3883 1173 3958 ψυχῆς
1204 3888 1355 3940 ἐστιν
1384 3887 1419 3958 ἡ
1447 3886 1731 3954 ἐπίδειξις.
1764 3888 1826 3941 οὐ

228 3966 418 4044 φύσις,
450 3968 551 4038 οὐχ
599 3965 810 4035 ἡλικία,
859 3967 959 4021 οὐκ
988 3966 1210 4040 ἀξίωμα
1239 3967 1521 4039 βιωτικὸν,
1551 3970 1655 4026 οὐκ
1698 3970 1830 4025 ἀλλο

224 4052 383 4107 οὐδέν
413 4050 728 4123 ἐμποδίζειν
760 4050 999 4120 πέφυκε.
1055 4050 1155 4105 Διά
1200 4051 1265 4123 δὴ
1294 4051 1477 4117 τοῦτο,
1516 4054 1830 4126 παρακαλῶ

227 4136 439 4199 πάντας
468 4135 639 4205 ὑμᾶς,
662 4135 727 4188 ἐκ
757 4134 982 4206 πρώτης
1012 4134 1229 4205 ἡλικίας
1256 4136 1529 4192 ἐκδιδόναι
1555 4137 1653 4192 καὶ
1677 4139 1829 4204 υίοὺς

230 4221 329 4275 καὶ
361 4218 673 4290 θυγατέρας
706 4221 828 4283 ταῖς
874 4218 1161 4283 τοιαύταις
1189 4219 1582 4294 λειτουργίαις,
1610 4223 1706 4277 καὶ
1734 4223 1829 4278 τὸν

227 4306 298 4377 τῇ
316 4302 541 4376 τοιαύτῃ
557 4302 805 4374 πολιτείᾳ
836 4301 1153 4373 ἁρμόζοντα
1170 4305 1636 4376 προαποτίθεσθαι
1658 4306 1827 4361 πλοῦ·

225 4404 323 4443 τον
355 4388 564 4464 αὐτοῖς,
599 4386 662 4439 06
684 4386 907 4457 χρυσίον
928 4384 1384 4456 κατορύττοντας,
1416 4388 1539 4443 οὐδὲ
1565 4390 1829 4464 ἀργύριον

230 4458 616 4538 συλλέγοντας,
652 4467 769 4522 ἀλλ’
796 4466 1129 4531 ἐπιείκειαν,
1169 4470 1529 4541 σωφροσύνην
1552 4512 1567 4536 ,

224 4569 391 4623 τητα,
420 4552 523 4622 τὴν
552 4551 723 4623 ἀλλην
751 4552 972 4607 ἀπασαν
1001 4553 1203 4625 άρετὴν
1219 4554 1711 4626 ὲναποτιθεμένους
1733 4556 1831 4614 αὐ-

225 4633 341 4689 τῶν
370 4637 437 4707 τῇ
468 4634 638 4706 ψυχῇ.
662 4634 883 4707 Ταύτης
910 4636 1020 4705 γάρ
1045 4637 1219 4691 δεῖται
1242 4637 1340 4707 τῆς
1364 4636 1609 4708 δαπάνης
1641 4639 1826 4711 ἐκείνη

227 4720 265 4789 ἡ
300 4717 631 4789 λειτουργία.
673 4719 771 4771 Ἂν
814 4717 1021 4790 ταύτην
1057 4715 1154 4774 οὖν
1185 4720 1281 4773 καὶ
1319 4720 1534 4783 ἑαυτοῖς
1572 4722 1669 4775 καὶ
1714 4724 1829 4786 τοῖς

227 4800 468 4865 παιδίοις
526 4801 873 4873 συλλέξωμεν
931 4803 1023 4875 τὴν
1056 4803 1344 4875 εὐπορίαν,
1400 4805 1497 4857 καὶ
1543 4806 1688 4859 κατά
1736 4806 1829 4860 τὸν

226 4884 480 4955 παρόντα
521 4884 637 4955 βίον
685 4886 889 4957 πολλῆς
917 4885 1344 4959 ἀπςλαυσόμεθα
1374 4888 1473 4959 τῆς
1506 4888 1829 4962 λαμπρότη-

224 4984 344 5032 τος,
380 4968 477 5022 καὶ
523 4968 666 5022 κατά
717 4968 817 5040 τὴν
866 4968 1168 5039 μέλλουσαν
1208 4970 1354 5042 ζωὴν
1401 4971 1503 5041 τῆς
1547 4973 1829 5045 μακαρίας

224 5050 449 5123 ἐκείνης
479 5053 829 5124 ἀκουσόμεθα
856 5055 1061 5125 φωνῆς,
1078 5055 1146 5111 δι’
1164 5057 1231 5127 ἡν
1266 5056 1515 5121 ἅπαντας
1546 5058 1673 5122 τοὺς
1697 5062 1828 5129 ὀμο-

224 5136 573 5209 λογήσαντας
589 5138 755 5192 αὐτὸν
788 5139 817 5192 6
850 5140 1085 5214 Χριστὸς
1102 5140 1494 5213 ἀνακηρύττει.
1532 5141 1827 5214 ὐμολογία

220 5221 287 5275 6t
312 5221 413 5291 οὐχ
440 5222 473 5292 ἡ
516 5220 605 5275 διὰ
637 5222 737 5293 τῆς
779 5220 1018 5285 πίστεως
1050 5223 1213 5295 μόνον
1259 5226 1410 5280 ἐστὶν
1431 5266 1446 5288 ,
1498 5226 1636 5282 ἀλλά
1661 5230 1756 5282 καὶ
1790 5230 1825 5303 ἡ

224 5304 320 5361 διὰ
346 5304 458 5358 τῶν
496 5304 697 5377 ἔργων,
738 5305 815 5370 ὡς
841 5308 939 5362 ἐάν
972 5307 1049 5380 μὴ
1102 5309 1197 5362 καὶ
1247 5310 1387 5386 αὐτὴ
1433 5316 1606 5384 παρῇ,
1643 5313 1825 5369 κινδυ-

223 5387 461 5473 νεύομεν
509 5387 649 5473 μετά
676 5388 788 5443 τῶν
817 5391 1170 5462 ἀρνουμένων
1210 5393 1559 5458 κολάξεσθαι.
1600 5397 1675 5450 Οὐ
1714 5398 1826 5473 7&9

222 5466 312 5534 εἷς
329 5471 613 5543 ἀρνήσεώς
644 5473 762 5527 ἐστι
783 5473 1006 5544 τρόπος,
1033 5475 1172 5530 ἀλλά
1211 5477 1400 5533 πολλοὶ
1427 5481 1521 5534 καὶ
1544 5466 1823 5552 διάφοροί,

222 5554 323 5619 οὓς
350 5556 381 5608 6
408 5554 623 5640 Παῦλος
652 5558 787 5627 ἡμῖν
829 5558 1167 5631 ὑπογράφων
1214 5561 1388 5640 οὕτως
1436 5564 1623 5633 ἐλεγε-
1674 5566 1826 5620 Θεὸν

223 5637 640 5710 ὁμολογοῦσιν
661 5640 906 5707 ειδέναι,
952 5642 1078 5711 τοῖς
1114 5643 1184 5698 δὲ
1223 5637 1423 5717 ἔργοις
1453 5648 1783 5716 ἀρνοῦνται
1806 5667 1819 5682 ·

225 5723 325 5777 καὶ
348 5723 531 5779 πάλιν
569 5727 633 5781 ει
656 5724 724 5780 δέ
749 5743 839 5793 τις
885 5724 1005 5780 τῶν
1042 5727 1231 5793 ἰδίων,
1272 5729 1369 5784 καὶ
1405 5731 1675 5802 μάλιστα
1706 5733 1824 5789 τῶν

224 5807 467 5863 οὶκείων
488 5810 563 5864 οὐ
584 5809 847 5879 προνοεῖ,
870 5810 987 5879 τὴν
1004 5813 1215 5867 πίστιν
1232 5813 1508 5885 ἤρνηται,
1526 5819 1624 5872 καί
1647 5819 1823 5875 ἐστιν

225 5891 493 5951 ἀπίστου
537 5894 775 5961 κείρωνο
804 5894 898 5949 καὶ
932 5894 1113 5951 πάλιψ
1149 5899 1404 5973 Φεύγετε
1448 5900 1560 5970 τὴν
1602 5906 1819 5959 πλεον-

1530 445 1619 502 DE
1656 443 1838 503 ANNA
1887 443 2122 502 SERMO
2162 444 2244 501 IV.

3432 449 3545 504 660

1944 564 2136 630 εξΙαν,
2153 561 2286 630 ἦτις
2296 558 2470 615 ἐστίν
2483 558 2963 629 εὶδωλολατρεία.
2982 557 3136 613 Ἐπεὶ
3148 551 3240 613 οῦν
3256 557 3541 630 ἀρνήσεως

1937 644 2185 701 τοσοῦτοι
2211 645 2427 711 τρόποι,
2459 643 2684 717 εὔδηλον
2716 645 2798 698 ὅτι
2824 643 2917 697 καὶ
2949 639 3242 714 ὁμολογίας
3264 641 3536 707 τοσοῦτοι,

1939 730 2033 785 καὶ
2058 727 2237 798 πολλῷ
2255 728 2475 791 πλείους
2489 743 2504 757 ο
2522 726 2617 790 οὓς
2641 726 2707 798 δὴ
2727 728 2937 790 πάντας
2954 725 3289 796 ὁμολογῆσαι
3308 722 3542 779 σπουδά-

1940 829 2144 883 σωμεν,
2203 812 2291 865 ἵνα
2335 810 2431 865 καὶ
2479 810 2636 864 αὐτοὶ
2673 812 2774 881 τῆς
2822 810 2881 862 ὲν
2922 812 3038 873 τοῖς
3080 811 3334 881 οὐρανοῖς
3368 810 3539 883 τιμῆς

1936 894 2375 966 ἀπολαύσωμεν,
2424 895 2611 966 χάριτι
2648 893 2744 948 καὶ⁸
2774 892 3157 965 φιλανθρωπία
3192 892 3288 945 τοῦ
3322 895 3535 965 Κυρίου

1937 981 2094 1052 ἡμῶν
2132 981 2309 1051 Ἰησοῦ
2342 980 2609 1051 Χριστοῦ,
2634 979 2703 1033 δι’
2731 972 2794 1033 06
2814 1018 2829 1041 ,
2873 982 2971 1031 καὶ
3011 978 3131 1049 μεθ’
3160 969 3222 1031 o6
3248 976 3331 1049 τῷ
3357 978 3539 1048 ιΙατρὶ

1936 1066 1970 1136 ἡ
2003 1064 2150 1131 δόξα,
2181 1064 2297 1135 ἅμα
2316 1063 2396 1133 τῷ
2422 1063 2563 1132 ἁγίῳ
2589 1061 2893 1133 Πνεύματι,
2925 1058 3020 1116 νῦν
3053 1062 3147 1115 καὶ
3179 1060 3289 1127 ἀεὶ,
3332 1062 3426 1116 καὶ
3452 1063 3537 1126 είς

1933 1148 2061 1211 τοὺς
2092 1146 2298 1209 αίῶνας
2321 1147 2429 1201 τῶν
2451 1146 2687 1201 αἰώνων.
2734 1146 2929 1218 ’Δμήν.

2577 1335 2797 1391 ΛΟΓΟΣ
2824 1339 2897 1393 Δ⁹.

1932 1442 2091 1510 Πρὸς
2148 1442 2294 1508 τοὺς
2341 1441 2449 1507 τὰς
2480 1441 2771 1506 συνάξεις
2809 1442 3399 1511 καταλιμπάνοντας,
3434 1443 3536 1497 καί

2004 1516 2091 1579 είς
2146 1512 2217 1566 τὰ
2243 1513 2461 1593 θέατρα
2485 1512 2950 1593 ἀναᾷαίνοντος,
2985 1514 3098 1593 καί
3119 1512 3209 1565 ὅτι
3237 1515 3326 1593 οὐ.

2003 1581 2423 1653 χρησιμωτέρα
2462 1580 2573 1647 τῆς
2613 1582 2682 1647 ὲν
2707 1580 2976 1650 θεάτροις
3006 1594 3032 1623 ι
3063 1580 3364 1653 διαγωγῆς
3396 1585 3434 1650 ἡ
3463 1583 3539 1636 ἐν

2000 1652 2304 1721 ἐκκλησίᾳ
2338 1652 2627 1721 διατριϐὴ,
2655 1652 2817 1706 ἀλλὰ
2840 1652 2941 1707 καὶ
2965 1651 3181 1721 ἡδίων
3216 1653 3315 1707 καί
3348 1654 3441 1719 εἷς
3470 1670 3535 1707 τε

2002 1693 3147 1791 $32.33;;zg&axg;1%3¥5g

2000 1790 2090 1858 είς
2132 1793 2199 1846 τὸ
2229 1792 2359 1845 δεῖν
2393 1790 3043 1861 συνεχῶςξεῦχεσθαι,
3089 1792 3188 1846 καί
3234 1794 3305 1847 ὲν
3340 1790 3531 1848 παντί

2002 1857 2182 1930 τόπῳ,
2219 1862 2337 1917 κᾶν
2362 1880 2434 1916 εν
2459 1857 2845 1933 ἀγὸρᾷὧμεεν,
2874 1863 2996 1917 κᾶν
3021 1864 3094 1917 ἐν
3114 1863 3252 1929 ὀδῷ,
3284 1864 3403 1918 κᾶν
3431 1864 3531 1918 ἐπὶ

2003 1935 2244 2001 κλίνης.

1995 2044 2067 2091 α’.
2094 2038 2209 2092 Οὐκ
2235 2032 2353 2093 οἴδα
2384 2036 2561 2102 ποίοις
2591 2038 2869 2110 χρήσομαι
2906 2038 3086 2108 λόγοις
3120 2041 3384 2111 σήμερον.
3418 2039 3532 2093 Καὶ

1929 2131 2037 2204 γάρ
2059 2130 2202 2203 ὁρῶν
2232 2130 2331 2195 τὰς
2353 2130 2605 2197 συνάξεις
2634 2130 3058 2201 ἐλαττουμένας,
3077 2133 3362 2203 προφήτας
3383 2131 3534 2204 ὑδρι-

1928 2214 2558 2286 ζομένους,ἀποστόλους
2586 2215 3069 2288 ὐπερορωμένους,
3098 2216 3346 2289 πατέρας
3370 2232 3533 2270 καταο

1928 2299 2353 2371 φρονουμένους,
2386 2296 2476 2353 διά
2506 2297 2618 2354 τῶν
2650 2298 2857 2353 δούλων
2877 2299 2958 2364 είς
2990 2298 3083 2355 τὸν
3113 2300 3395 2372 Δεσπότην
3414 2299 3533 2355 δια-

1928 2381 2228 2455 ϐαίνουσαν
2259 2381 2359 2454 τὴν
2392 2380 2572 2454 ὓδριν,
2616 2381 2880 2454 βούλομαι
2914 2384 3014 2455 μὲν
3048 2383 3370 2453 ἐγκαλέσαι,
3404 2385 3532 2443 τοὺς

1928 2451 2078 2537 [730]
2110 2465 2166 2520 δὲ
2193 2451 2512 2535 ὀφείλοντας
2544 2451 3271 2539 ἀκοῦσαιντῆςκατηγορίας
3299 2468 3399 2540 οὐχ
3419 2468 3534 2539 ὁρῶ

1929 2551 2227 2621 παρόντας,
2246 2549 2361 2603 ἀλλ’
2384 2550 2531 2622 ὑμᾶς
2546 2550 2674 2613 τοὺς
2699 2550 2854 2605 οὐδὲν
2879 2550 3175 2623 δεομένους
3205 2552 3307 2623 τῆς
3326 2568 3531 2625 παραι-

1927 2634 2129 2697 νέσεως
2145 2632 2352 2705 ταύτης
2370 2634 2581 2706 καὶτῆς
2597 2635 2905 2701 νουθεσίας.
2920 2636 3070 2709 Πλὴν
3087 2636 3202 2693 ἀλλ’
3215 2635 3337 2692 οὐδέ
3356 2634 3532 2699 οὕτως

1930 2717 2187 2787 σιγητέον
2228 2720 2391 2791 ἡμῖν⁸
2430 2738 2531 2791 την
2558 2737 2617 2774 τε
2656 2719 2767 2792 γάρ
2796 2720 2993 2794 ὀδύνην
3036 2722 3137 2793 τὴν
3174 2722 3263 2776 ἐπ’
3296 2720 3532 2783 ἐκείνοις

1926 2799 2253 2855 διαπνεῦσαι
2300 2802 2497 2874 μικρὸν
2527 2804 3028 2877 παρασκευάσομεν
3056 2806 3138 2870 είς
3165 2803 3235 2859 τά
3282 2804 3411 2871 ἔξω,
3441 2802 3531 2858 διὰ

1926 2884 2036 2937 τῶν
2066 2882 2330 2955 ῥημάτων
2351 2886 2709 2951 ἐκϐάλλοντες
2737 2888 2929 2961 αὐτὴν,
2963 2886 3161 2952 αὐτούς
3199 2903 3257 2941 τε
3284 2886 3532 2949 ἐκείνους

1926 2966 2277 3037 αἰσχύνεσθαι
2298 2970 2393 3021 καὶ
2413 2969 2672 3042 ὲρυθριᾷν
2689 2972 3008 3043 ποιήσομεν,
3034 2970 3321 3035 τοσούτους
3346 2971 3534 3031 αὐτοῖς

1926 3050 2229 3119 ἐπαφέντες
2244 3050 2608 3123 κατηγόρους,
2621 3054 2747 3117 τούς
2766 3053 3065 3119 ἀκούοντας
3086 3054 3336 3118 ἅπαντας
3360 3055 3529 3125 ὑμᾶς.

1926 3134 1990 3186 El
2023 3132 2122 3205 μὲν
2142 3132 2516 3205 γάρ’ἐνταῦθα
2550 3137 2937 3207 παρεγένοντο,
2968 3138 3128 3210 ἡμῶν
3166 3137 3327 3209 μόνον
3357 3139 3533 3192 ἐπιτι-

1930 3215 2157 3286 μώντων
2176 3217 2417 3287 ἤκουσαν
2449 3216 2515 3271 ἀν
2531 3235 2544 3247 ·
2571 3217 2667 3272 νῦν
2692 3218 2750 3271 δὲ
2774 3219 3070 3290 φεύγοντες
3093 3220 3192 3291 τὴν
3221 3223 3352 3293 παρ’
3370 3219 3533 3291 ήμῶν

1926 3300 2268 3371 ἐπιτίμησιν,
2323 3302 2456 3371 παρ’
2510 3301 2666 3372 ὐμῶν
2718 3303 2890 3358 ταῦτα
2948 3304 3274 3358 ἀκούσονται
3330 3304 3530 3358 πάντα.

1926 3382 2084 3437 Οῦτω
2111 3384 2206 3436 καὶ
2224 3382 2368 3450 φίλοι
2394 3383 2670 3438 ποιοῦσιν·
2698 3386 2917 3441 ἐπειδὰν
2936 3388 3065 3452 τοὺς
3094 3386 3433 3451 ὑπευθύνους
3458 3388 3534 3458 μὴ

1924 3465 2151 3538 εῦρωσι,
2204 3469 2317 3531 τοῖς
2374 3466 2602 3522 ἐκείνων
2654 3470 3049 3541 ἐντυγχάνουσι
3113 3470 3287 3541 φίλοις
3318 3511 3333 3533 ,
3388 3469 3534 3525 ὥστε

1925 3547 2260 3613 ἀπελθόντας
2312 3550 2489 3603 εἰπεῖν
2535 3550 2603 3604 τά
2636 3551 2929 3624 είρημένα.
2973 3553 3147 3608 Τούτο
3184 3555 3279 3609 καὶ
3325 3557 3355 3609 6
3398 3555 3533 3619 Θεὸς

1925 3631 2185 3703 ἐποίησε*
2216 3632 2349 3696 τοὺς
2379 3632 2489 3704 γάρ
2518 3634 2597 3698 εἰς
2623 3634 2787 3689 αὐτὸν
2818 3638 3215 3708 ἡμαρτηκότας
3252 3638 3535 3710 ἀφεὶς,τῷ

1929 3714 2096 3786 μηδὲν
2123 3715 2408 3787 ἠδικηκότι
2441 3717 2867 3789 κατεντυγχάνει
2895 3719 2974 3791 τῷ
3020 3719 3285 3793 Ἱερεμίᾳ,
3318 3721 3495 3790 λέγων
3514 3738 3530 3754 ο

1918 3793 2093 3865 Εἶδες
2126 3798 2181 3852 τί
2206 3798 2463 3866 ἐποίησέ
2474 3818 2579 3870 μοι
2600 3801 2641 3869 ἠ
2669 3801 2973 3870 ἀσύνετος
2996 3802 3266 3874 θυγάτηρ
3294 3804 3531 3871 ἰού6α;

1925 3880 2117 3964 Διάδὴ
2146 3879 2307 3964 τοῦτο
2336 3884 2431 3935 καὶ
2456 3884 2619 3954 ἡμεῖς
2652 3884 2784 3956 ὑμῖν
2823 3886 3370 3961 ὑπερεντυγχάνομεν
3410 3892 3534 3944 κατ’

1924 3963 2183 4029 ἐκείνων,
2219 3965 2306 4019 ἵνα
2329 3966 2659 4032 ἀπελθόντες
2686 3966 3024 4041 διορθώσητε
3045 3970 3265 4035 αὐτούς.
3296 3972 3392 4038 Τίς
3424 3973 3534 4045 7&9

1925 4046 1993 4101 ἄν
2038 4048 2237 4120 ἐνέγκῃ
2266 4048 2369 4120 τήν
2412 4048 2713 4120 ὀλιγωρίαν
2741 4050 2840 4123 τὴν
2872 4054 3187 4125 τοσαύτην;
3219 4054 3413 4127 ’Ᾱπαξ
3433 4058 3533 4127 τῆς

1925 4130 2221 4202 ἐδδομάδος
2276 4130 2512 4186 ἐνταῦθα
2567 4133 2945 4207 συλλεγόμεθα
2966 4177 2981 4202 ,
3027 4138 3124 4191 καὶ
3167 4138 3289 4196 οὐδὲ
3323 4143 3533 4210 ταύτην

1924 4213 2210 4285 ἀνέχονται
2226 4214 2323 4286 τὴν
2352 4214 2569 4289 ἡμέραν
2593 4216 2998 4288 τῶνβιωτικῶν
3014 4222 3295 4294 ὑπερορᾷν
3314 4224 3535 4295 φροντί-

1923 4295 2030 4351 δων
2054 4312 2067 4325 ·
2090 4296 2204 4379 κάν
2233 4298 2441 4371 ἐγκαλῇ
2491 4316 2600 4367 τις,
2653 4300 2858 4366 εὐθέως
2887 4304 3081 4359 πενίαν
3114 4306 3532 4379 προδάλλονται,

1926 4382 2022 4432 καὶ
2048 4378 2148 4452 τὴν
2171 4380 2478 4450 ἀναγκαίαν
2511 4384 2740 4455 τροφὴν,
2773 4386 2869 4441 καὶ
2890 4386 3147 4459 ἀσχολίας
3162 4378 3533 4461 κατεπειγού-

1928 4478 2048 4548 σας,
2102 4463 2402 4548 ἀπολογίαν
2461 4467 2797 4539 κατηγορίας
2848 4469 3072 4542 ἀπάσης
3136 4472 3534 4548 χαλεπωτέραν

1930 4544 2348 4617 μελετήσαντες.
2387 4548 2453 4602 Τί
2483 4550 2592 4626 γάρ
2622 4550 2689 4605 ἀν
2710 4550 2915 4625 ταύτης
2942 4554 3042 4623 τῆς
3076 4542 3413 4628 κατηγορίας
3430 4542 3535 4626 ’γέ-

1926 4628 2057 4711 νοιτ’
2093 4629 2161 4683 ἀν
2183 4633 2383 4701 χεῖρον,
2406 4631 2521 4686 ἀλλ’
2550 4633 2582 4705 ἡ
2604 4634 2733 4688 ὅταν
2755 4634 2865 4688 τῶν
2891 4635 2987 4689 τοῦ
3017 4637 3154 4692 Θεοῦ
3190 4641 3535 4711 πραγμάτων

1925 4710 2113 4784 ἓτερον
2144 4714 2571 4786 ἀναγκαιότερον
2606 4716 2735 4787 ὑμῖν
2768 4735 2821 4771 τι
2849 4719 3111 4789 φαίνηται
3141 4723 3235 4777 καὶ
3272 4710 3530 4779 κατεπεῖ-

1924 4810 2023 4863 γον
2051 4795 2253 4863 μᾶλλον
2273 4814 2288 4863 ;
2312 4798 2568 4853 Μάλιστα
2601 4801 2701 4871 μὲν
2726 4796 2823 4857 οῦν
2850 4804 2899 4856 εί
2916 4803 3013 4857 καὶ
3033 4802 3193 4859 τοῦτο
3210 4801 3279 4878 ῆν
3301 4806 3529 4879 ἀληθὲς,

1925 4880 2234 4951 κατηγορία
2274 4883 2307 4954 ἡ
2340 4882 2609 4953 ἀπολογία
2648 4880 2739 4956 ἦν,
2780 4884 2973 4958 ὥσπερ
2998 4886 3158 4960 ἔφην.
3186 4889 3307 4947 "In
3332 4890 3390 4949 δὲ
3425 4891 3531 4961 μά-

1926 4962 2080 5033 θητε,
2096 4964 2182 5017 ὅτι
2196 4965 2480 5022 καὶταῦτα
2496 4967 2697 5040 σκῆψις
2723 4968 2819 5025 καὶ
2839 4971 3111 5043 πρόφασις
3132 4973 3229 5027 καὶ
3250 4974 3533 5045 ῥᾳθυμίας

1924 5046 2043 5099 ἐστὶ
2095 5048 2602 5121 παραπετάσματα,
2634 5052 2789 5107 οὐδὲν
2834 5053 2971 5125 ἐμοῦ
3014 5054 3289 5125 λέγοντος,
3326 5058 3360 5127 ἡ
3392 5058 3532 5128 μετά

1923 5128 2024 5201 τὴν
2054 5128 2247 5214 αύριον
2290 5133 2491 5197 αὐτοὺς
2532 5134 2743 5205 ἐλέγξει
2792 5136 3001 5201 πάντας
3045 5139 3234 5214 ἡμέρα
3280 5142 3410 5209 τοὺς
3457 5141 3533 5197 τὰ

1923 5212 2154 5269 τοιαῦτα
2195 5216 2721 5289 προφασιζομένους,
2751 5220 2880 5275 ὅταν
2908 5223 3058 5280 πᾶσα
3127 5212 3178 5296 ἡ
3206 5224 3360 5290 πόλις
3390 5224 3530 5297 πρὸς

1923 5298 2017 5353 τὸν
2072 5300 2407 5373 ἱππόδρομον
2438 5307 2705 5377 μεταστῇ,
2739 5306 2836 5359 καὶ
2868 5308 3063 5375 οίκίαι,
3096 5308 3191 5362 καὶ
3220 5310 3422 5381 ἀγοραὶ
3447 5313 3530 5375 εἰς

1922 5383 2023 5456 τὴν
2073 5386 2392 5458 παράνομον
2449 5388 2685 5461 θεωρίαν
2736 5392 3050 5447 κενωθῶσιν
3111 5393 3352 5465 ἐκείνην.
3415 5394 3528 5448 Καὶ

1924 5468 2161 5523 ἐνταῦθα
2191 5469 2293 5541 μὲν
2344 5472 2467 5526 οὐδὲ
2526 5473 2617 5529 τὸν
2659 5473 2849 5545 κύριον
2893 5474 2995 5544 τῆς
3028 5475 3329 5548 ἐκκλησίας
3358 5476 3527 5531 τόπον

1924 5550 2303 5624 πληρούμενον
2335 5554 2484 5609 ἔστιν
2518 5557 2649 5611 ἰδεῖν
2676 5571 2690 5585 ⁸
2717 5558 2835 5611 ἐκεῖ
2865 5556 2920 5611 δὲ
2950 5559 3013 5611 06
3040 5559 3134 5613 τὸν
3184 5558 3527 5631 ἱππόδρομον

1926 5634 2109 5706 μόνον,
2158 5635 2297 5691 ἀλλὰ
2330 5638 2425 5693 καὶ
2462 5638 2715 5711 ὑπερῷα,
2767 5641 2864 5695 καὶ
2910 5642 3114 5706 οἰκίας,
3150 5643 3245 5696 καὶ
3271 5640 3522 5713 δώματα,

1923 5719 2017 5771 καὶ
2046 5720 2345 5791 κρημνοὺς,
2376 5721 2471 5777 καὶ
2494 5722 2720 5795 μυρίους
2742 5724 2964 5796 ἐτέρους
2997 5723 3207 5781 ἀνωθεν
3238 5725 3526 5804 xanth-

1993 5909 2019 5939 ⁸
2041 5908 2165 5976 Βου-
2192 5912 2255 5968 ιῖς
2274 5911 2462 5976 θέατρα.
