4152 6494
613 517 832 571 σάνουσι
862 519 1083 582 τόπους*
1115 518 1210 573 καὶ
1238 519 1361 574 οὐτε
1392 521 1550 576 πενία
1573 561 1589 584 ,
1621 521 1743 577 οὔτε
1773 522 2020 593 ἀσχολία,
2055 522 2180 578 οὐτε

612 599 867 654 ἀσθένεια
925 600 1196 670 σώματος.
1223 605 1311 657 ὀὐ
1360 605 1538 659 ποδῶν
1582 605 1884 678 ἀρρωστία,
1925 607 2025 660 οὐκ
2055 607 2183 662 ἀλλο

611 682 764 738 οὐδέν
789 681 898 735 τῶν
929 683 1184 738 τοιούτων
1235 685 1423 758 ἐπέχει
1463 689 1562 758 τὴν
1595 688 1895 743 ἀκάθεκτον
1948 689 2178 760 μανίαν

611 766 726 820 ἀλλ’
747 765 1023 838 ἄνθρωποι
1057 770 1426 840 γεγηρακότες
1473 772 1611 825 νέων
1654 772 2014 843 ἀκμαζόντων
2049 791 2180 844 σφοι

607 848 859 920 δρότερον
892 850 1008 904 ἐκεῖ
1054 850 1323 922 τρέχουσι,
1356 852 1454 922 τὴν
1481 853 1670 908 πολιὰν
1705 855 2178 927 καταισχύνοντες.

606 929 706 1004 τὴν
754 931 971 1002 ἠλικίαν
1017 935 1602 1005 παραδειγματίζοντες
1629 977 1643 998 .
1710 938 1771 992 τὸ
1823 939 1998 1012 γῆρας
2047 940 2180 994 αὐτὸ

608 1016 1018 1085 καταγέλαστον
1038 1015 1336 1082 ποιοῦντες.
1365 1021 1475 1073 Καὶ
1496 1020 1728 1075 ἐνταῦθα
1767 1022 1865 1093 μέν
1897 1023 2177 1086 εἰσιόντες.

609 1099 932 1164 ναυτιῶντες
968 1099 1155 1173 ῶσπερ
1185 1102 1280 1156 καὶ
1334 1103 1666 1174 ἐνοχλεῖσθαι
1723 1106 2024 1177 νομίζουσι,
2086 1108 2180 1161 καὶ

610 1183 1066 1239 ἀναπεπτώκασιν
1115 1188 1173 1238 ἐν
1201 1189 1271 1258 τῇ
1300 1186 1410 1240 τῶν
1437 1187 1598 1242 θείων
1634 1189 1808 1259 λόγων
1832 1201 1858 1231 ι
1891 1190 2173 1262 ἀκροάσει,

611 1267 990 1339 στενοχωρίαν,
1033 1269 1128 1322 καὶ
1173 1271 1428 1340 πνιγμδν.
1466 1272 1560 1324 καὶ
1583 1271 1654 1326 τά
1681 1272 1910 1328 τοιαῦτα
1939 1273 2178 1346 προϐαλ-

607 1349 852 1419 λόμενον
911 1352 1028 1405 ἐκεῖ
1055 1351 1113 1406 δέ
1143 1354 1238 1407 καὶ¹
1278 1353 1428 1424 ἥλιον
1465 1358 1644 1427 γυμνῇ
1677 1355 1956 1426 δεχόμενοι
1981 1360 2047 1428 τῇ
2082 1373 2176 1410 κεο

607 1431 773 1504 φαλῇ,
826 1433 920 1487 καὶ
972 1434 1322 1507 πατούμενοι,
1381 1438 1476 1492 καὶ
1519 1438 1837 1508 ὠθούμενοι,
1891 1441 1986 1493 καὶ
2038 1442 2178 1510 μετα

606 1515 809 1587 πολλῆς
835 1518 1138 1589 πιεζόμενοι
1169 1521 1268 1590 τῆς
1289 1520 1663 1592 σφοδρότητος.
1689 1523 1783 1575 καὶ
1816 1523 1984 1594 μυρία
2013 1524 2178 1596 ἕτερα

605 1599 907 1671 πάσχοντες
955 1601 1120 1664 δεινὰ,
1173 1601 1424 1670 καθάπερ
1472 1604 1530 1656 ἐν
1562 1602 1788 1674 λειμῶνι
1838 1604 2172 1676 τρυφῶντες,

605 1681 749 1737 οὓτω
796 1683 1108 1738 διάκεινται.
1140 1683 1238 1738 Διά
1285 1683 1442 1738 τοῦτο
1475 1687 1603 1756 ἡμῖν
1627 1687 1684 1739 αἱ
1719 1686 1900 1752 πόλεις
1929 1689 2038 1742 είσὶ
2097 1688 2177 1742 δι-

605 1765 941 1838 εφθαρμέναι
977 1765 1149 1839 [73lj,
1182 1766 1264 1821 ὅτι
1301 1769 1527 1840 πονηροὶ
1556 1768 1656 1840 τῆς
1680 1769 1926 1841 νεότητός
1963 1773 2068 1826 είσι
2098 1772 2176 1826 δι-

603 1846 882 1904 δάσκαλοι.
916 1846 1037 1912 Πῶς
1065 1849 1175 1919 γάρ
1197 1849 1402 1924 δυνήσῃ
1427 1852 1518 1904 τὸν
1543 1850 1661 1904 νέον
1675 1852 1911 1928 ἄκοσμον
1932 1853 2059 1907 όντα
2081 1856 2176 1909 καὶ

601 1930 989 1998 ἀσελγαίνοντα
1041 1932 1392 2001 σιικρρονίσαι.
1440 1933 1602 1996 αὐτὸς
1653 1936 1712 1987 ἐν
1750 1936 1909 2008 πολιᾷ
1945 1937 2172 1991 τοιαῦτα

606 2014 951 2085 μετεωρίζων
971 2054 984 2078 ,
1025 2014 1186 2077 αὐτὸς
1223 2014 1360 2085 μετὰ
1386 2015 1640 2070 τοσοῦτον
1664 2018 1852 2090 χρόνον
1887 2019 2046 2090 κόρον
2099 2021 2174 2093 μὴ

603 2095 782 2150 λαϐὼν
805 2098 904 2168 τῆς
935 2100 1346 2170 ἀτερπεστάτης
1381 2099 1506 2163 θέας
1551 2101 1799 2173 ἐκείνης;
1833 2101 2175 2176 πῶςδυνήσῃ

603 2180 866 2252 ῥυθμίσαι
904 2183 996 2236 τὸν
1025 2181 1160 2247 υίὸν,
1204 2181 1322 2248 πῶς
1361 2183 1588 2237 κολάσαι
1631 2184 1723 2237 τὸν
1749 2186 1966 2256 οίκέτην
1997 2187 2177 2259 ἀμαρ-

599 2263 851 2327 τάνοντα,
895 2263 1014 2329 πῶς
1047 2265 1219 2336 ἐτέρῳ
1270 2265 1671 2332 συμϐουλεῦσαι
1698 2266 1770 2320 τά
1799 2266 1990 2322 δέοντα
2033 2271 2175 2339 ἀμε-

601 2345 800 2408 λοῦντι,
826 2346 1048 2402 τοιαῦτα
1082 2347 1243 2413 αὐτὸς
1271 2350 1330 2402 ἐν
1375 2349 1586 2419 ἐσχάτῳ
1618 2350 1768 2421 γήρα
1799 2350 2124 2422 ἀσχημονῶν
2157 2369 2172 2418 ;

601 2428 720 2483 Κᾶν
757 2430 858 2501 μέν
884 2430 1082 2504 ὑϐρίσῃ
1120 2433 1240 2497 νέος
1267 2432 1361 2486 τὸν
1394 2432 1746 2503 γεγηρακότα
1766 2471 1782 2496 ,
1829 2435 1930 2506 τὴν
1957 2433 2174 2506 ἠλικίαν

600 2511 802 2578 εὐθέως
841 2515 1226 2586 προϐάλλεται,
1275 2516 1368 2569 καὶ
1406 2517 1632 2587 μυρίους
1663 2515 1777 2586 ἐχει
1825 2534 2174 2586 συναγανακ-

596 2595 829 2660 τοῦντας
843 2615 856 2627 ·
879 2600 1010 2652 ὅταν
1033 2599 1088 2652 δέ
1107 2599 1460 2672 σωφρονίζειν
1473 2601 1568 2673 δέῃ
1593 2601 1684 2654 τὸν
1701 2601 1840 2664 νέον,
1864 2603 1958 2656 καὶ
1977 2603 2176 2656 κανόνα

597 2677 723 2732 τινὰ
761 2679 964 2751 ἀρετῆς
1013 2682 1176 2735 αὐτὸν
1208 2683 1488 2751 γίνεσθαι,
1523 2684 1764 2755 οὐδαμοῦ
1809 2687 1909 2757 τῆς
1958 2685 2178 2757 ἡλικίας

598 2761 782 2825 αὐτοῖς
813 2761 989 2832 λόγος,
1020 2764 1135 2818 ἀλλ’
1160 2765 1188 2805 δ
1218 2764 1398 2819 αὐτῶν
1427 2766 1653 2820 ἐκείνων
1677 2767 2049 2839 μανικώτερον
2082 2769 2176 2822 ἐπὶ

609 2843 697 2914 ιὴν
744 2846 1059 2918 παράνομον
1101 2847 1376 2917 βαδίζουσι
1417 2850 1667 2922 θεωρίαν.
1704 2850 1892 2906 Ταῦτα
1921 2853 1977 2906 δέ
2010 2853 2173 2922 λέγω,

600 2930 696 2982 καὶ
723 2929 831 2983 τῶν
857 2932 1242 3002 γεγηρακότων
1280 2933 1668 3004 καθάπτομαι,
1707 2935 1827 3004 οὐχὶ
1860 2938 1989 3002 τοὺς
2023 2935 2178 3002 νέους

596 3013 954 3067 ἀπαλλάττων
973 3013 1302 3085 κατηγορίας
1325 3017 1418 3069 καὶ
1433 3016 1705 3088 διαϐολῆς,
1720 3019 1858 3074 ἀλλά
1870 3019 1940 3073 δι’
1952 3021 2177 3075 ἐκείνων

597 3097 822 3160 τούτους
865 3098 1312 3170 ἀσφαλιζόμενος.
1363 3099 1426 3153 Εἰ
1471 3101 1577 3170 γάρ
1610 3103 1702 3156 τὸν
1736 3105 2086 3174 γεγηρακότα
2113 3107 2174 3158 οὐ

597 3179 699 3246 δεῖ,
729 3179 909 3251 πολλῷ
955 3181 1156 3252 μᾶλλον
1187 3181 1280 3235 τδν
1304 3182 1444 3238 νέον.
1494 3185 1641 3238 Ἐκεῖ
1679 3187 1779 3258 μὲν
1803 3187 1914 3260 γάρ
1957 3190 2124 3254 ⁴ιιπολίδς
2150 3191 2179 3242 ὁ

599 3266 795 3335 γέλως,
840 3267 934 3320 καὶ
974 3265 1176 3336 μείζων
1206 3268 1240 3338 ἡ
1271 3267 1627 3340 ἀσχημοσύνη
1651 3285 1663 3300 ο
1701 3271 1940 3326 ἐνταῦθα
1979 3273 2036 3327 δὲ
2079 3293 2180 3346 χα-

600 3347 908 3420 λεπώτερος
941 3350 970 3401 ό
1005 3349 1248 3420 ὄλεθρος,
1292 3349 1429 3420 βαθὺ
1463 3351 1524 3404 τὸ
1576 3351 1879 3425 βάραθρον,
1927 3357 2039 3428 ὅσῳ
2085 3360 2180 3412 καὶ

599 3431 943 3502 ἀκμαιότερα
971 3432 1174 3503 μᾶλλον
1200 3433 1269 3486 τά
1300 3433 1402 3503 τῆς
1435 3433 1734 3505 ἐπιθυμίας
1761 3439 1874 3501 τοῖς
1903 3439 2066 3502 νέοις,
2082 3442 2181 3494 καὶ

604 3516 940 3587 σφοδροτέρα
977 3517 1162 3581 αὐτοῖς
1201 3520 1234 3589 ἡ
1276 3518 1427 3586 φλὸξ,
1467 3518 1569 3574 κᾶν
1612 3521 1816 3590 μικρᾶς
1849 3523 2179 3596 ἐπιλάϐηται

604 3597 766 3669 μόνον
809 3598 1010 3682 ἐξωθεν
1058 3599 1211 3670 ὕλης,
1252 3601 1318 3654 τά
1354 3602 1530 3655 πάντα
1558 3602 1891 3677 ἐμπίπρησι.
1922 3609 2030 3660 Καὶ
2069 3608 2180 3682 γὰρ

601 3681 739 3752 πρὸς
765 3681 936 3752 θυμὸν
970 3684 1220 3754 καὶπρὸς
1255 3682 1552 3754 ἐπιθυμίας
1587 3685 1937 3755 εὐέμπτωτος
1977 3691 2180 3761 μᾶλλόν

601 3767 750 3819 ἐστιν
773 3767 801 3819 ό
825 3766 944 3828 νέος
971 3781 985 3796 ο
1036 3766 1116 3818 διὸ
1151 3767 1244 3820 καὶ
1293 3767 1538 3832 πλείονος
1578 3768 1750 3825 δεῖται
1781 3771 1880 3841 τῆς
1909 3773 2179 3844 φυλακῆς,

605 3848 965 3920 σφοδροτέρου
1015 3849 1110 3902 τοῦ
1140 3850 1382 3920 χαλινοῦ,
1415 3852 1825 3925 ἀσφαλεστέρου
1854 3855 1947 3908 τοῦ
1974 3858 2180 3928 τειχίου

603 3936 696 3988 καὶ
721 3932 1186 4003 τοῦίκωλύματος.

675 4051 740 4122 β’.
767 4053 859 4122 Μὴ
898 4053 1010 4123 γάρ
1040 4068 1130 4121 μοι
1165 4049 1322 4105 τοῦτο
1355 4053 1534 4123 εἴπῃς,
1563 4053 1839 4124 ἄνθρωπε,
1875 4055 1958 4108 ὅτι
1985 4057 2184 4129 ἡδονὴν

605 4135 718 4208 ιχει
750 4137 784 4207 ἡ
812 4136 1043 4207 θεωρία·
1069 4135 1182 4189 ἀλλ’
1221 4137 1268 4188 εἰ
1303 4137 1378 4206 μὴ
1414 4135 1553 4206 μετά
1576 4136 1678 4206 τῆς
1709 4137 1902 4207 ἡδονῆς
1934 4141 2030 4192 καὶ
2060 4139 2184 4208 βλά-

602 4220 703 4292 ϐην
753 4220 886 4292 ἔχει,
922 4218 1078 4272 τοῦτό
1120 4235 1186 4290 με
1216 4218 1444 4283 δίδαξον.
1500 4211 1696 4272 Καὶ⁹τί
1743 4219 1889 4288 λέγω
1932 4218 2179 4293 βλάϐηνς

605 4307 730 4360 Ὀτι
754 4306 863 4374 γὰρ
885 4303 1008 4357 οὐδὲ
1041 4304 1232 4375 ἡδονὴν
1255 4303 1314 4355 τὸ
1341 4304 1574 4374 πρᾶγμα
1599 4303 1734 4372 ἔχει,
1777 4303 2029 4357 ἐντεῦθεν
2061 4308 2184 4381 εἴσῃ

605 4388 812 4456 σαφῶς.
886 4387 982 4441 Ἐκ
1033 4389 1132 4457 τῆς
1173 4386 1536 4457 ιπποδρομίας
1592 4386 1892 4457 ἀναχωρῶν
1945 4388 2182 4460 ἐκείνης,

601 4471 912 4542 ἀπάπησον
953 4473 1066 4532 τοῖς
1104 4471 1166 4522 ἐκ
1207 4468 1308 4540 τῆς
1357 4468 1651 4538 ἐκκλησίας
1680 4469 2044 4540 ἀναχωροῦσι,
2091 4475 2184 4527 καὶ

602 4555 888 4625 κατάμαθε
924 4555 1063 4626 μετά
1085 4555 1392 4626 ἀκριϐείας,
1427 4552 1511 4617 τίς
1544 4555 1692 4606 ἐστιν
1714 4553 1770 4604 ἐν
1807 4552 1967 4624 ἡδονῇ
1997 4554 2182 4625 μείζο-

601 4657 674 4699 νι,
728 4641 756 4690 ό
804 4637 1098 4709 1:90:97,sz
1134 4637 1409 4702 ἀκούσας,
1461 4637 1556 4689 καὶ
1594 4634 1879 4707 μετασχὼν
1910 4637 2179 4706 εὐλογίας,

604 4723 698 4776 καὶ
727 4721 1076 4784 διδασκαλίας
1101 4721 1438 4785 ἀπολαύσας,
1471 4720 1568 4772 καὶ
1588 4721 1677 4772 τὸν
1705 4720 1837 4773 Θεὸν
1868 4723 2183 4791 παρακαλέ-

606 4823 702 4868 σας
739 4805 878 4876 ὑπὲρ
901 4804 1006 4857 τῶν
1036 4803 1254 4856 οίκείων
1275 4804 1709 4874 ἁμαρτημάτων,
1733 4806 1828 4856 καὶ
1858 4805 2184 4875 κουφότερον

604 4892 837 4961 ποιήσας
871 4889 932 4943 τὸ
967 4888 1220 4952 συνειδὸς,
1263 4890 1358 4941 καὶ
1391 4887 1556 4958 μηδὲν
1604 4886 1782 4956 ἐαυτῷ
1823 4889 2185 4954 κατεγνωκὼς

605 4973 815 5028 τοιοῦτο
832 4975 896 5044 ’ἢ
925 4973 989 5026 σύ
1013 4974 1040 5026 ὀ
1059 4971 1374 5025 καταλιπὼν
1391 4973 1488 5041 τὴν
1520 4969 1752 5041 μητέρα,
1774 4971 1867 5022 καί
1901 4971 2026 5033 τους
2053 4989 2186 5041 προ-

607 5062 783 5129 φήτας
813 5057 1107 5129 ἀτιμάσας,
1140 5057 1234 5109 καὶ
1286 5057 1365 5124 εἰς
1419 5055 1508 5106 τὸν
1563 5055 1694 5106 Θεὸν
1746 5053 2055 5124 ἐξυϐρίσας.
2093 5059 2192 5119 καὶ

611 5141 749 5214 μετά
804 5140 899 5192 τοῦ
953 5140 1200 5194 διαϐόλου
1253 5137 1540 5210 χορεύσας,
1595 5139 1688 5190 καὶ
1723 5137 2187 5208 βλασφημούντων

604 5222 846 5287 ἀκούσας
878 5223 971 5277 καὶ
991 5221 1439 5293 λοιδορουμένων,
1462 5221 1555 5273 καὶ
1583 5221 1672 5272 τὸν
1695 5239 1786 5274 και
1796 5222 1885 5292 ρον
1904 5221 2082 5273 άναλώ
2094 5240 2187 5286 σας

607 5310 731 5379 εἰκῆ
773 5311 864 5362 καλ⁸
907 5308 1107 5380 μάτην,
1136 5307 1230 5360 καὶ
1264 5307 1430 5378 μηδὲν
1474 5306 1656 5359 οἴκαδε
1676 5307 1813 5376 ἔχων
1843 5307 2186 5372 ἀπενεγκεῖν,

611 5394 746 5464 μήτε
773 5391 1101 5464 σωματικὸν,
1141 5391 1278 5462 μήτε
1329 5390 1697 5460 πνευματικὸν
1725 5388 1914 5458 κέρδος
1959 5390 2186 5442 ἐκεῖθεν.

608 5476 772 5528 Ὥστε
810 5475 1002 5546 ἡδονῆς
1031 5476 1220 5528 ἕνεκεν
1246 5475 1484 5545 μάλιστα
1529 5473 1762 5527 ἐνταῦθα
1791 5473 2040 5542 ἀπαντᾷν
2064 5475 2188 5543 χρή.

620 5556 767 5612 Ἐκεῖ
801 5559 896 5625 μὲν
929 5560 1036 5628 γὰρ
1064 5558 1266 5620 εὐθέως
1310 5557 1656 5625 κατάγνωσις
1679 5597 1691 5615 ,
1740 5555 2042 5626 κατηγορία
2098 5557 2190 5608 τοῦ

675 5805 700 5866 θ
731 5805 904 5853 Morel.
928 5807 1020 5851 τῶν
1045 5806 1178 5852 ϐείω-ι
1203 5807 1410 5866 Γραξιώνῖ

670 5864 700 5909 δ
722 5869 856 5918 (.Olb.
883 5868 980 5916 duo
1013 5874 1062 5915 el
1086 5867 1206 5923 [ινα.
1236 5864 1418 5922 ὴ>ικέας
1447 5869 1471 5914 ὁ
1493 5868 1646 5924 ὄγκος,
1672 5866 1789 5917 id‘.

1280 405 1337 462 S.
1379 405 1661 465 JOANNIS
1698 407 2192 466 ειιιιῖεοετονι
2228 412 2551 472 ARCHIEP.
2590 412 3143 472 CONSTANTINOP.

3771 410 3870 468 662

2287 531 2608 596 συνειδότος,
2632 531 2894 602 μετάνοια
2913 527 3008 581 ἐπὶ
3043 528 3155 589 τοῖς
3175 521 3582 593 γεγενημένοις,
3607 525 3868 600 αίσχύνη,

2285 625 2381 680 καὶ
2399 625 2620 691 δνειδος,
2651 626 2825 680 καὶτὸ
2845 621 3329 696 ἀπαρρησιάστους
3357 617 3502 690 ιχειν
3525 621 3655 685 τοὺς
3678 622 3865 692 590a).-

2287 724 2451 793 μούς·
2481 723 2717 780 ἐνταῦθα
2743 723 2801 778 δέ
2820 719 3127 777 τούναντίον
3153 719 3322 783 ἀπαν,
3344 717 3649 790 παρρησία,
3683 719 3781 773 καὶ
3812 721 3870 774 τι

2285 820 2784 892 ἐλευθεροστομεῖν,
2821 817 3003 873 καὶτὸ
3037 814 3176 887 μετά
3200 813 3385 876 ἀδείας
3416 813 3591 868 ἀπασι
3617 812 3867 882 διαλέγε-

2284 917 2411 973 σθαι
2437 920 2568 990 περὶ
2597 918 2707 973 τῶν
2739 914 2973 971 ἐνταῦθα
3002 910 3367 984 ἀκουσμάτων
3387 911 3666 966 ἀπάντων.
3697 909 3870 966 Ὅταν

2282 1013 2464 1080 τοίνυν
2494 1016 2576 1079 είς
2602 1015 2810 1086 ἀγοράν
2836 1010 3103 1084 ἐμϐάλῃς,
3140 1009 3236 1069 καὶ
3261 1009 3474 1073 πάντας
3501 1009 3617 1082 ἴδῃς
3645 1009 3742 1063 ἐπὶ
3767 1007 3871 1080 τὴν

2281 1108 2436 1185 [753]
2469 1110 2704 1182 θεωρίαν
2737 1110 3030 1182 τρέχοντας
3072 1106 3310 1178 ἐκείνην,
3341 1107 3630 1177 κατάφυγε
3672 1108 3739 1161 σὺ
3772 1109 3868 1161 ἐπὶ

2280 1209 2378 1280 τὴν
2400 1209 2695 1279 ἐκκλησίαν
2718 1207 2941 1270 εὐθέως,
2957 1205 3052 1260 καὶ
3071 1203 3266 1276 μικρὸν
3281 1206 3633 1277 καρτερήσας
3647 1204 3867 1276 χρόνον,

2281 1305 2463 1378 τρύφα
2510 1304 2777 1376 διηνεκῶς
2813 1303 2924 1356 τῶν
2961 1301 3121 1356 θείων
3156 1301 3441 1373 ῥημάτων.
3474 1303 3573 1356 Ἂν
3607 1303 3710 1373 μὲν
3756 1302 3869 1375 τάρ

2281 1401 2620 1473 παρασυρεὶς
2656 1399 2793 1472 μετά
2825 1398 2936 1452 τῶν
2966 1397 3180 1453 πολλῶν
3229 1397 3472 1471 ἀπέλθῃς
3503 1400 3637 1459 ἐκεῖ.
3670 1397 3872 1469 μικρὸν

2278 1497 2722 1569 ψυχαγωγηθεὶς,
2750 1495 2838 1550 διά
2865 1495 3048 1566 πάσης
3068 1496 3170 1567 τῆς
3192 1495 3410 1568 ἡμέρας
3445 1494 3731 1566 ἀλγήσεις,
3766 1495 3871 1565 τῆς

2278 1609 2338 1646 τε
2392 1592 2676 1662 ἐπιούσης,
2727 1591 2824 1645 καὶ
2870 1589 3084 1645 πολλῶν
3131 1590 3334 1662 ἐτέρων
3358 1632 3374 1656 ,
3436 1589 3872 1659 καταγιικὼκων

2281 1687 2481 1744 σαυτοῦ
2501 1707 2515 1720 ·
2548 1687 2616 1741 ἀν
2642 1687 2700 1741 δὲ
2729 1686 2924 1758 μικρὸν
2955 1686 3190 1757 ἐπίσχῃς
3211 1685 3427 1750 σαυτδν,
3455 1685 3544 1739 διά
3564 1686 3748 1756 πάσης
3766 1685 3871 1755 τῆς

2279 1786 2495 1863 ἡμέρας
2513 1784 2655 1850 ἕξεις
2683 1785 2917 1856 τρυφᾷν.
2938 1785 3015 1839 οὐ
3033 1785 3142 1857 γάρ
3163 1785 3257 1838 ἐπὶ
3291 1783 3484 1838 τούτου
3519 1783 3704 1855 μόνον,
3727 1783 3870 1838 ἀλλά

2281 1883 2376 1937 καὶ⁸
2399 1880 2623 1934 ἐπὶτῶν
2645 1879 2818 1934 ἀλλων
2849 1879 3106 1934 ἁπάντων
3133 1878 3276 1932 οὕτω
3303 1878 3623 1944 συμϐαίνειν
3646 1877 3867 1931 εἴωθεν.

2291 1979 2355 2032 Ἦ
2397 1979 2495 2049 μέν
2529 1976 2638 2048 γάρ
2667 1976 2833 2030 κακία
2864 1975 3200 2047 πρόσκαιρόν
3223 1992 3350 2030 τινα
3373 1975 3488 2046 εχει
3512 1974 3614 2046 τὴν
3647 1971 3868 2046 ἡδονὴν,

2278 2073 2501 2147 διηνεκῆ
2533 2073 2591 2126 δέ
2625 2073 2726 2144 τὴν
2759 2071 2983 2142 ὀδύνην·
3015 2073 3047 2143 ἡ
3089 2071 3146 2124 δέ
3176 2071 3370 2142 ἀρετὴ,
3402 2070 3611 2142 βραχὺν
3642 2071 3742 2141 μὲν
3773 2070 3872 2122 τὸν

2281 2172 2461 2236 πόνον,
2499 2168 2750 2239 διηνεκὲς
2777 2167 2835 2221 δέ
2862 2167 2923 2221 τὸ
2954 2167 3149 2240 κέρδος
3185 2166 3326 2239 μετά
3368 2167 3467 2238 τῆς
3499 2166 3867 2238 εὐφροσύνης.

2279 2263 2405 2322 οἷον
2427 2308 2442 2333 ,
2486 2263 2688 2338 ηὔξατό
2718 2281 2808 2328 τις
2852 2263 2988 2334 πρὸς
3027 2263 3193 2330 Θεὸν,
3241 2263 3570 2335 ἐδάκρυσεν,
3626 2261 3870 2335 ηλγησεν

2278 2366 2458 2434 ὀλίγον
2479 2362 2673 2435 χρόνον
2705 2359 2850 2415 κατὰ
2877 2359 2974 2430 τὴν
2999 2361 3165 2432 εὐχήν
3184 2376 3199 2392 ο
3231 2361 3420 2435 ἐτερος
3444 2358 3534 2414 διά
3557 2361 3739 2432 πάσης
3765 2358 3870 2430 τῆς

2278 2462 2492 2532 ἡμέρας
2531 2457 2763 2531 ἐτρύφα,
2793 2451 2915 2510 εἶτα
2939 2456 3314 2528 ἐλεημοσύνην
3344 2457 3572 2523 ἐδωκεν,
3605 2457 3868 2527 ἐνήστευ-

2280 2575 2393 2620 σεν,
2423 2556 2551 2610 ἀλλο
2571 2573 2626 2609 τι
2650 2555 2761 2608 τῶν
2783 2553 3006 2624 ἀγαθῶν
3037 2554 3356 2625 εἰργάσατο,
3392 2552 3426 2623 ἢ
3457 2552 3739 2624 ὑϐρισθεὶς
3764 2553 3870 2604 οὐκ

2279 2653 2720 2726 ἀντελοιδόρησεν
2735 2669 2748 2682 ο
2769 2653 2827 2705 ἐν
2849 2654 2949 2724 μιᾷ
2964 2650 3094 2721 γοῦν
3117 2649 3314 2724 καιροῦ
3349 2652 3490 2722 ῥοπῇ
3516 2652 3868 2727 καρτερήσας

2280 2751 2376 2806 καὶ
2403 2747 2688 2820 κατασχὼν
2720 2748 2816 2802 τὸν
2842 2748 3035 2820 θυμόν,
3063 2747 3152 2801 διά
3186 2747 3386 2810 παντὸς
3461 2747 3723 2816 γάννυται
3774 2745 3868 2801 καὶ

2279 2849 2649 2922 εὐφραίνεται,
2669 2850 2783 2903 τῶν
2812 2846 3257 2919 κατορθωμάτων
3287 2846 3723 2918 ἀναμιμνήσκων
3746 2847 3871 2898 ἐαυ-

2277 2945 2370 3000 τὸν
2398 2946 2643 3001 ἐκείνων.
2675 2945 2798 3000 Ἐπὶ
2823 2945 2880 2998 δέ
2912 2944 3016 3014 τῆς
3053 2942 3251 3006 κακίας
3278 2942 3592 2996 τούναντίον
3618 2957 3630 2970 ·
3676 2941 3871 3011 ῦϐρισέ

2279 3059 2383 3110 τις,
2441 3042 2887 3116 ἀντελοιδόρησεο
2935 3039 3075 3114 μετά
3128 3038 3305 3095 ταῦτα
3359 3037 3498 3092 οῐκοι
3553 3037 3873 3107 γενόμενος,

2281 3141 2471 3196 ἐαυτὸν
2503 3141 2800 3206 κατεσθίει,
2829 3140 2900 3194 τά
2921 3141 3144 3212 ῥήματα
3177 3133 3658 3205 ἀναλογιζόμενος,
3682 3133 3719 3189 ἀ
3742 3134 3874 3188 πολ-

2281 3238 2440 3301 λάκις
2476 3236 2676 3308 πολλὴν
2714 3239 2913 3308 ἤνεγκε
2950 3235 3178 3308 βλάϐην.
3205 3234 3371 3288 Ὥστε
3405 3232 3455 3285 εί
3492 3230 3710 3288 διώκεις
3747 3231 3875 3303 ἡδο-

2281 3334 2400 3405 νὴν,
2417 3335 2606 3406 Φεῦτε
2623 3334 2727 3399 τὰς
2742 3332 3093 3401 νεωτερικὰς
3112 3330 3450 3400 ἐπιθυμίας,
3472 3330 3567 3384 καὶ
3589 3329 3873 3400 σωφροσύ-

2281 3449 2378 3502 νης
2409 3430 2705 3501 ἐπιμελοῦ,
2753 3430 2848 3483 καὶ
2894 3430 3156 3500 ἀκροάσει
3193 3427 3356 3482 θείων
3384 3426 3622 3500 πρόσεχε
3651 3425 3873 3495 λογίων.

2281 3526 2467 3582 Ταῦτα
2489 3526 2626 3598 πρὸς
2654 3525 2797 3597 ὑμᾶς
2827 3523 3078 3596 λέγομεν,
3133 3523 3223 3577 ἵνα
3261 3524 3422 3596 ὑμεῖς
3454 3522 3594 3591 πρὸς
3628 3521 3876 3586 ἐκείνους

2281 3625 2552 3694 λέγοντες.
2582 3623 2677 3676 καὶ
2711 3621 2949 3692 συνεχῶς
2974 3622 3185 3684 τούτοις
3233 3621 3433 3684 αὐτοὺς
3479 3616 3878 3686 ἐπαντλοῦντες

2283 3708 2396 3788 τοῖς
2447 3724 2709 3794 ῥήμασιν,
2737 3721 3011 3792 ἀφέλκητε
3043 3721 3225 3791 πάσης
3270 3721 3520 3792 πονηρᾶς
3556 3716 3876 3788 συνηθείας.

2283 3822 2378 3877 καὶ
2409 3818 2633 3891 πείθητε
2659 3816 2906 3888 λογισμῷ
2941 3815 3121 3870 πάντα
3179 3817 3355 3870 ποιεῖν
3397 3813 3478 3885 τῷ
3516 3814 3876 3885 προσήκοντι.

2284 3917 2406 3972 Τῶν
2433 3914 2543 3985 γάρ
2571 3913 2827 3968 τοιούτων
2865 3913 2959 3966 καὶ
3011 3911 3199 3975 ἁπλῶς
3243 3911 3338 3964 καὶ
3384 3910 3509 3980 εῖκῆ
3552 3907 3880 3980 φερομένων

2285 4014 2406 4069 οὐδέ
2432 4011 2530 4082 τὴν
2565 4010 2798 4081 σπουδὴν
2825 4008 3112 4080 ἐπαινετὴν
3140 4008 3294 4080 εὕροι
3341 4025 3426 4070 τις
3455 4005 3523 4059 ἀν
3550 4001 3747 4060 οὖσαν·
3782 4007 3881 4060 καὶ

2283 4111 2443 4165 τοῦτο
2467 4107 2577 4161 ἀπὸ
2616 4107 2714 4178 τῆς
2744 4104 3006 4175 ἐπιούσης
3057 4101 3332 4168 συνάξεως
3359 4101 3520 4172 δῆλον
3546 4100 3879 4182 καθίστημι.

2285 4203 2400 4275 Τῆς
2422 4203 2531 4272 γάρ
2550 4201 2712 4269 ἀγίας
2745 4201 2878 4271 ἡμῖν
2896 4198 3231 4270 τελουμένης
3252 4196 3657 4267 Πεντηκοστῆς,
3684 4195 3881 4250 τοσοῦ,-

2285 4319 2376 4355 τον
2418 4299 2705 4370 δραμεῖται
2754 4295 2980 4366 πλῆθος,
3012 4295 3088 4358 ώς
3120 4295 3340 4348 ᾶπαντα
3372 4296 3506 4366 ἡμῖν
3543 4295 3614 4348 τά
3639 4294 3884 4349 ἐνταῦθα

2291 4392 2760 4464 στενοχωρεῖσθαι.
2798 4390 2937 4444 Ἀλλ’
2965 4391 3114 4459 ὅμως
3151 4390 3270 4450 οὐδέ
3300 4389 3507 4460 ταύτην
3538 4389 3884 4462 ἀποδέχομαι

2287 4491 2386 4562 τὴν
2423 4488 2715 4558 συλλογήνο
2743 4487 3033 4558 συνηθείας
3076 4487 3184 4559 γάρ
3218 4486 3387 4551 ἐστιν,
3431 4485 3532 4539 οὐκ
3563 4484 3879 4550 εὐλαϐείας.

2289 4587 2354 4641 Τί
2387 4587 2567 4640 τοίνυν
2596 4583 2793 4654 γένοιτ’
2817 4584 2882 4638 ἀν
2911 4583 3134 4636 ἐκείνων
3163 4581 3514 4653 ἀθλιώτερον,
3543 4583 3673 4637 ὅταν
3713 4586 3810 4638 καὶ
3846 4587 3881 4656 η

2291 4682 2531 4755 ῥᾳθυμία
2561 4681 2740 4735 αὐτῶν
2785 4680 3056 4733 τοσούτων
3102 4679 3466 4752 ἐγκλημάτων
3510 4679 3682 4753 γέμῃ.
3715 4681 3811 4734 καὶ
3845 4685 3881 4750 ἡ

2288 4779 2520 4833 δοκοῦσα
2569 4774 2709 4832 εἶναι
2746 4778 2951 4847 σπουδὴ
2994 4772 3344 4850 ἐγκωμίων
3370 4776 3580 4848 ἔρημος
3600 4795 3616 4842 ;
3640 4777 3748 4831 Τὸν
3770 4778 3884 4855 γὰρ

2291 4875 2437 4947 ζήλῳ
2465 4875 2560 4928 καὶ
2580 4874 2730 4944 πόθῳ
2747 4874 2840 4926 καὶ
2862 4873 3100 4943 σώφρονι
3117 4861 3365 4944 λογισμῷ
3390 4873 3487 4926 τοῦ
3515 4873 3663 4926 θείου
3687 4875 3885 4929 τούτου

2292 4975 2589 5044 μετέχοντα
2652 4971 2931 5038 συλλόγου,
2989 4969 3254 5040 διηνεκῶς
3306 4970 3477 5024 ταῦτα
3528 4973 3710 5026 ποιεῖν
3755 4971 3882 5043 χρὴ,

2290 5069 2405 5124 ἀλλ’
2431 5070 2550 5140 οὐχὶ
2585 5068 2723 5138 μετά
2751 5067 2857 5121 τῶν
2893 5070 2949 5120 ἐν
2977 5068 3139 5137 ἐορτῇ
3167 5066 3327 5138 μόνον
3357 5068 3727 5138 φαινομένων,
3763 5070 3883 5138 μετ’

2292 5166 2515 5222 ἐκείνων
2543 5164 2870 5235 ἀφίστασθα.
2910 5164 3092 5225 πάλιν,
3129 5163 3464 5234 θρεμμάτων
3512 5163 3674 5234 δίκην
3699 5163 3886 5226 ἁπλῶς

2292 5251 2578 5320 ἀγόμενον.

2363 5363 2433 5424 γ’.
2453 5355 2760 5424 Ὴδυνὰμην
2783 5351 2879 5423 μὲν
2899 5347 2988 5404 οὖν
3007 5352 3099 5405 καὶ
3121 5350 3252 5422 πρὸς
3275 5349 3437 5402 πλέον
3453 5348 3629 5419 μῆκος
3647 5351 3886 5406 ἐκτεῖναι

2292 5440 2353 5493 τὸ
2385 5437 2667 5508 προοίμιον
2695 5436 2788 5488 τοῦ
2818 5436 2977 5501 λόγου
3001 5455 3012 5464 σ
3039 5435 3152 5488 ἀλλ’
3186 5434 3376 5504 ἐπειδὴ
3406 5428 3524 5485 οἶδα
3560 5433 3772 5502 σαφῶς,
3801 5436 3886 5488 ὅτι

2295 5523 2388 5575 καὶ
2435 5521 2544 5592 πρὸ
2579 5521 2676 5589 τῆς
2714 5521 2991 5589 ἡμετέρας
3034 5517 3408 5587 παραινέσεως
3438 5515 3508 5570 τὰ
3540 5519 3886 5588 προσήκοντα

2297 5607 2423 5674 ὑμῖν
2468 5607 2649 5666 αὐτοῖς
2680 5602 2982 5666 ποιοῦντες,
3027 5604 3119 5654 καὶ
3167 5601 3386 5654 πλείονα
3432 5599 3544 5652 τῶν
3578 5604 3887 5673 εἰρημένων

2298 5691 2492 5758 ἐρεῖτε,
2529 5687 2668 5740 ὥστε
2705 5687 2779 5755 μὴ
2809 5687 2958 5748 δόξαι
2983 5686 3337 5753 παρενοχλεῖν
3363 5687 3420 5736 ἐν
3450 5689 3574 5749 ταῖς
3603 5687 3720 5740 κατ’
3739 5687 3887 5738 ἐκεί-

2300 5789 2404 5823 νων
2434 5773 2804 5840 ἐπιτιμήσεσι,
2847 5773 2911 5822 τὰ
2954 5770 3246 5838 λειπόμενα
3290 5769 3509 5823 ἅπαντα
3543 5771 3674 5838 ὑμίν
3699 5769 3885 5838 ἀφεὶς,

2304 5857 2395 5924 τῆς
2428 5855 2677 5917 ειωθυίας
2732 5853 2936 5921 ἄξομαι
2973 5852 3339 5917 διδασκαλίας,
3383 5855 3475 5907 ἐπὶ
3505 5855 3608 5926 τὴν
3623 5853 3722 5926 τῆς
3757 5855 3887 5906 ’Δυ-
