4106 6484
319 408 419 467 061

319 535 426 576 non
448 518 646 592 .pedum
675 506 971 575 inﬁrmitas,
994 527 1097 567 non
1123 509 1265 566 aliud
1289 508 1576 580 quidquam
1601 505 1704 560 tale
1727 518 1903 559 remo-

319 623 471 670 ratur
506 611 764 668 insaniam
781 651 797 674 ,
830 606 973 662 nulla
999 603 1292 662 retinacula
1319 618 1424 656 non
1452 600 1899 669 abrumpentem:

321 701 416 759 sed
442 701 692 759 homines
717 699 869 754 senio
893 695 1116 752 confecti
1141 735 1158 764 ,
1185 691 1475 764 juvenibus
1515 705 1580 746 ac
1606 688 1905 759 vigentibus

322 793 530 849 avidius
550 791 674 847 illuc
692 797 1031 854 concurrunt,
1049 786 1300 842 canitiem
1320 797 1472 839 suam
1487 781 1900 837 dedecorantcs:

320 893 534 941 a-tatem
572 891 880 954 provectam
913 880 1246 935 traducentes
1265 919 1278 943 ,
1311 886 1367 932 et
1400 883 1731 931 senectutem
1764 886 1904 942 prte—

321 976 512 1034 bentes
542 974 910 1046 deridendam.
950 974 1018 1030 Et
1050 974 1152 1028 huc
1177 971 1391 1042 quidem
1428 969 1739 1033 venientes,
1780 982 1903 1023 cum

324 1068 538 1125 fastidio
564 1084 629 1124 ac
671 1068 915 1124 molestia
944 1080 1218 1122 sermones
1246 1064 1456 1120 divinos
1483 1065 1499 1096 ⁸
1529 1062 1771 1128 audiunt,
1803 1076 1904 1118 an-

322 1158 524 1230 gustias
543 1200 558 1224 ,
587 1169 809 1222 malum,
839 1167 896 1214 et
919 1155 1317 1213 suﬂ'ocationem
1356 1155 1656 1224 similiaque
1681 1169 1906 1210 causan-

317 1260 407 1308 tes
425 1269 449 1308 ε
475 1261 530 1308 at
571 1252 681 1308 iilic
705 1251 830 1306 dum
858 1257 914 1307 et
949 1248 1109 1305 solem
1147 1249 1291 1305 nudo
1313 1247 1492 1318 capite
1515 1247 1809 1318 excipiunt,
1851 1255 1907 1302 et

321 1342 724 1414 procuicantur,
742 1339 1146 1413 protruduntur,
1169 1354 1357 1410 magna
1380 1338 1430 1393 vi
1453 1337 1903 1408 comprimuntur,

323 1441 378 1490 et
403 1431 603 1489 inﬁnita
625 1431 727 1487 alia
756 1430 1025 1502 patiuntur
1045 1429 1392 1494 incommoda,
1421 1445 1528 1486 non
1555 1444 1714 1486 secus
1740 1444 1901 1500 quam

325 1525 380 1578 in
410 1537 624 1580 soneno
667 1533 822 1592 prato
842 1519 1093 1580 deiiciari
1117 1522 1218 1577 sibi
1267 1520 1534 1576 videntur.
1583 1520 1708 1576 Ideo
1752 1520 1908 1576 nobis

324 1615 570 1672 civitates
584 1622 859 1683 corruptae
887 1621 1049 1678 sunt,
1077 1613 1192 1681 quia
1236 1612 1466 1683 improbi
1491 1611 1785 1683 juventutis
1811 1613 1907 1668 do-

325 1717 525 1764 ctores.
555 1707 674 1775 Quo
697 1706 839 1762 enim
869 1712 1026 1775 pacto
1051 1706 1244 1774 poteris
1271 1705 1685 1771 adolescentem,
1712 1705 1910 1761 lascive

326 1815 392 1856 ac
418 1809 611 1871 praeter
632 1799 886 1854 decorum
919 1811 979 1852 se
1014 1804 1299 1867 gerentem,
1329 1796 1394 1851 ad
1421 1796 1741 1852 modestiam
1784 1803 1910 1860 red-

325 1892 507 1962 igere,
552 1905 673 1946 cum
714 1890 827 1960 ipse
865 1889 917 1942 in
939 1887 1132 1943 canitie
1152 1897 1258 1944 tam
1299 1887 1606 1957 juveniliter
1634 1896 1684 1944 te
1709 1902 1868 1959 geras
1889 1877 1910 1952 ;’

323 1996 452 2038 cum
478 1982 591 2051 ipse
620 1989 743 2051 post
788 1989 867 2036 tot
897 1989 1188 2048 temporum
1228 1979 1493 2036 curricula
1539 1977 1788 2035 satietate
1822 1979 1907 2032 in-

321 2071 624 2128 suavissimi
667 2070 809 2126 illius
847 2069 1133 2140 spectaculi
1170 2070 1406 2124 nondum
1453 2070 1726 2139 capiaris?
1770 2085 1908 2140 quo-

328 2166 490 2222 modo
535 2165 735 2235 poteris
767 2163 858 2218 lilii
889 2177 1067 2218 mores
1095 2177 1430 2234 conponere,
1477 2163 1749 2233 quomodo
1790 2179 1905 2218 sero

325 2271 451 2312 eum
494 2265 802 2325 peccantem
845 2254 1127 2325 castigare,
1173 2255 1432 2326 quomodo
1473 2255 1700 2308 alterum
1745 2253 1911 2324 negli-

328 2358 540 2417 gentem
562 2362 826 2411 monere,
852 2361 972 2401 cum
1004 2345 1119 2415 ipse
1161 2347 1230 2401 sic
1269 2347 1320 2401 in
1352 2353 1591 2400 extrema
1631 2354 1909 2401 senectute

321 2438 601 2508 ineptias?
649 2438 716 2492 Et
740 2438 785 2493 si
813 2437 1031 2508 qttidem
1061 2451 1091 2489 a
1114 2436 1300 2506 juvene
1325 2452 1488 2492 senex
1529 2436 1907 2492 contumeliam

328 2530 578 2601 patiatur,
610 2528 756 2584 illico
783 2535 996 2583 aetatem
1021 2527 1070 2582 ei
1107 2526 1298 2597 objicit,
1326 2538 1380 2583 et
1405 2538 1690 2584 sexcentos
1711 2527 1911 2596 reperit

319 2622 420 2693 qui
447 2635 548 2674 una
573 2619 1014 2674 stomacbentur:
1047 2628 1100 2674 at
1126 2620 1328 2689 quindo
1372 2634 1508 2689 opus
1535 2628 1618 2675 est
1652 2618 1907 2690 juvenem

329 2713 399 2768 ad
425 2711 740 2783 probitatem
769 2711 1057 2778 reducere,
1086 2725 1238 2782 80th
1264 2712 1341 2768 illi
1367 2713 1578 2768 virtutis
1615 2727 1714 2769 ceu
1755 2727 1912 2784 regu-

324 2805 436 2860 lam
476 2802 771 2868 exhibere,
818 2810 928 2857 tum
974 2801 1114 2856 nulla
1156 2803 1316 2859 aetatis
1354 2804 1491 2858 ratio
1515 2844 1532 2870 ,
1571 2803 1666 2860 sed
1706 2805 1910 2873 majotte

329 2911 488 2966 quam
515 2894 614 2964 ipsi
643 2893 845 2949 insania
869 2893 936 2949 ad
979 2893 1157 2948 illicita
1199 2891 1277 2948 ilia
1304 2895 1603 2965 spectacula
1644 2894 1905 2950 feruntur.

329 2987 458 3043 Hice
485 2995 662 3042 autem
687 2986 828 3050 dico,
858 3000 1127 3053 senesque
1153 2995 1319 3057 tatgo,
1351 3001 1457 3041 non
1490 2986 1634 3058 quod
1668 2987 1910 3056 iuniores

327 3093 360 3132 a
401 3091 538 3133 noxa
577 3074 850 3130 absolvam
892 3085 944 3132 et
981 3075 1209 3130 crimine
1233 3114 1248 3136 ,
1279 3077 1375 3132 sed
1418 3085 1475 3132 ut
1514 3077 1614 3132 bos
1649 3093 1751 3148 per
1790 3079 1908 3134 illos

329 3167 688 3222 commonitos
728 3165 973 3220 habeam.
1013 3164 1146 3220 Nam
1187 3165 1234 3221 si
1269 3181 1417 3224 senes
1457 3168 1557 3224 hoc
1596 3168 1907 3225 facerenon

318 3258 547 3324 debent,
577 3257 745 3311 multo
780 3257 948 3326 magis
989 3272 1057 3310 ne
1089 3256 1310 3326 juvenes
1342 3259 1580 3329 quidem.
1612 3261 1725 3316 Illic
1763 3261 1906 3316 enim

328 3349 502 3418 major
527 3348 727 3402 derisio
753 3361 816 3402 ac
855 3346 1128 3416 turpitudo
1152 3363 1166 3412 ;
1210 3347 1296 3402 hic
1317 3361 1492 3405 autem
1523 3359 1672 3406 tanto
1694 3352 1910 3423 gravior

325 3440 619 3512 pernicies,
645 3439 1064 3510 profundiusth
1097 3440 1453 3510 prmcipiium,
1482 3455 1682 3514 quanto
1712 3461 1908 3501 concu-

330 3532 603 3603 piseentiae
637 3532 807 3600 major
834 3531 914 3585 vis
939 3531 992 3586 iu
1026 3530 1337 3601 juvenibus,
1361 3544 1667 3606 quantoque
1694 3536 1904 3606 ﬂamma

331 3626 471 3681 inest
497 3624 887 3690 vehementior,
916 3638 1037 3692 qua:
1080 3624 1316 3679 incendit
1339 3627 1527 3694 munia,
1557 3629 1602 3683 si
1634 3629 1716 3683 vel
1748 3630 1906 3684 mini-

322 3732 476 3769 snum
505 3716 571 3769 sit
605 3723 756 3771 nacta
785 3713 1046 3770 fomitem.
1089 3715 1374 3771 Procliviot
1405 3720 1554 3774 enim
1595 3719 1662 3775 ad
1702 3736 1902 3775 concu-

319 3808 617 3879 piscentias
643 3818 726 3864 est
755 3809 1029 3879 juventus,
1053 3809 1237 3879 eisque
1260 3810 1401 3881 longe
1429 3811 1638 3868 facilius
1660 3814 1899 3883 capitur;

269 3931 272 3934 ~
328 3901 448 3956 ideo
473 3901 676 3971 majore
703 3916 838 3972 opus
884 3900 1041 3958 habet
1080 3902 1340 3969 custodia,
1385 3906 1578 3962 acriore
1613 3905 1787 3971 freno,
1817 3917 1902 3961 tu-

328 3993 464 4046 tiore
491 3991 785 4048 munitione
813 4003 972 4064 atque
999 3993 1297 4050 obstaculo.

396 4085 448 4138 2.
496 4084 858 4140 Detrimentum
903 4086 1041 4155 quod
1083 4104 1111 4141 e
1152 4090 1437 4158 spectaculis
1480 4093 1641 4146 oritur
1687 4094 1902 4148 multum

325 4180 515 4234 excedit
557 4181 865 4250 voluptatem
918 4181 1037 4235 inde
1077 4191 1352 4253 acceptam.
1396 4186 1555 4254 Quam
1598 4189 1794 4242 diversa
1837 4189 1902 4243 sit

320 4271 527 4326 virtutis
557 4281 603 4326 et
626 4272 732 4324 vitii
754 4272 1004 4340 voluptas.
1027 4303 1096 4313 —
1122 4272 1231 4328 Nec
1262 4274 1378 4328 milii
1419 4277 1543 4332 illud
1581 4279 1824 4347 objicias,
1867 4295 1900 4334 o

327 4365 484 4428 bone,
522 4361 662 4434 quod
689 4365 1013 4432 voluptatem
1044 4365 1235 4421 habeat
1261 4367 1347 4421 lim
1375 4371 1735 4438 spectaculum
1761 4386 1775 4436 ;
1805 4361 1899 4427 sed

330 4453 430 4507 hoc
472 4456 643 4522 potius
677 4454 831 4519 duce,
873 4471 941 4508 an
979 4455 1180 4510 nullum
1217 4456 1333 4509 ltrec
1359 4460 1604 4530 voluptas
1645 4461 1898 4517 damnum

324 4544 528 4598 alii-rat.
578 4544 728 4613 Quod
769 4545 911 4600 enim
955 4562 1020 4601 ne
1066 4562 1186 4601 cum
1227 4547 1480 4618 voluptate
1523 4553 1736 4620 quidem
1787 4555 1900 4611 bmc

325 4649 412 4687 res
451 4636 729 4702 conjuncta
760 4636 846 4697 sit,
894 4635 1016 4690 hinc
1044 4637 1133 4691 tibi
1178 4641 1496 4708 persp'cuum
1537 4659 1656 4698 esse
1699 4655 1894 4712 potest.

314 4727 456 4781 Cum
488 4743 514 4780 a
543 4727 871 4783 circensibus
913 4731 1194 4785 reverteris
1214 4773 1228 4795 ,
1257 4747 1458 4790 oectrre
1489 4737 1566 4790 cis
1597 4738 1683 4805 qui
1712 4737 1777 4791 ab
1803 4753 1896 4793 ec-

314 4819 483 4873 v‘lesia
513 4819 754 4883 redeunt,
792 4831 843 4872 et
881 4822 1158 4876 considera
1201 4823 1497 4892 dilignter,
1534 4839 1652 4881 uter
1683 4829 1895 4882 tandem

322 4911 524 4978 majore
560 4911 830 4979 voluptate
874 4911 1211 4980 perfruatur:
1245 4916 1358 4968 ἱκηο
1376 4919 1453 4986 ]ui
1496 4921 1769 4989 prophetis
1801 4938 1895 4974 au-

321 5004 468 5068 ditis,
513 5011 564 5056 et
596 5005 966 5059 benedictione
992 5047 1009 5073 ι
1049 5023 1111 5059 ac
1149 5006 1389 5060 doctrina
1416 5010 1588 5065 fructu
1619 5023 1892 5082 percepto,

320 5096 585 5163 simulque
615 5096 778 5150 Deum
811 5112 904 5163 pro
929 5098 1038 5150 suis
1065 5099 1293 5167 peccatis
1333 5100 1650 5166 dmrecatus,
1692 5115 1742 5159 et
1766 5120 1896 5159 con-

320 5191 539 5244 scientia
573 5190 899 5258 aliquantutn
930 5202 1220 5246 eaonerata
1246 5233 1258 5254 ,
1310 5194 1569 5263 necculpa
1601 5197 1704 5249 ulla
1732 5197 1891 5251 simili

321 5282 423 5334 sibi
446 5282 693 5336 conscius
717 5298 729 5332 :
749 5298 820 5334 an
849 5294 900 5335 tu
924 5282 1012 5350 qui
1041 5293 1264 5337 matrem
1288 5283 1574 5353 dese'ttisti,
1602 5290 1892 5358 prepbetas

320 5372 713 5441 contempsisti,
743 5373 905 5427 Deum
936 5373 1155 5428 effecisti
1182 5377 1508 5441 eoutumdia,
1533 5394 1652 5433 cum
1680 5382 1892 5436 diabolo

321 5462 546 5517 choreas
587 5463 818 5525 duxisti,
865 5464 1306 5520 tnaledieentibus
1351 5468 1468 5522 intc'
1507 5485 1567 5524 se
1610 5488 1672 5526 ac
1711 5476 1892 5527 eonvi-

320 5554 583 5608 eiautibus
607 5569 764 5608 aures
794 5556 1087 5621 praebuisti,
1113 5559 1370 5627 temporis
1395 5558 1606 5631 datique
1629 5563 1888 5633 jacturam

322 5645 531 5709 fceiili;
579 5663 674 5702 nec
720 5650 991 5718 Spirituale
1043 5652 1120 5705 vel
1167 5653 1421 5707 sareulare
1460 5658 1622 5712 ullum
1685 5661 1889 5715 lucrum

379 5827 402 5858 ⁸
437 5828 507 5876 sic
528 5827 657 5877 Cotti.
688 5839 841 5887 unus;
869 5828 1028 5878 Morel.
1059 5838 1237 5890 autem,
1265 5828 1744 5896 dit‘ilitiSit'riplurtts.

1566 391 1657 448 DE
1695 387 1882 446 ΑΝΝΑ
1917 383 2158 443 θείως)
2195 383 2285 441 Ν.

3509 384 3615 441 06!

2015 503 2140 559 inde
2189 502 2404 558 domum
2444 512 2708 574 reportes.
2763 504 2949 576 Itaque
2989 504 3073 561 vei
3107 502 3402 575 voluptatis
3443 507 3614 576 gratia

2013 595 2101 650 hic
2123 595 2313 651 adesse
2338 604 2574 664 oportet.
2608 594 2720 650 Illic
2760 595 2904 651 enim
2952 595 3208 651 continuo
3249 593 3491 666 sequitur
3522 596 3617 651 da-

2013 688 2215 742 mnatio
2237 686 2381 752 facti,
2412 688 2741 744 conscientia
2764 687 3089 754 accusatrix,
3123 689 3434 757 pmnitentia
3455 688 3528 744 ob
3549 703 3612 746 ea

2013 797 2134 853 quae
2160 782 2519 853 contigerunt,
2555 781 2789 838 dedecus
2808 790 2864 839 et
2887 781 3257 852 opprobrium,
3296 791 3354 838 ιιι
3374 783 3458 838 vix
3484 797 3616 839 ocu-

2013 879 2096 935 los
2120 880 2364 935 attollere
2407 880 2609 936 andeas
2638 898 2652 936 :
2695 879 2785 934 hic
2814 878 2930 934 vice
2956 893 3109 933 versa
3136 879 3314 933 omnia
3343 878 3616 934 contrario

2015 972 2175 1027 modo
2214 986 2274 1027 se
2307 971 2525 1036 habent,
2553 971 2744 1028 fiducia
2768 980 2822 1027 et
2850 973 2960 1028 oris
2987 971 3231 1037 libertas,
3271 980 3326 1027 et
3353 986 3476 1027 cum
3501 988 3618 1026 om-

2015 1064 2172 1120 nibus
2200 1065 2446 1136 loquendi
2490 1065 2712 1120 facultas
2751 1063 2821 1120 de
2857 1064 3106 1120 omnibus
3146 1079 3267 1136 quae
3307 1062 3394 1119 hic
3435 1062 3617 1128 audita

2015 1165 2159 1212 sunt.
2190 1156 2414 1224 Quando
2446 1157 2606 1227 igitur
2630 1157 2683 1211 in
2711 1157 2883 1211 forum
2912 1166 2963 1212 te
2992 1155 3305 1220 contuleris,
3333 1162 3389 1211 et
3414 1153 3618 1211 videris

2014 1263 2205 1305 omnes
2218 1249 2292 1302 ad
2317 1247 2666 1318 spectandum
2698 1262 3042 1314 concurrere,
3071 1256 3127 1302 tu
3151 1246 3218 1302 ad
3252 1245 3534 1302 ecclesiam
3562 1254 3618 1300 te

2015 1342 2300 1398 confestim
2337 1342 2583 1413 recipito,
2628 1349 2685 1397 et
2726 1343 2779 1397 in
2819 1355 2883 1398 ea
2925 1340 3195 1411 paulisper
3226 1348 3615 1406 commoratus,

2017 1441 2272 1506 perpetua
2301 1433 2464 1491 divini
2489 1433 2633 1489 verbi
2661 1431 2935 1503 voluptate
2961 1430 3158 1486 fruere.
3190 1430 3246 1486 Si
3271 1429 3414 1490 enim
3435 1427 3618 1484 turba:

2017 1531 2221 1600 impetu
2269 1528 2573 1586 abstractus
2617 1528 2746 1590 illuc
2791 1526 3103 1598 perveneris
3147 1522 3297 1580 brevi
3345 1521 3620 1591 voluptate

2008 1624 2271 1680 deﬁnitus
2295 1663 2310 1688 ,
2355 1621 2497 1677 male
2529 1619 2750 1676 habebis
2794 1633 2890 1688 per
2936 1627 3100 1672 totam
3130 1622 3443 1686 sequentem
3470 1612 3616 1668 diem

2017 1725 2180 1786 atque
2206 1716 2369 1770 etiam
2396 1713 2577 1783 plures
2598 1713 2873 1781 deinceps,
2904 1719 3050 1765 tuum
3085 1709 3252 1779 ipsius
3288 1709 3486 1762 factum
3514 1703 3616 1760 da—

2019 1822 2250 1863 mnans:
2281 1805 2425 1876 quod
2450 1804 2495 1861 si
2528 1804 2798 1874 paulisper
2838 1810 2890 1857 te
2915 1800 3243 1865 cobibueris,
3273 1798 3535 1868 integrant
3562 1805 3620 1851 et

2017 1915 2260 1958 securam
2312 1900 2368 1955 in
2416 1897 2677 1968 reliquum
2734 1894 2844 1952 diei
2893 1895 3219 1964 voluptatem
3268 1889 3510 1946 habebis.
3560 1887 3618 1944 Id

2017 1996 2161 2049 enim
2189 2007 2296 2047 non
2322 1991 2410 2045 hic
2455 1998 2681 2052 tantum,
2723 1987 2816 2044 sed
2856 1987 3019 2042 etiam
3061 1988 3113 2043 in
3155 1984 3273 2038 aliis
3315 1981 3477 2037 rebus
3519 1995 3618 2034 usu

2019 2087 2203 2140 venire
2242 2084 2379 2137 solet
2409 2098 2421 2136 :
2453 2080 2639 2136 vitium
2675 2079 2821 2134 enim
2862 2085 3290 2132 momentaneam
3336 2073 3497 2126 habet
3524 2087 3618 2143 νυέ

2011 2179 2314 2248 .luptatom,
2347 2175 2601 2231 dolorem
2643 2187 2772 2227 vero
2814 2181 3171 2242 perpetuum;
3219 2171 3389 2221 virtus
3428 2173 3617 2220 contra

2017 2271 2255 2326 laborem
2288 2267 2527 2331 brevem,
2563 2265 2793 2320 fructum
2817 2276 2948 2318 vero
2987 2275 3108 2317 cum
3150 2258 3421 2313 hilaritate
3462 2254 3618 2311 inde-

2016 2365 2301 2420 sinentcm.
2333 2360 2493 2426 Verbi
2523 2361 2731 2432 gratia,
2773 2365 3021 2429 precatus
3059 2365 3145 2412 est
3185 2354 3382 2424 aliquis
3424 2351 3616 2417 Deum,

2007 2457 2285 2529 iacrymas
2323 2454 2482 2521 fudit,
2514 2453 2727 2510 modico
2767 2461 3009 2522 tempore
3049 2451 3189 2504 inter
3227 2445 3490 2503 orandum
3515 2444 3618 2504 do-

2018 2550 2153 2616 luit;
2182 2548 2322 2604 alius
2343 2556 2452 2603 tota
2474 2546 2562 2603 die
2590 2561 2650 2602 se
2670 2545 2978 2607 oblectavit,
3002 2539 3196 2598 deinde
3216 2539 3616 2608 eleemosyuam

2009 2642 2186 2708 dedit,
2213 2640 2496 2711 jejunavit,
2524 2637 2670 2693 aliud
2711 2637 2909 2708 aliquid
2949 2635 3074 2692 boni
3114 2633 3262 2698 fecit,
3303 2639 3396 2686 aut
3425 2637 3617 2684 contu-

2020 2735 2236 2792 meliam
2278 2745 2467 2804 passus
2507 2746 2613 2786 non
2653 2728 2880 2802 regessit
2917 2728 3158 2784 convicia
3199 2741 3212 2778 :
3248 2724 3293 2778 is
3333 2730 3618 2793 postquam

2019 2829 2180 2884 unico
2218 2827 2476 2898 temporis
2523 2831 2796 2880 momento
2836 2820 3146 2894 perduravit
3194 2825 3250 2874 et
3289 2817 3423 2872 iram
3465 2829 3618 2870 com-

2019 2920 2236 2991 pressit.
2278 2919 2538 2975 memoria
2578 2923 2726 2973 recte
2764 2914 3026 2972 factorum
3067 2910 3284 2966 assidue
3319 2907 3518 2980 gaudet
3557 2919 3620 2960 ac

2018 3013 2249 3068 laetatur.
2282 3011 2353 3066 At
2384 3011 2437 3066 iu
2460 3008 2604 3064 vitiis
2638 3007 2968 3063 contrarium
2995 3004 3226 3060 accidit:
3253 3001 3431 3058 intulit
3466 2999 3616 3066 quis-

2019 3105 2163 3176 piam
2191 3102 2438 3173 injuriam
2473 3109 2568 3156 aut
2606 3099 2794 3157 retulit
2825 3116 2839 3152 :
2880 3096 3078 3154 deinde
3116 3095 3336 3152 domum
3367 3105 3619 3148 reversus

2016 3198 2222 3255 arrodit
2255 3212 2350 3253 cor
2370 3211 2553 3261 suum,
2575 3195 2704 3251 dum
2730 3191 2889 3249 verba
2929 3206 3024 3247 sua
3051 3197 3284 3259 reputat,
3313 3201 3432 3257 quas
3459 3185 3619 3241 toties

2014 3308 2179 3365 grave
2219 3291 2448 3346 attulere
2485 3288 2763 3344 damnum.
2820 3286 3160 3354 Quapropter
3198 3281 3242 3336 si
3288 3280 3617 3350 voluptatem

2016 3385 2277 3451 sectaris,
2321 3383 2510 3456 Fugite
2551 3380 2804 3455 juvenile:
2855 3375 3289 3446 concupiscentiae
3333 3374 3433 3446 (2.
3480 3373 3613 3428 Tim.

2013 3479 2070 3535 2.
2112 3477 2223 3551 22)
2248 3521 2263 3545 ,
2305 3487 2360 3535 et
2403 3476 2812 3548 temperantiam
2859 3482 3112 3529 exercete
3137 3514 3151 3539 ,
3192 3469 3392 3526 divinis
3437 3467 3618 3524 verbis

2007 3581 2251 3628 attentus
2274 3581 2409 3627 esto.
2453 3569 2579 3625 Haec
2607 3568 2729 3624 ideo
2750 3567 2901 3623 vobis
2939 3565 3189 3628 dicimus,
3214 3572 3272 3618 ut
3295 3576 3392 3617 vos
3422 3560 3613 3617 eadem

2015 3665 2120 3720 illis
2157 3663 2407 3728 dicendo,
2451 3671 2506 3718 et
2547 3662 2740 3717 talibus
2779 3659 2958 3715 verbis
2995 3654 3362 3721 obtundendo,
3400 3654 3581 3710 abstra

2014 3756 2155 3814 hatis
2189 3771 2282 3812 eos
2319 3755 2390 3811 ab
2425 3755 2572 3810 omni
2612 3754 2753 3810 mala
2789 3750 3198 3816 consuetudine,
3245 3759 3410 3818 utque
3435 3747 3613 3802 omnia

2014 3850 2240 3906 rationis
2281 3849 2458 3918 potius
2496 3848 2662 3902 ductu
2690 3854 2850 3918 agant
2891 3841 3278 3915 persuadentis.
3324 3840 3612 3896 ﬂsniinuni

2014 3946 2157 3999 enim
2202 3941 2292 4012 qui
2338 3951 2541 3996 temere
2580 3948 2634 3994 et
2677 3939 2794 3992 sine
2840 3936 3048 3992 ratione
3094 3933 3340 3989 feruntur
3381 3947 3450 3988 ne
3487 3931 3612 3986 dili-

2012 4039 2190 4108 gentia
2217 4034 2434 4108 quidem
2463 4031 2738 4104 probanda
2763 4040 2845 4087 est
2879 4049 2893 4086 :
2939 4029 2990 4084 id
3022 4031 3163 4099 quod
3196 4029 3278 4082 vel
3305 4044 3372 4083 ex
3402 4044 3464 4083 ea
3493 4043 3615 4098 qme

2013 4135 2177 4189 instat
2222 4131 2445 4186 collecta
2489 4129 2620 4182 Satis
2666 4123 2966 4195 apparebit.
3016 4123 3148 4178 Dum
3189 4122 3332 4178 enim
3371 4130 3612 4178 sanctam

2013 4230 2359 4287 Pentecostes
2397 4221 2763 4278 celebritatem
2820 4233 3077 4289 agemus,
3123 4225 3268 4273 tanta
3327 4227 3615 4272 concurret

2013 4322 2316 4386 multitudo,
2342 4329 2399 4375 ut
2420 4331 2610 4390 magna
2649 4317 2736 4372 hic
2775 4316 3014 4371 locorum
3036 4313 3280 4384 angustia
3313 4311 3609 4367 laboretur.

2012 4416 2121 4472 Nec
2170 4425 2348 4469 tamen
2394 4411 2535 4466 buuc
2583 4416 2906 4466 conventum
2955 4404 3134 4476 magni
3180 4404 3338 4469 facio,
3371 4402 3614 4472 quando-

2011 4508 2228 4578 quidem
2279 4505 2445 4575 magis
2496 4519 2559 4559 ex
2606 4517 2759 4558 more
2807 4501 2901 4569 iit,
2933 4516 3095 4572 quam
3141 4499 3418 4568 religionis
3459 4513 3609 4567 ergo.

2013 4599 2151 4667 Quid
2185 4599 2344 4668 igitur
2375 4596 2481 4651 illis
2508 4596 2759 4652 miserius
2784 4635 2798 4661 ,
2831 4609 3058 4664 quorum
3089 4601 3143 4647 et
3171 4591 3494 4661 negligentia
3530 4600 3608 4644 tot

2008 4691 2206 4748 referta
2256 4700 2336 4746 est
2377 4691 2727 4753 criminibus,
2772 4696 2827 4741 et
2854 4686 3128 4756 diligentia
3161 4685 3364 4740 nullam
3396 4685 3608 4739 laudem

2009 4782 2388 4855 promeretur?
2436 4779 2688 4850 Quisquis
2734 4778 2876 4834 enim
2921 4778 3037 4832 zelo
3094 4776 3306 4844 pietatis
3352 4774 3418 4828 ad
3470 4777 3612 4830 hunc

2008 4889 2207 4934 emtum
2249 4871 2426 4932 Sobrie
2461 4875 2758 4944 cupideque
2796 4871 3026 4939 accedit,
3059 4870 3175 4926 sine
3204 4869 3604 4924 intermissione

2010 4974 2111 5027 hoc
2143 4971 2318 5026 facere
2362 4969 2543 5035 debet,
2575 4980 2630 5024 et
2659 4984 2765 5024 non
2799 4983 2920 5025 cum
2951 4966 3077 5032 illis,
3113 4966 3202 5034 qui
3249 4965 3299 5017 in
3332 4963 3468 5018 festo
3502 4972 3610 5015 tau-

2010 5079 2118 5121 tum
2153 5066 2461 5129 conﬂuunt,
2507 5062 2764 5118 accedere
2787 5101 2802 5125 ,
2832 5069 2886 5116 et
2924 5075 3042 5116 cum
3093 5059 3196 5111 illis
3226 5057 3477 5112 recedere
3501 5099 3514 5122 ,
3552 5064 3610 5110 ut

2005 5160 2094 5228 qui
2129 5169 2329 5212 temere
2365 5155 2583 5222 pecudis
2618 5155 2670 5208 in
2703 5168 2909 5208 morem
2942 5151 3256 5206 abducatur.

2077 5253 2132 5307 5.
2178 5249 2438 5320 Equidem
2475 5257 2713 5318 poteram
2746 5246 2845 5303 hoc
2874 5245 3153 5302 exordium
3196 5245 3462 5300 sermonis
3492 5245 3607 5300 diu-

2007 5344 2110 5399 tius
2150 5343 2482 5408 extendere;
2524 5355 2707 5396 verum
2739 5341 2988 5411 quoniam
3029 5340 3140 5395 seio
3189 5354 3285 5394 vos
3326 5339 3457 5393 citra
3504 5354 3606 5393 no-

2004 5447 2168 5492 stram
2219 5438 2589 5501 munitionem,
2637 5443 2696 5488 ut
2738 5435 2888 5489 vobis
2937 5434 3153 5504 dignum
3203 5442 3279 5485 est
3328 5431 3602 5495 facientes,

2004 5531 2154 5600 plura
2185 5532 2347 5585 etiam
2377 5529 2648 5594 dicturos,
2684 5544 2842 5598 quam
2874 5529 3014 5583 dicta
3044 5537 3190 5594 sunt,
3237 5542 3304 5580 ne
3349 5527 3605 5580 molestus

2001 5623 2101 5677 sim
2131 5623 2339 5676 illorum
2362 5620 2819 5686 objurgationibus
2844 5619 3197 5680 immorando,
3225 5618 3423 5688 reliqua
3452 5619 3607 5674 vobis

2002 5718 2178 5768 omnia
2199 5715 2654 5780 c0tmnittens,ad
2675 5714 2886 5768 solitam
2919 5713 3216 5768 doctrinam
3250 5722 3304 5766 et
3333 5713 3395 5766 ad
3432 5712 3600 5766 histo-

2007 5811 2138 5861 riam
2170 5809 2235 5862 de
2262 5807 2411 5860 Anna
2444 5817 2700 5861 revertor.
2733 5805 2916 5877 Neque
2946 5806 3232 5870 miremini,
3260 5806 3397 5874 quod
3425 5805 3600 5862 adhue
