4152 6550
553 373 660 433 663'

1271 363 1330 424 S.
1367 361 1642 422 JOJNNlS
1668 350 2114 416 οηηγεοδτου

2224 349 2494 410 RCHIEP.
2531 351 3064 415 CONS'I'ANTINOP.
3701 355 3790 413 6“

533 485 589 541 in
631 485 820 542 eodem
848 490 1160 556 argumento
1190 480 1504 536 btereamus.
1552 476 1670 531 Non
1710 475 1851 530 enim
1896 483 2113 541 possum
2221 465 2274 520 ϐ.
2303 467 2380 538 7).
2413 468 2489 524 De
2533 467 2627 524 Dei
2672 476 2852 524 autem
2893 466 3059 537 gloria
3104 479 3208 520 non
3257 463 3356 556 sic,
3395 474 3453 520 at
3487 470 3788 536 (ιυαικιιυτ

537 577 814 632 mulierem
844 555 980 628 banc
1007 589 1069 626 ex
1101 557 1281 627 animo
1307 585 1428 626 meo
1471 570 1728 628 eximere,
1775 578 1941 634 usque
1980 560 2116 617 adeo
2231 556 2443 614 Verbum
2460 569 2624 614 autem
2645 558 2742 613 Dei
2765 561 2817 614 in
2837 569 3076 614 tetemm
3103 555 3434 630 mandaui.
3481 558 3575 614 4ο.
3608 558 3690 629 8).
3740 558 3792 612 id

539 670 762 724 formam
783 664 974 721 anima:
999 665 1114 735 ejus
1138 679 1201 719 ac
1227 660 1670 733 pulchritudinem
1696 655 1950 709 admiror.
1976 653 2112 706 Amo

531 761 674 816 enim
705 757 889 813 oculos
934 772 1220 826 numquam
1255 769 1358 807 non
1405 752 1543 804 inter
1583 743 1905 818 precandum
1936 743 2110 812 lacry-

537 861 766 917 mantes,
797 859 851 904 et
876 863 938 904 os
964 849 1203 918 labiaque
1232 861 1334 900 non
1363 842 1629 898 accersitis
1659 839 1791 892 fucis
1821 834 2110 897 rubricam,

533 943 629 998 sed
656 943 844 1013 gratiis
877 942 986 997 Deo
1014 940 1233 1010 agendis
1259 947 1442 992 ornata
1463 978 1478 1001 ,
1510 934 1682 1005 qualia
1712 941 1862 987 erant
1891 929 2113 1000 hujusce

535 1033 778 1088 mulieris
808 1073 825 1097 ,
874 1032 1023 1101 cujus
1072 1027 1461 1099 philosophiam
1511 1035 1784 1093 tantopere
1830 1020 2108 1075 admiror:

532 1125 774 1180 admiror
796 1133 970 1177 autem
1011 1121 1215 1190 magis,
1255 1118 1396 1190 quod
1429 1118 1618 1172 mulier
1661 1131 1780 1170 cum
1823 1121 2004 1176 esset,
2043 1109 2110 1164 ad

535 1219 676 1270 lumc
702 1215 917 1271 modum
949 1213 1318 1285 pbilnsophata
1345 1220 1426 1266 est
1449 1229 1463 1272 ;
1496 1209 1708 1273 mulier,
1731 1209 1967 1278 inquam,
1994 1219 2113 1275 qua:

533 1307 755 1360 mullum
802 1313 856 1361 et
902 1321 930 1359 a
975 1305 1155 1359 multis
1198 1303 1335 1358 male
1373 1301 1540 1356 audit.
1573 1303 1612 1354 Α
1640 1299 1878 1364 muliere,
1921 1291 2109 1365 inquit,

530 1398 733 1451 initium
777 1397 1004 1466 precati,
1036 1413 1125 1467 per
1163 1412 1276 1449 eam
1315 1411 1484 1451 omnes
1523 1393 1671 1446 morti
1700 1391 1902 1446 obnoxii
1937 1403 2112 1443 sumus

538 1488 723 1558 (Eccli.
748 1489 839 1544 25.
867 1488 958 1560 '53)
987 1508 1000 1544 :
1029 1499 1078 1543 et
1111 1490 1295 1544 iterum
1321 1506 1335 1540 :
1363 1487 1529 1541 Parva
1551 1496 1622 1540 est
1646 1484 1872 1554 qualibet
1895 1481 2111 1546 malitia,

531 1579 578 1633 si
607 1579 674 1631 ad
703 1579 923 1632 mulieris
950 1578 1193 1630 ntalitium
1233 1581 1522 1647 conferatur
1560 1575 1736 1647 (Ibid.
1766 1591 1813 1628 υ.
1869 1571 2005 1643 26).
2043 1569 2113 1626 Et

534 1671 729 1726 Paulus
753 1670 900 1734 dicit,
931 1670 1094 1723 Adam
1123 1670 1254 1724 enim
1283 1686 1382 1723 non
1409 1680 1480 1722 est
1506 1669 1762 1739 deceptus,
1804 1667 1985 1720 modia
2011 1682 2110 1722 att-

535 1771 634 1814 tem
661 1759 868 1826 decepta
906 1761 1174 1813 constituta
1213 1768 1286 1813 est
1323 1760 1374 1812 in
1420 1758 1831 1827 prmuaricatione
1857 1755 1950 1828 (1.
1976 1755 2107 1809 Tim.

533 1850 588 1904 2.
619 1851 732 1921 11).
759 1849 872 1907 Hoc
890 1859 972 1906 est
992 1865 1088 1905 cur
1113 1850 1256 1904 illam
1280 1849 1512 1904 maxime
1530 1848 1782 1913 adminer,
1808 1847 1946 1918 quod
1975 1846 2112 1901 banc

535 1939 961 1995 criminationem
989 1924 1236 2004 diluerit,
1266 1939 1406 2011 quod
1437 1940 1573 1994 hanc
1597 1939 1989 1996 accusationem
2021 1951 2111 1993 re-

532 2030 746 2108 iecerit,
773 2030 915 2102 quod
944 2047 1065 2086 cum
1103 2041 1249 2086 esset
1276 2046 1342 2086 ex
1369 2032 1617 2089 incusato
1647 2045 1798 2096 sexu,
1829 2028 2112 2099 opprobria

535 2121 634 2174 ista
661 2121 840 2175 omnia
875 2121 1210 2188 discusserit,
1238 2137 1409 2192 reque
1427 2121 1541 2192 ipsa
1570 2121 1832 2182 docuerit.
1863 2121 1981 2174 illas
2006 2133 2111 2174 non

534 2209 669 2264 tales
692 2219 877 2265 natura
905 2211 1088 2278 fuisse,
1111 2212 1204 2267 sed
1228 2212 1496 2266 voluntate
1521 2212 1837 2281 prepriaque
1862 2211 2108 2281 segnitie,

533 2306 590 2351 et
620 2298 742 2354 huic
768 2314 980 2372 quoque
1006 2302 1157 2356 sexui
1185 2299 1253 2355 ad
1274 2300 1484 2356 virtutis
1509 2299 1772 2370 fastigium
1799 2299 1963 2354 licere
1992 2313 2112 2368 per-

534 2392 760 2462 tingere.
793 2392 1198 2449 Contentiosum
1240 2392 1382 2447 enim
1413 2400 1494 2447 est
1537 2391 1638 2447 hoc
1675 2391 1872 2445 animal
1899 2399 1954 2446 et
1981 2404 2110 2460 pro-

535 2492 740 2534 tervum
759 2521 776 2546 ,
803 2493 858 2537 et
884 2483 928 2537 si
959 2482 1025 2538 ad
1051 2481 1306 2538 malitiam
1334 2480 1598 2542 declinet.
1630 2495 1820 2550 magna
1850 2481 1986 2537 mala
2019 2494 2113 2551 pa-

533 2580 681 2638 trat;
724 2573 767 2627 si
795 2573 862 2628 ad
892 2574 1140 2630 virtutem
1184 2588 1244 2630 se
1284 2574 1550 2643 applicet,
1581 2573 1756 2627 anima
1797 2573 1954 2628 citius
1992 2587 2111 2628 eam

531 2661 821 2730 destituat,
851 2679 1012 2734 quam
1044 2664 1372 2734 propositum
1399 2671 1587 2718 mutet.

603 2749 892 2823 Ezponitur
927 2755 1090 2808 Anne
1127 2753 1493 2809 cratim—ita
1534 2755 1691 2824 igitur
1739 2757 1853 2808 haec
1897 2769 2108 2826 quoque

533 2847 777 2910 naturam
816 2857 969 2898 suam
1009 2843 1297 2912 superavit,
1341 2844 1709 2900 necessitatem
1757 2846 2016 2915 pervicit,
2055 2853 2112 2902 et

532 2931 844 2987 assiduitate
882 2933 1130 3003 precandi
1174 2935 1344 2990 vulvae
1371 2937 1539 2991 sterili
1583 2937 1748 2992 lilium
1784 2939 2104 3009 impetravit.

532 3022 869 3092 Quapropter
903 3037 1114 3085 rursum
1159 3025 1225 3080 ad
1266 3040 1454 3096 preces
1493 3026 1768 3098 confugit,
1799 3029 1960 3084 etiam
1990 3038 2112 3100 post

535 3113 878 3184 impetratam
904 3117 1129 3186 gratiam
1157 3118 1224 3174 ad
1260 3118 1400 3174 hunc
1440 3119 1654 3175 modum
1685 3121 1909 3192 loquens
1934 3139 1948 3175 :
1970 3121 2110 3179 Con-

533 3204 794 3272 ﬁmm
816 3215 890 3260 est
913 3223 1000 3262 cor
1024 3224 1190 3263 meum
1216 3209 1268 3264 in
1293 3208 1531 3278 Domino,
1553 3213 1826 3267 mimum
1852 3223 1928 3268 est
1953 3229 2113 3269 com

533 3309 702 3350 meum
726 3296 782 3352 in
810 3295 919 3352 Deo
943 3314 1071 3359 meo.
1116 3299 1256 3368 Quid
1290 3302 1586 3372 slgniticeut
1611 3302 1726 3360 [nec
1755 3304 1915 3360 verba
1933 3346 1948 3370 ,
1973 3304 2111 3361 Cott-

535 3385 794 3455 ﬁrmatum
837 3396 910 3442 est
947 3405 1036 3442 eor
1069 3405 1234 3444 meum
1272 3391 1324 3444 in
1357 3390 1598 3458 Domino,
1638 3409 1810 3465 nuper
1846 3411 1935 3453 me
1969 3396 2111 3468 apud

533 3475 810 3533 raritatem
832 3488 1060 3535 vestram
1083 3480 1397 3538 disseruisse
1422 3484 1569 3538 scitis
1588 3483 1688 3555 (a):
1706 3498 1948 3557 superest
1971 3503 2113 3546 nunc

535 3574 597 3619 ut
618 3580 682 3621 ea
707 3581 826 3636 qua:
860 3567 1116 3640 deinceps
1147 3583 1474 3642 sequuntur,
1519 3575 1948 3647 interpretemur.
1975 3580 2112 3638 Cum

534 3655 678 3718 enim
703 3656 955 3724 dixisset,
993 3660 1356 3730 Conﬁrmant
1383 3674 1456 3719 est
1482 3681 1570 3720 cor
1593 3683 1756 3722 meum
1779 3669 1833 3723 in
1856 3667 2078 3725 Domino
2094 3711 2112 3738 ,

538 3761 662 3817 mox
691 3747 963 3816 subjunsit
984 3768 998 3804 :
1019 3749 1315 3808 Esauatum
1333 3765 1406 3809 est
1429 3771 1584 3810 cornu
1603 3773 1769 3812 meum
1785 3759 1839 3812 in
1855 3757 1963 3814 Deo
2003 3775 2118 3816 meo

543 3837 619 3908 (1.
662 3837 788 3910 Reg.
819 3839 874 3893 '2.
909 3841 980 3910 l).
1009 3840 1142 3910 Qui'd
1171 3854 1274 3910 est,
1304 3844 1473 3900 Cornu
1500 3847 1705 3902 meum
1730 3849 1938 3904 Etenim
1965 3850 2116 3907 Scri-

539 3935 691 4000 ptura
722 3929 821 3983 hac
849 3928 1084 3988 dictione
1107 3948 1250 4004 saepe
1275 3933 1350 3988 uti
1374 3936 1547 4003 solet;
1579 3937 1716 3993 sicut
1736 3941 1948 4009 quando
1965 3941 2115 4010 dicit,

543 4015 836 4072 Exeuntem
864 4030 938 4076 est
960 4036 1118 4076 cornu
1136 4023 1429 4095 sjusU’sal.
1450 4026 1536 4082 71.
1566 4029 1622 4082 11
1636 4031 1677 4096 ),
1703 4039 1755 4084 et
1781 4047 1794 4084 :
1822 4029 2116 4101 Entltatum

541 4117 616 4163 est
642 4125 799 4166 cornu
825 4112 1002 4166 ειη-ἰαὶ
1031 4114 1141 4182 ejus
1170 4114 1245 4184 (1.
1276 4115 1400 4188 Reg.
1427 4116 1482 4171 2.
1516 4118 1624 4187 10).
1652 4121 1787 4189 Quid
1815 4123 1974 4193 igitur
2000 4133 2118 4180 tan-

539 4212 662 4257 dem
689 4217 857 4265 cornu
887 4206 1160 4261 nominat!
1183 4207 1503 4275 Potentiam,
1524 4212 1766 4282 gloriam,
1795 4215 2114 4285 claritatem,

540 4308 570 4345 a
622 4292 790 4347 brutis
832 4296 1191 4352 animantibus
1230 4296 1368 4354 hanc
1403 4301 1766 4372 metaphoram
1811 4313 2114 4363 mutuatm:

543 4397 664 4437 nam
690 4383 830 4439 Dens
857 4388 1156 4443 ornamenti
1185 4403 1249 4444 ac
1273 4389 1363 4446 teli
1395 4391 1510 4447 vice
1532 4407 1730 4449 cornua
1761 4395 1864 4451 illis
1892 4396 2117 4466 addidit,

540 4475 733 4542 quibus
773 4477 983 4532 amissis
1015 4480 1336 4550 pmipuam
1369 4483 1558 4538 virium
1597 4493 1803 4556 partem
1829 4488 2115 4544 amittunt:

543 4575 598 4619 et
625 4567 763 4643 sicut
791 4569 1010 4625 inermis
1037 4572 1223 4637 miles,
1256 4575 1326 4629 ita
1355 4584 1408 4631 et
1439 4585 1622 4632 taurus
1647 4576 1846 4649 absque
1869 4583 2120 4639 cornibus

549 4655 796 4726 perfacile
820 4659 1046 4730 capitur.
1077 4660 1219 4720 Nihil
1248 4663 1404 4734 igitur
1429 4665 1572 4722 aliud
1597 4667 1727 4724 dicit
1754 4668 1870 4726 hac
1895 4672 2117 4741 mulier,

543 4764 723 4813 quam,
752 4749 989 4804 Exaltata
1011 4759 1092 4806 est
1109 4751 1277 4822 gloria
1307 4769 1443 4810 mea.
1467 4755 1534 4811 Et
1558 4760 1826 4827 quomodo
1847 4761 2076 4822 esaltata
2095 4763 2122 4817 τ

550 4845 613 4895 In
644 4840 754 4896 Deo
781 4857 888 4896 meo
907 4883 920 4906 ,
966 4842 1156 4913 inquit.
1187 4844 1312 4900 Ideo
1353 4847 1406 4902 in
1437 4854 1548 4902 tuto
1571 4857 1655 4928 est
1684 4849 1799 4905 haec
1826 4851 2120 4921 celsitudo,

547 4943 745 5004 ntqum
795 4934 1001 4990 iirmam
1045 4945 1205 5008 atque
1249 4936 1576 4995 immobilem
1625 4940 1858 4998 radicem
1909 4943 2121 5002 habeat.

545 5022 723 5079 Gloria
767 5028 909 5079 enim
950 5041 1070 5096 qua:
1113 5035 1198 5082 est
1238 5027 1308 5083 ab
1347 5029 1671 5096 hominibus,
1716 5033 2123 5105 gloriﬁcautium

546 5114 800 5169 vilitatem
833 5117 1067 5172 imitatur
1089 5158 1104 5184 ,
1149 5117 1291 5175 unde
1321 5118 1380 5174 fit
1407 5131 1466 5177 ut
1492 5123 1646 5181 facile
1671 5126 2040 5194 subvertatur;
2069 5140 2126 5188 at

549 5223 654 5261 non
675 5205 755 5260 sic
776 5206 867 5262 Dei
889 5207 1186 5276 gloria.sed
1209 5211 1495 5268 immobilis
1515 5226 1694 5272 manet
1714 5218 1765 5273 in
1786 5229 2124 5290 perpetuum.

550 5302 722 5368 Atque
752 5297 867 5355 base
898 5307 1121 5364 utraque
1165 5303 1423 5376 propheta
1468 5305 1783 5376 declarans,
1833 5319 1940 5366 tam
1987 5312 2129 5371 illius

549 5389 904 5456 debilitatem,
951 5408 1112 5462 quam
1160 5394 1313 5464 hujus
1360 5395 1687 5464 firmitatem,
1732 5401 1810 5455 sic
1857 5397 2124 5473 loquitur:

555 5479 733 5536 Omnis
757 5498 876 5536 me
901 5484 1088 5552 [cum
1111 5525 1127 5550 ,
1166 5497 1212 5540 et
1241 5488 1404 5541 ontnis
1428 5486 1593 5558 σίου-ἕο
1623 5487 1836 5549 hominis
1870 5501 2127 5561 tanquam

553 5572 647 5638 ﬂos
674 5571 814 5638 [αἱ.
842 5569 1054 5626 Exarsit
1081 5577 1286 5644 frenum,
1321 5587 1365 5629 et
1390 5577 1486 5646 ﬂos
1514 5577 1625 5646 ejus
1647 5577 1830 5634 decidit
1858 5580 2009 5640 (lui.
2033 5584 2123 5640 40.

554 5704 688 5826 erg.)
1019 5708 1068 5757 in
1104 5721 1201 5772 Quo
1241 5709 1341 5760 hac
1385 5709 1766 5775 esplicabantnr,
1805 5713 1888 5779 qui
1931 5725 2130 5781 quam

2217 652 2358 720 quod
2377 653 2459 708 vel
2486 654 2538 707 in
2561 653 2660 708 hac
2679 652 2904 707 muliere
2933 661 3098 722 patet.
3132 651 3296 720 [leges
3315 649 3458 706 enim
3479 661 3532 707 et
3551 650 3718 706 duces
3741 661 3790 706 et

2217 743 2478 814 dynastm,
2499 745 2590 813 qui
2619 744 2752 799 nihil
2777 757 2880 798 non
2908 750 3193 808 tentarunt,
3217 752 3276 797 ut
3297 743 3653 799 immortalem
3675 754 3794 814 post

2217 849 2276 889 se
2307 835 2671 902 relinquerent
2717 835 3028 890 memoriam
3053 874 3071 901 ,
3115 833 3354 902 sepulcra
3381 834 3484 889 sibi
3513 833 3790 904 splendida

2216 925 2720 991 exmdiiicaveruut,
2777 935 2830 982 et
2879 933 3082 980 statuas
3128 934 3290 994 atque
3339 923 3545 994 efllgies
3599 925 3788 979 multas

2218 1017 2400 1071 multis
2427 1017 2478 1070 in
2509 1017 2640 1071 locis
2672 1027 2983 1086 posuerunt,
3015 1021 3071 1072 et
3101 1030 3268 1072 rerum
3296 1026 3572 1086 gestarum
3599 1033 3786 1072 monu-

2218 1114 2398 1160 menta
2445 1106 2722 1160 innumera
2768 1107 3132 1174 reliquerunt,
3181 1120 3323 1160 nunc
3369 1113 3614 1162 tacentur
3642 1116 3699 1162 et
3727 1121 3789 1162 ne

2217 1199 2431 1253 nomine
2455 1198 2668 1268 quidem
2699 1199 2808 1252 noti
2852 1207 3015 1253 sunt:
3041 1198 3147 1252 hac
3173 1209 3350 1255 autem
3378 1201 3569 1256 mulier
3597 1200 3789 1270 ubique

2214 1291 2448 1360 gentium
2475 1306 2614 1345 nunc
2637 1290 2965 1357 celebratur;
2993 1301 3049 1347 et
3077 1289 3181 1345 tivo
3227 1292 3280 1346 in
3324 1290 3596 1364 Scythiam
3630 1293 3788 1362 proli.

2214 1384 2435 1438 ciscaris
2459 1424 2473 1447 ,
2504 1385 2618 1439 sive
2645 1384 2698 1438 in
2729 1383 3019 1456 Egyptum
3045 1425 3063 1451 ,
3098 1385 3212 1439 sive
3240 1385 3296 1439 in
3323 1383 3549 1451 Indiam,
3580 1385 3696 1441 sive
3721 1386 3787 1439 ad

2216 1472 2364 1541 ipsos
2387 1473 2534 1526 orbis
2559 1472 2837 1536 terminos,
2855 1487 3044 1528 omnes
3061 1471 3247 1529 audies
3271 1482 3418 1543 gesta
3444 1474 3560 1543 ejus
3589 1473 3786 1529 decan-

2217 1572 2388 1618 tantes
2412 1582 2427 1619 :
2448 1564 2678 1635 denique
2688 1575 2961 1635 .quantum
2989 1573 3240 1623 terrarum
3265 1579 3304 1620 δ
3325 1566 3439 1621 sole
3467 1567 3784 1634 illustratur,

2216 1664 2384 1710 totum
2435 1655 2535 1710 hoc
2580 1656 2733 1714 Anna
2763 1670 2855 1711 sua
2885 1655 3048 1726 gloria
3069 1665 3318 1726 occupat.
3347 1655 3457 1713 Nec
3485 1657 3586 1712 hoc
3613 1658 3786 1720 solum

2213 1747 2566 1802 admiratione
2592 1747 2810 1818 dignum
2837 1758 2917 1803 est
2937 1789 2954 1814 ,
2992 1747 3123 1819 quod
3155 1749 3354 1819 ubique
3384 1760 3648 1805 terrarum
3673 1749 3786 1805 hac

2215 1839 2413 1892 mulier
2436 1839 2679 1903 canitur;
2729 1837 2822 1893 sed
2866 1821 3008 1908 quod
3031 1838 3345 1907 sapientiam
3373 1839 3490 1909 ejus
3512 1853 3577 1894 ac
3606 1840 3787 1911 longa-

2215 1927 2509 1982 nimitatem
2542 1936 2596 1982 et
2623 1927 2954 1982 tolerantiam
2987 1942 3166 1983 smnes
3195 1937 3390 1984 norunt
3411 1970 3427 1989 ,
3459 1929 3510 1983 in
3536 1929 3745 2000 oppidis
3765 1967 3783 1993 ,

2215 2019 2267 2072 in
2292 2019 2460 2088 agris,
2489 2019 2540 2072 in
2568 2019 2836 2087 domibus,
2864 2019 2916 2075 in
2945 2020 3145 2082 castris,
3176 2019 3227 2074 iu
3259 2021 3501 2084 navibus,
3533 2021 3586 2075 in
3612 2020 3782 2076 offici-

2216 2108 2319 2173 nis,
2347 2109 2577 2178 denique
2620 2123 2877 2180 nusquam
2925 2125 3018 2164 nm
3049 2109 3238 2166 laudes
3259 2111 3378 2180 ejus
3405 2111 3607 2167 audies.
3639 2112 3780 2180 Quo-

2217 2200 2313 2254 ties
2351 2201 2494 2254 enim
2537 2201 2740 2255 clarum
2789 2201 3006 2272 aliquem
3055 2201 3283 2258 reddere
3332 2202 3442 2258 Dio
3490 2205 3782 2273 placuerit,

2215 2291 2424 2345 etiamsi
2471 2305 2614 2346 mors
2665 2293 2990 2357 interveniat,
3012 2302 3105 2346 aut
3151 2292 3425 2364 longitudo
3461 2305 3781 2363 temporum.

2213 2393 2304 2438 aut
2328 2383 2538 2454 quidvis
2562 2383 2704 2438 aliud
2731 2424 2745 2450 ,
2777 2394 2955 2440 manet
2967 2391 3143 2439 tamen
3170 2385 3337 2455 gloria
3363 2385 3505 2441 illius
3528 2395 3786 2456 perpetuo

2214 2473 2415 2530 florens
2437 2515 2452 2540 ,
2498 2485 2552 2530 et
2599 2476 2892 2531 claritatem
2920 2474 3026 2546 ejus
3065 2476 3352 2532 obscurare
3381 2479 3574 2548 poterit
3604 2493 3778 2532 nemo.

2215 2565 2364 2621 lianc
2388 2567 2457 2622 ob
2478 2583 2591 2622 rem
2619 2577 2674 2623 et
2703 2569 2814 2637 ipsa
2841 2567 3082 2623 erudiens
3105 2567 3398 2636 auditores,
3421 2569 3561 2639 quod
3584 2584 3690 2627 non
3715 2570 3780 2623 sit

2214 2659 2625 2731 confugiendum
2665 2661 2730 2715 ad
2759 2660 2873 2716 hac
2910 2659 3036 2715 nisa
3056 2699 3074 2726 ,
3117 2661 3210 2716 sed
3237 2661 3306 2717 ad
3329 2677 3454 2717 cum
3479 2677 3507 2712 a
3536 2677 3644 2732 quo
3669 2677 3777 2721 ocr-

2217 2753 2420 2807 tissime
2453 2753 2588 2807 bona
2615 2767 2924 2822 speramus,
2943 2760 3217 2808 auctorem
3247 2751 3407 2822 hujus
3435 2752 3622 2823 gloria:
3651 2751 3782 2808 indi-

2213 2851 2322 2899 cat.
2351 2841 2484 2899 Ctlm
2524 2843 2665 2898 enim
2696 2843 2937 2902 dixisset.
2968 2840 3332 2911 Con/innatum
3366 2852 3441 2897 est
3491 2859 3580 2897 cor
3621 2859 3780 2896 meum

2211 2935 2266 2988 in
2293 2931 2547 2999 Domino,
2579 2933 2888 3003 subjunxit,
2921 2929 3202 2987 imitatum
3227 2942 3299 2988 est
3323 2948 3482 2988 cornu
3519 2949 3690 2988 meum
3722 2936 3780 2989 in

2213 3025 2325 3082 Deo
2353 3027 2735 3097 meo:duplicia
2766 3026 2914 3082 nobis
2937 3024 3023 3080 bis
3048 3023 3225 3081 verbis
3251 3023 3602 3080 subindicans
3624 3024 3778 3088 bona,

2213 3137 2334 3191 qua:
2359 3137 2465 3175 non
2496 3130 2700 3176 temere
2724 3118 2881 3174 simul
2901 3116 2994 3172 uni
3020 3117 3354 3188 contingunt.
3382 3115 3516 3172 Nam
3541 3123 3599 3172 et
3621 3130 3652 3169 a
3683 3114 3780 3170 llu-

2215 3210 2470 3277 minibus,
2503 3211 2675 3282 inquit
2694 3252 2709 3276 ,
2739 3210 2950 3266 libeata
2976 3222 3120 3276 sum,
3151 3206 3496 3280 ignominiam
3525 3205 3782 3278 deposui,

2215 3305 2560 3360 securitatem
2612 3311 2772 3374 atque
2815 3301 3063 3356 honorem
3107 3308 3436 3370 consequuta
3478 3313 3635 3375 sum._
3660 3296 3784 3354 llaec

2214 3403 2393 3450 autem
2417 3402 2644 3464 utraque
2663 3407 2771 3448 non
2797 3390 2938 3448 futile
2957 3390 3198 3446 invenias
3213 3389 3265 3444 in
3287 3404 3452 3444 unum
3472 3387 3780 3445 convenire.

2214 3484 2363 3540 Multi
2394 3484 2537 3541 eriim
2565 3500 2596 3552 a
2624 3481 2866 3554 pericula
2907 3479 3227 3547 liberantur,
3273 3480 3560 3551 gloriosam
3607 3489 3782 3533 tamen

2216 3575 2379 3630 vitam
2407 3589 2513 3630 non
2558 3575 2758 3631 habent
2785 3570 2905 3629 :alii
2947 3577 3134 3627 antra
3159 3570 3327 3641 gloria
3351 3568 3569 3640 quidem
3594 3576 3648 3624 et
3673 3567 3784 3631 cla-

2217 3665 2377 3721 ritate
2402 3663 2670 3728 fruuntur,
2703 3662 2938 3736 pauculis
2961 3670 3141 3719 tamen
3165 3660 3238 3720 ob
3265 3663 3403 3716 hanc
3428 3659 3650 3731 gloriam
3677 3673 3780 3713 non

2217 3767 2422 3812 carent.
2448 3756 2607 3813 Verbi
2633 3756 2817 3828 gratia,
2835 3753 2988 3809 multi
3007 3768 3152 3825 sepe
3167 3752 3218 3808 in
3237 3766 3514 3808 carcerem
3530 3750 3781 3819 coniecti,

2219 3847 2477 3914 adulteri,
2504 3848 2722 3904 veneﬁci
2740 3845 3137 3916 ,sepulerorum
3162 3843 3528 3916 perfossorcs,
3560 3843 3782 3912 aliisque

2220 3939 2482 3995 similibus
2515 3939 2812 3996 criminilns
2851 3937 3103 4002 obnoxii,
3139 3935 3334 3992 deinde
3374 3935 3597 4005 iubente
3641 3933 3782 4005 regia

2219 4029 2500 4084 clementia
2527 4029 2730 4085 dimissi
2747 4037 2871 4083 sunt
2899 4027 3059 4084 inde:
3084 4027 3138 4082 hi
3163 4042 3194 4084 a
3219 4042 3378 4098 pinna
3405 4026 3620 4099 quidem
3649 4026 3782 4081 Iibe-

2219 4121 2317 4173 rati
2343 4131 2464 4173 sunt
2485 4162 2501 4182 ,
2530 4131 2770 4177 cauerint
2817 4119 3009 4188 probra
3047 4135 3140 4173 sua
3178 4134 3286 4174 non
3313 4119 3697 4187 aboleveruut,
3730 4128 3785 4174 et

2218 4208 2452 4267 dedecus
2473 4224 2569 4267 eos
2593 4224 2868 4282 numqmm
2895 4225 3004 4267 non
3032 4210 3396 4282 consequitur.
3428 4210 3531 4265 Alii
3563 4211 3659 4266 viri
3688 4211 3785 4265 mi-

2220 4300 2403 4358 litares
2449 4316 2516 4358 ac
2566 4302 2842 4373 generosi,
2895 4303 3238 4373 conspicuam
3290 4311 3450 4372 atque
3499 4300 3786 4372 gloriosam

2221 4391 2430 4448 vivendi
2457 4393 2716 4449 rationem
2742 4393 2980 4462 auplesi,
3000 4393 3204 4450 bellicis
3230 4391 3480 4462 periculis
3505 4405 3624 4447 sese
3648 4390 3789 4463 obji-

2221 4485 2456 4551 cientes,
2496 4485 2656 4540 multa
2699 4499 2830 4556 saepe
2860 4485 3075 4540 vulnera
3106 4483 3371 4552 accipiunt
3393 4522 3409 4546 ,
3439 4490 3495 4537 et
3520 4492 3790 4554 postrema

2224 4573 2502 4628 immatura
2556 4585 2725 4631 morte
2764 4575 3324 4644 alsumunturutquc
3354 4572 3406 4627 hi
3453 4587 3561 4642 pra:
3602 4572 3788 4643 gloria:

2222 4679 2405 4735 amore
2431 4651 2714 4723 securitate
2743 4684 2802 4724 se
2819 4667 2917 4738 ipsi
2951 4667 3244 4736 privarunt.

2293 4760 2348 4815 4.
2380 4759 2514 4816 Huic
2541 4774 2668 4814 vero
2711 4757 2906 4816 mdieri
2953 4759 3068 4812 lucc
3094 4767 3318 4828 utraque
3344 4753 3707 4825 contigerunt,
3737 4761 3796 4808 ut

2224 4865 2342 4920 quze
2367 4858 2422 4904 et
2447 4849 2730 4905 securitate
2765 4848 2910 4906 dmul
2957 4857 3012 4904 et
3037 4848 3205 4918 gloria
3238 4849 3400 4916 potita
3427 4857 3529 4901 est.
3562 4845 3704 4901 Idem
3741 4855 3796 4899 et

2227 4940 2396 4996 tribus
2426 4940 2530 4995 illis
2551 4940 2728 5010 pueris
2741 4939 2933 4995 accidit
2955 4937 3116 5009 (Dan.
3147 4938 3206 5007 3)
3237 4959 3251 4993 ε
3280 4953 3402 4992 nam
3425 4947 3483 4992 et
3502 4936 3796 5006 periodum

2226 5043 2511 5090 evaserunt
2538 5050 2570 5090 c
2592 5049 2721 5106 rogo
2747 5031 2967 5098 lberali,
2995 5041 3050 5088 et
3076 5031 3307 5087 illustres
3333 5038 3460 5086 sunt
3482 5029 3629 5098 facti,
3658 5030 3798 5101 quod

2226 5126 2613 5196 snpernaturali
2635 5126 2785 5181 math
2812 5123 2967 5195 hujus
2992 5123 3241 5180 clementi
3272 5122 3562 5192 potentiam
3579 5135 3802 5194 supera-

2228 5222 2448 5275 vissent.
2469 5219 2548 5276 Ad
2571 5219 2711 5276 hunc
2725 5233 2848 5278 sane
2871 5219 3086 5274 modum
3103 5217 3194 5272 Dei
3212 5215 3467 5273 beneﬁcia
3487 5231 3548 5273 se
3569 5216 3794 5277 habent:

2229 5311 2386 5366 simul
2415 5313 2557 5366 enim
2583 5321 2638 5368 et
2660 5320 2816 5368 tuum
2838 5321 2893 5366 et
2921 5309 3180 5366 illustrem
3209 5308 3431 5381 largitur
3454 5309 3647 5384 vitam,
3663 5308 3801 5379 quid

2231 5402 2443 5470 quidem
2470 5411 2747 5473 utrumque
2777 5401 2890 5456 hac
2911 5401 3023 5471 ipsa
3063 5399 3292 5456 innueus
3316 5399 3527 5458 dicebat
3558 5415 3574 5454 :
3599 5397 3804 5467 Coth-

2232 5505 2425 5548 metum
2450 5504 2526 5549 est
2553 5511 2641 5548 cor
2682 5507 2844 5550 nam
2865 5493 2919 5547 in
2948 5491 3188 5550 Domino.
3229 5493 3512 5547 miletum
3546 5502 3621 5547 est
3641 5508 3805 5552 seru

2233 5601 2399 5641 meum
2439 5586 2491 5639 in
2519 5584 2627 5641 Deo
2651 5601 2773 5642 nec.
2801 5584 2908 5640 Nec
2931 5584 3244 5655 simpliciter
3269 5581 3424 5641 dixit.
3447 5576 3516 5634 fa
3545 5577 3672 5644 Deo,
3698 5579 3811 5637 sed.

2238 5675 2305 5731 In
2333 5676 2438 5730 Deo
2466 5693 2594 5741 meo,
2645 5675 2738 5736 sibi
2783 5675 2883 5746 ipsi
2911 5689 3175 5744 usurpans
3215 5689 3362 5740 eum,
3404 5675 3496 5745 qui
3553 5674 3650 5731 toti
3693 5673 3806 5728 orbi

2235 5779 2508 5833 terrarum
2546 5767 2838 5830 communis
2881 5775 2982 5827 est.
3015 5765 3127 5823 lloc
3162 5775 3342 5824 autem
3385 5764 3516 5825 facit
3540 5779 3646 5824 non
3668 5761 3813 5821 illius
