4152 6502
301 432 414 496 ωδ

298 831 485 885 liarcm
535 841 774 879 amorem
822 840 931 894 pne
975 838 1034 879 se
1078 823 1219 878 ferre
1246 822 1451 878 volunt.
1500 820 1592 876 Sic
1630 828 1688 875 et
1732 819 1894 875 David

293 923 526 986 dicebat,
560 922 718 980 Deus,
749 918 885 973 Deus
915 933 1074 981 meus,
1102 916 1172 968 ad
1194 926 1240 968 te
1263 930 1409 968 mam
1428 913 1579 984 vigilo
1604 910 1773 983 (Psal.
1802 910 1891 966 62.

294 1013 373 1085 1).
406 1011 692 1067 Nominata
720 1010 863 1065 enim
890 1006 1160 1063 communi
1188 1006 1308 1075 ejus
1326 1004 1713 1068 dominatione,
1742 1002 1894 1058 addi-

289 1104 370 1159 dit
395 1118 514 1158 eam
554 1118 658 1173 qua
705 1099 1045 1170 peculiariter
1070 1106 1379 1151 sanctorum
1409 1096 1666 1150 Dominus
1695 1103 1795 1149 est.
1827 1094 1895 1149 Et

290 1212 527 1257 rursum.
563 1193 696 1248 Deus
722 1209 883 1251 meus.
930 1190 1133 1245 intende
1162 1190 1213 1243 in
1241 1204 1353 1253 me;
1382 1204 1541 1258 quare
1582 1187 1893 1258 dereliquists'

286 1306 372 1343 me
393 1286 566 1359 (Psal.
596 1285 689 1341 2|.
730 1283 827 1358 ην
858 1284 923 1338 Ει
949 1298 1183 1348 rursum,
1215 1280 1396 1335 Dicam
1442 1279 1569 1343 Deo,
1622 1278 1890 1334 Protectar

286 1394 430 1433 meus
454 1394 505 1431 es
536 1374 707 1447 (ρωι.
731 1374 821 1431 90.
840 1373 900 1445 2)
925 1396 939 1430 :
962 1376 1154 1428 anima:
1174 1375 1320 1427 enim
1346 1371 1603 1427 ferventis
1622 1384 1890 1426 accensa:-

284 1486 390 1540 que
438 1467 706 1523 desiderio
734 1476 858 1520 sunt
901 1465 1017 1520 hmo
1064 1466 1246 1519 verba.
1281 1463 1426 1519 Idem
1454 1472 1509 1517 et
1552 1462 1667 1517 hac
1697 1462 1889 1517 mulier

284 1559 411 1615 fecit
459 1555 725 1613 Geterum
755 1556 998 1611 homines
1028 1555 1097 1609 ita
1130 1556 1302 1609 facere
1331 1553 1464 1608 nihil
1494 1556 1724 1609 mirum:
1762 1568 1885 1608 cum

282 1654 415 1707 'vero
456 1650 625 1705 Deum
672 1649 775 1703 hoc
822 1649 997 1718 ipsum
1046 1646 1220 1701 facere
1271 1645 1488 1710 videris,
1543 1656 1653 1699 tum
1694 1645 1887 1700 merito

283 1740 632 1810 obstupeﬁas.
664 1738 1125 1809 Quemadmodum
1150 1739 1291 1791 enim
1316 1736 1369 1790 hi
1398 1752 1504 1791 non
1528 1742 1884 1792 iit-commune

282 1830 431 1885 illum
481 1830 753 1895 invocant,
798 1830 1072 1898 preprium
1134 1827 1395 1891 faciendo,
1428 1842 1583 1883 suum
1611 1844 1735 1884 eum
1762 1842 1883 1884 esse

282 1926 468 1980 volunt
502 1944 517 1980 :
550 1925 619 1979 ita
645 1933 702 1980 et
749 1924 860 1993 ipse
904 1936 1009 1977 non
1037 1922 1213 1977 solum
1240 1922 1597 1975 communiter
1626 1937 1726 1975 una
1758 1912 1880 1977 cum

278 2016 402 2070 aliis
425 2030 613 2083 eorum
658 2015 819 2069 etiam
867 2014 1037 2068 Deum
1066 2028 1124 2067 se
1168 2012 1465 2081 proﬁtetur,
1507 2012 1601 2067 sed
1630 2013 1881 2082 privatim

279 2108 537 2178 ipsorum.
568 2106 903 2177 Quapropter
930 2106 1163 2169 dicebat,
1191 2104 1303 2177 Ego
1326 2122 1438 2160 sum
1461 2104 1597 2159 Deus
1623 2106 1883 2161 Abraham

279 2211 328 2256 et
363 2199 512 2255 Isaac
532 2210 579 2255 et
607 2200 770 2253 Iacob
802 2199 993 2269 (Exod.
1018 2200 1071 2254 5.
1098 2198 1155 2270 6)
1189 2217 1203 2252 :
1236 2215 1341 2254 non
1372 2198 1696 2255 contrahens
1721 2214 1880 2255 suum

278 2293 589 2363 imperium,
623 2291 716 2347 sed
744 2292 1038 2346 extendens
1068 2291 1279 2361 potius;
1310 2307 1417 2346 non
1445 2293 1587 2346 enim
1610 2301 1718 2347 tam
1735 2292 1878 2348 mul-

278 2384 506 2438 titudine
554 2383 911 2449 subditorum,
950 2399 1108 2452 quam
1153 2398 1338 2437 eorum
1370 2384 1566 2438 virtute
1616 2392 1879 2439 monstrat

279 2476 561 2547 imperium
604 2493 801 2541 suum;
853 2493 1025 2546 neque
1065 2486 1266 2531 tantum
1317 2476 1455 2531 Deus
1497 2476 1634 2538 cadi,
1679 2486 1874 2544 terrm,

274 2567 440 2621 maris
464 2576 521 2622 et
560 2583 748 2623 eorum
777 2583 896 2636 qua:
940 2570 990 2622 in
1040 2568 1119 2622 eis
1162 2576 1287 2622 sunt
1333 2567 1588 2636 appellari
1635 2566 1831 2638 gaudet
1857 2608 1873 2633 ,

275 2667 529 2728 quantum
560 2658 606 2713 si
629 2659 772 2713 Deus
798 2660 1068 2713 Abraham
1100 2672 1154 2713 et
1184 2658 1328 2713 lsaac
1359 2668 1413 2714 ct
1438 2658 1605 2714 Jaeob
1633 2670 1871 2714 vocetur.

274 2748 343 2804 Et
370 2748 513 2819 quod
554 2748 607 2804 in
638 2748 945 2806 hominibus
984 2764 1088 2804 non
1133 2749 1391 2817 solemus,
1440 2749 1493 2803 in
1537 2750 1646 2805 Deo
1690 2750 1874 2807 videre

275 2839 421 2894 licet.
460 2841 699 2911 Exempli
729 2857 890 2895 causa
924 2863 935 2896 :
964 2841 1104 2912 apud
1135 2840 1381 2897 homines
1404 2857 1432 2894 a
1465 2841 1697 2897 dominis
1722 2844 1871 2898 servi

271 2932 690 3001 appellationem
718 2942 956 2997 sumunt,
1006 2944 1060 2989 et
1088 2934 1157 2987 ita
1188 2948 1378 2989 omnes
1425 2950 1490 2989 ex
1516 2949 1666 2988 more
1693 2934 1870 3004 loqui-

271 3036 394 3077 mur
426 3043 439 3077 :
476 3022 565 3077 Ille
596 3023 681 3079 vel
726 3024 814 3080 ille
858 3035 1172 3095 procurator
1199 3032 1295 3079 aut
1320 3024 1661 3094 dispensator
1690 3025 1868 3093 illius,

271 3112 356 3167 vel
387 3112 528 3166 illius
554 3113 708 3168 ducis
725 3123 783 3168 et»
806 3114 1043 3184 praefecti
1073 3129 1087 3163 :
1123 3129 1281 3168 nemo
1304 3123 1485 3168 autem
1509 3113 1585 3168 sic
1612 3115 1866 3185 loquitur.

271 3204 367 3259 Ille
398 3205 480 3259 vel
505 3204 595 3259 ille
612 3205 903 3275 pmfectus
923 3208 1069 3265 illius
1088 3210 1449 3277 procuratoris
1476 3216 1566 3261 aut
1586 3207 1871 3277 dispensa-

270 3296 402 3349 toris
434 3316 446 3352 :
475 3296 568 3351 sed
600 3298 839 3352 minores
882 3316 910 3351 a
942 3298 1235 3367 majoribus
1265 3313 1481 3367 semper
1516 3298 1865 3355 denominare

265 3388 665 3441 consuevimus.
700 3387 777 3441 Dc
817 3388 926 3442 Deo
952 3397 1131 3443 autem
1171 3399 1356 3443 contra
1404 3389 1461 3444 ﬁt
1496 3405 1646 3444 :non
1691 3388 1865 3444 solum

265 3478 415 3534 enim
446 3479 715 3535 Abraham
760 3480 853 3536 Dei
884 3496 1024 3546 esse,
1074 3482 1167 3537 sed
1198 3482 1340 3537 Deus
1383 3483 1542 3537 etiam
1574 3481 1863 3536 Abrabami

264 3568 494 3636 dicitur,
526 3578 685 3642 atque
717 3573 785 3625 ita
827 3573 1081 3627 Dominus
1121 3589 1148 3626 a
1192 3587 1351 3628 servo
1397 3574 1717 3629 nominatur.
1754 3574 1866 3631 Hoc

264 3662 410 3718 idem
455 3662 615 3734 igitur
659 3673 716 3720 et
758 3664 954 3719 Paulus
1000 3680 1119 3720 cum
1166 3665 1552 3730 admiraretur,
1601 3665 1861 3723 dicebat:

264 3755 606 3821 Quamobrem
645 3774 747 3812 non
796 3759 1041 3812 erubescit
1096 3757 1233 3813 Deus
1277 3759 1606 3831 vocariDeus
1636 3760 1863 3831 ipsorum

262 3847 453 3921 (Hebr.
503 3851 587 3904 Η.
635 3849 745 3923 i6).
797 3850 913 3905 Non
959 3852 1245 3916 erubescit,
1296 3851 1483 3922 inquit,
1539 3852 1792 3907 Dominus
1830 3866 1862 3907 a

260 3942 437 3998 servis
464 3942 879 4014 appellationem
912 3958 1143 3997 sumere.
1190 3942 1366 4011 Quare
1416 3958 1521 3997 non
1552 3943 1862 3998 erubescit?

260 4030 349 4086 dic
375 4032 661 4088 rationem.
694 4032 953 4088 Nimirum
982 4044 1039 4088 ut
1064 4044 1118 4089 et
1143 4050 1238 4088 nos
1266 4050 1391 4089 eum
1413 4035 1698 4090 imitemur.
1728 4036 1862 4102 Quia

260 4122 485 4191 hospites
510 4133 670 4187 erant,
707 4124 895 4193 inquit,
928 4135 972 4179 et
1015 4128 1221 4179 advenae
1250 4125 1408 4198 (Ibid.
1445 4143 1489 4180 υ.
1544 4128 1656 4198 15).
1701 4128 1861 4197 Atqui

258 4212 345 4267 vel
375 4213 447 4266 ob
470 4215 571 4269 hoc
595 4215 765 4285 ipsum
793 4218 1113 4273 erubescere
1140 4219 1419 4287 Oportebat
1453 4238 1467 4273 :
1497 4220 1691 4289 hospes
1714 4220 1857 4274 enim

260 4305 383 4360 vilis
412 4316 465 4361 et
492 4309 919 4363 contemnendus
948 4325 1068 4365 esse
1100 4312 1325 4365 videtur.
1348 4313 1417 4365 At
1446 4312 1522 4366 illi
1552 4311 1720 4366 sancti
1750 4328 1855 4366 non

258 4409 328 4451 eo
352 4396 514 4451 modo
565 4397 805 4467 hospites
834 4411 1005 4466 erant,
1034 4417 1141 4471 quo
1191 4418 1289 4457 nos
1331 4412 1598 4473 putamus,
1629 4403 1721 4457 sed
1754 4405 1859 4459 alio

256 4486 493 4557 quodam
539 4489 758 4543 minime
787 4491 1011 4561 vulgari.
1043 4492 1149 4548 Nos
1192 4494 1431 4562 Ιιοειιίιεε
1459 4509 1552 4551 eos
1586 4496 1860 4564 appellare

259 4575 521 4640 solemus,
556 4580 643 4647 qui
676 4579 863 4633 relicta
894 4596 985 4635 sua
1018 4584 1184 4651 patria
1217 4584 1270 4636 in
1316 4585 1544 4640 alienam
1586 4588 1857 4655 regionem

260 4670 581 4737 perveniunt
607 4692 618 4725 :
646 4671 716 4725 illi
744 4687 872 4727 vero
903 4690 1006 4729 non
1039 4676 1104 4729 ita
1134 4686 1287 4731 erant
1316 4680 1571 4747 hospites,
1602 4680 1695 4733 sed
1717 4679 1859 4750 quod

257 4758 446 4812 orbem
493 4761 806 4815 universum
852 4764 1212 4833 despicerent,
1259 4778 1311 4821 et
1360 4784 1577 4836 parvam
1613 4778 1861 4838 putarent

256 4863 380 4904 esse
410 4858 628 4913 terram,
653 4852 717 4907 ad
734 4854 1003 4910 omleStem
1029 4858 1168 4911 illam
1188 4859 1455 4918 civitatem
1478 4862 1856 4929 respiciebant,

258 4953 366 4992 non
396 4945 720 5012 arrogantia,
762 4946 857 5001 sed
886 4951 1323 5018 magnanimitate
1349 4968 1362 5017 ;
1394 4968 1497 5007 nun
1533 4954 1816 5009 insolentia
1838 4998 1854 5024 ,

256 5034 354 5086 sed
395 5047 614 5104 propter
640 5040 915 5107 sapientia:
942 5042 1199 5121 studium.
1232 5045 1518 5115 Postquam
1550 5050 1691 5102 enim
1725 5065 1857 5103 con—

259 5124 498 5193 (emplati
530 5137 653 5182 sunt
698 5138 907 5187 terrena
940 5134 1219 5204 universa,
1266 5147 1319 5191 et
1364 5140 1858 5197 animadverterunt

259 5213 401 5270 fluxa
432 5235 549 5273 esse
574 5229 629 5274 et
656 5224 923 5289 mortalia,
956 5242 1056 5281 nec
1084 5228 1369 5299 quidquam
1406 5233 1488 5288 hic
1518 5234 1726 5289 lirmum
1767 5246 1859 5292 aut

258 5310 471 5374 stabile,
519 5328 622 5366 non
668 5315 909 5383 divitias,
944 5335 1046 5373 non
1092 5324 1419 5390 potentiam,
1453 5342 1556 5379 non
1590 5329 1854 5397 gloriam,

259 5417 365 5454 non
400 5403 559 5455 vitam
608 5404 795 5473 ipsam,
824 5412 915 5462 sed
962 5411 1166 5481 singula
1217 5415 1375 5467 litiem
1430 5417 1645 5483 habere,
1694 5431 1745 5473 et
1789 5423 1854 5477 ad

258 5508 414 5545 suum
457 5496 704 5566 quodque
748 5516 1033 5567 properare
1080 5508 1364 5560 terminum
1406 5512 1677 5565 :cmlestia
1728 5530 1855 5569 vero

257 5598 366 5639 noo
388 5588 532 5652 talia,
553 5591 645 5644 sed
671 5592 871 5647 infinita
898 5596 1339 5669 immortaliaquc.
1360 5605 1661 5659 maluerunt
1684 5608 1854 5675 hospi-

254 5683 342 5733 tes
369 5691 488 5731 esse
533 5680 585 5732 in
616 5684 777 5736 rebus
808 5684 961 5739 ﬂuxis
994 5697 1047 5740 et
1089 5691 1610 5760 pneterlabentibus,
1647 5709 1700 5750 ut
1733 5715 1854 5767 per-

260 5778 537 5824 manentes
566 5772 681 5826 illas
714 5779 923 5845 assequi
950 5792 1185 5847 possent.
1220 5782 1468 5850 llospites
1499 5788 1655 5856 igitur
1678 5803 1851 5858 erant,

261 5872 366 5914 non
403 5860 542 5934 quod
572 5866 792 5932 patriam
827 5884 928 5923 non
962 5869 1240 5942 haberent,
1274 5873 1367 5929 sed
1397 5877 1537 5947 quod
1564 5884 1847 5952 sempiter-

1595 430 1683 487 DE
1722 429 1907 487 ANNA
1934 428 2169 490 838Μο
2206 434 2293 490 IV.

297 549 599 609 dominium
646 561 915 612 minuens,
946 544 1040 601 sed
1084 559 1239 599 suum
1285 557 1527 600 amorem
1558 543 1800 599 indicans
1833 558 1899 598 ac

300 646 508 702 fovens.
536 643 625 700 Sic
668 642 813 697 enim
851 650 1120 695 amatores
1162 637 1383 694 solent:
1419 652 1524 693 non
1572 635 1749 692 ferunt
1795 652 1900 691 una

298 753 421 793 cum
454 735 637 791 tnultis
665 747 868 797 amare,
914 731 1008 786 sed
1035 730 1287 785 eximium
1329 728 1613 800 quemdam
1640 744 1705 783 ac
1734 743 1900 797 pecu-

2010 562 2138 647 nam
2152 549 2555 647 illampatriam
2575 556 2968 620 desiderarent.
2996 563 3153 632 Quod
3172 566 3393 639 quidem
3414 583 3470 629 et
3497 578 3615 647 Ipso

2004 639 2355 737 significando
2395 645 2608 737 dicebat
2640 667 2654 705 :
2691 650 2793 718 Qui
2827 663 2994 710 autem
3036 656 3162 713 talia
3187 661 3484 731 loquuntur,

2008 730 2158 825 (riam
2184 748 2239 786 se
2258 736 2516 806 requirere
2533 741 2806 796 ostendunt
2838 742 3022 814 (Hebr.
3057 748 3147 804 Η.
3195 752 3411 825 ιιι-18).
3437 730 3607 824 Quam

2008 824 2255 921 patriam,
2282 826 2556 885 obsecro?
2583 847 2709 887 num
2751 836 2982 904 priorem
3012 839 3154 897 illam
3182 859 3345 915 quam
3374 847 3615 921 relique-

2006 917 2437 1011 runtiblinime,
2465 924 2637 994 inquit
2665 946 2680 983 ε
2713 928 2776 985 Si
2818 931 2951 985 enim
2991 934 3136 991 sum
3169 917 3603 1011 recordabantur,

1986 1005 2258 1079 integrum
2283 1012 2355 1065 eis
2379 1025 2487 1067 erat
2516 1015 2607 1070 illo
2630 1021 2795 1074 redire
2823 1035 2845 1077 :
2868 1038 3005 1078 nunc
3034 1036 3201 1083 autem
3227 1030 3483 1086 meliorem
3512 1005 3605 1089 de:

1999 1097 2247 1187 siderant,
2275 1099 2370 1156 hoc
2388 1115 2467 1158 est
2490 1107 2752 1175 uelem,
2777 1114 2927 1185 cujus
2949 1115 3125 1187 apifrx
3150 1128 3200 1175 ct
3228 1132 3427 1176 creator
3460 1120 3606 1179 Deus

1998 1200 2103 1286 est:
2126 1184 2249 1286 ideo
2273 1211 2374 1249 non
2392 1198 2635 1255 «nitescit
2654 1199 2796 1258 Deus
2815 1184 2991 1263 uocari
3182 1210 3413 1283 ipsorum
3438 1212 3601 1286 (Ibid.

2000 1297 2048 1337 ν.
2082 1283 2195 1354 10).

2069 1375 2126 1432 5.
2155 1378 2370 1434 Assidue
2390 1384 2596 1453 precari
2632 1385 2887 1456 debemus,
2913 1399 2960 1445 et
2996 1394 3252 1450 orationes
3274 1398 3476 1455 crebras
3505 1417 3599 1457 trs-

1987 1469 2146 1539 gotiis
2195 1471 2510 1545 interponere
2530 1493 2552 1534 :
2575 1480 2671 1533 hoc
2704 1483 3045 1550 conﬁrmatur
3083 1490 3328 1560 exemplis
3366 1502 3415 1546 et
3462 1508 3604 1549 eont-

1993 1564 2347 1631 parationibus
2391 1584 2506 1623 eum
2547 1586 2611 1625 ea:
2636 1573 2854 1640 prandio
2895 1585 3004 1631 tam
3029 1594 3058 1632 ο
3085 1579 3349 1647 fabrorum
3376 1584 3600 1653 arti/icio

1996 1654 2227 1710 deductis
2248 1673 2271 1720 ;
2332 1657 2545 1725 electas
2595 1665 2855 1735 pra-cipue
2915 1684 3036 1736 pars
3083 1672 3345 1730 orationis.
3375 1702 3450 1716 -—
3487 1673 3598 1732 Hos

1995 1747 2158 1818 igitur
2215 1766 2313 1806 nos
2382 1768 2597 1825 quoque
2668 1756 2977 1826 imitemur;
3022 1761 3390 1832 despiciamus
3454 1782 3596 1837 pm-

1994 1842 2191 1907 sentia,
2235 1846 2682 1914 concupiscamus
2721 1848 2899 1906 futura
2930 1862 3189 1910 :utamur
3235 1854 3339 1912 hac
3373 1858 3599 1917 muliere

1993 1932 2265 2002 magistra,
2300 1946 2354 1990 et
2382 1936 2449 1991 ad
2484 1936 2650 1994 Deum
2692 1955 2909 2011 semper
2942 1943 3337 2015 confugiamus,
3385 1948 3455 2003 ab
3481 1949 3596 2013 illo-

1993 2039 2098 2094 que
2118 2026 2296 2081 omnia
2321 2028 2694 2099 deposcamus.
2718 2032 2857 2089 Nihil
2879 2037 3024 2092 enim
3042 2040 3341 2110 precationi
3356 2042 3593 2111 tetiuale:

1992 2132 2055 2174 ea
2086 2121 2286 2190 quippe
2315 2132 2402 2178 est
2428 2139 2551 2194 quas
2592 2141 2663 2183 ex
2693 2127 3112 2197 inpossibilibus
3141 2133 3417 2202 possibilia
3446 2134 3595 2204 facit,

1996 2225 2063 2266 ex
2082 2210 2399 2270 difficilibus
2426 2217 2621 2284 facilia,
2646 2230 2705 2274 et
2724 2236 2791 2275 ex
2821 2223 3077 2278 tortuosis
3105 2233 3272 2279 recta.
3298 2225 3446 2281 llanc
3468 2227 3597 2283 bea-

1991 2311 2079 2358 tus
2103 2318 2320 2374 quoque
2360 2306 2531 2363 David
2562 2310 2853 2368 adhibebat
2877 2330 2900 2379 ;
2932 2314 3157 2385 ideoque
3185 2317 3398 2376 dicebat
3436 2336 3451 2375 :
3493 2320 3594 2388 Se-

1989 2396 2116 2466 ﬂies
2140 2398 2192 2451 ia
2212 2397 2297 2452 die
2319 2398 2525 2456 laudari
2546 2411 2594 2456 te
2612 2414 2817 2474 propter
2826 2407 3029 2476 judicia
3043 2408 3260 2478 iustitia:
3284 2417 3385 2465 tua
3417 2409 3591 2478 (Psal.

1978 2487 2114 2543 118.
2160 2489 2305 2560 164).
2350 2491 2502 2560 Quod
2530 2495 2574 2549 si
2607 2510 2725 2560 res,
2768 2496 2991 2553 inﬁnitis
3014 2500 3160 2555 curis
3202 2501 3506 2571 immersus,
3538 2514 3592 2560 et

1984 2580 2043 2636 in
2071 2591 2181 2637 tam
2200 2586 2345 2638 varia
2359 2585 2667 2651 distractus,
2689 2589 2846 2645 toties
2871 2591 2924 2644 in
2937 2590 3035 2647 die
3048 2592 3366 2662 precabatur
3386 2594 3586 2652 Deum:

1989 2688 2151 2743 quam
2177 2674 2549 2732 defensionem
2576 2690 2670 2734 aut
2696 2682 2905 2738 veniam
2932 2682 3131 2739 habere
3154 2687 3450 2753 poterimus
3466 2702 3586 2756 nos,

1985 2764 2075 2835 qui
2128 2765 2179 2819 in
2209 2775 2360 2822 tanto
2398 2770 2512 2824 otio
2548 2768 2813 2841 elegimus,
2841 2788 2943 2829 nec
2973 2784 3147 2831 tamen
3182 2776 3331 2832 illum
3374 2778 3589 2835 assidue

1984 2871 2223 2924 oramus,
2256 2858 2417 2929 idque
2440 2876 2566 2916 cum
2596 2862 2721 2918 inde
2754 2872 2932 2920 tantus
2960 2865 3166 2921 iruetus
3188 2868 3255 2922 sit
3283 2868 3438 2924 nobis
3462 2884 3589 2940 pro-

1986 2957 2242 3002 venturus
2264 2949 2287 3003 ?
2312 2950 2646 3020 lmpossibile
2664 2955 2830 3021 enim,
2856 2955 3191 3025 impossibile
3213 2967 3319 3025 cst,
3345 2958 3583 3030 inquam,

1985 3036 2258 3095 hominem
2286 3057 2389 3111 qna
2417 3043 2572 3099 decet
2598 3045 2876 3101 alacritate
2905 3058 3239 3116 precantem,
3272 3060 3328 3105 et
3367 3051 3585 3108 assidue

1978 3130 2153 3185 Deum
2198 3141 2465 3199 orantem,
2488 3150 2750 3206 umquam
2800 3139 2851 3191 in
2899 3147 3177 3207 peccaturo
3226 3140 3482 3197 incidere.
3526 3142 3582 3197 Id

1980 3237 2083 3291 qua
2112 3223 2321 3278 ratione
2345 3223 2454 3288 flat,
2479 3225 2592 3296 jam
2612 3226 2853 3283 dicturus
2878 3244 3019 3285 sum.
3044 3230 3143 3297 Qui
3169 3242 3408 3287 mentem
3427 3246 3578 3288 suam

1976 3315 2244 3381 accendit,
2269 3327 2324 3372 et
2349 3318 2584 3373 animum
2604 3321 2780 3375 erexit
2803 3331 2965 3391 atque
2986 3321 3054 3376 ad
3084 3322 3318 3379 crelestia
3344 3332 3581 3381 transitio

1981 3407 2060 3471 lit,
2094 3418 2149 3463 et
2190 3409 2258 3461 ita
2288 3409 2580 3465 Dominum
2620 3426 2779 3469 suum
2818 3414 3106 3481 invocavit,
3140 3417 3482 3489 peccatisque
3522 3416 3577 3475 in

1976 3506 2294 3557 memoriam
2320 3505 2575 3572 reductis,
2620 3506 2691 3563 de
2733 3522 2922 3563 eorum
2964 3510 3283 3567 remissione
3317 3524 3445 3567 cum
3485 3510 3579 3565 illo

1976 3594 2315 3664 colloquiitiis
2342 3605 2445 3658 est.
2485 3598 2777 3654 obsecrans
2820 3611 2879 3655 ut
2928 3603 3168 3670 placatus
3210 3618 3275 3659 ac
3315 3602 3578 3673 propitius

1975 3687 2075 3741 sibi
2100 3702 2220 3743 esse
2246 3688 2515 3760 dignetur,
2542 3692 2587 3745 is
2608 3701 2730 3762 post
2759 3694 2892 3748 tales
2907 3697 3178 3750 orationes
3200 3711 3418 3751 omnem
3436 3710 3578 3766 pra)-

1974 3778 2145 3834 scntis
2176 3781 2298 3835 vitae
2324 3797 2508 3838 curam
2536 3785 2739 3851 abjicit,
2767 3801 2862 3855 spe
2899 3786 3142 3857 erigitur.
3170 3802 3233 3842 ac
3262 3802 3423 3858 supra
3447 3802 3573 3865 om-

1972 3886 2073 3926 nes
2111 3871 2371 3929 hnmanas
2396 3875 2707 3933 aﬂ'ectiones
2734 3878 3005 3935 extollitur
3030 3896 3044 3945 ;
3072 3890 3123 3937 et
3154 3879 3267 3935 sive
3300 3880 3571 3939 inimicum

1970 3975 2098 4036 post
2128 3969 2490 4036 precationem
2536 3970 2750 4035 viderit,
2790 3972 2899 4041 jam
2942 3989 3047 4028 non
3080 3983 3348 4043 tamquam
3396 3974 3577 4032 inimi-

1972 4072 2095 4111 cum
2124 4060 2350 4129 aspiciet
2380 4082 2392 4117 :
2426 4062 2539 4116 sive
2564 4064 2843 4119 mulierem
2871 4063 3181 4132 formosam,
3210 4067 3331 4136 ejus
3353 4080 3575 4138 aspectu

1973 4165 2084 4203 non
2115 4149 2407 4220 frangetur,
2436 4154 2661 4207 durante
2706 4154 2881 4209 adhuc
2925 4156 3045 4225 igne
3085 4173 3182 4227 per
3210 4160 3575 4227 precationem

1975 4242 2119 4298 intus
2147 4260 2379 4299 accenso
2414 4253 2466 4299 ct
2487 4260 2707 4302 Omnem
2736 4246 3027 4303 absurdam
3065 4251 3445 4321 cogitationem
3471 4251 3574 4319 de~

1965 4338 2228 4408 pellente.
2261 4339 2366 4396 Sed
2394 4343 2647 4412 quoniam
2678 4344 2922 4401 homines
2949 4361 3075 4403 cum
3102 4348 3289 4407 simus.
3326 4346 3481 4403 facile
3504 4347 3574 4405 ad

1966 4432 2253 4500 segnitiem
2285 4433 2594 4500 relahimur,
2644 4445 2831 4490 exacta
2881 4452 2983 4490 una
3016 4437 3249 4493 alterave
3279 4447 3369 4492 aut
3413 4439 3573 4495 tertia

1974 4533 2095 4592 post
2124 4527 2490 4592 precationem
2524 4526 2676 4592 hora,
2712 4528 2799 4582 ubi
2828 4529 3063 4584 senseris
3095 4530 3377 4597 pristinum
3428 4530 3573 4587 illum

1974 4613 2242 4669 fervore-nt
2289 4617 2541 4685 paulatim
2572 4618 2878 4690 frigescere,
2914 4636 3131 4674 recurre
3159 4622 3476 4689 quantocius
3506 4624 3572 4676 ad

1974 4724 2181 4775 preces,
2219 4708 2700 4780 frigescentctnque
2739 4722 2974 4765 tuentem
3008 4728 3195 4767 rursus
3227 4714 3484 4769 arcendo.
3520 4714 3573 4768 id

1965 4803 2014 4855 si
2048 4817 2145 4869 per
2172 4811 2336 4855 totam
2374 4804 2513 4857 diem
2545 4803 2756 4867 feceris,
2786 4820 2883 4874 per
2909 4806 3181 4863 intervalht
3212 4807 3419 4867 crebris
3450 4824 3567 4876 pri:-

1969 4896 2269 4951 cationibus
2301 4906 2350 4950 te
2376 4897 2549 4966 ipsum
2577 4898 2897 4962 accendens,
2925 4914 3029 4953 non
3058 4899 3209 4953 dabis
3232 4902 3571 4955 occasionem

1970 4986 2185 5042 diabolo
2228 4997 2320 5041 aut
2366 4988 2530 5042 ullum
2563 4989 2629 5043 ad
2682 4998 2799 5044 tuas
2843 4992 3199 5061 cogitationes
3248 4994 3470 5047 aditum.
3505 4994 3576 5048 Et

1968 5079 2420 5148 quemadmodum
2449 5080 2499 5133 in
2521 5081 2833 5149 apparando
2858 5081 3103 5151 prandio,
3127 5098 3249 5138 cum
3277 5092 3405 5153 potu
3428 5100 3566 5153 opus

1968 5179 2072 5239 est,
2100 5172 2145 5227 si
2172 5187 2306 5242 aqua
2340 5172 2511 5227 calida
2562 5173 2834 5244 frigescat,
2869 5173 2935 5228 ad
2964 5172 3141 5229 focum
3168 5174 3441 5231 admotam
3483 5192 3569 5232 ca~

1970 5267 2247 5322 lefacimus
2272 5267 2351 5337 (a)
2375 5288 2387 5321 :
2409 5268 2479 5323 ita
2500 5277 2554 5321 et
2585 5268 2670 5321 hic
2700 5266 2999 5323 faciendum
3024 5277 3126 5334 est,
3163 5278 3220 5323 et
3240 5284 3299 5322 os
3328 5279 3571 5325 nostrum

1964 5360 2032 5412 ad
2066 5360 2403 5428 precationes
2434 5359 2583 5427 quasi
2614 5359 2679 5413 ad
2705 5374 2903 5427 prunas
2935 5360 3351 5425 admovendum,
3382 5370 3438 5416 ut
3468 5360 3571 5418 hoc

1968 5460 2124 5519 pacto
2158 5466 2309 5505 meos
2352 5450 2416 5503 ad
2452 5452 2703 5518 pietatem
2736 5466 2947 5504 rursum
2997 5452 3337 5505 accendatur.
3391 5452 3571 5506 hnitc.

1967 5559 2087 5597 mur
2134 5544 2293 5597 etiam
2344 5543 2524 5597 fabros
2572 5542 2946 5597 cmmentarios
2996 5561 3009 5597 :
3063 5541 3115 5595 hi
3166 5542 3307 5597 enim
3360 5542 3572 5611 quoties

1968 5635 2231 5691 lateritio:
2282 5635 2456 5703 paries
2497 5633 2915 5689 exardilicandus
2958 5642 3063 5699 est,
3108 5634 3179 5688 ob
3227 5633 3571 5703 fragilitatem

2029 5769 2101 5831 (a)
2133 5776 2201 5816 De
2248 5775 2361 5829 potu
2406 5781 2543 5829 aquae
2577 5767 2746 5831 calidae
2784 5770 2831 5831 in
2863 5768 3071 5818 Sabbato
3111 5769 3416 5831 mentionem
3460 5765 3578 5831 facit

1962 5829 2177 5881 Justinus
2225 5832 2338 5879 Dial.
2381 5844 2489 5878 cum
2529 5830 2781 5892 'l‘ryphuue
2804 5830 2855 5892 ’μ
2882 5833 3007 5891 ἳιϐς
3036 5831 3111 5879 hic
3134 5838 3298 5880 autem
3320 5829 3575 5892 dcquoli-

1966 5893 2105 5945 ιιιιωυ
2126 5906 2213 5942 usu
2240 5894 2414 5953 agitur.
