4152 6504
614 510 855 568 nuteria
897 524 1021 565 eum
1050 505 1222 576 longis
1251 504 1411 574 iignls
1439 504 1728 572 stringunt,
1763 499 1922 569 idque
1949 512 2054 552 non
2102 509 2198 563 per

613 602 772 672 longa
799 598 1097 659 interstitia,
1129 595 1221 650 sed
1248 610 1346 665 per
1387 591 1617 656 modica,
1647 599 1703 645 ut
1742 601 2024 658 compages
2063 586 2197 639 late-

617 708 738 748 rum
784 690 946 745 tutior
974 689 1044 742 sit
1082 687 1154 741 ob
1192 686 1456 756 lignorum
1503 681 1876 752 frequentiam.
1906 677 2047 732 Idem
2081 677 2194 744 ipse

614 795 825 854 quoque
853 780 1034 844 facito,
1065 787 1119 833 et
1147 778 1284 833 sicut
1305 775 1378 831 illi
1403 771 1741 843 ligaminibus
1768 768 1958 840 ligneis
1989 766 2087 839 (a),
2121 766 2190 820 ita

613 887 668 930 tu
697 872 1044 929 saecularibus
1084 869 1310 941 negotiis
1337 866 1670 938 precationes
1694 864 1910 918 crebras
1950 860 2193 929 interpo-

613 978 768 1030 nens,
796 965 959 1018 vitam
993 972 1135 1017 tuam
1160 961 1260 1015 hoc
1288 968 1447 1029 pacto
1473 956 1701 1010 munias.
1727 952 1877 1021 Quod
1909 952 1951 1005 si
1973 950 2189 1014 feceris,

609 1058 821 1113 etiamsi
848 1056 1090 1126 plurimm
1123 1052 1368 1122 procellae
1395 1051 1663 1120 ingruant,
1693 1047 1807 1100 sive
1834 1044 2151 1099 tentationes
2170 1083 2185 1106 ,

618 1153 732 1207 sive
754 1149 1040 1211 mestitiae,
1069 1148 1181 1202 sive
1203 1143 1549 1215 cogitationes
1569 1140 1832 1204 moleste,
1853 1138 1965 1194 sive
1981 1134 2192 1205 quidvis

611 1241 778 1307 aliud,
809 1239 938 1295 nihil
965 1238 1198 1307 dejicere
1244 1235 1436 1306 poterit
1461 1234 1676 1288 domum
1705 1240 1810 1284 tam
1837 1227 2039 1284 crebris
2067 1240 2190 1295 pre-

613 1335 918 1390 cationibus
961 1331 1176 1401 ligatam
1205 1338 1365 1396 atque
1398 1325 1677 1380 munitam.
1727 1322 1898 1384 Dices,
1927 1318 2028 1384 Qui
2074 1315 2189 1371 ﬂeri

609 1433 784 1495 potest
813 1432 872 1477 ut
899 1423 1060 1476 homo
1085 1419 1374 1500 smcplaris,
1404 1415 1701 1471 furenslbus
1723 1410 1948 1480 negotiis
1972 1408 2183 1472 afﬁxus,

609 1516 779 1570 tribus
808 1514 954 1568 horis
979 1511 1083 1566 diei
1132 1518 1399 1580 precetur,
1439 1515 1495 1566 et
1539 1505 1603 1560 ad
1648 1504 1928 1559 ecclesiam
1972 1500 2188 1556 currat?

613 1607 815 1672 Potest,
846 1613 901 1661 et
929 1604 1080 1658 facile
1107 1610 1191 1657 est
1221 1617 1236 1666 ;
1264 1601 1386 1656 licet
1405 1601 1548 1654 enim
1570 1598 1634 1652 ad
1658 1596 1940 1652 ecclesiam
1969 1609 2188 1650 currere

610 1711 718 1751 non
747 1697 814 1750 sit
856 1693 1219 1757 commodum,
1269 1699 1441 1761 potest
1489 1690 1614 1744 inibi
1664 1689 1715 1742 in
1764 1687 1878 1741 foro
1922 1686 2188 1754 cut-imque

609 1787 873 1843 vestibulo
921 1785 1130 1840 haerens
1160 1781 1503 1838 nihilominus
1533 1781 1734 1849 precari
1766 1799 1778 1834 :
1806 1777 1872 1832 ad
1917 1775 2019 1832 boc
2044 1776 2186 1830 enim

607 1888 787 1936 mente
813 1880 981 1950 magis
1007 1890 1142 1948 opus
1167 1885 1249 1931 est
1275 1889 1432 1946 quam
1465 1887 1613 1937 voce,
1637 1871 1798 1926 animi
1843 1868 2187 1925 contentione

607 1971 774 2042 magis
815 1985 973 2041 quam
1019 1976 1270 2024 manuum
1315 1964 1673 2022 extensione:
1720 1976 1820 2017 nec
1871 1969 1977 2015 tam
2023 1959 2186 2014 refert

601 2078 714 2133 quo
740 2060 978 2132 corporis
1002 2058 1185 2114 habitu
1216 2055 1268 2112 id
1297 2054 1482 2124 facias,
1507 2067 1665 2124 quam
1706 2067 1812 2123 quo
1836 2051 2027 2106 animm
2051 2049 2185 2104 affe-

602 2160 694 2214 au
727 2169 742 2204 :
771 2149 1199 2220 quandoquidem
1239 2157 1294 2204 et
1337 2147 1450 2217 ipsa
1495 2147 1647 2201 Anna
1679 2159 1785 2198 non
1814 2142 1884 2197 ob
1918 2141 2184 2197 intensam

543 2239 547 2242 ’
603 2244 1061 2307 vociferationem,
1106 2241 1200 2297 sed
1245 2241 1316 2296 ob
1360 2240 1629 2294 internttm
1676 2235 1853 2291 cordis
1895 2233 2182 2288 clamorem

602 2334 846 2390 exaudita
875 2342 974 2390 est.
1010 2332 1148 2387 Dicit
1172 2331 1314 2388 enim
1344 2327 1636 2398 Scriptura,
1689 2323 1800 2380 Vox
1821 2324 1931 2394 ejus
1963 2339 2063 2384 non
2089 2337 2183 2376 ast-

603 2425 852 2488 diebatur,
894 2433 941 2478 et
971 2421 1222 2476 Dominus
1261 2418 1512 2475 exaudivit
1563 2432 1675 2471 eam
1719 2415 1796 2485 (l.
1840 2412 1967 2485 Reg.
2003 2413 2054 2467 1.
2089 2412 2178 2466 l3.

602 2515 728 2584 t9).
781 2515 892 2568 Hoc
919 2521 976 2569 et
1022 2511 1112 2567 alii
1163 2509 1314 2566 multi
1362 2523 1504 2579 erepo
1549 2508 1806 2569 fecerunt,
1834 2513 1890 2559 et
1915 2503 2182 2557 clamante

600 2607 744 2662 intlts
774 2603 1106 2675 magistratu,
1151 2602 1408 2666 minante,
1437 2606 1775 2667 exasperato,
1806 2594 2033 2660 furente,
2081 2592 2179 2662 ipsi

599 2711 699 2768 pro
727 2696 925 2752 foribus
967 2695 1131 2750 curia
1171 2701 1395 2755 stantes.
1429 2696 1710 2760 postquam
1739 2702 1798 2742 se
1838 2699 1994 2740 sacro
2020 2684 2175 2754 signo

605 2788 924 2850 munissent,
954 2792 1009 2840 et
1037 2797 1202 2854 pauca
1241 2782 1294 2837 in
1321 2780 1502 2836 animo
1529 2779 1746 2848 precati,
1777 2776 2084 2845 introgressi
2110 2773 2177 2830 ad

599 2893 723 2933 eum
755 2885 1088 2931 mutaverunt
1114 2873 1407 2938 hominem,
1437 2885 1502 2926 ac
1525 2869 1916 2939 mitigaverunt,
1941 2877 1994 2922 et
2029 2881 2178 2921 man-

597 2977 810 3024 suetum
835 2982 902 3022 es
929 2980 1121 3037 aspero
1148 2963 1493 3022 reddiderunt
1521 2978 1536 3016 :
1562 2976 1734 3032 neque
1760 2960 1862 3015 illis
1888 2968 1979 3014 aut
2003 2959 2173 3027 locus,

597 3066 690 3115 aut
713 3066 944 3130 tempus,
969 3065 1060 3112 aut
1081 3055 1352 3113 silentium
1380 3051 1448 3110 ad
1480 3049 1800 3125 precandum
1826 3048 1919 3104 fuit
1949 3048 2175 3126 impedi-

597 3161 801 3208 mento.

667 3241 721 3297 6.
753 3241 866 3298 llnc
892 3240 1052 3296 etiam
1084 3249 1138 3294 tu
1184 3237 1344 3294 facito
1372 3259 1386 3295 :
1416 3235 1703 3308 ingemisce
1743 3249 1944 3300 aptare,
1973 3233 2027 3290 in
2056 3247 2172 3290 me-

595 3331 819 3388 moriam
871 3345 1062 3387 revoca
1109 3339 1193 3385 tua
1225 3337 1460 3400 peccata,
1505 3327 1718 3398 suspice
1763 3327 1816 3382 in
1846 3326 2058 3394 caelum,
2087 3324 2176 3381 dic

595 3421 652 3478 in
677 3430 877 3485 mente.
910 3419 1153 3476 Νίκωνι
1183 3420 1300 3484 mei,
1338 3418 1497 3484 Deus,
1526 3427 1582 3474 et
1608 3417 1880 3474 absolvistt
1908 3417 2172 3489 precatio-

593 3526 738 3568 nem.
766 3510 866 3580 Qui
890 3511 1034 3567 enim
1054 3509 1205 3578 dicit,
1233 3509 1493 3574 lisersre,
1519 3509 1903 3564 confessionem
1924 3506 2100 3574 offert,
2120 3517 2174 3564 et

598 3611 874 3672 peccatum
891 3617 1054 3672 suum
1083 3601 1323 3672 agnoscit
1355 3621 1369 3657 :
1399 3599 1665 3672 lapson
1690 3600 1832 3656 enim
1861 3608 1943 3655 est
1964 3599 2174 3654 miseri-

592 3691 829 3748 cordiam
858 3693 1149 3762 requirere.
1179 3691 1280 3761 Qui
1306 3693 1455 3757 dicit,
1491 3691 1732 3748 Πίσα-σο
1752 3692 1870 3758 mei,
1892 3692 2169 3747 remissio-

597 3796 723 3838 nem
766 3780 1079 3838 delictorum
1125 3783 1332 3853 accepit
1376 3803 1390 3840 :
1433 3782 1523 3852 qui
1570 3783 1712 3838 enim
1756 3781 2174 3838 misericordiam

592 3881 954 3946 consequutus
972 3883 1076 3941 est,
1106 3891 1212 3930 non
1239 3875 1473 3945 punitur.
1499 3874 1600 3943 Qui
1619 3873 1767 3940 dicit,
1794 3873 2034 3929 limere
2051 3875 2172 3943 mei,

592 3959 814 4039 regnum
857 3966 1111 4023 caelorum
1160 3967 1392 4024 obtinuit
1422 3987 1436 4023 :
1464 3959 1626 4039 quem
1654 3966 1796 4022 enim
1840 3966 1980 4022 Deus
2008 3968 2174 4024 mise-

591 4069 763 4127 ratur,
782 4073 890 4115 non
916 4074 947 4114 a
973 4074 1129 4131 pana
1148 4059 1320 4116 solum
1344 4060 1550 4128 liberat,
1576 4059 1670 4114 sed
1696 4059 1990 4115 futurorum
2011 4059 2172 4116 etiam

594 4150 856 4206 bonorum
882 4151 1220 4220 possessione
1245 4149 1512 4222 dignatur.

665 4237 855 4295 Procul
876 4255 909 4294 tt
937 4241 1120 4309 templo
1146 4240 1371 4308 habitare
1397 4237 1462 4295 mi
1490 4248 1685 4295 accuset
1714 4257 1813 4295 non
1837 4240 2170 4307 accedentes;

592 4332 779 4403 ubique
803 4345 952 4384 orare
972 4346 1254 4400 possumus.
1269 4330 1431 4387 —Ne
1453 4330 1611 4401 igitur
1631 4331 1999 4387 excusationes
2023 4346 2173 4401 qua:-

595 4436 778 4478 ranius
821 4420 1048 4490 dicendo
1101 4437 1206 4476 non
1259 4437 1381 4478 esse
1447 4422 1796 4492 propinquam
1851 4421 2174 4491 precationis

592 4512 761 4568 aedem
792 4533 806 4568 :
833 4527 932 4568 nos
975 4513 1116 4569 enim
1162 4513 1325 4584 ipsos,
1365 4514 1410 4568 si
1450 4513 1613 4570 sobrii
1661 4514 1937 4579 fuerimus,
1975 4515 2170 4585 templa

594 4601 690 4657 Dei
737 4601 864 4656 facit
911 4603 1079 4672 gratia
1121 4603 1368 4673 Spiritus,
1399 4613 1456 4658 ut
1505 4619 1692 4675 magna
1741 4604 1977 4675 undique
2020 4606 2173 4662 nobis

595 4693 846 4765 precandi
878 4693 1098 4750 facultas
1145 4695 1301 4750 adsit.
1342 4689 1524 4766 Neque
1571 4697 1711 4751 enim
1743 4697 1864 4752 talis
1902 4707 1987 4754 est
2029 4697 2171 4768 apud

596 4799 696 4841 nos
721 4784 933 4840 divinus
957 4785 1153 4852 cultus,
1180 4787 1353 4858 qualis
1377 4786 1643 4856 quondam
1667 4787 1808 4859 apud
1825 4788 2039 4845 Judteos
2059 4799 2173 4845 erat

594 4879 821 4934 inultum
847 4877 1048 4934 habens
1076 4879 1406 4934 sensibilium
1433 4880 1875 4946 ceremoniarum,
1906 4879 2175 4950 multaque

593 4969 903 5039 operatione
949 4968 1210 5040 indigens.
1257 4969 1370 5025 lllic
1403 4981 1736 5040 prccaturum
1788 4971 2068 5040 oportebat
2107 4971 2172 5028 ad

591 5059 846 5131 templum
871 5061 1179 5129 ascendere,
1209 5067 1470 5116 turturem
1499 5077 1701 5128 emere,
1732 5063 1871 5134 ligna
1914 5072 1968 5118 et
1997 5063 2172 5133 ignem

592 5149 661 5206 ad
687 5165 877 5206 manus
906 5150 1120 5217 habere,
1149 5161 1361 5222 arrepto
1382 5152 1555 5207 cultro
1573 5152 1725 5207 altari
1746 5155 2016 5217 assistere,
2045 5152 2175 5208 alia-

588 5261 696 5316 que
733 5245 897 5301 multa
942 5254 1205 5317 praecepta
1259 5244 1515 5318 perlicere
1546 5264 1560 5302 :
1589 5245 1674 5304 bic
1719 5246 1848 5303 nihil
1894 5247 2017 5310 tale.
2065 5247 2162 5304 sed

593 5337 919 5408 ubicumque
947 5336 1132 5407 fueris,
1163 5347 1360 5410 prcsto
1385 5337 1481 5393 tibi
1498 5349 1578 5394 est
1602 5347 1657 5395 et
1685 5339 1871 5406 altare,
1899 5347 1955 5395 et
1979 5338 2171 5406 culter,

654 5511 729 5578 (ς)
760 5519 875 5578 ουρ
905 5515 1005 5565 sint
1035 5513 1115 5564 illa
1147 5512 1394 5578 αἱρεθείη,
1419 5513 1584 5578 multis
1605 5513 1988 5578 explanavimus,
2007 5521 2061 5564 et
2077 5527 2173 5578 non

907 5581 1090 5640 tantum
1114 5575 1404 5640 meum.
1435 5576 1525 5626 sed
1550 5575 1697 5640 etiam
1715 5575 1942 5640 esemplo
1964 5575 2172 5640 (ιιιοιιδιιι

593 5647 657 5701 es
680 5635 939 5688 ruderibus
954 5639 1106 5701 petito
1531 5639 1578 5689 in
1603 5637 1725 5687 libro
1747 5635 2058 5701 Antiquitatis
2079 5649 2173 5688 es-

591 5700 805 5772 ptapsta;
843 5708 931 5772 _es_
954 5697 1286 5772 ieiunamus;
1305 5698 1572 5762 tllttstratc,
1596 5706 1726 5751 Tom.
1751 5697 1888 5764 3,.p.
1907 5698 2018 5759 διο.
2040 5711 2172 5763 quae.

595 5757 646 5816 ιιι
666 5757 829 5821 fallor,
841 5761 970 5812 luctu
983 5760 1128 5824 digna
1144 5769 1276 5811 sunt.

1393 389 1448 445 s.
1488 384 1766 444 JOANNts
1801 373 2280 439 cunvsosrout
2317 374 2632 435 ARClilEP.
2675 367 3207 436 CONSTANTINOP.

3795 375 3896 434 668

2311 504 2366 549 et
2393 495 2604 550 victima
2638 513 2653 548 :
2685 507 2739 550 tu
2770 495 2885 566 ipse
2913 505 2968 552 et
3007 497 3196 563 altare,
3223 503 3278 550 ct
3303 491 3575 556 sacerdos.
3600 501 3658 549 et
3684 495 3894 550 victi

2304 603 2384 644 cs.
2418 589 2748 660 Ubicumque
2775 590 2916 645 enim
2948 589 3134 655 fueris,
3185 597 3335 658 potes
3379 588 3588 659 erigere
3626 586 3819 649 altare.
3849 587 3896 644 si

2303 681 2538 737 sobriam
2584 682 2743 737 modo
2784 681 3109 736 voluntatem
3159 679 3373 744 aﬂ‘eras,
3401 693 3500 734 nec
3527 688 3580 733 te
3624 688 3717 733 aut
3747 677 3897 736 locus

2303 785 2395 830 aut
2424 782 2637 846 tempus
2683 773 2922 844 impedit,
2965 773 3058 844 sed
3087 771 3297 828 etiamsi
3324 787 3424 828 nec
3465 786 3639 843 genua
3667 771 3853 826 ﬂectas
3876 812 3892 835 ,

2303 882 2402 922 nec
2447 876 2632 937 pectus
2661 866 2874 933 tundas,
2911 881 3010 922 nec
3039 880 3230 921 manus
3270 865 3337 920 ad
3365 865 3556 920 celum
3606 863 3818 930 tendas,
3849 863 3894 917 si

2298 967 2533 1014 mentem
2575 958 2749 1014 solum
2777 958 2977 1014 aﬂeras
3019 953 3294 1019 fervidam,
3327 955 3458 1011 nihil
3486 956 3578 1010 tibi
3605 956 3672 1010 ad
3703 970 3892 1025 preca-

2301 1053 2497 1106 tionem
2526 1050 2718 1106 deerit.
2766 1051 2915 1106 Licet
2944 1045 3104 1106 etiam
3135 1048 3344 1104 mulieri
3367 1047 3541 1104 colum
3569 1047 3772 1102 tenenti
3800 1056 3892 1101 aut

2297 1141 2456 1196 telam
2487 1142 2685 1196 texenti
2730 1149 2912 1196 mente
2953 1140 3225 1210 suspicere
3255 1138 3308 1194 in
3357 1139 3568 1204 calum,
3596 1147 3651 1192 et
3677 1135 3889 1191 ardenti

2295 1240 2513 1302 pectore
2541 1231 2987 1286 Deum‘invocare
3019 1249 3033 1286 :
3066 1229 3189 1285 licet
3214 1230 3374 1284 etiam
3405 1229 3520 1284 viro
3545 1228 3600 1284 in
3625 1227 3743 1284 foro
3769 1242 3890 1282 ver-

2294 1323 2433 1378 santi
2470 1332 2562 1378 aut
2605 1311 2711 1379 ite?
2736 1310 2950 1378 facienti
2988 1329 3191 1377 attente
3217 1319 3424 1392 precari
3455 1336 3471 1374 ε
3500 1320 3658 1376 alteri
3701 1318 3886 1374 itidem

2296 1414 2346 1468 iu
2374 1414 2584 1469 ollicina
2614 1412 2820 1469 sedenti
2863 1427 2928 1469 ac
2951 1412 3097 1468 coria
3140 1412 3314 1468 suenti
3344 1411 3577 1466 animam
3605 1410 3672 1465 ad
3699 1410 3883 1465 Domi-

2293 1523 2421 1562 num
2453 1508 2659 1577 erigere
2687 1523 2700 1558 :
2731 1506 2855 1561 licet
2881 1520 3039 1560 servo
3064 1505 3366 1572 obsonanti,
3395 1519 3460 1559 ac
3485 1518 3699 1559 sursum
3728 1502 3887 1557 deor-

2291 1617 2412 1669 sum
2444 1593 2744 1664 cursitanti,
2774 1598 2857 1653 vel
2887 1597 2940 1653 in
2970 1598 3144 1652 culina
3169 1595 3513 1663 ministranti,
3543 1595 3588 1650 si
3617 1610 3726 1672 qon
3757 1593 3882 1649 licet

2290 1692 2438 1746 adire
2461 1691 2767 1757 ecclesiam,
2789 1688 3152 1759 precationem
3175 1688 3430 1743 intentam
3450 1702 3514 1743 es
3537 1687 3644 1742 imo
3666 1695 3882 1757 pectore

2290 1785 2450 1841 ciere.
2496 1783 2609 1838 Non
2661 1781 2824 1852 pudet
2872 1781 2970 1836 loci
3015 1781 3180 1837 Deum
3211 1797 3226 1834 :
3254 1795 3418 1836 unum
3449 1779 3703 1850 postulat,
3731 1795 3880 1834 men-

2291 1884 2396 1930 tem
2424 1874 2717 1930 ferventem
2738 1865 3090 1942 animamque
3101 1870 3416 1927 modestam.
3445 1870 3513 1926 Et
3532 1879 3592 1925 ut
3612 1870 3754 1926 scias
3774 1885 3877 1926 non

2294 1964 2474 2036 habitu
2503 1971 2598 2018 aut
2641 1962 2877 2018 locorum
2924 1971 3294 2032 temporumve
3337 1961 3734 2030 opportunitate
3760 1975 3878 2016 esse

2287 2055 2442 2125 opus,
2476 2052 2570 2109 sed
2615 2053 2797 2108 animo
2844 2052 3015 2123 probo
3051 2067 3114 2106 ac
3144 2051 3309 2122 vigili,
3356 2050 3551 2107 Paulus
3577 2052 3800 2122 supinus
3825 2051 3874 2106 in

2287 2162 2503 2204 carcere
2526 2147 2730 2216 jacens.
2758 2160 2863 2199 non
2893 2153 3107 2200 erectus
3131 2153 3282 2200 stans
3309 2143 3332 2214 (
3357 2158 3530 2214 neque
3552 2143 3697 2198 enim
3726 2158 3873 2198 com-

2288 2255 2381 2309 pes
2425 2239 2597 2309 lignea
2643 2235 3030 2307 permittebat),
3074 2236 3324 2305 quoniam
3370 2249 3558 2306 magna
3606 2234 3875 2290 alacritate

2285 2327 2601 2398 precabatur
2623 2326 2828 2396 jacens,
2859 2339 3128 2380 carcerem
3172 2324 3458 2390 concussit,
3501 2323 3724 2394 ejusque
3755 2322 3870 2378 fnu-

2282 2419 2529 2482 damenta
2559 2415 2867 2482 commovit,
2897 2426 2954 2474 et
2993 2416 3266 2473 custodem
3313 2415 3520 2482 terruit,
3547 2430 3613 2472 ac
3639 2432 3766 2472 mox
3790 2417 3872 2470 in-

2283 2514 2492 2587 itiatum
2520 2513 2587 2568 ad
2613 2512 2865 2584 mysteria
2892 2526 3042 2567 sacra
3069 2509 3313 2582 perduxit
3336 2509 3471 2582 (Act.
3500 2509 3613 2580 18).
3643 2509 3869 2565 Rursum

2285 2593 2542 2660 Ezechias
2568 2605 2657 2659 ille
2680 2618 2784 2658 non
2815 2612 3028 2658 erectus
3053 2611 3202 2657 stans
3227 2616 3400 2672 neque
3426 2600 3650 2671 genibus
3677 2599 3828 2656 ﬂexis
3853 2641 3866 2664 .

2286 2696 2383 2753 sed
2411 2695 2636 2766 supinus
2665 2696 2717 2753 in
2745 2695 2882 2750 lecto
2901 2693 3102 2750 cubans
3122 2691 3191 2747 ob
3219 2691 3603 2756 infirmitatem,
3629 2706 3784 2747 versa
3807 2690 3869 2744 ad

2281 2790 2540 2860 parietem
2562 2788 2715 2852 facie,
2735 2787 2985 2858 quoniam
3014 2784 3266 2841 ardenter
3282 2793 3336 2838 et
3354 2782 3669 2853 temperanti
3693 2782 3871 2837 animo

2281 2882 2446 2937 Deum
2474 2879 2758 2946 invocavit,
2789 2878 3110 2934 sententiam
3139 2875 3400 2930 adversus
3427 2888 3490 2930 se
3517 2873 3684 2929 latam
3712 2889 3870 2930 revo-

2279 2973 2440 3040 cavit,
2465 2987 2709 3042 magnam
2730 2970 2830 3025 sibi
2851 2968 3075 3040 gratiam
3095 2965 3418 3043 cpnciliavit,
3443 2975 3496 3019 et
3521 2965 3574 3020 in
3591 2964 3870 3035 pristinam

2279 3063 2557 3120 restitutus
2579 3069 2664 3118 est
2686 3061 2968 3116 sanitatem
2993 3059 3074 3129 (ι.
3125 3056 3250 3127 Reg.
3286 3057 3402 3127 20).
3428 3055 3538 3111 Nec
3555 3043 3730 3112 solum
3757 3071 3873 3110 ma-

2279 3153 2398 3224 gnis
2432 3163 2486 3208 et
2525 3150 2724 3226 sanctis
2761 3149 2890 3205 viris
2917 3149 3020 3205 hoc
3043 3147 3330 3218 contigisse
3355 3147 3567 3212 videas,
3593 3145 3688 3206 sed
3715 3143 3874 3200 malis

2278 3245 2460 3302 etiam.
2488 3242 2620 3299 Nam
2648 3252 2704 3299 et
2745 3241 2880 3297 latro
2909 3240 3019 3306 ille,
3069 3254 3175 3296 non
3219 3248 3369 3295 stans
3397 3239 3450 3294 in
3491 3238 3752 3304 oratorio,
3781 3247 3873 3295 aut

2276 3351 2448 3406 genua
2476 3334 2716 3400 ﬂectens,
2742 3332 2837 3388 sed
2868 3331 2920 3387 in
2963 3345 3124 3385 cnice
3148 3329 3440 3396 distensus,
3487 3327 3668 3397 paucis
3693 3327 3873 3385 verbis

2283 3443 2505 3500 regnum
2533 3425 2786 3481 calorum
2817 3421 3124 3494 impetravit
3151 3420 3304 3492 (Luc.
3331 3419 3423 3476 23.
3461 3418 3552 3476 ﬂ.
3577 3417 3671 3492 ιδ)
3697 3437 3709 3474 :
3731 3420 3871 3474 alius

2276 3521 2330 3576 in
2362 3520 2533 3575 lacum
2560 3530 2835 3574 emnosum
2879 3513 3177 3583 coniectus,
3203 3511 3340 3566 alius
3365 3503 3422 3566 in
3451 3508 3657 3564 foveam
3682 3507 3870 3566 bestiis

2275 3612 2518 3683 obiectus
2542 3651 2557 3675 ,
2604 3610 2742 3664 alius
2789 3605 2892 3663 ceti
2941 3605 3064 3660 alvo
3112 3604 3421 3670 conclusus,
3471 3602 3717 3657 invocato
3759 3601 3870 3657 Deo

2277 3703 2416 3759 mala
2449 3701 2696 3758 instantia
2717 3733 2722 3757 .~
2743 3699 3130 3764 discusserunt,
3174 3695 3516 3765 divinamque
3543 3694 3645 3750 sibi
3686 3693 3870 3750 conci-

2277 3797 2474 3853 liarunt
2499 3794 2944 3853 benevolentiam.
2981 3791 3095 3847 lloc
3121 3804 3373 3846 sermone
3398 3788 3586 3846 hortor
3610 3797 3669 3845 ut
3691 3789 3866 3845 conti-

2277 3904 2382 3945 nue
2404 3886 2752 3956 frequentatis
2773 3882 3048 3949 ecclesias,
3071 3891 3123 3938 et
3151 3880 3297 3938 domi
3325 3895 3448 3936 cum
3471 3893 3663 3952 magna
3687 3879 3868 3950 quiete

2279 3976 2569 4048 precemini
2596 3991 2692 4046 per
2717 3975 2906 4038 otium,
2933 3987 3103 4043 genua
3131 3971 3428 4036 ﬂectentes,
3457 3983 3756 4039 manusque
3781 3977 3867 4025 at-

2278 4069 2560 4124 tollentes:
2579 4065 2722 4137 quod
2743 4065 2788 4120 si
2811 4072 3022 4134 tempus
3045 4071 3136 4118 aut
3161 4061 3314 4117 locus
3333 4073 3432 4115 nm
3460 4059 3512 4114 in
3529 4058 3868 4115 multitudine

2277 4158 2551 4214 hominum
2595 4135 2994 4226 deprehendat,
3027 4167 3133 4209 non
3179 4158 3266 4208 est
3292 4148 3364 4206 ob
3398 4149 3501 4206 hoc
3524 4165 3555 4205 a
3593 4149 3866 4206 consuetis

2277 4249 2610 4307 orationibus
2637 4246 2978 4312 cessandum,
3005 4244 3100 4302 sed
3130 4244 3202 4300 ita
3231 4254 3290 4300 ut
3316 4251 3546 4300 vestram
3584 4244 3862 4299 caritatem

2277 4339 2480 4401 monui,
2504 4337 2794 4409 precamini
2811 4346 2865 4394 et
2886 4337 3130 4391 invocato
3153 4335 3344 4400 Deum,
3364 4333 3497 4389 certi
3521 4333 3865 4390 nihilominus

2279 4433 2367 4488 tali
2397 4431 2707 4505 precatione
2727 4437 2903 4499 optata
2929 4441 3024 4482 vos
3045 4426 3443 4497 impetraturos.
3469 4423 3585 4479 Non
3608 4424 3728 4480 huic
3747 4424 3864 4480 ideo

2281 4525 2388 4581 dixi
2415 4535 2475 4580 ut
2497 4521 2830 4595 applaudatis
2857 4527 2908 4576 et
2951 4517 3197 4581 laudetis,
3223 4514 3318 4572 sed
3361 4524 3412 4570 et
3440 4529 3604 4586 opere
3631 4529 3694 4571 ea
3727 4531 3862 4586 pne-

2281 4617 2454 4685 stetis,
2483 4624 2650 4686 utque
2677 4623 2783 4670 tam
2813 4619 3130 4667 nocturnum
3159 4622 3316 4678 quam
3354 4605 3603 4662 diurnum
3651 4616 3710 4662 et
3734 4620 3860 4676 ope-

2278 4707 2428 4764 randi
2457 4716 2667 4776 tempus
2692 4704 2833 4759 votis
2859 4716 2923 4758 ac
2965 4697 3362 4771 precationibus
3385 4697 3682 4768 occupetis.
3712 4693 3862 4763 Quod

2276 4796 2321 4852 si
2353 4811 2442 4852 res
2468 4805 2678 4850 nostras
2703 4794 2784 4848 sic
2808 4790 3250 4861 disposuerimus,
3277 4795 3336 4843 et
3357 4796 3677 4858 pra-sentem
3704 4785 3861 4840 vitam

2279 4896 2391 4942 tuto
2419 4885 2774 4955 transigemus
2795 4921 2812 4947 ,
2857 4890 2912 4937 et
2950 4880 3165 4938 celeste
3209 4891 3433 4949 regnum
3469 4889 3861 4946 assequuntur:

2276 4993 2384 5050 quo
2429 4976 2585 5032 nobis
2613 4972 2859 5030 omnibus
2890 4970 3168 5042 pervenire
3196 4967 3372 5035 detur,
3413 4965 3583 5050 gratia
3626 4974 3682 5021 et
3714 4965 3864 5023 beni-

2277 5046 2476 5141 gnitate
2502 5067 2710 5125 Domini
2755 5062 2923 5128 nostri
2951 5061 3078 5119 Jesu
3101 5059 3325 5126 Christi,
3357 5075 3453 5130 per
3476 5046 3639 5130 quem
3664 5066 3721 5113 et
3742 5075 3863 5115 rum

2277 5177 2383 5234 quo
2413 5160 2553 5216 Patri
2583 5159 2773 5230 gloria,
2801 5153 2958 5211 simul
2998 5167 3121 5208 cum
3163 5160 3352 5206 sancto
3393 5149 3620 5220 Spiritu,
3645 5155 3863 5207 nuncet

2279 5267 2510 5325 semper,
2533 5259 2588 5308 et
2613 5249 2667 5306 in
2691 5247 2884 5306 saeuis
2913 5243 3254 5302 mulorum.
3282 5240 3476 5297 Amen.
