4152 6502
332 439 440 494 087
1615 447 1705 506 DE
1744 446 1935 503 ANNA
1969 446 2209 509 SERMO
2246 454 2334 515 IV.

330 562 493 628 τικάς
539 562 766 637 πράξεις
822 564 1064 628 ἁπάσας,
1112 564 1366 638 καθάπερ
1428 567 1763 637 ἰμαντώσεσί
1820 584 1935 621 τισι
2048 573 2283 665 νοιανῂδέ
2312 576 2477 646 μόνον
2504 582 2780 660 ἐπιδείξῃς
2817 586 3055 660 θερμὴν,
3096 588 3157 641 τὸ
3188 589 3297 642 πᾶν
3340 589 3656 665 ἀπήρτισας

332 650 526 716 ξύλων,
551 656 618 725 τῇ
652 654 903 725 συνεχείᾳ
949 653 1058 708 τῶν
1089 654 1266 725 εὐχῶν
1292 656 1704 727 διαλαμϐάνων,
1743 658 1935 711 πάντο-
2043 655 2143 726 τῆς
2171 659 2360 734 εὐχῆς.
2401 668 2620 736 Ἔξεστι
2662 650 3352 749 κταίγυναΙῖκα-ὴλακάτην
3383 650 3653 750 κατέχουξ

330 746 422 798 θέν
449 761 544 799 σου
575 746 918 819 περίφραξον
944 746 1044 818 τὴν
1074 747 1239 819 ζωήν.
1264 751 1362 804 Ἂν
1388 749 1570 804 τοίνυν
1586 750 1729 803 οὕτω
1748 753 1930 821 ποιῇς,
2044 760 2167 842 ξαν,
2199 752 2295 842 καὶ
2332 755 2730 830 ίστουργοῦσαν
2754 763 3065 834 ἀναϐλέψαι
3088 767 3169 830 εἰς
3198 766 3291 821 τὸν
3308 746 3554 839 *οὐρανὸν
3579 772 3653 842 τῇ

327 838 435 893 κᾶν
470 837 982 911 μυρίοιπνεύσωσιν
1012 841 1205 912 ἄνεμοι
1230 842 1439 905 λοιπὸν,
1472 844 1574 898 κᾶν
1604 846 1919 914 πειρασμοί,
2039 832 2268 911 διανοίᾳ.
2306 844 2403 897 καὶ
2431 846 2658 904 καλέσαι
2689 851 2831 922 μετὰ
2860 832 3201 925 θερμότητος
3232 854 3328 910 τὸν
3365 832 3531 911 Θεόνο
3564 832 3651 924 EE:

326 931 430 984 κάν
463 930 713 1002 ἀθυμίαι,
743 931 846 986 κάν
880 933 1133 1005 λογισμοί
1174 952 1319 999 τινες
1365 935 1569 1005 ἀηδεῖς,
1605 936 1711 990 κάν
1745 937 1928 991 ὁτιοῦν
2038 929 2272 1023 ξστιξίαξ
2304 931 2596 1023 ᾁνθρωπον
2627 940 2709 1002 εις
2750 940 2964 1013 ἀγορὰν
2996 942 3361 1023 ἐμϐάλλοντα,
3396 945 3492 999 καὶ
3522 946 3649 999 καθ’

321 1020 523 1093 ἐπέλθῃ
584 1021 777 1087 δεινὸν,
810 1022 870 1076 οὐ
904 1024 1195 1094 δυνήσεται
1242 1026 1573 1079 καταϐαλεῖν
1601 1026 1700 1097 τὴν
1746 1027 1925 1081 οἰκίαν
2037 1010 2229 1071 ἑαυτὸν
2247 1016 2533 1087 βαδίζοντα
2553 1025 2722 1096 εὐχὰς
2745 1010 3314 1096 ποιεγῖσθαιγέκτενεῖΐ
3343 1036 3441 1087 καὶ
3456 1034 3646 1107 ἕτερον

3553 480 3658 538 £68

318 1112 538 1184 ἐκείνην
555 1117 789 1178 πυκναῖς
815 1110 989 1179 οὕτως
1014 1116 1201 1187 εὐχαῖς
1226 1116 1638 1189 συνδεδεμένην.
1670 1117 1773 1172 Καὶ
1806 1120 1923 1185 πῶς

316 1203 566 1272 δυνατὸν,
636 1206 821 1276 φησὶν,
884 1206 1173 1279 ἄνθρωπον
1237 1209 1530 1278 βιωτικὸν,
1581 1211 1922 1284 δικαστηρίῳ

317 1297 763 1369 προσηλωμένον,
786 1297 927 1352 κατά
941 1302 1091 1371 τρεῖς
1108 1300 1259 1372 ὥρας
1285 1300 1541 1372 εὔχεσθαι
1556 1304 1655 1375 τῆς
1681 1305 1916 1375 ἡμέρας,

316 1388 413 1440 καί⁵
454 1388 534 1451 είς
565 1387 861 1460 ἐκκλησίαν
900 1390 1218 1463 ἐκτρέχειν;
1266 1393 1527 1459 Δυνατδν,
1578 1394 1674 1448 καὶ
1709 1394 1917 1465 σφόδρα

312 1477 557 1534 εὔκολον·
601 1482 709 1535 κάν
738 1482 848 1553 γὰρ
883 1484 964 1546 είς
993 1484 1293 1552 ἐκκλησίαν
1340 1484 1569 1556 δραμεῖν
1600 1484 1673 1558 μὴ
1710 1485 1912 1559 ῥᾴδιον,

311 1572 527 1627 ἐστῶτα
572 1573 688 1627 ἐκεῖ
729 1571 836 1645 πρὸ
887 1573 995 1627 τῶν
1044 1573 1247 1646 θυρῶν,
1296 1575 1391 1630 καὶ
1441 1575 1519 1648 τῷ
1575 1576 1914 1649 δικαστηρίῳ

309 1665 739 1737 προσηλωμένον
768 1663 1031 1733 εύξασθαι
1048 1666 1294 1721 δυνατόν·
1324 1668 1445 1729 οὐδέ
1481 1668 1593 1740 γὰρ
1621 1665 1766 1723 οὕτω
1795 1688 1911 1740 φω-

306 1762 407 1831 νῆς
465 1759 645 1830 χρεία,
681 1758 757 1823 ὡς
786 1759 1046 1824 διανοίας,
1092 1759 1211 1815 οὐδὲ
1256 1762 1533 1826 ἐκτάσεως
1576 1763 1798 1834 χειρῶν,
1834 1762 1911 1829 ὡς

306 1851 716 1921 συντεταμένης
744 1850 946 1921 ψυχῆς,
973 1849 1094 1906 οὐδέ
1131 1851 1434 1923 σχήματος,
1466 1852 1603 1907 ἀλλά
1626 1856 1909 1925 φρονημα-

302 1962 415 2009 τοςο
450 1944 572 1997 ἐπεὶ
606 1944 699 1997 καὶ
732 1946 765 2015 ἡ
798 1944 965 1997 Ἀννα
992 1942 1153 2015 αὕτη,
1178 1945 1279 1997 οὐκ
1315 1942 1504 2015 ἐπειδὴ
1529 1944 1789 2018 λαμπράν
1811 1944 1906 1997 καὶ

307 2033 551 2105 μεγάλην
600 2034 785 2105 ἀφῆκε
837 2034 1023 2106 φωνὴν
1054 2046 1102 2097 ι,
1158 2036 1247 2089 διά
1304 2036 1463 2097 τοῦτο
1502 2034 1754 2107 ἠκούετο,
1787 2036 1904 2091 ἀλλ’

299 2128 489 2199 ἐπειδὴ
515 2128 732 2198 μεγάλα
762 2127 911 2181 ινδον
937 2127 1079 2181 κατά
1106 2127 1207 2199 τὴν
1235 2128 1465 2200 καρδίαν
1496 2130 1647 2184 ἐϐόα.
1694 2130 1757 2184 Ἠ
1784 2148 1903 2199 φω-

300 2220 378 2287 νὴ
410 2220 520 2288 γὰρ
551 2218 743 2288 αὐτῆς
772 2220 884 2273 οὐκ
925 2219 1200 2287 ἠκούετο,
1234 2219 1389 2289 φησί,
1437 2218 1538 2274 καί
1573 2221 1903 2289 είσήκουεν

293 2310 492 2378 αὐτῆς
543 2314 576 2365 ὁ
627 2310 793 2376 Θεός.
840 2309 1013 2363 Τοῦτο
1070 2312 1165 2365 καὶ
1211 2310 1365 2364 ἀλλοι
1416 2310 1602 2364 πολλοί
1639 2311 1900 2379 πολλάκις

294 2403 586 2473 ἐποίησαν,
619 2403 712 2455 καὶ
761 2401 994 2472 βοιῖιντος
1036 2402 1131 2455 τοῦ
1168 2402 1428 2474 ἄρχοντος
1478 2403 1711 2469 ἐνδοθεν,
1740 2406 1899 2460 ἀπει-

294 2492 536 2559 λοῦντος,
579 2491 1006 2562 διατεινομένου,
1046 2492 1408 2563 μαινομένου,
1438 2494 1544 2565 πρὸ
1561 2494 1670 2549 τῶν
1714 2496 1898 2569 θυρῶν

293 2585 531 2649 ἑστῶτες
598 2584 1061 2657 σφραγισάμενοι,
1112 2585 1208 2640 καὶ
1256 2584 1416 2655 ὀλίγα
1482 2590 1705 2659 ῥήματα
1750 2590 1895 2645 κατά

290 2678 533 2732 διάνοιαν
562 2676 873 2748 εὐξάμενοι,
905 2676 1242 2742 εἰσελθόντες
1267 2678 1568 2749 μετέϐαλον
1599 2680 1767 2735 αὐτὸν
1800 2682 1894 2736 καὶ

290 2770 593 2841 ἐπράὓναν,
626 2768 720 2823 καί
740 2768 953 2839 ἥμερον
979 2769 1037 2835 ἐξ
1063 2769 1257 2840 ἀγρίου
1282 2771 1647 2843 κατέστησανο
1681 2775 1769 2828 καλ
1799 2775 1892 2829 οὐ-

288 2863 379 2917 δέν
405 2860 529 2915 οὔτε
576 2860 685 2914 ἀπὸ
723 2859 819 2914 τοῦ
852 2861 1042 2924 τόπου,
1089 2860 1213 2915 οὐτε
1247 2862 1356 2916 ἀπὸ
1384 2864 1479 2918 τοῦ
1520 2865 1741 2937 καιροῦ,
1764 2867 1889 2924 οὔτε

289 2954 397 3008 ἀπὸ
418 2954 517 3025 τῆς
547 2953 706 3023 σιγῆς
732 2952 869 3024 πρὸς
896 2952 995 3024 τὴν
1015 2954 1183 3025 εὐχὴν
1202 2954 1408 3025 ταύτην
1438 2957 1885 3030 ἐνεποδίσθησαν.

338 3044 611 3103 ς’.Τοῦτο
638 3044 702 3118 δὴ
724 3045 818 3099 καὶ
841 3046 905 3099 σὺ
929 3046 1175 3117 ποίησον·
1207 3046 1463 3115 στέναξον
1486 3050 1721 3120 πικρῶς,
1753 3054 1886 3107 ἀνα-

288 3135 562 3209 μνήσθητι
584 3134 694 3189 τῶν
720 3135 1136 3206 ἁμαρτημάτων
1154 3136 1265 3190 τῶν
1288 3137 1417 3202 σῶν,
1462 3140 1765 3211 ἀνάϐλεψον
1806 3144 1885 3207 εἰς

280 3229 377 3283 τὸν
391 3226 642 3299 οὐρανὸν,
668 3224 788 3280 εἰπὲ
802 3223 946 3281 κατὰ
965 3226 1225 3280 διάνοιαν
1245 3227 1537 3294 Ἐλέησόν
1544 3247 1645 3299 με.
1660 3234 1694 3285 ό
1716 3233 1882 3302 Θεὸς,

281 3318 380 3375 καὶ
410 3316 746 3391 ἀπήρτισταί
770 3333 863 3370 σου
887 3319 920 3388 ὴ
957 3318 1112 3389 εὐχή.
1131 3317 1191 3370 '0
1216 3318 1326 3389 7&9
1351 3318 1543 3385 εἰπὼν,
1562 3322 1881 3391 Ἐλέησον,

280 3411 675 3481 ἐξομολόγησιν
692 3405 1028 3473 ἐπεδείξατο,
1054 3409 1276 3463 καὶτῶν
1300 3410 1517 3466 οἰκείων
1540 3413 1765 3485 ἀμαρτη
1775 3416 1882 3486 μά-

274 3522 390 3559 των
434 3500 587 3573 [758]
623 3500 840 3570 ἐπέγνω
861 3498 911 3539 ³³·
957 3498 1069 3552 τῶν
1098 3500 1209 3573 7&9
1249 3502 1653 3575 ἡμαρτηκότων
1677 3508 1793 3560 ἐστὶ
1821 3510 1882 3562 τὸ

275 3596 569 3653 ἐλεεῖσθαι.
588 3595 647 3649 ’0
680 3592 873 3656 εἰπὼν,
917 3592 1321 3663 Ἐλέησόν-με,
1354 3596 1705 3669 συγχώρησιν
1720 3599 1879 3654 ἔλαϐε

273 3686 389 3743 τῶν
425 3684 999 3757 πεπλημμελημένωνο
1024 3684 1174 3756 όγάρ
1209 3684 1453 3756 ὲλεηθεὶς
1482 3686 1541 3741 οὐ
1564 3688 1873 3755 κολάζεται.

287 3782 349 3834 '0
385 3778 577 3841 εἰπὼν,
615 3776 903 3844 Ἐλέησόν
930 3792 1026 3845 με,
1083 3776 1358 3847 βασιλείας
1391 3778 1581 3850 ἔτυχεν
1607 3780 1873 3854 οὐρανῶν·

271 3873 334 3925 ὃν
364 3870 473 3940 γὰρ
502 3871 530 3923 δ
554 3866 685 3932 Θεὸς
724 3866 960 3938 ἐλεήσει,
1000 3866 1061 3920 οὐ
1100 3866 1377 3932 κολάσεως
1421 3870 1751 3926 ἀπαλλάττει
1781 3874 1878 3944 μό⁴

272 3981 387 4027 νον,
415 3961 553 4017 ἀλλά
580 3960 675 4015 καὶ
698 3956 809 4012 τῶν
838 3957 1143 4030 μελλόντων
1175 3958 1396 4029 ἀγαθῶν
1424 3958 1584 4027 ἀξιοῖ.

344 4066 438 4137 Μὴ
471 4065 649 4119 τοίνυν
676 4062 1147 4135 προφασιζώμεθα
1198 4062 1469 4133 λέγοντες,
1492 4066 1568 4130 ὠς
1613 4068 1711 4122 οὐκ
1757 4070 1872 4126 ἐστι

270 4158 499 4231 πλησίον
520 4158 807 4227 εὐκτήριος
837 4151 1006 4218 οῐκοςο
1026 4157 1174 4227 ἡμᾶς
1198 4155 1306 4227 γάρ
1328 4157 1546 4223 αὐτοὺς,
1574 4159 1671 4213 ἐὰν
1690 4162 1870 4233 νήφω-

272 4270 396 4324 μεν,
434 4251 595 4311 ναούς
617 4247 843 4317 ἐποίησε
872 4245 967 4301 τοῦ
989 4246 1126 4300 Θεοῦ
1154 4246 1249 4301 τοῦ
1273 4248 1592 4321 Πνεύματος
1622 4253 1655 4324 η
1684 4254 1866 4327 χάρις,

266 4347 411 4401 ὥστε
447 4343 615 4415 πολλὴ
662 4342 929 4397 πάντοθεν
972 4343 1103 4415 ημῖν
1136 4345 1172 4417 η
1221 4337 1469 4401 εὐκολία.
1512 4347 1623 4402 Καὶ
1665 4351 1776 4422 7&9
1805 4353 1865 4405 οὐ

263 4435 493 4505 τοιαύτη
523 4433 681 4507 ημῶν
709 4434 741 4506 η
772 4432 1020 4505 λατρεία,
1053 4433 1141 4487 οἶα
1173 4434 1325 4505 παρὰ
1340 4436 1616 4504 Ἰουδαίοις
1644 4440 1703 4494 10
1733 4442 1868 4513 πρό-

263 4544 427 4600 τερον
445 4520 535 4598 ἦν,
554 4523 688 4578 πολὺ
710 4522 771 4577 10
792 4522 1051 4593 αἰσθητὸν
1067 4523 1287 4596 ἔχουσα,
1305 4526 1399 4581 καί⁵
1413 4529 1615 4601 πολλῆς
1632 4531 1863 4605 δεομένη

263 4617 670 4692 πραγματείας.
698 4616 848 4669 Ἐκεῖ
876 4616 976 4686 μὲν
999 4616 1107 4687 γάρ
1139 4616 1231 4671 τὸν
1256 4618 1552 4691 εὐχόμενον
1577 4624 1672 4677 καὶ
1697 4626 1779 4690 εἰς
1802 4626 1863 4679 10

264 4710 413 4781 ἱερὸν
436 4705 705 4777 ἀναϐῆναι
736 4706 863 4769 ἔδει,
889 4706 985 4759 καί
1018 4708 1257 4779 τρυγόνα
1288 4710 1574 4781 πρίασθαι,
1603 4715 1698 4769 καί
1731 4715 1862 4782 ξύλα

265 4800 363 4859 καὶ
392 4798 506 4872 πῦρ
532 4798 934 4871 μεταχειρίσαι,
970 4799 1067 4852 καὶ
1104 4799 1387 4871 μάχαιραν
1424 4803 1635 4871 λαϐεῖν,
1662 4807 1758 4861 καί
1782 4809 1861 4881 τῷ

262 4894 435 4967 βωμῷ
462 4891 834 4965 παραστῆναι,
868 4892 961 4947 καὶ
992 4891 1164 4947 πολλά
1202 4894 1365 4967 ἕτερα
1392 4895 1645 4954 διανύσαι
1677 4902 1861 4957 ἐπιτά-

254 4984 465 5058 γματα·
492 4981 727 5037 ἐνταῦθα
756 4982 813 5036 δέ
842 4982 1000 5037 οὐδὲν
1038 4980 1305 5048 τοιοῦτον,
1336 4985 1453 5040 ἀλλ’
1486 4988 1736 5065 ὅπουπερ
1791 4994 1859 5049 ἂν

251 5076 355 5155 ἧς.
381 5078 443 5133 τδ
482 5078 869 5147 θυσιαστήριον
901 5075 1046 5149 ἔχεις
1085 5078 1225 5149 μετὰ
1253 5082 1474 5147 σαυτοῦ,
1504 5084 1600 5137 καὶ
1621 5086 1721 5159 τὴν
1754 5088 1858 5158 μά-

250 5185 474 5243 χαιραν,
508 5168 604 5222 καὶ⁵
643 5166 705 5221 10
741 5167 959 5239 ἱερεῖον,
990 5167 1156 5231 αὐτὸς
1186 5168 1264 5223 ὣν
1298 5172 1363 5225 σὺ
1395 5174 1489 5227 καὶ
1519 5174 1724 5248 ίερεὺς,
1758 5180 1855 5233 καὶ

252 5260 786 5333 θυσιαστήριον,.καὶ
826 5256 1251 5331 ίερεῖσνίὋῶυ
1273 5262 1387 5335 γὰρ
1413 5264 1480 5317 ἃν
1507 5263 1595 5337 ᾖς,
1622 5268 1853 5327 δύνασαι

250 5357 449 5425 στῆσαι
475 5352 567 5405 10v
592 5351 796 5422 βωμὸν,
829 5352 1152 5424 προαίρεσιν
1188 5354 1467 5424 νήφουσαν
1507 5358 1856 5433 ἐπιδειξάμε-

247 5464 340 5510 νος
376 5446 571 5517 μόνον,
607 5444 703 5498 καὶ
735 5442 889 5497 οὐδὲν
921 5443 1124 5498 κωλύει
1165 5446 1359 5511 τόπος.
1401 5449 1525 5503 ούδέ
1566 5451 1851 5521 ἐμποδίζει

244 5536 462 5608 καιρὸς,
498 5535 636 5591 ἀλλά
664 5535 772 5589 κᾶν
804 5534 1011 5604 γόνατα
1054 5536 1131 5607 μὴ
1163 5537 1372 5611 κλίνης,
1407 5540 1515 5594 κΞν
1545 5542 1621 5615 μὴ
1652 5543 1851 5615 στῆθος

240 5628 412 5703 τύψῃ,
442 5628 535 5683 χαλ
578 5627 673 5692 τὰς
696 5630 890 5699 χεῖρας
910 5629 992 5691 εἰς
1021 5628 1113 5682 10v
1135 5630 1363 5702 οὐρανὸν
1391 5634 1704 5708 ἀνατείνῃς,
1732 5636 1849 5693 διά-

304 5872 334 5934 F
368 5867 639 5934 Colbcrtini
664 5872 719 5934 e_l_
734 5866 861 5934 Bpg.
887 5866 1096 5929 μεγάλην
1113 5866 1217 5934 Δε’ίχε
1249 5872 1427 5934 φωνήν.

305 5933 334 5977 ι
365 5933 493 5995 Reg.
514 5944 659 5990 unus,
686 5927 837 5981 Colbf
853 5927 978 5979 uinus
1002 5927 1234 5992 κατέγνὶι,

1966 1182 1967 1185 η
2034 1106 2122 1158 ἐπ’
2165 1108 2535 1187 ἐργαστηρίου
2572 1119 2883 1191 καθήμενον
2923 1123 3018 1176 καὶ
3057 1122 3306 1195 δέρματα
3338 1126 3638 1195 ῥάπτοντα,

2030 1199 2130 1270 τὴν
2156 1201 2336 1275 ψυχὴν
2357 1208 2646 1273 ¹ἀναθεῖναι
2680 1212 2819 1284 πρὸς
2850 1213 2943 1267 τὸν
2977 1214 3288 1287 Δεσπότην·
3328 1216 3539 1283 ἔξεστιν
3564 1221 3639 1273 ol-

2029 1292 2188 1365 κέτη,
2225 1298 2319 1351 καὶ
2350 1300 2665 1375 ὡνουμένῳ,
2705 1306 2799 1359 καὶ
2841 1307 3192 1363 ἀναϐαίνοντι
3222 1311 3329 1365 ’καὶ
3368 1311 3637 1367 καταϐαί-

2027 1400 2194 1450 νοντι,
2221 1390 2313 1442 καὶ
2342 1396 2645 1467 μαγειρείῳ
2677 1398 3015 1469 παρεστῶτι,
3042 1402 3170 1455 ὅταν
3202 1402 3279 1474 μὴ
3307 1402 3532 1457 δυνατὸν
3554 1404 3635 1468 εἰς

2026 1478 2328 1550 ἐκκλησίαν
2360 1484 2557 1551 ἐλθεῖν,
2592 1486 2760 1559 εὐχὴν
2797 1492 3071 1545 ποιεῖσθαι
3099 1494 3295 1564 ἐκτενῆ
3322 1494 3419 1548 καὶ
3446 1495 3635 1565 διεγη-

2024 1574 2324 1645 γερμένην.
2353 1574 2466 1631 Οὐκ
2507 1579 2902 1652 ἐπαισχύνεται
2930 1584 3097 1639 τόπον
3126 1586 3155 1637 δ
3183 1583 3319 1649 Θεός
3338 1603 3352 1617 ο
3381 1585 3441 1639 ἐν
3476 1586 3634 1657 ζητεῖ

2025 1662 2189 1734 μόνον
2214 1708 2229 1733 ,
2270 1666 2513 1726 διάνοιαν
2556 1671 2805 1745 θερμὴν,
2854 1676 2949 1730 καὶ
2997 1676 3178 1748 ψυχὴν
3214 1676 3627 1750 σωφρονοῦσαν.

2021 1750 2127 1809 Καὶ
2179 1754 2265 1810 ῖνα
2313 1759 2515 1832 μάθῃς,
2555 1761 2637 1816 δτι
2678 1762 2741 1817 ού
2774 1763 3059 1837 σχήματος
3094 1768 3255 1838 χρεία
3311 1771 3407 1823 καὶ
3444 1771 3629 1824 τόπων

2019 1847 2240 1912 πάντως
2282 1853 2376 1903 καὶ
2412 1853 2642 1923 καιρῶν,
2683 1855 2821 1909 ἀλλά
2844 1859 3199 1930 φρονήματος
3235 1861 3489 1928 γενναίου
3529 1865 3626 1917 καὶ

2015 1936 2465 2014 διεγηγερμένου,
2488 1947 2745 2013 δΠαῦλος
2775 1945 2965 2015 ὕπτιος
2994 1951 3089 2006 ἐπὶ
3120 1952 3215 2007 τοῦ
3244 1955 3623 2028 δεσμωτηρίου

2014 2033 2294 2103 κείμενος,
2316 2038 2409 2089 καί
2431 2038 2532 2093 οὐκ
2556 2037 2717 2110 ὀρθὸς
2743 2040 2913 2107 ἐστὼς
2939 2044 3024 2113 (οὐ
3048 2046 3157 2116 γάρ
3178 2046 3330 2115 ἠφίει
3353 2047 3417 2099 τδ
3442 2047 3622 2115 ξύλον,

2012 2119 2059 2194 ᾦ
2094 2130 2224 2192 τοὺς
2262 2130 2431 2195 πόδας
2466 2132 2730 2205 ἐδέδετο),
2772 2134 2962 2209 ἐπειδὴ
2996 2137 3139 2209 μετά
3176 2139 3491 2211 προθυμίας
3521 2142 3623 2211 ηῦ·

2014 2219 2143 2285 ξατο
2177 2223 2453 2293 κείμενος,
2489 2224 2551 2279 10
2584 2226 2964 2301 δεσμωτήριον
2999 2228 3203 2297 ἔσεισε,
3234 2231 3329 2285 καὶ
3358 2233 3429 2287 τά
3463 2232 3621 2305 θεμέ-

2009 2313 2098 2367 λια
2132 2314 2453 2370 διεσάλευσε
2493 2329 2540 2383 ο,
2575 2320 2669 2374 καὶ
2703 2318 2795 2374 τὸν
2841 2321 3234 2393 δεσμοφύλακα
3281 2320 3474 2396 ἔδησε,
3522 2326 3619 2379 καὶ

2010 2406 2146 2477 πρὸς
2173 2407 2273 2477 τὴν
2311 2408 2465 2479 ίεράν
2499 2412 2639 2479 μετά
2683 2412 2860 2465 ταῦτα
2890 2415 3287 2483 μυσταγωγίαν
3320 2415 3618 2488 ἐχειραγώε

2006 2517 2161 2570 γησε.
2194 2488 2362 2557 Πάλιν
2388 2506 2416 2558 δ
2444 2506 2695 2571 Ἐζεκίας
2714 2508 2817 2563 οὐκ
2846 2508 3007 2580 ὀρθὸς
3040 2509 3236 2575 ἐστὼς,
3268 2512 3389 2567 οὐδέ
3410 2512 3615 2581 γόνατα

2006 2592 2213 2657 κλίνας,
2243 2595 2359 2648 ἀλλ’
2397 2596 2590 2662 ὕπτιος
2626 2600 2721 2653 ἐπί
2748 2602 2847 2672 τῆς
2881 2603 3075 2674 κλίνης
3105 2604 3364 2673 κείμενος
3384 2605 3473 2659 διὰ
3510 2608 3615 2678 τὴν

2004 2683 2354 2753 ἀρρωστίαν,
2389 2688 2630 2759 στρέψας
2662 2691 2855 2746 ἑαυτὸν
2897 2693 2990 2747 ἐπὶ
3024 2695 3116 2747 τὸν
3149 2698 3367 2766 τοῖχον,
3418 2697 3611 2770 ἐπειδὴ

2001 2776 2093 2827 τὸν
2128 2774 2261 2829 Θεὸν
2296 2776 2518 2849 θερμῶς
2568 2780 2797 2834 ἐκάλεσε
2849 2784 2945 2836 καὶ
2983 2783 3125 2853 μετὰ
3167 2785 3349 2857 ψυχῆς
3394 2803 3611 2860 σωφρο-

2002 2866 2221 2938 νούσης,
2249 2871 2343 2924 καὶ
2375 2872 2652 2941 ἀπόφασιν
2682 2872 3061 2945 ἐξενεχθεῖσαν
3089 2878 3480 2946 ἀνεκαλέσατο,
3513 2882 3609 2936 καὶ

2002 2959 2208 3029 πολλὴν
2244 2962 2599 3017 ἐπεσπάσατο
2631 2964 2735 3035 τὴν
2766 2965 3005 3034 εὔνοιαν,
3044 2970 3143 3025 καὶ
3172 2970 3311 3042 πρὸς
3344 2972 3443 3046 τὴν
3468 2992 3607 3045 προ-

1996 3053 2163 3123 τέραν
2189 3055 2461 3127 ἐπανῆλθε
2496 3056 2708 3124 ὑγείαν.
2753 3061 2867 3113 Οὐκ
2893 3062 2981 3113 ἐπ’
2999 3061 3212 3134 ἀνδρῶν
3234 3064 3290 3118 δέ
3306 3066 3481 3135 ἀγίων
3510 3068 3607 3121 καὶ

2000 3147 2255 3227 μεγάλων
2288 3148 2472 3215 μόνον,
2502 3149 2641 3203 ἀλλὰ
2675 3151 2771 3204 καὶ
2802 3154 2894 3205 ἐπὶ
2926 3156 3184 3225 πονηρῶν
3210 3158 3371 3212 τοῦτο
3392 3160 3492 3214 ίδοι
3519 3179 3606 3227 τις

1997 3238 2063 3292 ἂν
2101 3220 2423 3309 συμϐαῖνον.
2454 3242 2565 3295 Καὶ
2592 3244 2704 3315 γάρ
2733 3244 2762 3298 ὁ
2796 3244 3033 3319 λῃστὴς,
3055 3220 3177 3301 ,οὐκ
3206 3250 3265 3303 ἐν
3303 3253 3439 3324 οῖκῳ
3467 3220 3603 3319 στάς

1994 3331 2293 3405 εὐκτηρίῳ,
2334 3334 2456 3388 οὐδὲ
2487 3336 2692 3403 γόνατα
2720 3336 2930 3401 κλίνας,
2962 3338 3077 3393 ἀλλ’
3099 3341 3195 3394 ἐπὶ
3231 3340 3324 3396 τοῦ
3361 3346 3600 3419 σταυροῦ

1992 3425 2307 3495 τεταμένος,
2344 3427 2453 3480 ἀπὸ
2495 3428 2759 3500 ῥημάτων
2803 3429 3003 3497 ὀλίγων
3035 3431 3140 3503 τῆς
3177 3434 3461 3506 βασιλείας
3488 3441 3602 3496 τῶν

1989 3516 2238 3589 οὐρανῶν
2278 3521 2577 3592 ἐπέτυχεν⁸
2615 3522 2776 3587 ἄλλος
2824 3526 2882 3579 ἐν
2932 3525 3181 3601 βορϐόρῳ
3230 3531 3323 3585 καὶ
3372 3532 3597 3607 λάκκῳ,

1989 3610 2148 3675 ἀλλος
2179 3608 2330 3684 [⁵159]
2359 3614 2416 3666 ἐν
2448 3613 2638 3684 λάκκῳ
2663 3618 2757 3669 καὶ
2784 3616 2849 3688 θη
2861 3616 3222 3692 ρίοις,ἐτερος
3242 3623 3301 3675 ἐν
3332 3623 3472 3697 αὐτῇ
3499 3627 3594 3681 τοῦ

1989 3706 2189 3773 κήτους
2210 3701 2277 3775 τῆ
2299 3702 2473 3774 νηδύϊ,
2501 3704 2593 3759 τὸν
2610 3703 2743 3783 Θερν
2767 3710 3272 3778 παρακαλέσαντες,
3295 3713 3365 3767 τά
3384 3715 3597 3771 ἐπικεί-

1991 3814 2129 3867 μενα
2162 3796 2379 3850 ἅπαντα
2416 3796 2693 3863 διέλυσαν,
2724 3801 2819 3853 καὶ
2856 3800 2956 3871 τὴν
2994 3803 3204 3857 ἀνωθεν
3238 3803 3457 3863 εὔνοιαν
3493 3813 3592 3864 ἐπ-

1985 3889 2453 3943 εσπάσαντο.Καὶ
2478 3887 2650 3944 ταῦτα
2690 3891 2790 3962 μὲν
2830 3892 3021 3962 λέγων,
3058 3897 3316 3967 παραινῶ
3349 3901 3592 3972 συνεχῶς

1984 3980 2105 4042 ταῖς
2152 3978 2474 4051 ἐκκλησίαις
2520 3982 2949 4055 ἐπιχωριάζειν,
2997 3987 3093 4041 καὶ
3140 3988 3199 4042 ἐν
3244 3990 3394 4063 οἰκία
3448 3991 3591 4062 μετά

1982 4072 2189 4142 πολλῆς
2228 4072 2463 4144 ἡσυχίας
2502 4071 2785 4145 εὔχεσθαι,
2817 4078 2915 4130 καὶ
2964 4078 3107 4132 κατά
3154 4078 3355 4152 σχολὴν
3382 4084 3590 4151 γόνατα

1980 4160 2289 4227 κλίνοντας,
2322 4164 2419 4216 καὶ
2455 4163 2555 4227 τὰς
2585 4166 2779 4235 χεῖρας
2815 4167 3202 4234 ἀνατείνοντας
3222 4188 3235 4202 ο
3263 4172 3313 4225 εί
3344 4172 3401 4227 δὲ
3432 4176 3464 4245 ἢ
3497 4176 3588 4233 διά

1981 4252 2195 4325 καιρὸν,
2227 4254 2259 4325 ἢ
2302 4254 2391 4308 διὰ
2424 4254 2591 4310 τόπον
2633 4258 3092 4332 ἀποληφθείημεν
3132 4263 3339 4334 μεταξῦ
3368 4267 3585 4325 πολλῶν

1979 4340 2203 4411 ἐτέρων.
2239 4343 2313 4415 μὴ
2342 4342 2431 4397 διὰ
2460 4343 2620 4399 τοῦτο
2648 4346 2747 4412 τὰς
2778 4351 3035 4421 συνήθεις
3060 4352 3469 4425 ἀπολιμπάνειν
3493 4362 3586 4415 εύ-

1976 4432 2097 4501 χάς,
2128 4433 2265 4506 ἀλλά
2297 4434 2490 4491 τοῦτον
2526 4438 2620 4491 10v
2652 4440 2877 4511 τρόπον,
2907 4443 3079 4517 ὅνπερ
3118 4441 3274 4501 εἷπον
3305 4449 3444 4520 πρὸς
3480 4453 3583 4524 τὴν

1976 4522 2253 4594 ὑμετέραν
2270 4526 2518 4598 ἀγάπην,
2543 4530 2770 4603 εῦχεσθε
2794 4534 2890 4587 καὶ
2914 4537 3284 4609 παρακαλεῖτε
3304 4541 3395 4597 10v
3422 4522 3578 4611 Θεὸν,

1972 4613 2049 4677 ὡς
2084 4615 2240 4669 οὐδὲν
2283 4617 2506 4673 ἔλαττον
2545 4621 2700 4693 παρὰ
2732 4624 2941 4697 ταύτην
2983 4627 3198 4694 ἐξοντες
3246 4632 3348 4705 τὴν
3388 4634 3577 4708 εὐχήν.

1972 4705 2162 4787 Ταῦτα
2194 4705 2384 4775 εἷπον,
2438 4712 2539 4783 οὐχ
2571 4713 2658 4767 ἵνα
2714 4718 3024 4788 κροτήσητε
3070 4721 3164 4774 καί
3218 4705 3578 4799 θαυμάσητε,

1970 4800 2087 4854 ἀλλ’
2115 4800 2202 4854 ἴνα
2240 4802 2332 4857 διὰ
2374 4804 2483 4859 τῶν
2527 4806 2706 4879 ἔργων
2750 4809 2893 4865 αὐτὰ
2935 4812 3301 4885 ἐπιδείξησθε,
3344 4820 3438 4873 καὶ
3485 4822 3578 4877 τὸν

1970 4893 2164 4964 καιρὸν
2192 4894 2284 4950 τδν
2307 4900 2407 4969 τῆς
2442 4898 2636 4964 νυκτὸς
2658 4901 2766 4975 (καὶ
2806 4902 2899 4956 τὸν
2928 4905 3029 4973 τῆς
3056 4907 3302 4979 ἡμέρας,
3344 4912 3440 4965 καὶ
3484 4914 3578 4968 τὸν

1968 4987 2069 5058 τῆς
2103 4989 2412 5062 ἐργασίαςά
2436 4993 2629 5065 καιρὸν
2652 4995 2709 5047 ἐν
2734 4996 2927 5067 εὐχαῖς
2962 4999 3059 5053 καί
3091 5000 3311 5073 δεήσεσι
3338 5005 3574 5079 διαλαμ-

1968 5078 2242 5146 ϐάνοντες.
2264 5082 2362 5137 Ἂν
2385 5082 2529 5138 οὕτω
2555 5087 2624 5141 τά
2648 5088 2773 5141 καθ’
2802 5089 3033 5158 ἑαυτοὺς
3058 5095 3455 5170 οίκονομῶμεν,
3478 5104 3575 5157 καὶ

1965 5172 2058 5226 τὸν
2093 5174 2339 5243 παρόντα
2374 5177 2514 5247 μετά
2568 5179 2873 5249 ἀσφαλείας
2909 5182 3239 5257 διανύσομεν
3284 5188 3433 5259 βίον,
3474 5194 3573 5248 καὶ

1963 5270 2065 5343 τῆς
2089 5270 2373 5344 βασιλείας
2396 5276 2507 5329 τῶν
2530 5276 2777 5347 οὐρανῶν
2803 5279 3205 5352 ἐπιτευξόμεθα
3224 5300 3239 5315 ⁸
3266 5279 3335 5354 ἦς
3356 5286 3576 5353 γένοιτο

1965 5363 2177 5429 πάντας
2203 5366 2352 5436 ἡμᾶς
2380 5367 2681 5439 ἐπιτυχεῖν,
2714 5368 2899 5440 χάριτι
2934 5372 3030 5425 καὶ
3058 5372 3443 5449 φιλανθρωπίᾳ
3472 5378 3570 5434 τοῦ

1962 5454 2172 5529 Κυρίου
2212 5458 2371 5528 ἡμῶν
2408 5459 2585 5531 Ἰησοῦ
2616 5461 2878 5533 Χριστοῦ.
2910 5463 2979 5518 δι’
3008 5456 3071 5518 οὐ
3100 5467 3200 5520 καὶ
3230 5467 3352 5538 μεθ’
3381 5464 3444 5525 06
3489 5471 3573 5543 τῷ

1962 5546 2143 5618 Πατρὶ
2179 5550 2213 5620 ἡ
2246 5548 2393 5615 δόξα,
2426 5549 2543 5623 ἅμα
2570 5552 2650 5624 τῷ
2673 5554 2815 5625 ἀγίῳ
2844 5556 3148 5629 Πνεύματι,
3183 5558 3291 5614 νῦν
3316 5562 3411 5615 καὶ
3455 5563 3568 5632 ἀεὶ,

1962 5639 2057 5694 καὶ
2077 5641 2161 5705 εἰς
2190 5641 2317 5706 τοὺς
2350 5642 2557 5709 αἰῶνας
2574 5644 2683 5699 τῶν
2714 5646 2946 5703 αἰώνων.
2986 5651 3183 5723 Ἀμήν.

2024 5877 2048 5938 ἲ
2070 5876 2193 5938 Βθεα
2220 5877 2469 5933 iditum.

2024 5934 2051 5976 ἀ
2076 5934 2199 6002 Βεῇ.
2225 5945 2280 5988 et
2310 5940 2449 5992 (ιβιδ.
2479 5956 2610 5994 unus
2630 5946 2812 6007 ἡμέρας
2830 5950 2984 5999 ποιεῖν
3018 5952 3258 6016 ἐργασίας.
