4106 6548
826 604 1057 663 81⁵2ιῖΜο
1097 602 1161 655 Υ.

204 735 438 788 Adtvrms
475 742 558 781 eos
581 725 667 795 qui
690 726 887 775 tantum
928 719 980 771 in
1011 717 1150 788 festis
1178 712 1501 773 conveniunt,
1531 717 1577 762 et
1625 705 1747 776 quid
1764 734 1781 743 -

274 840 383 879 nam
408 822 471 875 sit
498 822 712 890 festum,-
744 815 861 868 item
884 811 1127 866 adversus
1152 823 1236 862 eos
1262 805 1350 878 qui
1387 804 1623 857 incusant
1649 799 1782 853 diri-

273 932 382 969 nam
407 908 774 977 prouidentiam
795 946 810 972 ,
852 921 909 958 ea
951 902 1087 973 quod
1114 900 1168 955 in
1197 896 1293 952 hac
1321 898 1423 951 vita
1448 894 1654 964 quidam
1682 893 1784 948 sint

272 1003 458 1067 divites,
489 1001 694 1071 quidam
726 1011 975 1065 pauperes
1000 1010 1021 1047 :
1049 990 1184 1060 quod
1213 995 1489 1060 paupertas
1513 984 1783 1038 utilissima

268 1094 346 1158 sit,
372 1102 418 1147 et
446 1092 584 1159 quod
613 1096 889 1160 paupertas
916 1085 1031 1153 plus
1075 1082 1350 1152 voluptatis
1395 1094 1456 1131 ac
1499 1074 1785 1130 securitatis

269 1186 442 1256 ubique
469 1177 682 1247 habent,
708 1196 862 1250 quain
891 1176 1116 1242 divitic;
1145 1175 1366 1244 itemque
1402 1172 1465 1226 de
1505 1170 1672 1224 Anna.

275 1325 322 1380 l.
344 1322 584 1385 Frustra,
606 1326 667 1373 ut
690 1316 920 1378 videtur,
940 1328 1035 1369 eos
1049 1311 1139 1381 qui
1161 1306 1483 1382 praecedenti
1503 1303 1785 1360 adfuerqu

203 1414 462 1476 mllectze,
493 1408 688 1465 hortati
711 1420 897 1463 sumus
916 1446 933 1473 ,
960 1412 1020 1459 ut
1052 1404 1104 1457 in
1129 1403 1351 1473 paterna
1374 1398 1536 1454 domo
1570 1409 1787 1467 permn-

206 1510 403 1567 norem,
424 1509 480 1555 et
505 1515 609 1554 non
642 1513 744 1552 una
772 1510 893 1551 cum
940 1495 1005 1549 iis
1024 1535 1039 1559 ,
1087 1493 1177 1562 qui
1206 1489 1357 1545 festis
1395 1487 1585 1543 diebus
1612 1485 1787 1540 solum

210 1594 293 1650 hic
314 1607 370 1648 se
393 1593 608 1656 sistunt,
639 1587 959 1644 accederent
985 1583 1053 1639 ad
1084 1597 1184 1638 nos
1200 1625 1215 1648 ,
1242 1596 1307 1636 ac
1324 1593 1535 1635 rursum
1556 1574 1787 1632 decede-

206 1693 354 1740 rent:
386 1684 495 1738 imo
518 1695 646 1735 vero
687 1693 792 1733 non
826 1677 1042 1732 frustra.
1085 1672 1220 1728 Nam
1261 1670 1360 1731 etsi
1389 1666 1588 1725 nemini
1616 1681 1682 1721 ex
1708 1665 1789 1720 eis

207 1789 507 1849 persuasum
532 1782 676 1829 esset
694 1769 938 1826 oratione
959 1776 1141 1823 nostra
1159 1808 1173 1833 ,
1196 1763 1352 1819 nobis
1372 1771 1553 1817 tamen
1576 1771 1784 1813 merces

206 1871 397 1940 integra
436 1874 650 1931 manet,
677 1864 997 1935 plenamque
1038 1858 1296 1913 habemus
1324 1852 1466 1923 apud
1495 1852 1662 1906 Deum
1687 1848 1788 1904 de-

205 1960 511 2016 fensionem.
530 1953 891 2024 Quamobrem
910 1959 1120 2021 Oportet
1130 1947 1586 2004 eoncionatorem,
1601 1942 1791 1997 etiam-

205 2053 249 2109 si
289 2066 444 2108 nemo
473 2049 712 2106 attendat
732 2089 748 2116 ,
783 2047 990 2103 semina
1012 2044 1214 2113 jacere,
1243 2048 1299 2095 et
1326 2036 1603 2109 pecuniam
1623 2034 1791 2103 depo-

205 2160 326 2202 nere
348 2186 362 2211 ,
404 2152 461 2199 ut
492 2150 676 2214 postea
722 2141 863 2195 Deus
894 2153 998 2192 non
1026 2135 1096 2189 ab
1125 2134 1243 2199 illo,
1276 2130 1372 2187 sed
1412 2144 1442 2184 a
1478 2126 1793 2184 numulariis

205 2235 455 2293 rationem
498 2240 764 2305 reposcat.
809 2227 964 2296 Quod
1009 2239 1141 2282 sane
1179 2223 1339 2279 etiam
1385 2235 1485 2275 nos
1527 2218 1788 2281 (coimus,

204 2326 492 2401 arguendo,
524 2320 852 2392 increpando
876 2360 889 2383 .
918 2314 1274 2379 obsecrando,
1318 2306 1681 2366 admonendo.
1730 2307 1790 2362 in

206 2419 303 2475 hoc
325 2417 469 2474 enim
499 2413 650 2469 vobis
674 2408 1213 2468 commemoravimus
1239 2402 1406 2458 illium
1430 2401 1582 2456 illum
1612 2406 1791 2469 pater-

204 2524 383 2565 narum
404 2506 709 2562 facultatum
724 2503 1151 2572 absumptorem,
1170 2494 1382 2550 tandem
1412 2492 1481 2548 ad
1514 2499 1791 2561 paternam

203 2600 415 2656 domum
465 2594 793 2669 postliminio
842 2604 1121 2648 reversum
1146 2628 1161 2653 ,
1212 2585 1627 2653 universamque
1675 2580 1793 2649 ejus

205 2690 490 2750 miseriam,
522 2687 738 2752 famem,
780 2682 1036 2747 dedecus,
1080 2675 1366 2749 opprobria
1394 2716 1411 2740 ,
1455 2682 1511 2729 et
1533 2669 1791 2743 quidquid

202 2781 336 2855 apud
357 2790 572 2837 exteros
597 2778 837 2849 pertulit,
864 2773 1185 2828 adduximus
1212 2770 1267 2824 in
1297 2766 1563 2831 medium,
1588 2773 1647 2818 ut
1690 2763 1793 2816 hoc

202 2854 531 2942 esempload
566 2868 917 2924 sobrietatem
944 2879 1041 2920 vos
1069 2862 1437 2933 redigeremus
1463 2874 1477 2911 τ
1508 2870 1682 2926 neque
1710 2854 1797 2919 hic

202 2976 502 3020 sermonem
537 2959 828 3022 tinivimus,
855 2970 1039 3011 verum
1059 2954 1219 3009 etiam
1244 2958 1520 3021 paternam
1547 2961 1671 3017 erga
1701 2958 1797 2999 eos

204 3056 450 3129 pietatem
480 3051 843 3113 exhibuimus,
870 3063 976 3103 non
1008 3043 1345 3117 negligentia:
1369 3054 1553 3111 poenas
1579 3039 1797 3107 exigen-

201 3158 299 3213 tes,
331 3146 424 3203 scd
456 3145 659 3215 supinis
686 3142 932 3197 manibus
960 3154 1056 3195 eos
1082 3136 1441 3204 excipientes,
1456 3132 1669 3188 veniam
1699 3129 1787 3184 de-

200 3241 459 3298 lictorum.
488 3235 868 3300 coucedeotes,
915 3239 1097 3302 aperta
1136 3228 1299 3284 domo
1341 3239 1582 3281 mensam
1627 3237 1799 3293 appo-

201 3340 412 3394 uentcs,
441 3328 699 3385 doctrina:
720 3325 919 3381 amictu
944 3337 1038 3378 eos
1063 3319 1405 3383 amicientes,
1438 3325 1799 3383 ueteremque

200 3436 416 3477 omnem
458 3433 642 3474 curam
694 3416 825 3486 ipsis
868 3413 1208 3470 adhibentes.
1261 3410 1342 3466 illi
1393 3417 1573 3463 autem
1631 3404 1797 3460 lilium

201 3514 351 3569 illum
382 3525 487 3565 non
534 3516 660 3563 sunt
699 3505 925 3572 imitati,
959 3518 1060 3559 nec
1094 3518 1188 3559 eos
1216 3500 1387 3557 relicti
1428 3508 1600 3555 emtas
1630 3498 1803 3567 posin-

201 3604 331 3670 tlit,
367 3616 541 3672 neque
581 3602 633 3655 in
666 3608 888 3669 paterna
925 3595 1087 3651 domo
1116 3599 1451 3655 manserunt,
1500 3588 1597 3645 sed
1626 3588 1801 3644 denuo

201 3695 600 3749 abscesserunt.
625 3689 868 3745 Vestrum
897 3687 1057 3757 igitur
1082 3693 1247 3749 esset,
1271 3691 1532 3748 vestrum,
1562 3681 1798 3750 inquam,

201 3785 293 3857 qui
322 3798 538 3853 semper
562 3780 839 3836 nobiscum
856 3778 1005 3843 estis,
1040 3776 1300 3832 reducere
1324 3774 1488 3845 ipsos,
1511 3772 1803 3843 persuade-

205 3892 375 3947 reque
403 3886 460 3931 ut
488 3874 769 3929 nobiscum
812 3888 907 3943 per
938 3871 1178 3941 singulas
1205 3868 1458 3924 collectas
1486 3867 1653 3923 velint
1683 3865 1801 3921 festi

201 3986 327 4027 esse
352 3970 656 4042 participes.
702 3965 958 4035 Quamvis
986 3964 1133 4020 enim
1175 3962 1496 4018 Pentecoste
1523 3958 1801 4030 praeteriit,

202 4064 400 4119 festum
440 4071 615 4117 tamen
648 4076 754 4116 non
799 4058 1087 4129 praeteriit;
1116 4055 1293 4110 omnis
1321 4054 1467 4109 enim
1504 4063 1805 4110 conventura

202 4156 402 4211 festum
432 4164 535 4210 est.
582 4152 734 4210 Unde
762 4153 863 4207 hoc
884 4150 1064 4221 patet?
1093 4150 1169 4205 Ex
1203 4148 1332 4220 ipsis
1374 4145 1573 4203 Christi
1603 4146 1803 4211 verbis,

200 4247 474 4302 dicentis:
508 4244 819 4316 Ubicumque
842 4243 1028 4313 fuerint
1058 4242 1159 4296 duo
1191 4242 1267 4295 uel
1298 4251 1397 4295 tres
1420 4240 1714 4311 congregati
1751 4239 1806 4292 in

200 4354 319 4392 meo
346 4339 566 4400 neruine,
598 4336 667 4390 ibi
686 4352 799 4389 sunt
831 4336 884 4389 in
923 4334 1090 4387 medio
1116 4348 1292 4388 eorum
1316 4330 1528 4396 (Matth.
1560 4330 1649 4388 i8.
1684 4330 1802 4401 20).

200 4428 429 4498 Quoties
457 4437 633 4484 autem
648 4424 892 4481 Christus
918 4426 1140 4480 interest
1169 4424 1221 4479 in
1246 4422 1425 4481 medio
1443 4432 1639 4490 ctetus,
1660 4422 1805 4495 quod

201 4520 387 4592 majus
409 4519 605 4592 quieris
635 4519 753 4575 testi
775 4516 1190 4591 argumentum?

281 4652 553 4709 Fatorum
599 4664 809 4708 ornatus
858 4654 1072 4707 veri.-—
1101 4651 1201 4709 Ubi
1251 4666 1404 4706 sacra
1453 4650 1697 4706 doctrina
1751 4659 1808 4706 et

201 4759 421 4817 preces,
454 4744 542 4799 ubi
565 4755 775 4813 patrum
807 4743 1208 4799 benedictiones
1229 4752 1283 4797 et
1312 4742 1508 4796 divinze
1535 4741 1669 4811 legis
1708 4756 1808 4795 au-

200 4837 490 4903 ditorium,
513 4837 600 4891 ubi
628 4844 923 4891 conventus
949 4835 1197 4902 fratrum,
1213 4848 1587 4906 germanaeque
1609 4833 1808 4890 carita-

200 4931 280 4986 tis
325 4930 619 4995 vinculum,
651 4930 740 4984 uhi
786 4945 905 4985 cum
940 4931 1051 4985 Deo
1088 4929 1435 4999 colloquium,
1465 4938 1519 4983 et
1550 4928 1643 4983 Dei
1685 4942 1809 4983 cum

205 5020 529 5077 hominibus
559 5035 758 5083 sermo,
793 5022 881 5092 qui
911 5020 1023 5076 lleri
1052 5028 1227 5091 potest
1253 5028 1309 5074 ut
1336 5020 1407 5075 ibi
1450 5036 1555 5075 non
1587 5020 1657 5075 sit
1678 5019 1809 5075 festa

197 5110 531 5167 ulebritasl
571 5109 727 5167 Festa
755 5113 897 5166 enim
926 5126 1030 5166 non
1062 5110 1347 5166 multitudo
1376 5112 1807 5167 convenientium

200 5202 394 5259 facere
418 5202 572 5268 solet,
602 5202 695 5257 sed
724 5204 923 5266 virtus;
955 5218 1062 5258 non
1079 5211 1426 5273 sumptuosus
1449 5205 1693 5269 vestitus,
1715 5204 1809 5259 sed

200 5295 429 5365 pictatis
446 5305 701 5359 ornatus;
732 5312 836 5353 non
869 5311 1070 5353 menste
1088 5297 1313 5363 lautitia,
1331 5297 1424 5353 sed
1448 5312 1573 5354 cura
1596 5300 1809 5356 animai.

199 5385 507 5441 Maximum
539 5386 683 5443 enim
715 5386 909 5442 festum
935 5396 1018 5443 est
1040 5387 1365 5443 conscientia
1395 5389 1553 5444 bona.
1592 5390 1659 5446 Et
1679 5394 1815 5448 sicut

198 5477 262 5535 in
305 5480 550 5533 externis
587 5480 991 5535 celebrilatibus
1020 5482 1061 5535 is
1102 5483 1192 5552 qui
1235 5498 1335 5539 nec
1367 5492 1568 5538 vestem
1612 5486 1769 5542 habet
1794 5528 1813 5554 ,

197 5586 319 5643 qua
351 5572 623 5638 induatur,
653 5574 1011 5644 splendidam,
1039 5589 1139 5629 nec
1166 5589 1426 5641 mensam,
1455 5592 1556 5647 qua
1586 5576 1813 5645 fruatur,

197 5664 440 5729 lautam,
473 5666 567 5719 sed
611 5666 738 5720 vivit
771 5668 820 5720 in
866 5676 1175 5736 paupertate
1196 5709 1211 5735 ,
1259 5667 1443 5735 iume,‘
1471 5679 1818 5742 extremaque

200 5756 479 5824 miseria,
512 5773 617 5812 non
662 5759 896 5815 al'llcitur
926 5758 1060 5815 l'esto
1104 5759 1213 5826 die,
1260 5762 1469 5817 etiamsi
1514 5764 1816 5821 universam

198 5848 410 5906 urbem
432 5852 661 5907 choreas
688 5868 846 5924 agerc
877 5853 1076 5920 videat,
1108 5855 1201 5913 sed
1228 5872 1297 5915 eo
1323 5858 1492 5929 magis
1518 5860 1731 5931 angitur
1753 5876 1818 5918 ac

195 5936 369 5998 dolet
393 5940 535 6014 quod
560 5942 694 5999 alios
724 5944 776 6000 in
804 5942 1013 6003 deliciis
1030 5944 1227 6019 videat,
1254 5947 1380 6005 dum
1414 5948 1532 6020 ipse
1560 5952 1811 6009 omnibus

1412 483 1500 540 DE
1539 478 1723 538 ΑΝΝΑ
1763 469 1996 530 SEMIO
2032 469 2098 529 V.

3390 458 3497 517 670

1891 591 2047 650 eget;
2081 578 2230 634 dives
2252 592 2380 633 vero
2408 577 2691 639 delicatus,
2722 573 3025 631 mutatoriis
3055 570 3291 629 vestibus
3319 573 3493 626 almu-

1888 671 2052 735 dans,
2083 678 2139 725 et
2178 671 2229 723 in
2260 680 2469 724 smnma
2500 668 2854 738 prosperitate
2894 666 3115 733 vivens,
3146 665 3306 720 etiam
3341 672 3495 720 extra

1890 762 2021 817 testa
2053 770 2295 831 tempora
2320 759 2510 815 festum
2537 772 2697 829 agere
2716 758 2815 813 sibi
2844 756 3058 812 videtur
3084 774 3098 809 :
3128 756 3197 811 ita
3224 755 3351 811 etin
3374 755 3501 826 spi-

1894 852 2175 908 ritualibus
2197 852 2359 907 rebus
2392 848 2677 906 usuvenit:
2713 848 2803 920 qui
2832 845 2961 903 vivit
2987 849 3038 902 in
3061 847 3267 918 justitia
3288 855 3341 902 et
3362 861 3496 917 ope-

1892 944 2041 999 ribus
2072 944 2245 1011 bonis,
2282 943 2365 999 vel
2392 943 2604 1012 absque
2636 941 2773 997 festo
2804 940 2999 995 festum
3038 939 3147 1009 agit
3170 979 3185 1004 ,
3228 939 3498 994 sinceram

1893 1037 2218 1107 voluptatem
2247 1052 2311 1090 ex
2338 1035 2475 1091 bona
2499 1032 2829 1090 conscientia
2858 1032 3160 1101 percipiens
3193 1047 3207 1084 :
3250 1031 3340 1101 qui
3368 1045 3499 1086 vero

1894 1127 1949 1182 in
1982 1137 2201 1196 peccante
2240 1135 2293 1180 et
2320 1126 2521 1180 malitia
2566 1123 2709 1195 degit
2731 1163 2746 1189 ,
2779 1121 3071 1177 multorum
3101 1120 3364 1175 malorum
3394 1118 3497 1175 sibi

1893 1219 2165 1285 COLSCitts,
2195 1218 2353 1272 etiam
2386 1233 2505 1271 cum
2533 1216 2723 1273 festum
2748 1223 2852 1283 est,
2878 1224 2984 1269 tam
3008 1214 3147 1270 festo
3166 1223 3314 1269 caret
3337 1227 3498 1284 quam

1893 1314 1981 1382 qui
2009 1314 2257 1367 maxime.
2290 1313 2627 1381 Quapropter
2663 1311 2786 1365 licet
2814 1309 3005 1374 nobis,
3037 1306 3083 1363 si
3106 1306 3360 1374 velimus,
3398 1322 3494 1377 per

1897 1406 2138 1475 singulos
2166 1407 2279 1460 dies
2302 1404 2494 1459 festum
2524 1404 2743 1468 habere,
2767 1402 2810 1456 si
2842 1402 3095 1456 virtutem
3122 1413 3496 1465 exerceamus,

1894 1508 1950 1554 et
1977 1498 2362 1554 conscientiam
2410 1496 2773 1569 purillcemus.
2816 1494 2929 1561 Qua
2955 1494 3101 1549 enim
3141 1508 3201 1549 re
3230 1493 3498 1564 praeterita

1895 1588 2122 1642 collecta
2154 1590 2253 1641 hac
2284 1588 2533 1656 prmsenti
2566 1592 2649 1641 est
2677 1583 2890 1656 potior?
2915 1599 3097 1639 annon
3125 1582 3353 1639 tumultu
3382 1588 3503 1637 tan-

1901 1687 2013 1733 tum
2065 1688 2120 1734 et
2167 1680 2422 1748 strepitu,
2472 1678 2725 1746 nullaque
2768 1692 2826 1731 re
2856 1676 2998 1731 alia?
3025 1676 3249 1744 Quando
3274 1673 3420 1731 enim
3448 1681 3510 1727 es

1896 1780 2206 1823 sanctorum
2235 1769 2617 1841 mysteriarum
2644 1770 2941 1839 perceptio,
2987 1777 3045 1823 et
3088 1768 3317 1823 aliarum
3342 1767 3500 1836 spiri-

1898 1861 2125 1915 tualinm
2152 1872 2336 1915 rerum
2367 1860 2677 1916 communio
2696 1900 2713 1926 ,
2764 1869 2888 1931 puta
2938 1860 3341 1930 precationum,
3368 1869 3510 1914 conc

1896 1953 2093 2017 cionis,
2126 1953 2593 2019 benedictionum,
2625 1953 2901 2019 caritatis,
2933 1961 3361 2022 ceterorumque
3389 1966 3505 2006 om-

1898 2044 2047 2100 nium
2074 2046 2263 2100 eadem
2291 2055 2374 2101 est
2403 2047 2566 2100 etiam
2609 2044 2792 2109 hodie,
2840 2043 2983 2098 nulla
3032 2044 3084 2097 in
3129 2056 3189 2098 re
3231 2043 3345 2097 hare
3386 2042 3515 2098 dies

1897 2148 2179 2209 superatur
2217 2139 2286 2191 ab
2341 2137 2427 2191 illa
2452 2177 2466 2203 ,
2502 2145 2762 2207 quantum
2794 2136 2877 2191 vel
2921 2134 2988 2190 ad
3030 2125 3132 2190 vos
3180 2134 3268 2189 vel
3319 2132 3388 2189 ad
3418 2149 3507 2189 me

1896 2233 2309 2287 concinnantem
2338 2233 2551 2285 attinet.
2589 2228 2726 2284 Nam
2749 2230 2838 2298 qui
2879 2238 3006 2283 tunc
3036 2240 3134 2283 nos
3174 2225 3506 2293 audiebant,

1900 2318 1952 2377 bi
1980 2338 2120 2377 nunc
2144 2331 2360 2394 quoque
2388 2322 2617 2377 audituri
2642 2330 2804 2385 sunt;
2833 2329 2888 2375 et
2914 2321 3004 2390 qui
3032 2335 3175 2375 nunc
3198 2319 3412 2386 absunt,
3439 2334 3507 2374 ne

1900 2423 2027 2471 tunc
2061 2416 2279 2490 quidem
2304 2414 2530 2470 aderant
2556 2454 2573 2480 ,
2623 2412 2836 2468 etiamsi
2867 2419 3105 2483 corpore
3140 2410 3331 2468 adesse
3362 2408 3509 2466 vide-

1899 2504 2088 2563 rentur
2106 2527 2118 2560 ε
2135 2522 2242 2562 non
2262 2506 2489 2561 audiunt
2508 2520 2685 2572 nunc;
2707 2505 2815 2559 imo
2835 2511 2964 2560 tunc
2981 2504 3161 2561 minus
3184 2504 3471 2560 audiebant
3492 2521 3506 2570 ;

1904 2614 2006 2656 uec
2034 2598 2207 2653 solum
2237 2614 2345 2654 non
2372 2597 2697 2662 audiebant,
2725 2596 2820 2652 sed
2846 2597 3011 2653 etiam
3040 2593 3380 2653 audientibus
3407 2595 3509 2651 ob-

1901 2688 2193 2759 strependo
2222 2688 2438 2745 molesti
2466 2696 2644 2744 erant.
2677 2687 3021 2758 Quapropter
3045 2697 3099 2742 et
3126 2694 3253 2742 tunc
3289 2694 3345 2741 et
3368 2703 3510 2742 nunc

1900 2780 2107 2852 aquale
2134 2780 2263 2835 mihi
2296 2789 2379 2836 est
2415 2779 2685 2836 theatrum
2706 2820 2720 2842 .
2755 2777 3007 2849 idemque
3040 2778 3350 2833 auditorum
3376 2793 3508 2833 con-

1905 2883 2123 2940 ventus,
2153 2889 2255 2929 nec
2282 2874 2390 2928 ulla
2421 2874 2473 2927 in
2504 2888 2562 2928 re
2589 2873 2759 2929 altero
2784 2873 2870 2927 hic
2898 2870 3140 2928 inferior.
3176 2869 3309 2938 imo,
3342 2872 3385 2926 si
3407 2872 3513 2926 mi-

1904 2982 2023 3021 rum
2039 2966 2239 3036 aliquid
2266 2965 2449 3022 dicere
2472 2964 2806 3037 permittitis,
2827 2964 2912 3019 hic
2934 2964 3030 3019 illo
3048 2971 3131 3020 est
3153 2966 3511 3034 praslantior;

1903 3057 2045 3127 quod
2072 3057 2192 3112 sine
2222 3058 2445 3128 strepitu
2476 3058 2544 3112 sit
2564 3073 2765 3121 sermo,
2785 3068 2839 3112 et
2855 3058 2973 3113 sine
2991 3058 3220 3113 tumultu
3248 3058 3512 3123 doctrina,

1904 3158 1959 3203 et
1996 3162 2121 3203 cum
2148 3148 2361 3219 majore
2412 3148 2693 3203 intellectu
2721 3148 3041 3203 auscultatio
3059 3188 3077 3215 ,
3108 3149 3257 3205 nullo
3286 3149 3522 3205 tumultu

1910 3241 2151 3296 auditum
2181 3249 2425 3295 nostrum
2447 3239 2893 3310 interrumpente.

1979 3335 2033 3388 2.
2082 3333 2333 3389 Paucitas
2356 3333 2650 3387 auditorum
2678 3349 2742 3387 ne
2764 3333 3045 3388 contristet.
3074 3364 3148 3375 —
3172 3332 3300 3388 Haec
3332 3342 3511 3389 autem

1907 3426 2052 3493 dico,
2081 3442 2186 3481 non
2213 3426 2354 3496 quod
2401 3436 2747 3482 contemnam
2784 3426 3183 3483 multitudinem
3213 3426 3357 3483 illius
3380 3442 3519 3484 con-

1907 3528 2119 3583 ventus,
2176 3517 2271 3572 sed
2310 3525 2371 3572 ut
2412 3516 2567 3572 vobis
2592 3517 2947 3587 persuadeam
2978 3533 3045 3574 ne
3071 3518 3298 3575 dulcatis
3320 3559 3337 3587 ,
3382 3534 3518 3575 neve

1906 3609 2297 3666 contristemini
2328 3610 2399 3666 ob
2430 3610 2756 3681 paucitatem
2802 3625 2992 3666 eorum
3015 3652 3031 3679 ,
3083 3610 3175 3682 qui
3225 3626 3371 3667 nunc
3411 3610 3517 3668 huc

1910 3712 2303 3759 eortvcnerunl.
2355 3701 2471 3757 Non
2520 3704 2664 3757 enim
2705 3716 2991 3771 corporum
3018 3745 3031 3769 ,
3077 3704 3170 3760 sed
3212 3704 3516 3762 auditorum

1912 3793 2311 3849 multitudinem
2338 3793 2391 3848 in
2420 3793 2648 3849 ecclesia
2676 3794 3023 3865 requirimus.
3070 3795 3517 3870 Quandoquidem

1911 3888 2074 3959 igitur
2116 3886 2279 3943 iidem
2322 3886 2563 3943 conviva:
2604 3887 2697 3958 qui
2749 3898 2913 3955 tunc,
2963 3887 3124 3943 etiam
3172 3906 3316 3949 nunc
3363 3895 3519 3951 nobis

1911 3981 2125 4046 adsunt,
2166 3980 2278 4052 pari
2304 3979 2581 4036 alacritate
2610 3979 2771 4035 hodie
2798 3995 3012 4053 quoque
3035 3983 3340 4041 convivium
3367 3986 3521 4043 vobis

1910 4071 2199 4139 exhibebo,
2230 4071 2298 4127 ad
2326 4080 2704 4142 argumentum
2738 4088 3009 4137 reversus,
3042 4076 3185 4145 quod
3234 4076 3404 4135 nobis
3433 4077 3513 4134 l‘e-

1911 4163 2161 4218 stivitatis
2188 4172 2400 4233 tempus
2435 4162 2741 4232 interrupit.
2779 4161 3244 4231 Quemadmodum
3286 4168 3443 4224 enim
3463 4170 3514 4224 in

1912 4253 2263 4313 Pentecoste‘
2285 4255 2719 4326 intempestivum
2748 4265 2885 4324 erat,
2910 4256 3110 4313 omissa
3136 4258 3522 4317 beneliciorum

1912 4362 2011 4419 per
2041 4345 2093 4402 id
2126 4353 2340 4419 tempus
2384 4346 2436 4401 in
2482 4362 2583 4402 nos
2618 4346 2936 4403 collaturum
2965 4353 3480 4409 commemoratione
3500 4395 3521 4418 ,

1913 4437 2189 4509 inceptum
2226 4444 2389 4493 antea
2442 4444 2754 4493 contextum
2780 4440 3097 4496 continuare
3121 4458 3134 4494 :
3168 4441 3238 4496 ita
3264 4458 3407 4499 nunc
3426 4458 3518 4499 ex-

1915 4539 2035 4588 acta
2050 4530 2392 4600 Pentecoste,
2409 4542 2713 4602 opportune
2730 4530 3009 4587 historiam
3032 4532 3087 4588 iu
3110 4548 3301 4591 manus
3316 4550 3519 4591 resum-

1918 4634 2061 4694 ptam
2089 4624 2832 4695 prosequemur,.pristinum
2858 4624 2927 4680 de
2961 4627 3116 4682 Anna
3146 4638 3522 4697 argumentum

1919 4716 2217 4771 tractaturi.
2266 4715 2381 4770 Non
2429 4717 2572 4770 enim
2619 4715 2968 4786 spectandum
3012 4732 3169 4789 quam
3206 4721 3370 4775 multa
3410 4721 3519 4790 jam

1917 4805 2060 4861 dicta
2086 4805 2213 4869 sint,
2242 4804 2338 4861 sed
2365 4814 2541 4860 utrum
2570 4803 2637 4860 ad
2661 4805 2821 4862 linem
2856 4806 3014 4878 hujus
3057 4812 3359 4881 argumenti
3410 4828 3521 4883 per-

1916 4896 2248 4952 venerimus.
2278 4894 2412 4950 Nam
2446 4904 2501 4951 et
2528 4896 2618 4967 qui
2646 4896 2959 4953 thesaurum
2992 4900 3354 4971 invenerunt,
3396 4904 3520 4962 licet

1918 4989 2180 5060 plurimas
2224 4988 2349 5044 inde
2390 4988 2608 5059 capiant
2651 4988 2869 5045 divitias
2899 5032 2914 5058 ,
2943 5006 3048 5046 non
3080 4992 3227 5061 prius
3261 4995 3527 5052 absistunt

1919 5097 2079 5152 quam
2100 5089 2270 5135 totum
2294 5080 2665 5147 exhauserint,
2694 5091 2753 5136 ut
2778 5097 2913 5153 quos
2936 5093 3164 5139 nontam
3189 5081 3524 5157 juvatmulta

1919 5174 2228 5245 accepisse,
2265 5188 2425 5244 quam
2454 5170 2590 5229 nihil
2635 5172 2903 5245 reliquum
2937 5171 3151 5232 fecisse.
3198 5176 3352 5245 Quod
3401 5181 3443 5234 si
3492 5181 3525 5238 ii

1987 5288 2003 5352 ξ
2026 5284 2157 5336 Colb.
2174 5284 2271 5336 duo
2282 5294 2334 5336 et
2352 5293 2489 5350 θος..
2510 5291 2799 5352 ρεηιεοοσιε.
2815 5288 2887 5352 sic
2902 5284 3026 5337 inira
3052 5288 3198 5352 etiam
3214 5288 3417 5352 legitur.
3436 5299 3527 5341 Ito-

1920 5347 2039 5420 rel.,
2073 5347 2484 5420 uesopentecosie,
2520 5348 2572 5397 in
2604 5358 2833 5420 utroque.
2856 5347 2981 5399 loco.
3022 5357 3121 5420 Qua
3142 5347 3529 5420 ductl'gomnjum

1922 5417 2030 5460 Itss.
2057 5409 2344 5460 auctoritate
2370 5409 2631 5460 lectionem
2654 5409 2965 5470 mutavimus,
2989 5412 3231 5463 suadente
3254 5414 3402 5464 etiam
3421 5412 3531 5466 loco

1922 5469 2161 5523 illosuura
2180 5470 2322 5523 paulo
2346 5478 2453 5523 post
2487 5471 2695 5523 initium.
2720 5470 2943 5523 Ounntt‘is
2964 5472 3094 5523 enim
3116 5480 3387 5523 Pentecoste
3403 5490 3529 5523 nm.

1976 5485 2161 5545 usupra
2180 5470 2322 5545 paulo
2346 5478 2453 5545 post
2487 5471 2695 5545 initium,
2720 5470 2943 5545 quamvis
2964 5472 3094 5545 enirn
3116 5480 3529 5545 Peruecostepne-

1923 5532 2195 5596 teriit.'quo
2235 5532 2450 5583 insuitur
2495 5533 2574 5583 hic
2607 5532 2874 5595 legendum
2910 5547 3023 5585 esse
3050 5535 3103 5585 in
3137 5537 3354 5600 seatndo
3390 5532 3526 5600 l'oco,

1923 5601 2099 5670 ἔτρεμε
2126 5600 2421 5670 ιτεριεεοειρυ.
2436 5602 2857 5670 ὶίθδονεθιὶιβορδιθ
2878 5604 3045 5670 ’μιθειει
3069 5606 3181 5670 sm
3203 5599 3325 5670 τςνίι
3356 5599 3528 5670 quill“

1923 5656 2244 5724 hebdomadis
2286 5662 2473 5724 quarta
2513 5656 2620 5724 post
2650 5657 2850 5724 Pascha;
2883 5659 2955 5709 sic
2986 5660 3143 5721 dicta,
3169 5664 3283 5724 quia
3314 5656 3530 5714 médium

1926 5719 2132 5831 spatium
2167 5717 2435 5806 occupabat
2477 5717 2653 5791 Pascha
2696 5718 2827 5768 inter
2857 5728 2909 5770 et
2952 5717 3294 5796 Pentecos'tim.
3332 5730 3401 5775 De
3448 5724 3530 5775 illa

1926 5792 2064 5854 Em."
2086 5786 2293 5854 ⁸⁵³1³8³⁸³⁸
2325 5793 2375 5829 ¹¹¹
2396 5778 2855 5854 ﬁmoﬁmo-
2889 5778 3113 5854 ίοίειῖίοη
3150 5797 3255 5854 εξνο
3296 5784 3528 5854 iisque!!-

1928 5840 2115 5915 tissime
2139 5840 2245 5892 haec
2268 5855 2358 5891 vox
2385 5843 2608 5892 occurrit.
2638 5840 2819 5954 Aliquis
2858 5856 2979 5907 ergo
3011 5846 3269 5909 imperitus
3304 5840 3536 5898 librarius

1928 5904 2009 5955 hic
2029 5910 2484 5955 Hesoueoteooeten
2508 5910 2702 5955 temere
2743 5902 2936 5955 adnuit.
2964 5906 3094 5955 Adde
3114 5920 3226 5955 oua:
3245 5908 3464 5955 diximus
3483 5910 3532 5955 In

1931 5904 2702 6030 Vgruem
2726 5902 2943 5956 induxit:
2964 5902 3094 5958 Adde
3114 5920 3226 5973 qua:
3245 5908 3464 5961 diximus
3483 5910 3532 5959 lu

2053 6000 2066 6013 .
2397 5999 2409 6025 ,
2460 6004 2463 6007 ,
