4152 6490
677 443 774 500 671

671 558 764 628 qui
787 571 848 614 tn.
862 551 1110 625 pecunias
1131 549 1572 607 insaniunt.tanto
1589 559 1765 600 rerum
1784 544 2134 615 periturarum
2154 552 2254 594 nec
2295 533 2342 554 “

676 658 1040 702 rnansurarum
1059 651 1305 696 tenemur
1321 638 1518 697 studio.
1533 628 1699 692 multo
1716 636 1880 706 magis
1892 635 1992 689 hoc
2008 648 2104 688 nos
2121 634 2171 688 in
2185 633 2259 686 di-

675 739 811 791 vinis
829 735 1000 790 facere
1015 727 1278 786 thesauris
1296 740 1528 798 oportet,
1555 742 1651 781 nec
1664 727 1808 796 prius
1831 725 2256 792 absisterequam

676 837 842 883 totum
866 826 967 880 hoc
982 822 1122 893 quod
1141 816 1211 876 ibi
1229 821 1468 874 videmus
1484 820 1906 873 exhauserimus.
1923 813 2040 868 Dixi
2056 821 2254 875 autem,

675 917 817 990 quod
850 915 920 972 ibi
945 915 1210 978 videmus,
1236 913 1358 984 quia
1390 912 1688 966 universum
1714 907 1996 962 exhaurire
2025 921 2129 961 non
2158 906 2257 959 da-

684 1019 790 1065 tur.
824 1003 967 1062 Fons
995 1006 1136 1061 enim
1167 1014 1249 1059 est
1271 1001 1572 1072 perenniter
1597 1013 1818 1054 manans
1857 998 2152 1052 divinarum
2180 997 2260 1051 vis

674 1097 1061 1154 sententiarum
1087 1135 1103 1158 ,
1151 1105 1436 1161 numquam
1476 1089 1727 1145 deﬁciens
1752 1129 1766 1156 ,
1807 1103 2092 1157 numquam
2133 1101 2260 1141 evao-

673 1189 904 1245 cuanda.
952 1187 1132 1254 Itaque
1153 1199 1220 1238 ne
1245 1181 1638 1251 defatigemur:
1669 1195 1774 1234 non
1807 1181 1948 1232 enim
1981 1178 2046 1231 de
2073 1176 2258 1247 vulga-

674 1279 826 1335 ribus
853 1278 1013 1333 rebus
1041 1273 1195 1330 nobis
1225 1282 1308 1327 est
1345 1273 1524 1328 oratio
1544 1311 1559 1334 ,
1589 1268 1683 1325 sed
1709 1268 1775 1324 de
1796 1267 2120 1338 precatione,
2164 1280 2260 1334 spe

675 1377 891 1432 nostra;
915 1364 1221 1436 precatione
1250 1377 1344 1433 per
1369 1377 1527 1431 quam
1557 1359 1754 1414 sterilis
1793 1367 1962 1412 mater
1987 1365 2070 1410 est
2098 1355 2256 1420 facta,

671 1469 728 1516 et
752 1471 1052 1514 numerosa:
1076 1451 1242 1526 prolis
1268 1467 1460 1523 pavens
1489 1466 1607 1520 qtne
1637 1450 1758 1503 filiis
1802 1448 2056 1511 carebat,
2086 1455 2140 1499 et
2187 1460 2253 1499 ex

677 1560 941 1611 arente
969 1546 1124 1614 laeta;
1153 1559 1247 1617 per
1275 1560 1433 1616 quam
1457 1545 1640 1606 vitiosa
1671 1538 2019 1610 reparabatur
2048 1545 2256 1600 natura,

683 1644 971 1712 clausaque
1001 1637 1341 1694 reserabatur
1362 1633 1576 1696 matrix,
1608 1640 1660 1685 et
1687 1628 2027 1699 impossibilia
2067 1626 2260 1682 fiebant

678 1733 971 1806 possibilia.
990 1729 1328 1799 Quapropter
1353 1725 1528 1779 omnia
1567 1723 1818 1793 paulatim
1843 1729 2256 1789 perscrutemur,

678 1825 912 1898 singulas
937 1823 1270 1893 explicantes
1286 1820 1568 1880 dictiones,
1589 1828 1725 1871 utne
1744 1815 2020 1870 minimum
2047 1812 2259 1883 quidem

675 1930 795 1981 nos,
817 1921 1076 1985 quantum
1099 1912 1211 1966 fieri
1235 1919 1426 1979 potest.
1454 1908 1684 1978 effugiat.
1709 1906 1980 1975 Siquidem
2009 1913 2257 1973 propter-

675 2021 736 2060 ea
766 2005 898 2060 duas
925 2005 1154 2075 integras
1177 2001 1577 2057 dissertationes
1622 1999 1673 2054 in
1701 1998 1808 2052 duo
1834 1997 1946 2052 sola
1975 1997 2089 2065 ejus
2119 1995 2259 2050 dicta

683 2096 1061 2167 insumpsimus
1099 2111 1112 2146 :
1145 2093 1408 2163 primum,
1457 2091 1822 2157 Con/innatum
1864 2099 1938 2142 est
1977 2104 2062 2141 cor
2097 2104 2262 2141 meum

679 2183 732 2240 in
761 2184 1000 2250 Domino,
1027 2194 1080 2238 et
1105 2183 1246 2255 quod
1269 2198 1390 2237 mox
1413 2182 1670 2250 sequitur,
1698 2178 1989 2232 Exultatum
2015 2187 2087 2232 est
2107 2195 2264 2231 cornu

679 2291 843 2330 metu»
884 2278 936 2329 in
966 2273 1073 2328 Deo
1103 2291 1212 2328 meo
1242 2276 1317 2342 (l.
1350 2271 1472 2343 Heg.
1503 2272 1556 2324 2.
1591 2271 1666 2338 1).
1717 2271 2062 2338 Consequens
2107 2270 2264 2339 igitur

679 2377 761 2421 est
791 2365 946 2420 hodie
971 2363 1036 2420 ad
1067 2365 1280 2419 tertium
1311 2364 1520 2420 venire.
1545 2361 1694 2429 Quod
1731 2375 1860 2416 vero
1883 2358 1983 2414 hoc
2011 2360 2131 2414 est?
2172 2359 2265 2412 Di-

679 2458 890 2512 iatatum
916 2465 988 2511 est
1015 2473 1070 2510 os
1095 2471 1258 2511 meum
1285 2471 1433 2523 super
1460 2449 1690 2507 inimicos
1721 2468 1853 2506 meos
1881 2466 1900 2504 :
1940 2451 2111 2505 letam
2151 2467 2264 2505 sum

678 2551 733 2605 in
771 2552 935 2605 salute
972 2561 1078 2604 tua.
1126 2548 1540 2604 Antmadvertite
1573 2554 1876 2600 accuratam
1916 2543 2216 2598 orationem
2247 2558 2262 2596 :

682 2658 788 2698 non
834 2641 1004 2709 dixit,
1047 2641 1336 2696 Exacutum
1375 2647 1454 2694 est
1497 2653 1559 2693 os
1589 2651 1764 2692 meum
1807 2650 1969 2705 super
2022 2633 2266 2688 inimicos

680 2749 830 2790 meos
857 2751 870 2788 :
904 2749 1008 2789 non
1039 2733 1182 2788 enim
1217 2731 1284 2788 ad
1306 2730 1547 2787 convicia
1573 2738 1627 2784 et
1661 2726 1879 2782 dicteria
1911 2732 2265 2795 przeparatum

680 2837 817 2890 erat,
848 2841 954 2880 non
981 2825 1046 2880 ad
1078 2824 1362 2894 opprobria
1389 2833 1442 2877 et
1475 2819 1864 2876 accusationem
1883 2859 1898 2883 ,
1941 2815 2033 2871 sed
2057 2815 2122 2869 ad
2152 2831 2266 2868 mo.

683 2914 938 2972 nitionem
970 2926 1023 2970 et
1061 2915 1360 2978 consilium,
1386 2911 1450 2966 ad
1475 2909 1858 2965 correctionem
1880 2917 1934 2962 et
1958 2906 2264 2963 instructio-

685 3023 830 3062 nem.
863 3002 1150 3076 Propterea
1193 3019 1300 3058 non
1334 3003 1503 3067 dixit,
1548 3001 1780 3055 Exacuta
1820 3008 1904 3053 est
1943 2998 2118 3068 lingua
2150 3011 2266 3050 mea

683 3112 845 3168 super
873 3096 1114 3151 inimicos
1141 3108 1308 3159 meos,
1356 3091 1480 3158 sed,
1514 3085 1796 3143 Dilutatum
1834 3098 1905 3143 est
1934 3104 2010 3142 os.
2044 3087 2269 3143 Relaan

686 3187 851 3255 tione,
880 3187 1070 3256 inquit,
1098 3183 1276 3240 fruor:
1310 3183 1478 3237 libere
1495 3181 1635 3251 loqui
1665 3194 1882 3250 possum
1907 3197 1921 3233 :
1937 3179 2044 3248 jam
2067 3176 2270 3248 pudore

686 3281 930 3334 discusso
955 3277 1022 3333 ad
1051 3277 1351 3334 libertatem
1376 3273 1526 3329 redii.
1561 3275 1638 3328 Ac
1659 3288 1726 3328 ne
1753 3287 1892 3327 nunc
1913 3271 2125 3342 quidem
2147 3285 2270 3324 mu-

689 3369 874 3424 lierem
905 3369 1147 3423 asmulam
1183 3365 1494 3431 nominavit,
1525 3364 1620 3419 sed
1645 3365 1956 3433 simpliciter
1999 3361 2271 3417 indelinita

689 3459 1118 3533 nuncupatione,
1161 3458 1308 3528 quasi
1353 3456 1578 3528 quadam
1619 3456 1792 3518 larva,
1841 3464 2002 3510 tanta:
2044 3454 2272 3510 tristitia:

686 3563 903 3606 causam
947 3547 1244 3604 abscondit.
1299 3546 1414 3602 Non
1453 3544 1626 3613 dixit,
1671 3545 1813 3616 quod
1860 3544 2042 3600 multa:
2088 3544 2272 3600 dicunt

689 3640 984 3697 mulieres:
1029 3634 1275 3695 Confudit
1302 3654 1420 3694 eam
1450 3634 1620 3704 Deus,
1663 3637 1937 3708 dissipavit
1977 3646 2033 3692 et
2074 3637 2270 3707 dejecit

688 3733 969 3790 scelestam
996 3742 1048 3788 et
1072 3740 1408 3802 arrogantem
1448 3739 1504 3787 et
1541 3729 1972 3802 magniloquam:
2015 3730 2109 3785 sed
2139 3731 2271 3785 sim-

696 3823 903 3893 pliciter
925 3863 942 3888 ,
973 3816 1256 3876 Diiatatum
1285 3831 1354 3875 est
1383 3837 1438 3876 os
1464 3836 1630 3876 meum
1653 3838 1806 3892 super
1833 3821 2063 3875 inimicos
2103 3835 2273 3885 meos;

695 3913 872 3977 (etate
898 3929 1009 3968 sum
1034 3912 1085 3965 in
1110 3906 1274 3966 salute
1293 3921 1398 3964 tua.

765 3999 833 4057 In
875 4002 1090 4057 salutari
1128 3997 1224 4057 Dei
1258 4002 1422 4056 trctari
1462 4002 1585 4070 quia
1619 3995 1701 4073 sit.
1736 4031 1802 4045 -ν-
1833 4000 1966 4056 Vide
2003 4001 2273 4072 quomodo

691 4091 936 4151 eamdem
961 4093 1131 4164 legem
1162 4106 1258 4162 per
1285 4100 1448 4146 totam
1480 4084 1839 4161 precationem
1887 4101 2083 4146 servat.
2126 4091 2276 4146 Sicut

693 4187 838 4243 enim
869 4186 921 4240 in
960 4185 1221 4256 principio
1244 4184 1470 4247 diccbat,
1506 4183 1872 4252 Conﬁrmatum
1897 4192 1968 4237 est
1997 4199 2084 4237 cor
2110 4199 2276 4238 meum

695 4277 751 4332 in
775 4275 1015 4341 Domino,
1050 4271 1328 4329 exaltatum
1351 4287 1423 4328 est
1443 4290 1603 4327 cornu
1629 4289 1791 4326 meum
1818 4276 1871 4326 in
1899 4271 2008 4327 Deo
2032 4290 2162 4341 meo,
2189 4275 2274 4328 di-

697 4366 912 4420 tatatum
937 4373 1010 4418 est
1035 4379 1093 4438 os
1135 4379 1302 4418 meum
1340 4378 1492 4432 super
1519 4362 1749 4416 inimicos
1777 4379 1911 4418 meos
1938 4379 1957 4416 :
1982 4366 2052 4418 ita
2087 4373 2142 4418 et
2169 4364 2278 4429 hic,

696 4451 892 4511 Lauta
916 4469 1027 4508 sum
1059 4454 1114 4507 in
1140 4452 1305 4508 salute
1329 4464 1435 4506 tua.
1467 4447 1583 4509 Non
1623 4451 1955 4522 simpliciter,
1995 4453 2047 4508 In
2087 4455 2278 4521 salute,

697 4545 817 4611 sed,
849 4543 914 4598 ιη
952 4543 1115 4598 salute
1142 4553 1249 4598 tua.
1277 4542 1392 4598 Non
1434 4543 1578 4599 enim
1607 4544 1860 4613 quoniam
1891 4552 2100 4599 servata
2139 4559 2278 4612 sum,

698 4636 792 4693 sed
822 4635 1072 4707 quoniam
1098 4649 1194 4705 per
1221 4641 1274 4690 te
1295 4644 1503 4691 servata
1544 4649 1683 4700 sum,
1729 4643 2010 4705 prepterea
2049 4635 2202 4690 iaztor
2227 4644 2281 4692 et

701 4729 932 4785 exsulto.
953 4727 1108 4782 Tales
1134 4728 1327 4797 quippe
1350 4737 1474 4782 sunt
1497 4736 1801 4783 sanctorum
1823 4727 2050 4794 animae;
2077 4727 2145 4784 de
2174 4729 2283 4784 Deo

703 4823 874 4893 magis
917 4821 1164 4876 laetantur
1213 4829 1436 4876 auctore
1481 4835 1782 4886 munerum,
1838 4835 1995 4891 quam
2040 4821 2108 4877 de
2155 4822 2284 4891 ipsis

704 4913 1015 4969 muneribus
1045 4931 1060 4969 :
1092 4927 1197 4969 non
1227 4912 1369 4968 enim
1397 4920 1615 4983 propter
1634 4911 1772 4968 dona
1803 4913 1998 4982 ipsum,
2027 4915 2120 4968 sed
2145 4913 2285 4969 dona

704 5014 920 5075 propter
949 5003 1095 5059 illum
1121 5002 1369 5074 diligunt.
1402 5003 1516 5059 Hoc
1551 5017 1737 5059 servos
1765 5013 1951 5073 gratos
1975 5004 2150 5072 decet,
2185 5005 2285 5060 hoc

705 5095 932 5150 famulos
952 5094 1193 5150 beneﬁcii
1219 5107 1505 5160 memores,
1527 5093 1778 5150 videlicet
1801 5095 1961 5150 rebus
1980 5096 2089 5150 suis
2113 5096 2288 5151 omni-

705 5186 805 5242 bus
835 5199 1147 5256 preponcre
1175 5183 1477 5238 Dominum.
1519 5183 1608 5239 Sic
1649 5185 1808 5240 etiam
1849 5199 1949 5240 nos
1987 5184 2162 5240 aﬂ‘ecti
2207 5187 2284 5241 si-

705 5294 825 5336 mus
849 5297 865 5334 :
893 5293 1015 5336 cum
1042 5280 1458 5350 peccaverimus,
1508 5296 1614 5335 non
1648 5279 1927 5336 doleamus
1967 5282 2091 5351 quia
2132 5281 2286 5351 puni-

707 5387 845 5437 mur.
871 5371 969 5430 sed
987 5371 1110 5444 quia
1133 5373 1415 5430 Dominum
1444 5372 1764 5430 olendimus
1789 5393 1803 5428 :
1835 5385 1888 5432 et
1914 5375 1958 5430 si
1985 5375 2126 5446 quod
2151 5390 2286 5446 opus

707 5465 905 5520 bonum
933 5453 1175 5521 nostrum
1214 5473 1318 5534 est,
1365 5479 1472 5520 non
1519 5463 1841 5534 gaudeamus
1874 5476 2094 5536 propter
2121 5481 2284 5538 regna

701 5557 980 5624 edorum,
1019 5556 1112 5613 sed
1139 5557 1262 5629 quia
1301 5572 1414 5613 rem
1449 5558 1704 5614 calorum
1748 5558 1877 5629 Regi
1920 5565 2127 5629 gratam
2155 5558 2278 5615 feci-

704 5661 841 5704 mus.
865 5647 963 5716 Qui
991 5648 1132 5704 cnim
1162 5664 1306 5704 sana:
1341 5651 1536 5705 mentis
1562 5657 1664 5716 est,
1693 5647 1952 5704 otl'ensam
1991 5647 2084 5705 Dei
2116 5649 2284 5720 magis

703 5737 875 5804 timet,
903 5754 1061 5809 quam
1111 5739 1270 5793 ullam
1300 5739 1618 5810 gehennam,
1654 5748 1706 5794 et
1732 5740 1944 5812 placere
1981 5740 2090 5796 Deo
2119 5740 2283 5812 pluris

702 5832 951 5902 cstimat,
977 5848 1136 5906 quam
1183 5834 1347 5892 ullum
1381 5846 1625 5906 regnum.
1659 5829 1769 5891 Nec
1810 5833 2020 5891 mireris
2058 5834 2106 5892 si
2148 5849 2276 5908 erga

1386 435 1442 492 ὃ.
1481 431 1758 491 JOANNIS
1791 423 2263 488 οιιιιγεοδτοιίι
2301 420 2623 482 ARCHIEP.
2663 421 3197 483 CONSTANTINOP.

3851 421 3948 482 δη

2374 539 2540 592 Deum
2577 553 2696 594 esse
2722 539 2799 594 sic
2833 538 3082 594 affectum
3112 548 3345 610 oportet,
3389 553 3511 594 cum
3540 554 3668 611 erga
3709 541 3950 597 homines

2365 631 2516 686 multi
2545 633 2624 688 sic
2666 631 2840 687 affecti
2871 632 2997 687 sint.
3029 632 3184 703 Saepe
3209 635 3353 689 enim
3382 635 3472 704 qui
3502 648 3794 704 gennauos
3825 631 3950 688 libe:

2366 736 2454 776 ros
2504 723 2779 787 habemus,
2821 724 2865 777 si
2905 726 2988 778 vel
3033 725 3179 778 inviti
3219 741 3314 780 eos
3363 725 3679 792 ireseritnus,
3724 741 3758 780 a
3807 725 3952 780 nobis

2366 811 2494 882 ipsis
2525 826 2709 883 poenas
2739 808 3070 884 reposcimus
3099 833 3112 869 :
3143 826 3199 870 et
3231 830 3357 886 erga
3381 817 3582 870 amicos
3607 815 3753 871 idem
3784 816 3954 870 facere

2364 903 2622 958 solemus.
2653 902 2806 972 Quod
2845 906 2890 959 si
2937 905 3140 960 amicos
3169 914 3260 959 aut
3298 903 3437 960 filios
3478 905 3755 961 on‘endere
3786 906 3954 960 multo

2364 994 2581 1062 gravius
2623 1006 2870 1064 putamus
2913 1011 3072 1066 quam
3121 1011 3308 1066 pinnas
3355 996 3527 1062 luere,
3579 997 3750 1052 multo
3791 997 3960 1066 magis

2364 1097 2488 1153 erga
2516 1083 2682 1138 Deum
2723 1087 2804 1140 sic
2827 1085 2964 1141 aflici
2993 1087 3168 1153 decet,
3198 1096 3250 1141 et
3291 1088 3434 1141 omni
3464 1087 3706 1158 gebanna
3739 1088 3961 1157 gravius

2367 1175 2659 1244 putandum
2706 1187 2811 1244 est,
2856 1179 3056 1248 aliquid
3098 1180 3291 1235 fecisse
3334 1180 3476 1250 quod
3528 1179 3602 1233 illi
3650 1178 3958 1249 displiceat.

2365 1265 2508 1322 Talis
2554 1277 2668 1322 erat
2698 1267 2884 1322 beatus
2925 1270 3123 1324 Paulus
3152 1290 3164 1324 :
3191 1282 3470 1341 propterea
3513 1271 3746 1338 dicebat,
3778 1271 3960 1326 Certus

2364 1376 2475 1412 sum
2505 1361 2640 1429 quod
2667 1377 2828 1429 neque
2869 1363 3058 1434 angeli,
3104 1380 3262 1432 neque
3299 1366 3634 1434 principatus,
3676 1381 3843 1434 neque
3869 1381 3960 1434 po-

2365 1457 2588 1513 testates,
2615 1467 2773 1519 neque
2793 1453 3084 1520 prtesetttia,
3118 1470 3278 1522 neque
3309 1456 3504 1524 futura,
3532 1471 3691 1521 neque
3714 1455 3957 1518 altitudo,

2365 1557 2522 1610 neque
2561 1544 2888 1612 profundum,
2927 1560 3018 1597 nec
3061 1547 3166 1598 alia
3203 1557 3435 1599 creatura
3460 1547 3643 1616 poterit
3672 1563 3766 1600 nos
3805 1563 3960 1616 sepas

2363 1646 2480 1684 rare
2521 1648 2553 1684 a
2581 1635 2790 1686 caritate
2818 1631 2934 1697 Dei,
2982 1650 3098 1704 qua:
3135 1645 3207 1689 est
3235 1636 3289 1688 in
3320 1634 3518 1690 Christo
3563 1634 3691 1691 Iesu
3735 1634 3962 1690 Domino

2365 1731 2534 1774 nostro
2565 1722 2738 1793 (Rem.
2781 1724 2834 1779 8.
2869 1724 2959 1780 39.
2998 1725 3108 1794 ιο).
3155 1725 3292 1793 Quin
3339 1737 3394 1782 et
3440 1739 3654 1783 sanctos
3695 1738 3964 1800 martyres

2366 1827 2488 1866 eum
2519 1814 2705 1868 beatos
2753 1830 3027 1884 vocamus,
3071 1819 3141 1871 ob
3171 1819 3389 1873 vulnera
3435 1819 3668 1888 primum
3696 1820 3961 1888 przedicao

2367 1919 2506 1970 mus,
2539 1921 2661 1960 mox
2701 1907 2772 1961 ob
2798 1908 3050 1976 praemia;
3082 1910 3230 1980 prius
3277 1911 3346 1965 ob
3388 1912 3588 1982 plagas,
3634 1923 3689 1966 et
3719 1921 3836 1966 tum
3865 1911 3962 1968 de-

2365 2009 2512 2049 mum
2554 1995 2625 2050 ob
2671 2011 2900 2052 coronas
2951 1999 3235 2066 repositas.
3281 1998 3506 2056 Praemia
3554 2001 3698 2055 enim
3739 2012 3962 2072 propter

2365 2086 2584 2140 vulnera
2622 2087 2956 2156 contingnt,
2998 2097 3052 2141 et
3080 2104 3184 2141 non
3214 2088 3433 2144 vulnera
3465 2099 3686 2159 propter
3717 2093 3959 2160 praemia.

2439 2175 2492 2230 3.
2534 2173 2810 2230 Erumme
2847 2193 2940 2244 pro
2965 2173 3166 2231 Christo
3208 2182 3455 2244 toterotte,
3499 2191 3616 2234 sunt
3658 2182 3852 2252 gratia,
3881 2197 3958 2236 eo.

2368 2281 2516 2332 rana,
2544 2282 2751 2320 merces.
2777 2297 2848 2308 —
2876 2266 2950 2321 ita
2977 2268 3164 2322 beatus
3194 2284 3407 2338 quoque
3452 2270 3646 2325 Paulus
3693 2287 3802 2326 non
3856 2283 3963 2328 tant

2369 2359 2618 2427 repositis
2643 2360 2744 2413 sibi
2773 2359 2948 2424 bonis,
2972 2375 3129 2430 quam
3158 2362 3418 2416 molestiis
3445 2372 3662 2432 propter
3685 2363 3962 2420 Christum

2368 2450 2698 2520 perferendis
2723 2451 3007 2522 gaudebat,
3030 2453 3397 2524 clamabatque
3423 2454 3631 2521 dicens,
3667 2454 3885 2511 Gaudeo
3912 2457 3961 2511 is

2369 2543 2684 2611 passionibus
2733 2561 2824 2612 pro
2859 2546 2995 2599 vobis
3045 2545 3177 2616 (Col.
3227 2546 3279 2599 i.
3308 2546 3400 2617 24)
3428 2564 3443 2600 :
3476 2554 3530 2601 et
3566 2547 3782 2615 iterum,
3843 2547 3964 2604 Non

2371 2636 2536 2689 solum
2577 2645 2765 2700 autent,
2826 2653 2998 2690 verum
3047 2648 3093 2692 et
3136 2639 3415 2709 gloriamur
3455 2640 3508 2693 in
3552 2639 3962 2694 tribulationibus

2373 2725 2551 2796 (Rom.
2581 2727 2635 2782 5.
2659 2727 2714 2798 ὅ)
2744 2745 2756 2781 :
2787 2736 2842 2781 ct
2870 2743 3101 2795 rursum,
3135 2728 3390 2795 Quoniam
3439 2729 3584 2783 nobis
3613 2729 3864 2783 donatum
3893 2745 3964 2785 est

2370 2832 2403 2868 a
2433 2815 2558 2881 Deo,
2591 2827 2645 2870 ut
2683 2833 2783 2870 non
2812 2818 2976 2872 solum
3005 2819 3060 2874 is
3102 2835 3216 2872 eum
3243 2819 3528 2885 credamus,
3560 2819 3651 2873 sed
3687 2823 3842 2872 etiam
3874 2836 3963 2890 pro

2371 2920 2428 2958 eo
2462 2908 2718 2976 patiamur
2760 2905 3016 2976 (Philipp.
3049 2908 3106 2962 1.
3151 2907 3266 2978 29).
3317 2907 3413 2964 Est
3449 2908 3592 2963 enim
3631 2911 3800 2978 gratia
3851 2920 3973 2960 vere

2371 2997 2624 3063 ntaxima,
2668 2995 2886 3068 diguuut
2936 2999 3145 3054 censeri
3191 3011 3406 3070 pmpter
3446 2997 3718 3055 Christum
3760 3001 3962 3072 aliquid

2373 3087 2503 3156 pati,
2536 3099 2590 3143 et
2610 3103 2808 3143 corona
2835 3104 2962 3145 vere
2993 3089 3249 3160 perfecta,
3280 3101 3336 3146 et
3359 3107 3564 3147 merces
3591 3091 3769 3147 futura
3800 3095 3962 3150 retri-

2374 3175 2596 3231 butione
2634 3192 2739 3232 non
2783 3178 3000 3232 minor:
3031 3189 3080 3234 et
3137 3179 3238 3235 hoc
3281 3191 3478 3236 norunt
3502 3183 3591 3252 qui
3621 3183 3861 3254 legitime
3903 3195 3965 3238 ae

2375 3265 2645 3322 ferventer
2672 3268 2942 3323 Christum
2964 3270 3190 3342 diligere
3225 3273 3418 3328 sciunt.
3450 3273 3595 3328 Talis
3623 3285 3740 3328 erat
3766 3285 3818 3330 et
3851 3275 3966 3330 hac

2376 3359 2586 3425 mulier,
2626 3360 3054 3417 ardentissimum
3100 3365 3300 3419 habens
3338 3365 3391 3419 in
3421 3365 3588 3420 Deum
3613 3366 3964 3434 desiderium,

2374 3463 2426 3506 et
2458 3452 2677 3520 ignitum
2721 3467 2998 3510 amorem:
3034 3465 3314 3524 propterea
3352 3455 3584 3523 dicebat,
3625 3456 3822 3512 Latum
3851 3474 3962 3514 sum

2374 3541 2428 3594 in
2455 3543 2669 3596 salutari
2716 3553 2822 3598 tuo.
2850 3543 2993 3599 Nihil
3021 3547 3164 3601 enim
3193 3547 3292 3616 ipsi
3337 3546 3434 3602 fuit
3466 3563 3590 3602 cum
3631 3559 3772 3604 terra
3812 3563 3965 3605 com-

2375 3647 2554 3699 mune,
2582 3632 2677 3689 sed
2719 3649 2878 3690 omne
2907 3636 3196 3691 humanum
3235 3637 3490 3692 auxilium
3525 3638 3880 3710 despiciebat,
3912 3651 3966 3697 et

2376 3733 2494 3779 erat
2513 3724 2746 3794 Spiritus
2770 3726 2934 3796 gratia
2959 3727 3222 3793 sublimis,
3252 3728 3306 3782 in
3325 3728 3680 3800 omnibusque
3700 3730 3768 3785 ad
3798 3731 3965 3786 Deum

2381 3816 2721 3887 respiciebat,
2753 3826 2808 3873 et
2839 3818 2907 3873 ab
2937 3802 3247 3888 urgentibus
3271 3821 3529 3877 molestiis
3573 3821 3719 3877 illinc
3748 3821 3966 3878 liberari

2378 3907 2618 3977 rogabat.
2648 3907 2877 3964 Noverat
2905 3909 3072 3978 enim,
3116 3911 3274 3982 plane
3304 3922 3544 3980 noverat,
3585 3912 3818 3969 humana
3849 3915 3971 3987 qui-

2380 3999 2522 4066 dem,
2552 4001 2958 4073 qualiacumque
2995 4005 3124 4072 sint,
3155 4004 3395 4060 dantium
3427 4005 3624 4060 imitari
3667 4020 3921 4064 naturam
3947 4025 3958 4060 :

2381 4092 2534 4147 nobis
2558 4103 2737 4149 autem
2762 4092 2944 4149 divino
2963 4110 3177 4165 semper
3203 4111 3338 4165 opus
3364 4111 3486 4151 esse
3509 4097 3730 4164 auxilio,
3755 4099 3802 4152 si
3836 4098 3962 4154 veli-

2380 4197 2499 4237 mus
2527 4198 2779 4239 ancoram
2821 4185 2873 4239 in
2905 4195 3017 4240 tuto
3057 4185 3294 4242 ﬁrmare.
3325 4187 3662 4258 Quapropter
3693 4188 3761 4244 ad
3796 4190 3968 4246 Deum

2381 4288 2593 4344 semper
2636 4275 3008 4347 confugiebat;
3047 4286 3103 4333 et
3148 4288 3367 4349 accepta
3405 4280 3598 4349 gratia,
3637 4280 3784 4350 quod
3830 4282 3970 4338 Deus

2381 4365 2497 4434 ejus
2531 4375 2716 4420 auctor
2756 4377 2917 4432 esset,
2963 4369 3132 4438 magis
3169 4369 3452 4438 gaudebat,
3482 4379 3538 4424 et
3565 4371 3766 4440 gratias
3803 4384 3970 4441 agens

2383 4453 2592 4510 diccbat
2624 4473 2638 4509 :
2669 4453 2788 4509 Non
2827 4465 2897 4511 est
2922 4467 3148 4526 sanctus,
3182 4467 3234 4512 ut
3276 4468 3347 4513 est
3372 4457 3636 4527 Dominus,
3685 4471 3734 4514 et
3767 4478 3869 4516 non
3897 4478 3953 4517 es

2373 4545 2545 4614 justus
2571 4545 2704 4599 sicut
2739 4545 2877 4602 Deus
2905 4559 3090 4617 noster,
3128 4558 3174 4604 et
3213 4566 3316 4604 non
3355 4561 3428 4604 est
3477 4561 3683 4606 sanctus
3712 4564 3899 4622 prater
3924 4563 3972 4606 ts

2386 4636 2463 4704 (1.
2489 4633 2616 4707 Reg.
2648 4636 2700 4689 2.
2728 4636 2808 4708 2).
2835 4637 3046 4692 Etenim
3085 4631 3573 4711 irreprehensibile,
3608 4641 3803 4712 inquit,
3821 4641 3958 4712 judi-

2384 4727 2523 4780 cium
2555 4729 2692 4802 ejus,
2722 4737 2776 4784 et
2811 4728 3116 4800 incorrupta
3160 4729 3558 4802 itiiailibilisque
3583 4735 3878 4789 sententia.

2460 4817 2613 4872 Ratio
2641 4821 2981 4888 beneﬁcentia:
3019 4837 3051 4875 a
3086 4820 3192 4877 Deo
3222 4839 3325 4877 non
3354 4826 3704 4895 "poscenda;
3746 4843 3956 4896 pauper-

2389 4917 2465 4964 tas
2492 4919 2623 4963 artes
2651 4910 2861 4965 invenit.
2882 4940 2953 4952 —
2976 4910 3169 4968 Vidisti
3212 4925 3379 4985 grata:
3405 4917 3599 4971 animat
3641 4919 3959 4989 cogitatum.

2388 4999 2502 5054 Non
2533 5000 2665 5056 dixit
2695 5002 2830 5057 intra
2857 5018 2916 5058 se
2939 5021 2953 5057 :
2985 5001 3122 5072 Quid
3151 5020 3422 5077 magnum,
3449 5018 3541 5082 aut
3567 5009 3691 5079 quid
3714 5026 3826 5082 pra:
3853 5010 3968 5066 aliis

2389 5094 2568 5162 accepi
2589 5094 2613 5146 ?
2635 5094 2784 5161 Quod
2812 5095 3020 5151 aemulae
3060 5111 3193 5152 meae
3226 5099 3337 5166 jam
3362 5081 3564 5154 dudum
3592 5081 3810 5170 copiose
3838 5115 3967 5157 coa—

2391 5185 2528 5256 tigit,
2560 5185 2611 5241 id
2640 5201 2740 5258 ego
2776 5183 2862 5244 vix
2896 5188 3110 5244 tandem
3139 5205 3333 5261 magno
3372 5202 3591 5260 conatu,
3617 5200 3671 5248 et
3699 5193 3964 5265 lacrymis,

2389 5284 2444 5330 et
2472 5276 2739 5346 precibus,
2787 5290 2841 5334 et
2871 5280 3348 5350 supplicationibus
3377 5281 3674 5352 impetravi.
3703 5279 3810 5339 Sed
3836 5298 3968 5355 quo-

2390 5366 2530 5421 niam
2574 5368 2709 5423 bene
2763 5370 3029 5425 sentiebat
3079 5367 3148 5426 de
3191 5368 3284 5427 Dei
3311 5373 3665 5442 providentis,
3710 5374 3969 5431 rationem

2388 5458 2753 5517 beneficentia:
2790 5476 2900 5535 non
2943 5461 3174 5531 reposcit
3195 5477 3225 5517 a
3257 5463 3505 5532 Domino,
3535 5463 3677 5535 quod
3706 5465 3860 5521 multi
3890 5465 3967 5522 fa-

2388 5553 2556 5620 ciunt,
2601 5531 2839 5624 quotidie
2872 5555 3041 5609 Deum
3086 5555 3139 5611 in
3182 5555 3271 5626 jus
3318 5531 3591 5612 vocantes.
3637 5556 3696 5612 Si
3743 5558 3970 5616 viderint

2389 5646 2529 5703 hunc
2558 5646 2798 5715 divitem,
2823 5647 2984 5703 alium
3011 5649 3247 5719 inopem,
3279 5662 3383 5704 non
3409 5647 3664 5706 desinunt
3685 5650 3970 5707 adversum

2388 5741 2506 5809 ejus
2530 5740 2918 5810 providentiam
2953 5739 3192 5812 obloqui.
3218 5739 3356 5810 Quid
3397 5739 3548 5808 facis,
3595 5755 3631 5796 ο
3671 5742 3871 5799 homo?
3898 5741 3971 5799 De

2388 5844 2649 5891 conservo
2676 5841 2729 5890 te
2749 5829 2994 5904 judicare
3024 5847 3131 5891 non
3169 5832 3298 5891 siuit
3332 5831 3530 5892 Paulus
3554 5833 3770 5904 dicens,
3798 5833 3972 5893 Nolite
