4106 6540
247 559 336 616 673

247 687 349 732 ante
372 683 566 749 (stupes
579 674 837 750 judicare,
870 673 1027 728 donec
1050 673 1215 728 veniat
1255 671 1508 726 Dominus
1531 670 1579 740 (ί
1595 711 1606 724 .
1622 668 1742 730 Cor.
1757 669 1812 724 4.

246 771 333 837 5):
362 776 416 823 et
444 777 500 824 ιιι
546 767 831 822 Dominum
873 767 927 820 in
949 765 1214 835 judicium
1243 762 1435 828 trahis,
1466 773 1522 818 et
1549 762 1813 818 factorum

244 861 488 915 rationem
508 859 577 914 ab
601 873 667 914 eo
701 859 896 928 exigis,
926 873 1025 913 nec
1050 856 1315 913 exhorres
1348 864 1440 911 aut
1462 855 1816 924 expavescis?

245 949 302 1004 Et
326 964 478 1019 quam
517 948 865 1018 consequeris
901 948 1136 1013 veniam,
1185 947 1434 1012 obsecro,
1467 961 1627 1016 quam
1653 960 1815 1000 excu-

241 1039 489 1094 sationem
521 1037 760 1105 habebis,
780 1053 900 1094 eum
929 1037 1150 1109 singulis
1172 1037 1381 1101 diebus,
1412 1038 1520 1091 imo
1549 1051 1677 1097 vero
1706 1038 1817 1092 siu-

239 1131 363 1200 gulis
391 1130 538 1186 horis
557 1133 982 1202 experimentum
1009 1131 1359 1201 providentiae
1379 1131 1498 1200 ejus
1517 1132 1727 1201 capias;
1760 1142 1815 1187 et

242 1233 403 1278 tamen
429 1223 500 1278 ob
527 1223 964 1294 inmqualitatem,
993 1239 1114 1293 quae
1143 1223 1283 1278 inter
1311 1223 1506 1279 divites
1531 1235 1586 1279 et
1615 1240 1818 1294 paupe-

240 1329 320 1369 res
368 1315 610 1380 videtur,
656 1316 896 1370 omnium
943 1330 1125 1370 rerum
1174 1315 1370 1370 bonam
1419 1315 1814 1374 ordinationem

236 1405 462 1472 damnes,
492 1408 651 1478 idque
677 1407 910 1478 injuste?
938 1406 995 1462 Si
1025 1407 1169 1462 enim
1210 1407 1280 1462 ita
1310 1415 1371 1462 ut
1401 1406 1648 1472 decebat,
1687 1421 1810 1462 eum

237 1513 412 1569 magna
461 1500 652 1555 mentis
705 1501 1002 1555 attentione
1056 1501 1171 1556 haec
1217 1502 1446 1556 scrutari
1497 1502 1759 1556 voluisses
1789 1544 1805 1572 ,

234 1591 432 1646 etiamsi
471 1593 674 1647 nullum
719 1592 861 1647 aliud
890 1593 1084 1649 divine
1129 1593 1478 1664 providentia:
1522 1610 1810 1665 argumen-

236 1689 337 1736 tum
388 1683 683 1747 habuisses,
715 1693 863 1740 certe
900 1699 966 1739 ex
1009 1683 1210 1739 divitiis
1251 1694 1304 1740 ct
1347 1695 1660 1755 paupertate
1691 1701 1810 1741 eam

234 1771 630 1842 deprehendere
679 1775 964 1842 potuisses.
1018 1775 1340 1842 Paupertate
1392 1778 1534 1833 enim
1579 1777 1809 1841 sublata,

234 1861 346 1916 vita:
389 1863 551 1917 totius
593 1864 908 1918 constitutio
949 1865 1244 1930 tolleretur,
1293 1875 1348 1920 et
1385 1867 1560 1921 omnis
1605 1868 1814 1923 vivendi

233 1953 360 2008 ratio
388 1954 792 2023 perturbarctur
826 1973 839 2010 :
866 1970 1038 2024 neque
1069 1963 1226 2010 nauta
1254 1957 1358 2011 erit
1398 1971 1571 2027 neque
1612 1958 1812 2027 guber-

233 2055 397 2110 nator,
431 2060 536 2100 non
569 2046 826 2116 agricola,
882 2062 987 2102 non
1031 2048 1430 2115 amnentarius,
1464 2065 1570 2102 non
1615 2060 1810 2118 textor,

230 2150 330 2191 non
372 2146 542 2204 sutor,
582 2153 687 2192 non
727 2137 896 2205 faber,
941 2156 1046 2194 non
1083 2140 1325 2203 airarius,
1374 2157 1482 2195 non
1526 2143 1810 2209 coriarius,

233 2225 479 2296 pistorve,
513 2243 613 2284 nec
655 2230 789 2284 alius
820 2232 957 2285 ullus
988 2231 1164 2300 oplfex
1199 2251 1211 2285 :
1239 2232 1431 2301 quibus
1465 2248 1568 2288 non
1599 2246 1816 2290 exStan-

229 2316 386 2384 tibus,
423 2320 600 2373 omnia
633 2329 844 2390 pessum
878 2323 1048 2377 ibunt.
1090 2322 1240 2378 Nunc
1269 2326 1432 2390 enim,
1462 2328 1612 2395 quasi
1646 2329 1814 2417 magi-

229 2415 331 2463 stra
369 2411 612 2479 quadam
652 2414 868 2483 Optima,
905 2416 1193 2475 necessitas
1224 2420 1547 2488 paupertatis
1577 2411 1813 2492 singulos

228 2497 293 2552 ad
317 2513 473 2570 opera
507 2502 589 2556 vel
622 2503 816 2560 invitos
843 2517 992 2576 urget
1025 2523 1037 2558 :
1067 2507 1207 2577 quod
1234 2509 1278 2562 si
1302 2523 1489 2564 omnes
1516 2522 1700 2568 essent
1727 2515 1808 2568 dis

228 2591 376 2660 vites,
404 2609 592 2650 omnes
618 2597 777 2651 etiam
824 2598 875 2652 in
913 2599 1024 2654 otio
1051 2600 1307 2668 viverent,
1340 2613 1500 2673 atque
1531 2604 1599 2659 ita
1630 2606 1809 2660 omnia

227 2698 434 2753 pessum
483 2686 639 2753 irent,
689 2697 744 2744 et
794 2690 924 2744 nihil
970 2705 1075 2746 non
1124 2694 1340 2763 periret.
1387 2696 1653 2752 Pratterea
1699 2699 1811 2754 suis

224 2775 454 2844 ipsorum
481 2777 652 2833 verbis
674 2781 912 2837 convinci
947 2793 1188 2852 possunt,
1221 2793 1274 2839 et
1293 2785 1358 2841 ad
1390 2788 1657 2843 silentium
1687 2791 1812 2846 red-

225 2863 314 2934 igi.
358 2863 465 2922 Cur
502 2869 665 2931 enim,
725 2886 944 2938 quaeso,
985 2874 1075 2928 Dei
1122 2876 1506 2945 providentiam
1555 2881 1814 2936 accusas?

224 2968 412 3024 nempe
451 2958 592 3027 quod
620 2959 754 3020 alius
779 2962 918 3031 plus,
950 2964 1084 3020 alius
1104 2967 1280 3026 minus
1309 2971 1650 3038 pecuniarum
1681 2988 1808 3044 pos-

221 3044 374 3103 sidet.
417 3047 554 3114 Quid
601 3052 749 3106 tum?
793 3054 837 3108 si
881 3055 933 3109 in
975 3057 1264 3127 majoribus
1303 3061 1484 3128 rebus,
1535 3072 1589 3119 et
1616 3066 1810 3134 quibus

219 3137 324 3191 vita
353 3151 531 3195 n05tra
558 3152 785 3209 constat,
821 3161 973 3213 pares
999 3162 1118 3204 esse
1140 3166 1326 3206 omnes
1357 3151 1604 3210 homines
1631 3167 1811 3212 osten-

217 3229 362 3293 dam,
410 3247 630 3290 necesse
678 3237 779 3291 erit
821 3246 878 3290 ut
908 3254 1002 3308 per
1041 3242 1216 3294 omnia
1261 3243 1494 3300 divinam
1529 3249 1812 3316 providen-

217 3321 344 3378 tiam
377 3325 659 3394 approbes.
685 3326 816 3382 Nam
846 3330 890 3384 si
919 3331 1042 3386 inde
1070 3334 1277 3404 colligis
1308 3337 1504 3391 nullam
1532 3353 1652 3394 esse
1686 3329 1812 3410 pro-

216 3412 524 3480 videntiam,
552 3418 691 3487 quod
719 3435 824 3473 una
853 3421 903 3474 in
925 3437 984 3476 re
1013 3424 1188 3492 potior
1210 3426 1280 3480 sit
1305 3427 1527 3482 divitum
1551 3432 1807 3498 conditio,

214 3505 459 3561 videlicet
487 3509 757 3578 pecuniis;
790 3512 834 3565 si
859 3524 1189 3582 compertum
1220 3516 1375 3573 ftterit
1404 3534 1592 3577 omnes
1623 3539 1808 3594 ecqua-

213 3598 337 3653 liter
374 3601 553 3668 potiri,
581 3617 686 3656 non
718 3619 820 3657 una
849 3619 928 3671 re,
959 3621 1131 3675 neque
1163 3617 1268 3662 tam
1295 3609 1407 3674 vili,
1444 3613 1537 3666 sed
1568 3615 1809 3681 pluribus

211 3700 267 3745 et
294 3693 461 3746 multo
497 3693 810 3761 majoribus,
840 3699 1179 3767 perspicuum
1207 3712 1290 3754 est
1319 3712 1370 3756 te
1401 3703 1523 3758 inde
1555 3707 1639 3760 vel
1670 3708 1808 3762 invi-

212 3791 325 3837 tum
354 3785 468 3853 cogi
497 3785 586 3839 Dei
619 3788 964 3855 providentia:
995 3789 1328 3860 adstipulari.

284 3875 364 3927 An
392 3877 507 3945 plus
534 3894 757 3947 paupere
793 3878 928 3941 diues
953 3880 1168 3946 habent;
1189 3901 1397 3939 sunmus
1440 3889 1644 3943 suavior
1673 3907 1808 3958 pau-

206 3967 353 4037 peri;
395 3966 629 4022 valetudo
661 3986 905 4042 prospera
933 3989 1076 4043 teque
1113 3977 1346 4031 divitibus
1387 3989 1432 4032 et
1464 3985 1808 4051 pauperibus;

210 4061 398 4129 funera
442 4060 652 4115 divitum
695 4071 741 4116 et
781 4081 1086 4135 pauperum.
1115 4097 1189 4108 -
1226 4070 1360 4140 Age,
1407 4073 1473 4126 ad
1511 4089 1570 4128 ea
1615 4076 1808 4145 quibus

204 4160 392 4205 nostra
431 4153 533 4206 vita
581 4165 811 4223 constat,
861 4171 1112 4214 sermone
1162 4162 1586 4231 progrediamur,
1635 4183 1807 4238 eaque

200 4244 492 4314 diligenter
534 4244 880 4316 inquiramus,
928 4259 980 4304 et
1027 4250 1304 4306 videamus
1349 4269 1415 4308 an
1459 4255 1510 4308 in
1558 4257 1660 4311 illis
1690 4260 1808 4327 plus

201 4352 446 4406 paupere
474 4337 622 4392 dives
646 4339 860 4394 habeat.
889 4341 1040 4409 Puta,
1068 4344 1219 4400 dives
1251 4346 1409 4401 habet
1430 4348 1683 4405 Thasium
1704 4352 1802 4423 (a),

199 4436 262 4482 ct
291 4427 430 4482 alios
464 4429 658 4484 multos
680 4439 794 4486 arte
817 4435 1090 4489 confectos
1119 4445 1273 4505 potus
1303 4446 1357 4492 et
1383 4438 1447 4493 ad
1477 4441 1803 4511 voluptatem

195 4519 455 4574 conditos
481 4538 494 4578 :
525 4530 579 4575 at
607 4521 780 4578 fontes
806 4539 1062 4594 aquarum
1083 4529 1331 4584 omnibus
1364 4542 1490 4586 sunt
1517 4535 1799 4603 propositi,

197 4621 315 4666 tam
347 4613 670 4681 pauperibus
696 4628 855 4683 quam
886 4614 1156 4673 divitibus.
1191 4617 1372 4674 Risisti
1409 4620 1551 4676 forte
1581 4625 1804 4680 audiens

195 4701 346 4757 hanc
372 4702 752 4773 mqualitatem.
783 4704 919 4760 Audi
951 4707 1113 4776 igitur
1140 4720 1338 4778 quanto
1368 4717 1710 4782 praestantior
1735 4718 1806 4772 sit

191 4792 401 4864 quovis
446 4794 571 4849 vino
619 4810 772 4864 aqua:
813 4807 1025 4865 natura,
1079 4801 1354 4873 magisque
1393 4799 1695 4861 necessaria
1750 4817 1804 4863 et

195 4885 393 4952 utilis;
423 4895 475 4941 et
509 4887 784 4942 revocabis
810 4897 956 4943 tuam
985 4893 1328 4960 sententiam,
1367 4910 1627 4967 verasque
1671 4913 1802 4968 pau-

190 4993 394 5050 perum
435 4979 647 5034 divitias
674 4979 960 5049 intelliges.
992 4980 1124 5036 Nam
1160 4983 1286 5038 vino
1314 4985 1528 5055 quidem
1569 4988 1799 5055 sublato,

186 5085 312 5126 non
340 5085 593 5140 magnum
619 5071 776 5127 fuerit
795 5072 1172 5130 detrimentum
1201 5087 1554 5148 prmterquam
1579 5080 1804 5136 intirmis

181 5163 332 5218 solis
360 5181 373 5215 :
396 5164 442 5217 si
471 5165 587 5234 quis
619 5174 796 5220 autem
826 5164 995 5219 fontes
1020 5169 1298 5223 sustulerit
1324 5179 1378 5224 et
1406 5187 1663 5240 aquarum
1691 5173 1801 5227 ele-

182 5270 470 5326 mentum,
493 5260 654 5314 vitam
671 5277 887 5322 omnem
909 5270 1146 5319 nostram
1173 5262 1513 5328 subvertcrit,
1538 5274 1592 5320 et
1612 5281 1800 5325 omnes

180 5351 500 5422 perdiderit
529 5363 708 5408 artes:
740 5369 802 5410 ac
836 5370 902 5408 ne
931 5354 1148 5408 biduum
1177 5356 1394 5425 quidem
1424 5357 1616 5413 durare
1647 5368 1799 5427 pote-

177 5445 395 5507 rimus,
438 5444 531 5499 sed
583 5442 758 5498 statim
802 5462 990 5500 omnes
1039 5447 1328 5503 moriemur
1364 5458 1535 5504 morte
1565 5450 1794 5520 quadam

177 5537 498 5594 litiseraliili
525 5549 684 5607 atque
715 5540 1046 5608 gravissima.

261 5631 323 5682 Δ.
369 5628 426 5684 1η
458 5631 775 5686 necessariis
803 5632 980 5701 itaque
1015 5632 1177 5687 rebus
1203 5633 1396 5701 quibus
1428 5635 1531 5689 vita
1561 5646 1791 5703 constat,

163 5736 402 5794 pauper
431 5737 536 5776 non
565 5732 648 5776 est
691 5722 929 5788 inferior,
949 5722 1090 5788 'imo,
1135 5723 1179 5777 si
1212 5725 1405 5779 mirum
1433 5727 1681 5795 quiddam
1712 5729 1794 5783 di-

160 5814 426 5872 cendum
456 5822 562 5883 est,
604 5823 820 5886 superat
847 5815 1009 5871 etiam
1051 5814 1289 5872 divitem.
1322 5817 1515 5873 Multos
1545 5821 1685 5876 enim
1711 5821 1792 5877 di-

240 5949 327 6024 ςιι)
363 5950 754 6024 Qeleberrimum
779 5960 885 6002 erat
905 5951 1130 6024 Thasium
1167 5952 1350 6020 vinum,
1376 5960 1429 6007 ut
1468 5954 1638 6010 videas
1662 5957 1788 6024 apud

160 6013 588 6078 Aristophanem,
615 6015 849 6076 Plautum,
875 6020 927 6066 et
949 6013 1088 6066 alios.

1507 552 1594 610 DE
1632 549 1816 608 ΛΝΝΑ
1855 547 2090 608 SERMO
2129 547 2195 604 ν.

3422 562 3530 622 671

1923 666 2062 722 vites
2114 665 2392 724 cernimus
2447 673 2667 737 propter
2723 666 2946 726 delicias
2983 671 3422 745 valetudinarios,
3468 685 3530 730 ut

1922 757 2210 828 plurimum
2255 773 2408 829 aqua:
2451 767 2576 828 potu
2616 759 2886 817 abstinere
2919 779 2933 815 :
2964 777 3166 834 pauper
3202 777 3384 825 autem
3430 785 3533 842 per

1921 856 2089 904 totam
2132 850 2292 906 vitam
2338 849 2420 905 his
2463 848 2678 906 ﬂuentis
2705 852 2874 908 libere
2911 852 3124 919 fruitur,
3157 865 3431 926 tanxquam
3460 862 3532 916 ad

1924 939 2100 994 mellis
2130 940 2329 1006 fontes,
2358 942 2423 996 ad
2464 957 2724 1011 aquarum
2749 958 2973 1001 currens
3001 946 3225 1013 rivulos,
3255 949 3528 1006 sinceram

1925 1031 2051 1086 inde
2093 1041 2148 1087 et
2179 1048 2365 1102 puram
2401 1045 2751 1102 percepturus
2783 1035 3129 1105 voluptatem.
3161 1039 3298 1105 Quid
3343 1050 3523 1095 autem

1923 1124 2061 1194 ignis
2087 1133 2275 1179 natura
2298 1126 2322 1178 2
2349 1141 2528 1181 nonne
2560 1126 2824 1208 tliesauris
2845 1129 3141 1186 innumeris
3183 1131 3384 1198 utilior,
3417 1131 3520 1187 liu-
3616 1192 3624 1201 _

1923 1215 2203 1285 manisque
2227 1215 2424 1270 divitiis
2459 1207 2741 1272 omnibus?
2774 1218 2840 1273 Et
2870 1219 2957 1273 hic
2995 1236 3208 1291 quoque
3238 1224 3522 1280 thesaurus

1921 1321 1989 1360 ex
2018 1321 2173 1377 {equo
2197 1307 2344 1363 diviti
2374 1309 2574 1378 pariter
2593 1325 2655 1366 ac
2686 1313 2904 1379 pauperi
2933 1315 3243 1384 propositus
3262 1326 3363 1372 est.
3389 1317 3522 1387 Qua:

1919 1411 2048 1453 vero
2077 1398 2312 1453 nascitur
2341 1401 2408 1454 ab
2445 1415 2570 1455 aere
2615 1401 2930 1470 corporibus
2959 1405 3156 1463 nostris
3203 1407 3421 1472 utilitas,
3465 1416 3520 1463 et

1920 1489 2008 1544 lux
2039 1491 2253 1557 solaris,
2284 1493 2540 1562 numquid
2585 1493 2840 1549 divitibus
2883 1497 3053 1568 magis
3078 1513 3238 1567 quam
3268 1502 3517 1570 pauperi-

1918 1580 2020 1635 bus
2045 1581 2350 1648 exhibetur,
2383 1594 2436 1638 et
2465 1600 2582 1639 eam
2606 1585 2680 1639 illi
2712 1597 2957 1655 quatuor,
2991 1588 3042 1642 lii
3075 1590 3282 1646 duobus
3310 1601 3517 1648 tantum

1923 1672 2092 1726 oculis
2116 1673 2332 1728 vident?
2357 1673 2460 1729 Sed
2482 1691 2655 1744 neque
2676 1675 2776 1730 hoc
2800 1678 3083 1749 quisquam
3105 1679 3286 1737 dicere
3307 1693 3513 1752 potest:

1919 1765 2131 1835 utrique
2155 1767 2295 1821 enim
2327 1769 2438 1837 pari
2470 1783 2718 1823 mensura
2742 1784 2803 1825 ea
2830 1771 3174 1838 perfruuntur
3206 1791 3220 1827 :
3251 1775 3358 1831 imo
3383 1791 3517 1831 vero

1919 1866 1974 1912 et
2004 1856 2092 1912 hic
2118 1873 2408 1928 pauperum
2438 1869 2615 1929 partes
2651 1871 2771 1915 sunt
2801 1863 3057 1931 potiores,
3082 1875 3280 1934 quanto
3305 1877 3361 1928 et
3386 1883 3516 1924 sen-

1919 1964 2010 2005 sus
2038 1949 2236 2005 habent
2265 1952 2585 2022 vegetiores,
2635 1962 2689 2008 et
2718 1955 3014 2011 acutiorem
3043 1947 3280 2026 oculum,
3323 1969 3380 2015 et
3410 1964 3515 2017 vim

1920 2042 2247 2112 percipiendi
2293 2048 2738 2113 praestantiorem.
2785 2046 3122 2117 Quapropter
3161 2061 3216 2105 et
3250 2054 3513 2111 veriorem

1920 2131 2172 2188 hauriunt
2195 2135 2545 2204 voluptatem,
2590 2144 2642 2190 et
2669 2147 3037 2193 creaturarum
3066 2145 3517 2215 contemplatione

1919 2224 2089 2292 magis
2111 2225 2458 2280 delectantur.
2490 2227 2604 2281 Non
2635 2228 2685 2280 in
2717 2229 2844 2284 solis
2879 2242 3058 2287 autem
3087 2233 3389 2303 elementis,
3419 2240 3514 2295 sed

1919 2315 1972 2370 in
2012 2317 2261 2370 omnibus
2299 2317 2416 2371 aliis
2445 2326 2650 2373 natura:
2680 2322 3010 2386 muneribus,
3059 2325 3281 2381 multam
3308 2329 3516 2385 videbis

1918 2409 2305 2479 aequalitatem.
2358 2409 2467 2464 imo
2520 2413 2924 2482 praerogativam
2978 2415 3138 2472 etiam
3193 2432 3510 2489 pauperum.

1917 2499 2050 2554 Nam
2092 2514 2312 2556 somnus
2337 2502 2591 2556 .omnibus
2620 2501 2829 2560 deliciis
2856 2505 3073 2561 suavior
3113 2510 3387 2579 magisque
3414 2529 3513 2568 ne-

1917 2595 2205 2662 cessarius,
2253 2593 2509 2664 omnique
2561 2594 2743 2650 utilior
2789 2597 3137 2663 nutrimento,
3189 2603 3513 2671 pauperibus

1916 2692 1999 2738 est
2026 2698 2184 2754 quam
2215 2683 2468 2739 divitibus
2512 2684 2718 2739 facilior
2750 2703 2762 2739 :
2795 2701 2969 2756 neque
2997 2702 3124 2742 vero
3160 2689 3366 2750 facilior
3394 2701 3514 2748 tan-

1919 2784 2053 2840 tum,
2086 2774 2180 2831 sed
2209 2776 2370 2831 etiam
2400 2776 2680 2831 sincerior.
2709 2776 2787 2830 llli
2822 2778 2987 2844 enim,
3013 2788 3068 2834 ut
3094 2780 3182 2850 qui
3212 2781 3264 2836 in
3304 2783 3512 2841 deliciis

1917 2865 2138 2936 degunt,
2180 2866 2301 2922 cibo
2343 2866 2561 2934 famem,
2604 2877 2732 2937 potu
2776 2869 2941 2936 sitim,
2988 2886 3180 2927 somno
3209 2872 3509 2931 dormiendi

1916 2959 2289 3017 necessitatem
2326 2960 2681 3030 praeveniunt,
2712 2970 2872 3031 atque
2914 2961 2985 3016 ita
3016 2977 3230 3018 omnem
3261 2967 3508 3037 volupta-

1917 3061 2024 3108 tem
2074 3053 2175 3109 sibi
2212 3054 2592 3123 intercipiunt:
2629 3069 2734 3109 non
2781 3055 2923 3109 enim
2967 3056 3191 3125 perinde
3221 3056 3276 3114 in
3322 3067 3510 3121 natura

1918 3144 2166 3209 istorum,
2194 3155 2355 3215 atque
2382 3145 2433 3199 in
2477 3161 2575 3200 usu
2606 3146 2934 3212 necessario,
2968 3147 3214 3217 voluptas
3243 3150 3508 3206 consistit.

1914 3233 2032 3289 Non
2065 3235 2138 3289 ita
2164 3235 2396 3290 delectat
2424 3235 2603 3290 vinum
2634 3235 2912 3307 ipsumque
2938 3252 3101 3292 suave
3130 3240 3280 3294 olens
3300 3251 3510 3311 potare,

1916 3336 1975 3382 ιιι
2017 3329 2284 3384 sitientem
2326 3329 2508 3384 bibere
2536 3344 2763 3399 aquam;
2797 3347 2902 3384 non
2950 3332 3019 3385 ita
3047 3331 3320 3402 placentas
3351 3334 3513 3392 cdere

1910 3421 2080 3490 juvat.
2114 3430 2171 3476 ut
2200 3420 2485 3475 esuriendo
2515 3421 2756 3492 quemvis
2786 3420 2962 3477 cibum
3003 3437 3252 3490 sumere;
3283 3441 3390 3480 non
3436 3427 3509 3481 ita

1915 3513 2060 3566 molli
2086 3513 2283 3567 cubare
2307 3499 2494 3577 strato,
2521 3522 2907 3583 utoppressum
2935 3529 3125 3572 somno
3146 3518 3328 3585 jacere
3355 3536 3366 3572 :
3390 3534 3510 3589 qua:

1915 3603 2091 3666 omnia
2119 3605 2288 3673 magis
2312 3603 2449 3672 apud
2479 3619 2740 3673 pauperes
2765 3612 2908 3669 sunt,
2940 3620 3099 3674 quam
3126 3607 3265 3678 apud
3289 3609 3509 3666 divites.

1914 3697 2044 3762 Qua:
2095 3710 2220 3749 vero
2274 3695 2545 3764 pertinent
2599 3694 2665 3749 ad
2722 3695 2965 3765 corporis
3018 3696 3396 3768 valetudinem,
3455 3709 3516 3758 et

1912 3786 2127 3839 omnem
2157 3785 2316 3839 aliam
2348 3786 2540 3839 bonam
2573 3785 2963 3855 habitudinem,
2990 3803 3168 3844 nonne
3201 3793 3505 3847 communia

1913 3887 2039 3933 sunt
2067 3878 2321 3934 divitibus
2340 3895 2492 3950 teque
2511 3888 2672 3949 atque
2699 3879 3058 3949 pauperibus?
3081 3882 3163 3935 An
3185 3899 3314 3937 vero
3333 3883 3512 3941 dicere

1915 3973 2174 4043 quiSpiam
2218 3981 2394 4042 potest
2419 3971 2548 4027 illud
2595 3981 2684 4025 aut
2727 3971 3033 4038 ostendere,
3077 3973 3218 4042 quod
3249 3989 3509 4044 pauperes

1912 4078 2128 4133 semper
2165 4071 2444 4132 aegrotent,
2487 4063 2683 4118 divites
2723 4077 2937 4132 semper
2984 4079 3240 4134 prospera
3291 4076 3509 4123 utantur

1914 4155 2264 4210 valetudine?
2310 4154 2650 4209 Contrarium
2680 4154 2894 4222 quidem
2921 4155 3104 4210 videre
3131 4156 3276 4222 licet,
3317 4173 3509 4229 paupe-

1911 4264 1999 4305 res
2028 4264 2133 4302 nou
2163 4248 2320 4303 facile
2351 4247 2740 4303 insanabilibus
2769 4248 2970 4302 morbis
2997 4249 3138 4317 capi,
3161 4249 3256 4304 sed
3289 4253 3508 4310 morbos

1912 4341 2108 4410 passim
2128 4341 2180 4394 in
2198 4339 2422 4394 divitum
2446 4339 2760 4408 corporibus
2779 4340 3032 4410 grassari.
3057 4338 3212 4396 Certe
3235 4344 3506 4416 podagrm,

1909 4432 2247 4502 gravedines,
2276 4430 2658 4485 dissolutiones
2688 4445 2998 4497 nervorum,
3042 4441 3134 4485 aut
3172 4436 3504 4492 contractio-

1910 4540 2024 4590 nes,
2074 4525 2201 4579 varii
2249 4524 2424 4578 lluxus
2461 4522 2634 4578 vitiosi
2677 4537 2752 4578 ac
2775 4524 3035 4594 corrupti;
3079 4524 3340 4583 delicatos
3381 4529 3507 4587 illos

1908 4616 2078 4688 magis
2106 4615 2376 4680 infestant,
2417 4629 2512 4670 eos
2533 4615 2622 4684 qui
2652 4623 2918 4683 unguenta
2954 4613 3122 4676 olent.
3154 4631 3261 4671 non
3288 4633 3384 4673 eos
3409 4623 3501 4691 qui

1908 4709 2154 4764 laborant
2181 4716 2238 4763 et
2277 4715 2615 4772 exercentur,
2659 4715 2716 4762 et
2742 4705 3052 4776 quotidiana
3083 4721 3247 4776 opera
3293 4709 3499 4766 victum

1906 4800 2010 4856 sibi
2040 4808 2248 4871 parant.

1978 4894 2030 4949 5.
2073 4893 2411 4962 Quapropter
2459 4887 2720 4944 mendicis
2776 4889 2936 4944 etiam
2988 4889 3296 4945 miseriores
3339 4899 3501 4955 sunt,

1906 4993 2170 5057 quotquot
2196 4985 2245 5038 in
2273 4983 2478 5039 deliciis
2507 4982 2688 5036 vivunt
2713 4997 2726 5047 ;
2753 4981 2806 5036 id
2837 4980 2978 5051 quod
3020 4995 3118 5035 nec
3146 4981 3244 5051 ipsi
3274 4980 3503 5037 iniiciari

1906 5088 2145 5151 possunt.
2197 5077 2532 5148 Frequenter
2571 5075 2770 5146 quippe
2808 5074 2962 5130 dives
3000 5074 3144 5129 molli
3174 5076 3370 5130 lectulo
3409 5090 3502 5130 cu-

1904 5173 2058 5238 bans,
2085 5173 2225 5228 inter
2249 5166 2556 5224 omnimodo
2608 5181 2887 5221 servorum
2920 5179 2983 5221 ac
3006 5165 3320 5219 ancillarum
3349 5166 3502 5220 obse-

1902 5268 2048 5337 quia,
2079 5264 2258 5320 audito
2298 5261 2547 5317 mendico
2576 5275 2670 5338 per
2708 5259 2880 5315 vicum
2924 5258 3159 5350 clamore
3189 5273 3380 5328 panem
3409 5273 3502 5331 pe-

1905 5370 2049 5415 tente
2078 5357 2355 5428 ingemuit,
2383 5365 2438 5410 et
2462 5370 2585 5409 eum
2614 5351 2865 5423 lacrymis
2890 5358 3138 5420 precatus
3164 5358 3266 5414 est,
3291 5359 3346 5404 ut
3381 5351 3500 5404 talis

1903 5455 2076 5520 fieret,
2108 5448 2401 5505 dummodo
2439 5462 2626 5513 sanus,
2654 5445 2834 5516 potius
2874 5457 3035 5513 quam
3066 5443 3118 5497 in
3157 5439 3363 5497 deliciis
3398 5440 3500 5496 ad-

1903 5561 2060 5602 versa
2105 5547 2370 5599 laboraret
2417 5540 2743 5596 valetudine.
2789 5537 2900 5593 Nec
2947 5545 3149 5590 tantum
3186 5535 3495 5596 valetudine

1901 5640 2060 5705 bona,
2093 5637 2186 5694 sed
2215 5636 2380 5708 prolis
2404 5636 2565 5689 etiam
2597 5631 2872 5696 felicitate,
2906 5628 3096 5691 divites
3126 5627 3293 5681 nihilo
3323 5628 3488 5696 potio-

1899 5747 1986 5788 res
2013 5730 2216 5795 vidcas,
2249 5743 2408 5799 quam
2435 5739 2731 5798 pauperes;
2759 5721 2852 5778 sed
2882 5720 3165 5790 utrobique
3187 5717 3496 5774 indidemn-

1900 5836 1980 5882 tcr
2007 5833 2100 5881 aut
2125 5824 2325 5880 nullam
2353 5831 2446 5875 aut
2471 5831 2812 5874 numerosam
2847 5814 3087 5870 sobolem
3119 5831 3129 5862 :
3162 5813 3290 5886 quin
3313 5810 3496 5886 potius

1895 5929 1950 5973 et
1984 5916 2082 5971 hac
2116 5925 2267 5986 parte
2293 5913 2517 5968 divitem
2545 5908 2730 5964 videas
2758 5907 3087 5963 inferiorem.
3121 5904 3327 5974 Pauper
3343 5903 3492 5960 enim

1897 6010 2023 6066 licet
2055 6019 2204 6081 pater
2247 6021 2351 6064 non
2396 6002 2510 6076 fiat,
2555 5999 2700 6061 haud
2743 6000 2970 6057 multum
3008 5995 3490 6057 scutitdolorem;
