4106 6476
663 470 771 528 075

666 590 815 646 dives
843 597 1024 647 autem
1050 590 1250 653 quanto
1291 582 1461 650 magis
1503 588 1711 634 auctam
1743 592 1855 632 rem
1896 575 2063 643 videt,
2094 582 2247 631 tanto

666 678 836 748 magis
859 675 1086 730 orbitate
1118 671 1349 742 angitur,
1384 686 1493 741 pra:
1521 668 1731 726 heredis
1751 668 2018 724 desiderio
2049 667 2248 722 nullam

663 767 899 822 sentiens
927 764 1270 832 uoluptatem.
1309 761 1380 816 Et
1423 761 1669 830 pauperis
1695 758 1910 828 quidem
1957 755 2244 820 hereditas,

665 858 790 911 licet
814 854 928 908 sine
957 854 1140 908 liberis
1165 851 1410 914 decedat,
1433 865 1553 904 cum
1579 857 1797 918 propter
1823 847 2114 902 exilitatem
2140 861 2246 901 non

661 948 731 1003 sit
752 947 1094 1001 contentione
1123 945 1300 1014 digna,
1329 942 1396 996 ad
1427 942 1627 996 amicos
1651 940 1839 996 transit
1864 949 2024 1010 atque
2050 953 2249 1010 cognao

664 1049 747 1093 tos
779 1056 792 1091 :
823 1038 1004 1092 divitis
1042 1045 1241 1100 autem,
1284 1049 1349 1089 eo
1373 1033 1511 1103 quod
1545 1031 1828 1120 multorum
1855 1032 1921 1084 ad
1965 1045 2025 1086 se
2051 1029 2248 1084 alliciat

660 1130 866 1194 octrlos,
909 1145 1012 1184 non
1040 1143 1162 1183 raro
1190 1127 1256 1184 ad
1289 1123 1544 1181 inimicos
1559 1124 1792 1180 defuncti
1817 1123 2034 1180 devenit
2063 1140 2078 1178 :
2102 1122 2245 1194 quod

660 1237 780 1276 cum
809 1222 899 1276 ille
925 1221 1108 1275 vivens
1135 1220 1198 1273 in.
1213 1219 1333 1274 aliis
1357 1217 1470 1273 ﬂeri
1496 1217 1692 1283 videat,
1717 1217 1876 1271 vitam
1903 1215 2047 1286 degit
2072 1225 2246 1270 morte

662 1311 1052 1377 molestiorem,
1082 1310 1138 1364 in
1162 1325 1232 1385 σε
1259 1323 1472 1379 quoque
1501 1316 1816 1376 exspectans
1863 1306 2002 1362 idem
2048 1305 2244 1360 factum

660 1402 748 1458 iri.
777 1401 929 1471 Quod
961 1410 1136 1456 autem
1165 1401 1232 1456 ad
1263 1411 1490 1456 mortem
1521 1401 1730 1464 attinet,
1764 1412 1942 1454 nonne
1963 1408 2017 1453 et
2038 1397 2128 1453 hic
2155 1412 2246 1452 ea-

655 1495 778 1550 dem
808 1494 1116 1564 :equalitas?
1139 1509 1320 1548 nonne
1366 1504 1470 1547 tam
1504 1493 1755 1547 divitibus
1799 1506 1959 1562 quam
1987 1493 2240 1562 pauperi-

656 1585 758 1638 lius
801 1585 1099 1638 immatura:
1141 1590 1339 1636 mortes
1379 1582 1666 1644 accidunt?
1707 1593 1866 1650 atque
1913 1583 2074 1636 etiam
2125 1591 2242 1651 post

656 1687 884 1730 mortcm
931 1689 1036 1728 non
1092 1682 1196 1727 tam
1235 1673 1316 1727 his
1362 1687 1523 1744 quam
1562 1673 1664 1727 illis
1711 1672 1960 1728 omnibus
1997 1673 2242 1726 similiter

657 1779 849 1834 corpus
877 1762 1208 1824 dissolvitur,
1246 1762 1529 1833 favillaque
1561 1762 1615 1816 ιιι
1641 1773 1696 1817 et
1727 1763 1918 1832 pulvis,
1950 1771 2004 1817 et
2031 1777 2242 1816 vermes

654 1857 861 1926 gignit?
889 1857 956 1910 At
982 1854 1235 1909 funeratio
1264 1868 1596 1924 nequaquam
1625 1853 1833 1908 similia.
1871 1853 1976 1908 Sed
2000 1853 2242 1923 quat-uti.

655 1947 956 2004 litaleum
978 1949 1120 2002 enim
1140 1945 1391 2001 defuncto
1415 1946 1635 2000 multam
1661 1947 2016 2001 substraveris
2037 1954 2237 2000 vestem

657 2041 945 2110 pretiosam
974 2049 1028 2094 et
1065 2050 1326 2102 auratam,
1357 2038 1486 2093 nihil
1517 2037 1658 2093 aliud
1696 2038 1797 2093 nisi
1825 2039 2081 2108 majorem
2112 2038 2239 2092 invi-

653 2129 795 2186 diam
825 2141 879 2186 et
919 2129 1346 2184 criminationem
1377 2130 1638 2192 attuleris,
1688 2137 1741 2183 et
1767 2129 2023 2184 adversus
2050 2128 2240 2184 defun-

652 2231 794 2274 ctum
822 2221 1060 2273 omnium
1086 2234 1177 2273 ora
1203 2220 1496 2287 aperueris,
1527 2227 1582 2272 et
1612 2219 1916 2273 innumeras
1940 2221 1988 2274 ei
2017 2235 2240 2288 parave-

651 2311 727 2364 ris
780 2307 1196 2372 maledictiones,
1252 2318 1305 2362 et
1348 2309 1583 2361 avaritia:
1626 2307 2049 2372 criminationes,
2107 2309 2233 2363 dum

649 2397 842 2466 singuli
885 2406 1206 2467 rutupuntur
1251 2395 1635 2466 indignatione,
1677 2406 1731 2452 et
1771 2405 2042 2452 mortuum
2082 2413 2236 2454 esse-

649 2496 882 2549 crantur.
908 2488 998 2558 qui
1023 2503 1092 2542 ne
1109 2495 1234 2558 post
1247 2487 1449 2542 obitum
1480 2486 1692 2555 quidem
1719 2487 1960 2542 insanire
1989 2489 2040 2542 in
2073 2503 2236 2557 pecu-

650 2577 767 2632 nias
795 2575 1068 2632 desfvetit.
1102 2576 1213 2631 Huc
1241 2577 1441 2631 accedit
1471 2576 1614 2631 aliud
1642 2577 1861 2642 malum,
1889 2578 2032 2648 quod
2061 2578 2236 2634 iurum

648 2666 790 2721 oculi
813 2667 1108 2722 irritantur.
1142 2665 1323 2737 Itaque
1345 2681 1455 2736 quo
1491 2667 1662 2736 major
1689 2675 1771 2721 est
1797 2667 1996 2734 cultus,
2027 2683 2094 2723 eo
2123 2684 2237 2724 ma-

648 2755 781 2827 joris
805 2758 880 2811 illi
913 2757 970 2813 ιιι
999 2758 1212 2813 occasio
1243 2756 1600 2812 contumeliae.
1633 2755 1892 2827 Pauperis
1911 2759 2055 2812 enim
2075 2759 2237 2814 cada-

650 2861 748 2904 ver
771 2863 931 2903 nemo
954 2848 1188 2920 spoliare
1215 2858 1386 2912 curat,
1429 2848 1545 2916 ipsa
1573 2846 2002 2904 indumentorum
2027 2850 2235 2909 vilitate

655 2947 847 2994 tutum.
881 2939 978 2994 llic
1006 2947 1182 2993 autem
1213 2938 1396 2993 obices
1429 2947 1484 2994 et
1522 2953 1680 3005 sene,
1707 2937 1850 2993 iores
1863 2947 2036 3008 atque
2063 2948 2236 2995 custo-

648 3027 766 3094 des,
797 3029 974 3084 omnia
1023 3029 1291 3083 incassum
1334 3027 1679 3094 adhibentur,
1723 3042 1847 3083 cum
1884 3030 2232 3100 pecuniarum

646 3122 904 3178 aviditate
927 3122 1060 3177 nihil
1089 3138 1197 3178 non
1236 3122 1488 3189 audeant,
1517 3123 1606 3194 qui
1646 3121 1842 3178 talibus
1870 3123 2150 3179 maleﬁciis
2171 3139 2233 3180 se

647 3214 1064 3270 assuefecerunt.
1095 3213 1274 3285 Itaque
1297 3214 1468 3284 major
1493 3214 1664 3269 honor
1689 3214 1940 3270 defuncto
1975 3216 2235 3285 majorem

650 3303 814 3360 infert
842 3305 1125 3376 injuriam;
1157 3315 1212 3362 et
1239 3305 1304 3373 is,
1330 3306 1416 3362 cui
1444 3305 1565 3360 vilia
1594 3303 1852 3362 funeralia
1893 3307 2230 3378 contingunt,

1445 463 1500 520 S.
1535 460 1810 519 JOANNIS
1845 454 2223 519 CHRYSOST.
2266 457 2590 518 ARCHIBP.
2618 457 3158 518 CONSTANTINOP.

3850 461 3955 521 πε

2352 572 2496 644 Ῑδωι
2522 571 2778 628 inviolato
2813 572 3047 643 sepulcri
3068 571 3274 630 honore
3301 588 3316 627 :
3345 572 3430 630 cui
3457 587 3586 630 vero
3612 575 3866 647 pretiosa,
3902 577 3954 634 is

2354 665 2615 736 spoliatur
2639 674 2694 722 et
2718 663 3142 731 dehonestator;
3172 675 3265 722 aut
3288 667 3335 722 si
3361 666 3464 724 hoc
3492 667 3783 725 ludibrium
3822 684 3954 726 eva-

2353 757 2466 824 dat,
2499 773 2569 814 ne
2587 757 2675 814 sic
2715 757 2934 828 quidem
2961 758 3140 828 potior
3166 759 3289 827 erit,
3333 759 3436 816 nisi
3465 759 3609 832 quod
3635 761 3810 831 major
3831 775 3955 817 cor-

2354 851 2533 920 ruptio
2559 850 2672 918 ﬂet,
2690 851 2996 921 largiusque
3023 849 3192 905 vermi
3219 850 3493 920 pabulum.
3526 853 3774 910 Haecine
3800 863 3952 922 sunt,

2351 956 2558 1011 quaeso,
2588 942 2659 996 ob
2680 957 2801 1012 qua:
2828 941 3014 997 beatos
3032 941 3432 1010 praedicemus?
3458 943 3527 998 Et
3553 946 3676 1016 quis
3700 955 3788 1002 est
3809 946 3952 1002 adeo

2353 1033 2534 1097 miser,
2565 1041 2727 1102 atque
2754 1047 3112 1099 ierumiiosus,
3143 1042 3205 1087 ut
3226 1032 3296 1088 ob
3320 1033 3436 1090 hac
3463 1035 3733 1093 hominem
3754 1039 3952 1094 existi-

2351 1134 2461 1179 met
2492 1124 2689 1178 invidia
2736 1123 2996 1195 dignum?
3025 1124 3222 1180 Verum
3257 1141 3367 1181 non
3395 1125 3511 1182 bac
3537 1128 3732 1192 solum.
3762 1130 3862 1185 sed
3892 1140 3952 1186 et

2350 1216 2452 1271 alia
2493 1214 2702 1286 singula
2743 1225 3148 1285 percurrentes,
3190 1214 3581 1287 diligenterque
3617 1228 3948 1286 scrutantes,

2351 1321 2612 1376 pauperes
2652 1304 2909 1360 divitibus
2940 1305 3333 1376 praeponendos
3361 1309 3778 1378 comperiemus.
3813 1310 3947 1367 Haec

2349 1395 2510 1466 igitur
2549 1397 2832 1468 diligenter
2879 1398 3322 1465 considerantes,
3375 1405 3430 1454 et
3479 1398 3600 1453 aliis
3653 1413 3944 1458 narrantes

2349 1486 2568 1559 (dicitur
2596 1490 2764 1554 enim,
2797 1487 2880 1542 Da
2921 1489 3140 1556 sapienti
3167 1489 3504 1556 accesimus,
3535 1501 3584 1546 et
3605 1493 3702 1548 erit
3725 1497 3951 1566 sapian-

2348 1579 2446 1631 tior
2471 1578 2649 1650 [Prom
2678 1578 2734 1635 9.
2767 1578 2823 1651 9]
2842 1580 2884 1647 ),
2914 1589 2969 1634 ct
2993 1579 3119 1633 illud
3146 1581 3403 1637 continue
3425 1582 3720 1639 retinentes
3740 1601 3953 1642 mento-

2347 1669 2447 1732 ria,
2474 1670 2817 1738 pecuniarum
2843 1669 3052 1738 copiam
3080 1669 3212 1724 nihil
3236 1672 3470 1741 amplius
3497 1671 3694 1731 aﬁ‘erre
3721 1690 3944 1745 posses-

2345 1759 2579 1824 soribus,
2605 1773 2763 1829 quam
2800 1773 2976 1825 curas,
3008 1759 3416 1827 sollicitudines,
3459 1764 3706 1832 timores,
3755 1775 3813 1822 et
3849 1782 3949 1838 pe.

2345 1849 2510 1904 ricula
2544 1868 2558 1903 :
2595 1849 2768 1905 nihilo
2823 1849 3146 1907 deteriorem
3199 1867 3358 1922 quam
3413 1854 3637 1910 divitum
3696 1871 3944 1914 nostram

2344 1941 2704 1996 conditionem
2749 1950 3018 2012 putemus.
3053 1942 3108 1998 Si
3134 1944 3278 1998 enim
3323 1944 3819 2014 advigilaverimus,
3852 1964 3946 2020 po-

2346 2030 2508 2085 tiores
2533 2031 2696 2086 etiam
2734 2040 2914 2102 partes
2944 2031 3277 2099 habebimus,
3325 2044 3435 2090 tam
3464 2037 3514 2090 in
3552 2036 3712 2107 hujus
3757 2042 3945 2097 sculi

2345 2121 2525 2186 rebus,
2557 2138 2716 2191 quam
2745 2123 2796 2176 in
2826 2122 3042 2178 divinis.
3084 2122 3218 2180 Nam
3261 2135 3317 2180 et
3344 2127 3672 2198 voluptatem
3701 2141 3759 2184 et
3785 2145 3946 2187 secu-

2345 2214 2578 2275 ritatem.
2607 2214 2911 2284 bonamque
2939 2213 3135 2270 famam
3177 2229 3243 2270 ac
3280 2217 3664 2284 valetudinem,
3705 2230 3822 2277 tum
3848 2237 3947 2278 re»

2343 2311 2482 2357 ctam
2512 2303 2724 2358 vivendi
2767 2305 3055 2371 rationem,
3100 2319 3253 2375 spem
3301 2307 3516 2374 bonam,
3562 2311 3943 2384 minoranque

2342 2395 2598 2466 peccandi
2643 2397 2983 2453 occasionem
3029 2399 3169 2469 apud
3224 2413 3489 2470 pauperes
3533 2403 3722 2473 magis,
3775 2419 3942 2474 quam

2341 2487 2483 2556 apud
2512 2487 2705 2543 divites
2746 2488 3011 2544 invenias.
3049 2488 3131 2544 Ne
3161 2491 3325 2561 igitur
3348 2506 3500 2548 more
3541 2508 3823 2549 servorum
3854 2497 3942 2552 ia-

2340 2588 2616 2648 gratorum
2660 2594 3078 2647 murmuremus,
3129 2590 3222 2635 aut
3265 2583 3574 2639 incuscmus
3625 2585 3939 2655 Dominum,

2339 2667 2436 2723 sed
2467 2684 2563 2740 pro
2589 2669 2839 2725 omnibus
2862 2671 3062 2741 gratias
3085 2685 3326 2741 agamus,
3356 2673 3488 2728 nihil
3517 2675 3719 2731 malum
3745 2677 3946 2734 ducen-

2343 2770 2426 2816 tes
2450 2761 2554 2816 nisi
2597 2771 2898 2832 peccatum,
2930 2764 3061 2818 nihil
3091 2765 3286 2820 bonum
3327 2765 3429 2820 nisi
3455 2766 3741 2836 justitiam.
3770 2767 3829 2825 Si
3859 2773 3941 2828 sic

2339 2855 2694 2921 senserimus,
2728 2871 2834 2910 non
2863 2857 3148 2927 aegritudo,
3189 2872 3296 2912 non
3337 2859 3538 2929 inopia,
3564 2877 3674 2917 non
3713 2864 3941 2934 ignomi-

2337 2945 2450 3010 nia,
2483 2945 2613 3000 nihil
2642 2945 2878 3009 denique
2919 2946 3098 3002 simile
3142 2947 3427 3004 molestum
3476 2951 3632 3006 nobis
3661 2955 3770 3008 erit
3797 2971 3812 3006 :
3845 2955 3939 3010 sed

2340 3050 2530 3106 puram
2579 3051 2642 3091 es
2684 3036 2937 3092 omnibus
2985 3038 3146 3092 rebus
3189 3040 3551 3109 percipientes
3582 3043 3934 3114 voluptatem,

2343 3123 2521 3179 futura
2549 3139 2946 3196 oonsequemur
2971 3125 3134 3193 bona,
3177 3128 3346 3198 gratia
3385 3141 3441 3186 et
3468 3132 3799 3203 benignitate
3830 3137 3930 3193 Do-

2342 3217 2472 3273 mini
2501 3217 2670 3272 nostri
2695 3215 2825 3273 Iesu
2853 3218 3069 3283 Christi,
3097 3233 3220 3275 cuin
3251 3235 3360 3292 quo
3382 3221 3526 3277 Patri
3549 3223 3750 3294 gloria,
3779 3228 3939 3284 simul

2339 3317 2395 3365 et
2417 3316 2607 3363 sancto
2633 3307 2877 3380 Spiritui,
2904 3307 2964 3363 in
2996 3309 3190 3366 saecula
3227 3311 3568 3368 saeuorum.
3600 3316 3794 3371 Amen.

660 3830 3936 3874 MM

2116 4077 2472 4141 MONITUM

744 4298 946 4356 Eodem
981 4313 1093 4371 quo
1130 4296 1444 4369 superiores
1478 4293 1772 4351 Sermones
1800 4306 1947 4347 anno
1968 4291 2072 4347 387
2107 4290 2537 4362 Chrysostomus
2563 4291 2663 4348 has
2691 4291 2759 4348 de
2791 4289 2995 4348 Davide
3020 4299 3077 4348 et
3115 4291 3282 4348 Sanle
3316 4291 3573 4348 bomilias
3606 4290 3840 4359 habuit,
3878 4305 3938 4351 ut

677 4414 937 4488 colligere
965 4424 1047 4470 est
1075 4429 1141 4468 ex
1177 4412 1412 4468 Bomilia
1444 4412 1618 4483 prima
1646 4409 1714 4466 de
1743 4407 1948 4463 Davide
1971 4417 2024 4462 ct
2052 4404 2238 4472 Saule,
2265 4420 2496 4461 numero
2527 4406 2582 4471 i,
2607 4404 2808 4460 ubi-ait
2834 4419 2894 4460 se
2919 4419 3096 4475 nuper
3121 4419 3432 4460 sermonem
3463 4403 3660 4461 fecisse
3687 4405 3756 4461 de
3787 4408 3938 4462 debi-

673 4541 792 4588 tose
823 4531 1011 4587 decem
1040 4529 1271 4585 millium
1294 4528 1625 4584 talentorum
1656 4532 1712 4581 et
1737 4522 2045 4580 ostendisse
2068 4530 2334 4593 quantum
2365 4523 2570 4577 malum
2601 4531 2747 4578 esset
2775 4519 3102 4591 injuriarum
3129 4519 3462 4576 recordatio.
3493 4516 3588 4576 Illa
3615 4530 3805 4576 autem
3829 4522 3938 4578 Ho-

675 4645 823 4700 milia
853 4645 920 4699 de
940 4643 1205 4708 debitore,
1234 4651 1367 4707 etc.,
1397 4656 1520 4712 quae
1553 4641 1724 4710 prima
1749 4648 1836 4694 est
1862 4639 1916 4693 in
1944 4636 2118 4693 Tomo
2151 4637 2330 4701 tertio,
2353 4635 2541 4692 eodem
2573 4650 2721 4691 anno
2753 4634 2953 4704 scripta
2973 4642 3210 4706 est,quo
3248 4648 3346 4706 per
3368 4643 3536 4690 totam
3567 4634 3938 4709 Quadragesi-

675 4769 820 4814 mam
842 4755 909 4808 de
927 4751 1148 4808 vitando
1170 4749 1482 4820 juramento
1497 4761 1700 4819 egerat.
1729 4748 1778 4804 ls
1807 4756 1892 4804 est
1923 4763 2101 4804 annus
2129 4747 2254 4811 387,
2275 4754 2335 4802 ut
2356 4746 2592 4802 diximus
2613 4748 2668 4803 in
2683 4729 2885 4802 blonito
2917 4747 3136 4803 ibidem.
3169 4745 3325 4814 Quod
3343 4749 3528 4818 itaque
3547 4762 3932 4821 argumentum

679 4863 733 4920 in
763 4862 992 4921 llomilia
1023 4861 1091 4918 de
1111 4859 1356 4918 debitore
1386 4867 1647 4930 coeperat,
1671 4873 1864 4926 nempe
1891 4859 1959 4914 de
1988 4860 2308 4930 iujuriarum
2335 4861 2713 4916 recordatione
2734 4860 3072 4932 depellenda,
3099 4861 3279 4933 deque
3303 4865 3623 4920 earumdem
3652 4869 3930 4925 condona-

671 4995 3898 5037 Μ

1277 5137 1552 5195 llOMlLlA
1599 5136 1637 5191 l.

663 5277 739 5334 De
767 5271 962 5331 Decide
988 5285 1036 5329 et
1058 5274 1234 5338 Scite,
1259 5274 1418 5342 deque
1445 5272 1712 5327 tolerantia
1730 5310 1744 5337 ,
1772 5282 1819 5324 et
1861 5273 1997 5342 quod
2022 5282 2248 5340 oporteat

750 5369 966 5424 inimicis
987 5382 1211 5439 parcere,
1245 5381 1333 5420 nec
1354 5366 1416 5419 de
1439 5364 1723 5418 absentibus
1745 5365 1873 5416 male
1899 5366 2030 5431 loqui
2057 5364 2154 5434 (α).

739 5507 788 5561 ι.
817 5503 1035 5572 Quoties
1063 5501 1262 5556 diutina
1307 5500 1569 5569 qum-piam
1617 5512 1680 5552 ac
1717 5497 1846 5552 dura
1897 5497 2098 5551 inﬂatio
2125 5514 2243 5552 cor-

664 5597 885 5668 poribus
919 5593 1126 5650 inbzesit
1146 5634 1162 5658 ,
1191 5601 1301 5645 tum
1328 5599 1383 5643 et
1406 5591 1562 5658 longo
1585 5597 1848 5658 tempore,
1874 5591 2145 5657 multoque
2173 5589 2246 5642 la.

667 5691 795 5747 bore
819 5730 834 5756 ,
856 5698 912 5744 et
953 5687 1118 5742 multa
1147 5683 1405 5754 sapientia
1435 5681 1486 5736 in
1520 5680 1863 5736 admovendis
1886 5683 2134 5736 remediis
2167 5694 2244 5738 est

665 5799 804 5855 opus
825 5822 842 5848 ,
869 5789 930 5835 ut
969 5780 1223 5836 collectus
1269 5786 1448 5830 tumor
1487 5776 1685 5846 absque
1714 5776 1834 5829 vitae
1871 5777 2114 5844 periculo
2145 5775 2242 5831 dis-

711 5913 793 5976 (ι)
813 5912 1006 5967 Collata
1037 5910 1273 5965 armcod.
1300 5915 1448 5972 Regio
1478 5903 1613 5964 [975,
1638 5908 1754 5956 item
1773 5919 1882 5957 cum
1909 5907 2045 5959 ιθω.

2353 5144 2604 5198 solvatur.
2662 5145 2802 5202 Idem
2847 5148 3026 5206 \idere
3067 5162 3150 5207 est
3195 5153 3251 5208 in
3298 5155 3495 5210 anima.
3536 5155 3760 5225 Quoties
3805 5163 3934 5214 enim

2353 5243 2544 5313 aliquis
2571 5246 2814 5300 morbum
2832 5288 2846 5312 ,
2874 5249 2964 5318 qui
2986 5246 3097 5317 jam
3126 5248 3336 5304 radices
3356 5251 3465 5319 egit
3490 5250 3542 5303 in
3572 5253 3775 5316 anima,
3811 5253 3938 5307 mul-

2355 5345 2513 5406 toque
2538 5349 2774 5406 tempore
2801 5349 3082 5393 concretus
3112 5339 3201 5403 sit,
3233 5339 3485 5396 radicitus
3503 5340 3736 5395 evellere
3763 5343 3940 5397 volue-

2355 5430 2464 5494 rit,
2491 5443 2596 5482 non
2643 5429 2772 5484 satis
2814 5439 2898 5483 est
2932 5429 2996 5484 ad
3037 5431 3424 5486 correctionem
3455 5431 3616 5486 unius
3649 5431 3939 5489 duornmve
4014 5459 4023 5504 τι

2357 5523 2564 5577 dierum
2619 5523 2911 5578 admonitio
2961 5541 2973 5574 :
3020 5538 3200 5577 verum
3245 5533 3457 5593 oportet
3515 5523 3828 5594 frequenter
3885 5542 3937 5579 ac

2357 5617 2546 5672 diebus
2584 5615 2944 5685 compluribus
2977 5615 3110 5669 hanc
3138 5629 3251 5680 mm
3285 5623 3548 5669 tractare:
3573 5615 3619 5669 si
3648 5618 3814 5671 modo
3843 5633 3937 5672 nrn

2359 5711 2425 5766 ad
2447 5710 2790 5765 ambitionem
2821 5722 2882 5762 ac
2907 5707 3255 5775 voluptatem,
3288 5706 3384 5762 sed
3414 5707 3481 5762 ad
3512 5705 3747 5763 fructum
3774 5712 3934 5765 etuti-

2361 5803 2562 5858 litatem
2593 5814 2787 5855 munus
2814 5799 2914 5854 hoc
2941 5797 3331 5853 concionatoris
3354 5797 3556 5868 gesturi
3591 5813 3798 5858 sumus.
3827 5798 3936 5856 κω
4014 5815 4015 5819 η

2362 5894 2496 5951 sicut
2546 5892 2611 5949 de
2655 5888 2968 5964 juramentis
3013 5887 3266 5958 fecimus,
3318 5888 3500 5946 multis
3539 5890 3735 5950 ordine
3758 5887 3936 5950 dielwi
