4106 6510
310 434 415 495 6⁸17

308 542 459 599 vobis
500 539 569 597 de
611 540 800 598 eodem
846 538 1168 593 disserentes
1212 540 1565 602 argumento:
1609 527 1793 581 itidem
1821 524 1889 578 de

306 636 384 687 ira
414 646 554 685 nunc
580 628 851 691 faciamus,
873 626 1175 681 continuam
1204 624 1269 677 de
1297 636 1359 676 ea
1384 632 1763 689 persequamur
1791 632 1886 669 ex-

307 723 662 777 hortationem
705 734 799 788 pro
825 726 1005 771 nostra
1035 715 1248 784 quidem
1290 712 1451 765 virili.
1477 709 1608 763 Nam
1642 709 1727 761 hic
1757 705 1911 760 mihi

304 812 516 867 videtur
537 810 777 879 “Optimus
822 822 943 863 esse
985 805 1209 861 docendi
1254 803 1476 867 modus,
1515 803 1557 853 si
1604 815 1709 852 non
1741 798 1886 866 prius

306 901 625 955 desistamus
648 896 979 952 consulendo
995 909 1325 965 quacumque
1350 892 1417 948 de
1443 907 1521 957 re,
1549 906 1706 959 quam
1735 889 1884 941 vide—

306 992 476 1045 rimus
522 990 935 1044 admonitionem
978 988 1047 1041 ad
1104 987 1351 1041 effectum
1397 984 1727 1053 pervenisse.
1792 982 1885 1033 Et-

307 1080 449 1132 enim
479 1079 567 1148 qui
601 1078 756 1133 hodie
776 1077 845 1133 de
874 1078 1235 1145 eleemosyna,
1261 1089 1381 1129 cras
1407 1074 1472 1129 de
1500 1073 1761 1134 oratione,
1797 1086 1886 1140 pe-

308 1168 494 1224 rendie
534 1167 602 1224 de
630 1160 984 1232 humanitate,
1013 1165 1209 1220 deinde
1241 1179 1425 1219 rursus
1462 1163 1531 1218 de
1570 1162 1732 1216 animi
1776 1177 1888 1214 mo-

306 1255 474 1311 destia
505 1257 740 1323 disserit,
768 1256 897 1310 nihil
927 1255 1122 1310 horum
1151 1255 1201 1309 in
1223 1253 1522 1309 auditorum
1553 1253 1744 1305 animis
1768 1267 1889 1321 pcr-

308 1344 471 1402 llcere
498 1355 645 1401 recte
691 1346 884 1415 poterit
907 1386 921 1409 ,
964 1346 1032 1399 ab
1060 1344 1162 1400 hoc
1201 1343 1268 1398 ad
1296 1342 1423 1397 illud
1446 1383 1463 1409 ,
1497 1356 1679 1395 rursus
1700 1342 1767 1394 ab
1799 1342 1887 1393 illo

306 1452 520 1506 semper
546 1436 648 1490 alio
679 1436 981 1491 transiliens
1010 1452 1024 1489 :
1051 1435 1145 1491 sed
1178 1449 1398 1490 necesse
1422 1443 1525 1498 est,
1555 1444 1612 1487 ut
1638 1434 1726 1501 qui
1759 1433 1885 1486 velit

306 1528 601 1581 orationem
644 1527 695 1580 in
726 1526 1024 1580 auditorum
1065 1526 1257 1580 animis
1300 1527 1527 1579 fructum
1566 1524 1883 1577 destinatum

306 1622 539 1689 assequi,
569 1636 672 1675 non
700 1631 823 1677 ante
856 1621 1079 1676 desistat
1103 1621 1287 1676 iisdem
1312 1620 1379 1679 de
1405 1622 1563 1675 rebus
1589 1620 1885 1675 admonens

306 1711 713 1781 consulensqne,
740 1727 836 1765 nec
868 1712 1013 1779 prius
1033 1711 1100 1765 ad
1126 1711 1266 1765 aliud
1289 1710 1561 1781 quidpiam
1596 1711 1875 1774 transiliat,

305 1815 465 1869 quam
508 1806 847 1871 conspexerit
891 1803 1221 1873 superiorem
1265 1804 1680 1857 admonitionem
1728 1805 1779 1857 in
1808 1805 1886 1859 eis

308 1889 447 1945 bene
488 1888 643 1943 lixam
692 1905 755 1944 ac
781 1890 1092 1945 radicatam.
1115 1890 1257 1945 idem
1282 1892 1381 1945 hoc
1407 1892 1579 1947 facere
1605 1893 1779 1947 solent
1807 1894 1885 1947 lu-

305 1978 598 2049 dimagistri
633 1998 645 2034 :
679 1994 783 2033 non
817 1981 966 2049 prius
992 1980 1057 2034 ad
1096 1981 1325 2051 syllabas
1354 1981 1622 2037 adducunt
1654 1998 1844 2051 pueros
1866 2026 1881 2047 ,

303 2085 464 2139 quam
484 2070 870 2125 elementorum
899 2071 1255 2141 cognitionem
1301 2072 1350 2123 in
1382 2072 1459 2126 eis
1491 2071 1718 2125 viderint
1743 2083 1886 2127 recte

302 2162 692 2217 continuatam.
732 2161 913 2230 Nuper
957 2162 1118 2231 igitur
1146 2162 1453 2231 parabolam
1487 2163 1639 2217 vobis
1661 2163 1728 2218 de
1755 2179 1883 2217 ccn-

306 2263 415 2309 tum
437 2254 669 2309 denariis
693 2295 706 2317 ,
734 2267 796 2308 ac
823 2254 1010 2309 decem
1036 2254 1270 2309 millibus
1297 2256 1611 2309 talentorum
1634 2271 1886 2309 enarran-

305 2354 386 2401 tes
414 2345 515 2419 (a),
547 2345 875 2401 ostendimus
894 2354 1149 2416 quantum
1177 2358 1319 2403 esset
1348 2348 1547 2402 malum
1573 2349 1883 2416 injuriarum

302 2439 627 2493 meminisse.
656 2438 993 2506 Quemenim
1014 2439 1202 2506 decem
1230 2440 1392 2495 millia
1429 2440 1747 2495 talentorum
1778 2456 1884 2496 non

304 2529 663 2599 perdiderant,
689 2530 827 2585 hunc
844 2539 1056 2585 centum
1074 2530 1278 2586 denarii
1304 2532 1468 2587 exitio
1491 2531 1883 2598 demerserunt,

301 2635 366 2675 ae
395 2620 600 2674 veniam
623 2634 718 2689 pro
742 2620 935 2675 debitis
959 2636 1269 2677 concessam
1328 2622 1380 2676 in
1414 2623 1618 2677 irritum
1668 2638 1887 2678 revoca-

300 2720 458 2777 runt,
505 2710 800 2782 debitchue
843 2714 1082 2783 pecunia:
1142 2714 1513 2771 remissionem
1558 2717 1896 2787 dissiparant

300 2800 514 2871 (lauit.
536 2800 646 2873 18),
664 2816 910 2871 eumque,
925 2805 1014 2873 qui
1036 2803 1207 2859 fuerat
1231 2820 1261 2860 a
1282 2807 1591 2861 criminibus
1608 2807 1880 2875 liberatus,

299 2890 627 2961 injudioium
659 2900 995 2947 retraxerunt
1021 2934 1037 2960 ,
1066 2894 1294 2966 indeque
1322 2897 1377 2951 in
1401 2912 1673 2953 carcerem
1700 2900 1882 2970 conje-

296 2990 483 3035 cerunt
502 3022 518 3045 ,
539 2979 765 3050 denique
790 2981 1074 3038 immortali
1100 2984 1360 3054 supplicio
1382 2986 1727 3042 tradiderunt.
1774 2988 1881 3044 Sed

298 3069 457 3125 hodie
483 3070 550 3126 de
573 3070 787 3125 diverso
806 3082 1121 3142 argumento
1145 3074 1327 3130 dicere
1349 3076 1691 3131 tentabimus.
1719 3078 1883 3147 Opor-

258 3158 259 3161 “
298 3161 443 3216 tebat
468 3161 631 3226 enim,
659 3161 703 3215 si
733 3160 881 3217 lieret
901 3162 1042 3231 quod
1063 3179 1273 3234 aequum
1303 3175 1438 3233 erat,
1461 3167 1529 3222 de
1551 3166 1879 3225 humanitate

297 3264 359 3305 se
389 3250 794 3306 mansuetudine
826 3252 985 3306 verba
1014 3253 1293 3310 facientem
1316 3272 1384 3311 ex
1403 3271 1522 3312 sese
1556 3258 1709 3313 istius
1741 3276 1879 3329 pra:-

296 3339 453 3413 elaraa
482 3340 828 3411 philosOphiae
866 3342 1107 3413 exempla
1136 3332 1375 3413 przebere
1400 3388 1413 3409 ,
1436 3357 1594 3417 atque
1623 3349 1693 3403 ita
1718 3351 1878 3410 simul

294 3441 356 3486 et
391 3432 568 3487 verbis
619 3447 741 3488 eam
784 3433 977 3489 docere
1012 3443 1068 3490 et
1110 3436 1264 3493 factis
1308 3438 1374 3493 ad
1412 3454 1528 3499 eam
1577 3442 1874 3498 instituere.

295 3522 553 3589 Quoniam
597 3533 774 3578 autem
819 3539 918 3579 nos
958 3525 1026 3580 ab
1054 3525 1157 3581 hac
1182 3527 1377 3584 virtute
1424 3530 1583 3601 longo
1624 3532 1879 3593 absumus

294 3614 573 3669 intervallo
593 3656 608 3681 ,
637 3631 740 3669 uno
769 3618 1019 3687 quopiam
1038 3634 1069 3673 e
1096 3636 1319 3678 numero
1348 3633 1654 3680 sanctorum
1676 3627 1727 3680 in
1760 3644 1877 3683 me-

293 3702 439 3758 dium
491 3703 780 3773 producto,
814 3708 1089 3780 oculisque
1120 3712 1315 3767 vestris
1362 3715 1640 3783 subjecto,
1674 3720 1879 3788 perspi-

295 3808 449 3848 cuam
477 3796 759 3864 quamdam
796 3812 858 3853 ac
904 3808 1174 3869 potentem
1218 3803 1589 3861 adhibebimus
1622 3808 1877 3863 exhorta-

297 3884 518 3945 tionem,
552 3894 606 3938 ut
632 3888 780 3955 quasi
827 3887 894 3943 ad
938 3889 1215 3961 archetypi
1255 3882 1536 3963 cujusdam
1574 3898 1875 3953 mntulatio-

296 3990 418 4031 nem
447 3975 789 4031 adhortemur
816 3987 869 4033 et
895 3994 991 4034 vos
1010 3990 1064 4035 et
1087 3996 1185 4036 nos
1213 3982 1378 4055 ipsos.

368 4064 537 4120 David
566 4068 824 4137 exemplar
844 4070 1198 4127 nummatis.
1224 4105 1296 4119 —-
1318 4075 1451 4142 Quis
1495 4077 1652 4149 igitur
1678 4082 1729 4134 in
1757 4098 1875 4137 mc—

296 4157 439 4211 dium
481 4158 827 4226 proferendus
873 4172 957 4217 est
998 4162 1063 4219 de
1102 4164 1431 4222 humanitate
1472 4168 1718 4226 dicturo?
1745 4174 1873 4239 Quis

296 4262 425 4303 vero
470 4249 643 4315 alius,
679 4267 836 4321 quam
880 4254 938 4308 is~
957 4256 1049 4326 qui
1086 4257 1285 4314 caelesti
1328 4262 1633 4321 testimonio
1672 4265 1873 4322 laudari

298 4342 524 4407 meruit,
546 4342 614 4397 oh
642 4342 743 4399 hoc
773 4345 943 4413 ipsum
975 4349 1205 4405 maxime
1232 4352 1642 4423 suspiciendus?
1672 4356 1871 4425 Inveni,

298 4431 499 4501 inquit,
528 4432 693 4487 David
716 4436 880 4503 ﬁlium
903 4437 1079 4505 leue,
1111 4442 1274 4495 virum
1297 4447 1573 4500 secundum
1600 4466 1687 4502 cor
1710 4467 1875 4505 meum

300 4524 374 4594 (1.
406 4521 532 4595 Reg.
559 4525 645 4580 15.
679 4527 743 4581 14
763 4543 778 4592 ;
800 4527 909 4583 Act.
940 4530 1024 4586 15.
1048 4531 1162 4602 εξ).
1188 4533 1355 4589 Porro
1376 4547 1718 4609 posteaquam
1738 4543 1881 4598 Deus

299 4614 687 4683 pronuntiavit,
710 4617 849 4670 nulla
875 4620 1270 4677 contradicendi
1296 4625 1496 4697 reliqua
1528 4640 1608 4683 est
1639 4633 1872 4687 occasio.

296 4702 429 4759 Nam
475 4704 614 4761 illius
653 4707 888 4765 calculus
930 4710 1276 4782 incorruptus
1305 4726 1417 4785 est,
1453 4723 1685 4791 coquod
1733 4726 1877 4780 Deus

297 4810 395 4850 nec
416 4796 480 4849 ad
510 4798 755 4866 gratiam,
788 4816 887 4856 nec
910 4818 1005 4873 per
1033 4804 1212 4861 odium
1233 4807 1574 4879 judicat,sed
1606 4831 1702 4884 pro
1727 4833 1872 4875 mera

295 4886 458 4941 animi
488 4890 680 4944 virtute
725 4889 823 4945 fert
866 4893 1197 4965 sutl'raginm.
1231 4901 1299 4953 At
1328 4916 1440 4956 non.
1464 4903 1534 4958 ob
1580 4906 1633 4960 id
1671 4916 1871 4965 tantum

296 4976 438 5067 hunc
460 4976 770 5034 inmedium
800 4981 1165 5052 produximus,
1195 4990 1336 5058 quod
1361 4991 1451 5048 Dei
1479 4995 1729 5067 suffragio
1750 4999 1869 5055 fue-

295 5068 365 5121 rit
406 5066 680 5135 laudatus,
706 5086 889 5126 verum
917 5075 1075 5129 etiam
1098 5079 1238 5146 quod
1272 5081 1342 5135 sit
1366 5096 1434 5136 ex
1453 5083 1519 5138 iis
1537 5086 1625 5156 qui
1655 5066 1753 5144 sub
1784 5106 1875 5146 ve-

297 5157 396 5212 teri
427 5158 544 5229 lege
562 5170 687 5215 sunt
710 5161 938 5219 educati.
967 5164 1237 5235 Siquidem
1262 5171 1363 5225 sub
1378 5172 1493 5244 lege
1511 5179 1695 5246 gratias
1720 5181 1872 5235 exsti-

296 5247 425 5301 tisse
453 5251 755 5320 quempiam
782 5252 849 5307 ah
878 5255 951 5308 ira
982 5270 1194 5323 purum,
1223 5269 1277 5315 et
1302 5260 1527 5321 inimicis
1543 5265 1735 5323 delicta
1753 5286 1875 5325 con-

294 5335 579 5392 tlonantem
601 5380 617 5403 ,
646 5354 708 5395 ac
734 5352 1037 5409 parcentem
1068 5346 1135 5401 iis
1155 5364 1184 5401 a
1229 5350 1422 5419 quibus
1448 5354 1605 5411 fuerit
1630 5360 1873 5417 molestia

295 5424 532 5491 allectus,
566 5429 703 5484 nihil.
726 5447 854 5487 sane
878 5433 1097 5503 mirum,
1118 5438 1371 5497 videlicet
1385 5454 1505 5513 post
1524 5448 1718 5505 Christi
1738 5466 1874 5506 mor-

300 5525 426 5582 tem,
460 5528 735 5589 postquam
777 5522 867 5578 ille
910 5534 1015 5580 tam
1044 5530 1336 5587 clementer
1360 5536 1512 5591 nobis
1538 5541 1714 5595 omnia
1743 5558 1873 5613 pec-

294 5616 415 5662 cata
457 5609 691 5678 remisit,
721 5622 844 5685 post
884 5624 964 5672 tot
1002 5631 1267 5692 praecepta
1309 5626 1506 5683 referta
1549 5609 1872 5705 evangelica:

357 5780 430 5845 (ιι)
455 5788 650 5840 “milia
674 5790 739 5843 de
760 5794 987 5848 Debitor-0
1010 5797 1182 5849 decem
1211 5800 1412 5853 millium
1437 5809 1747 5862 talentorum.

1337 419 1423 477 DE
1464 418 1717 475 DAVIDE
1758 410 1845 471 ΕΤ
1886 412 2109 469 SAULE
2149 415 2427 469 liOlllLlA
2474 417 2510 469 l.

3484 423 3588 471 673

2002 520 2350 590 philosophia“:
2380 541 2392 573 :
2426 534 2677 576 caeterum
2698 524 2747 574 in
2774 524 2963 574 Vetere
2991 524 3470 574 Testatncntocum
3504 528 3589 578 lex

1998 615 2332 684 permitteret
2362 614 2573 666 oculum
2628 628 2725 680 pro
2766 615 2922 666 oculo
2964 611 3233 673 effodere,
3267 626 3329 665 ac
3372 612 3586 667 dentem

1995 719 2091 773 pro
2131 704 2289 758 dente
2314 705 2610 757 extundere
2639 703 2829 772 (Exod.
2853 704 2940 757 Ἡ.
2976 703 3094 772 ςΜ),
3126 717 3356 771 euntque
3383 702 3471 770 qui
3500 704 3588 755 l.r-

1997 795 2156 846 sisset
2206 794 2416 847 talionis
2465 808 2618 861 pmna
2664 793 2881 855 ulcisci,
2926 794 3155 862 aliquem
3188 793 3461 846 exstitisse
3500 793 3586 860 qui

1994 893 2380 953 praeceptorum
2433 886 2566 938 lines
2614 884 2961 950 transitierit,
3012 882 3189 952 adque
3236 884 3587 951 apostolicam

1994 975 2297 1041 pervenerit
2320 975 2730 1043 philosophiam,
2763 990 2922 1043 quem
2954 974 3255 1028 auditorum
3285 990 3392 1027 non
3416 974 3585 1027 addu-

1994 1073 2077 1117 cet
2106 1065 2161 1117 in
2194 1066 2506 1133 stuporem?
2528 1081 2685 1133 quem
2722 1065 2767 1118 si
2816 1081 2918 1117 non
2952 1066 3240 1127 imitemur,
3273 1080 3377 1117 non
3414 1065 3587 1133 privet

1994 1155 2139 1207 omni
2169 1156 2343 1220 venia,
2373 1156 2625 1225 omnique
2660 1157 3043 1211 excusatione?
3072 1156 3176 1210 Sed
3208 1156 3583 1211 utaceuratins

1992 1245 2108 1313 eius
2148 1246 2396 1299 virtutem
2440 1248 2809 1315 cognocastis,
2859 1246 3137 1301 concedite
3194 1246 3324 1299 mihi
3372 1255 3428 1301 ut
3462 1262 3583 1299 ora-

1996 1337 2193 1390 tionem
2226 1339 2383 1405 paulo
2409 1338 2569 1392 altius
2596 1349 2856 1407 repetam,
2884 1354 2945 1393 ac
2972 1339 3228 1393 beneﬁcia
3253 1354 3583 1393 commemo-

1993 1444 2102 1481 rem
2131 1444 2249 1497 quze
2278 1430 2465 1483 beatus
2499 1431 2584 1484 ille
2612 1431 2691 1484 vir
2720 1431 2772 1484 in
2802 1432 3015 1486 Saﬁlcm
3046 1432 3289 1486 contulit.
3316 1432 3447 1485 Nam
3478 1448 3581 1486 non

1994 1520 2172 1573 ulcisci
2193 1520 2459 1574 inimicum
2479 1522 2567 1589 qui
2596 1522 2910 1591 simpliciter
2928 1523 3083 1590 lmsit,
3111 1541 3215 1579 non
3242 1526 3435 1577 mirum
3464 1534 3578 1578 est:

1991 1613 2153 1679 atqui
2186 1612 2455 1667 hominem
2503 1630 2529 1665 a
2560 1630 2619 1668 se
2663 1617 2841 1669 multis
2885 1617 3131 1671 allectum
3166 1618 3459 1681 bent-ficiis,
3488 1619 3581 1672 sed

1992 1703 2078 1770 qui
2113 1718 2209 1770 pro
2255 1702 2546 1759 benefactis
2592 1706 2891 1761 beneficum
2929 1710 3093 1762 semel
3139 1718 3301 1777 atque
3350 1711 3580 1773 iterum,

1992 1792 2102 1846 imo
2122 1792 2428 1863 frequenter
2455 1796 2755 1852 interﬁcere
2781 1809 3004 1853 conatus
3033 1800 3120 1864 sit,
3151 1811 3496 1871 posteaquam
3528 1802 3582 1856 in

1994 1900 2183 1939 nmous
2208 1887 2510 1951 incidisset,
2542 1900 2595 1941 ut
2619 1889 2728 1957 jam
2756 1889 2940 1945 liceret
2966 1891 3237 1957 occidere,
3268 1908 3372 1947 non
3408 1894 3579 1962 ipsum

1992 1974 2194 2030 dimisit
2219 1985 2420 2031 tantum
2443 2020 2455 2042 ,
2491 1995 2673 2033 verum
2704 1982 2863 2035 etiam
2886 1998 2947 2037 ex
2976 1984 3201 2038 aliorum
3234 1985 3439 2040 insidiis
3468 1992 3581 2045 eri-

1993 2069 2135 2135 puit;
2170 2070 2465 2137 praesertim
2510 2085 2629 2124 cum
2661 2072 2823 2127 sciret
2860 2073 3003 2128 illum
3050 2086 3169 2144 post
3210 2078 3397 2134 eadem
3426 2085 3582 2138 moli-

1993 2166 2166 2211 turum
2199 2176 2211 2210 :
2243 2159 2367 2229 quid
2392 2161 2436 2215 is
2463 2161 2722 2231 reliquum
2747 2152 2893 2230 iecit,
2925 2164 3066 2235 quod
3083 2166 3160 2221 ad.
3175 2184 3437 2226 summam
3462 2173 3581 2243 plu-

1991 2246 2285 2316 losophiam
2311 2251 2481 2319 possit
2506 2251 2760 2321 adjungi?

2058 2337 2111 2389 2.
2145 2336 2399 2405 Beneﬁcia
2441 2338 2652 2396 Doridis
2698 2342 2749 2396 in
2791 2344 3019 2402 Sat'tlem.
3047 2377 3119 2387 —
3149 2349 3353 2416 Quibus
3401 2367 3578 2411 autem

1991 2426 2265 2481 beneliciis
2317 2430 2478 2484 David
2531 2432 2769 2488 olfecerit
2810 2435 3059 2501 Sahlem,
3099 2442 3314 2509 quando
3366 2454 3419 2497 et
3474 2462 3581 2513 quo

1989 2527 2177 2587 pacto,
2213 2521 2393 2589 paucis
2440 2533 2778 2579 enarrantem
2836 2542 2923 2584 me
2971 2531 3251 2587 sustinete.
3300 2535 3433 2590 Cum
3476 2540 3579 2593 ali-

1990 2609 2200 2676 quando
2248 2610 2603 2669 Judaei-bello
2649 2616 2969 2675 difficillimo
3018 2635 3412 2693 premerentur,
3442 2628 3581 2683 adeo

1988 2707 2051 2752 ut
2077 2713 2265 2755 omnes
2302 2716 2498 2772 pavore
2527 2717 2707 2761 essent
2754 2714 3116 2777 consternati,
3150 2730 3250 2770 nec
3295 2720 3577 2789 quisquam

1986 2790 2207 2847 auderet
2248 2794 2456 2864 erigere
2496 2807 2653 2867 caput
2676 2839 2690 2864 ,
2715 2801 2807 2856 sed
2837 2802 2891 2857 in
2931 2814 3168 2861 extrema
3191 2808 3577 2879 deSperatione

1988 2891 2129 2938 esset
2156 2882 2364 2951 civitas,
2392 2887 2616 2957 singulis
2641 2900 2868 2947 mortem
2897 2909 3008 2963 pra:
3032 2899 3203 2953 oculis
3234 2898 3573 2967 habentibus,
3603 2918 3612 2927 δ

1986 2974 2325 3045 quotidieque
2348 2978 2615 3035 interitum
2642 2988 3072 3052 exspectantibus
3094 2992 3322 3057 cunctis,
3342 3003 3395 3047 ut
3416 2996 3515 3049 vita
3526 3014 3574 3051 ιιι

1985 3074 2202 3133 agerent
2231 3068 2563 3123 miseriorem
2595 3071 2660 3125 iis
2696 3073 2785 3140 qui
2815 3073 3015 3143 degunt
3056 3079 3107 3130 in
3140 3083 3413 3136 teterrimo
3456 3100 3576 3138 car-

1984 3167 2108 3208 cere
2128 3194 2142 3219 ,
2174 3154 2261 3210 hic
2293 3156 2362 3211 ab
2398 3159 2586 3215 ovibus
2614 3162 2837 3218 veniens
2879 3165 2945 3219 ad
2970 3169 3263 3225 exercitum
3284 3213 3298 3236 ,
3331 3188 3450 3227 cum
3480 3194 3575 3244 per

1984 3252 2193 3299 aetatem
2222 3261 2321 3301 nec
2346 3257 2519 3304 artem
2535 3251 2763 3308 bellandi
2790 3256 2985 3313 callere
3012 3272 3212 3329 posset,
3242 3277 3305 3319 ac
3333 3254 3577 3322 laborum

1984 3333 2295 3389 militarium
2340 3338 2487 3393 rudis
2531 3350 2706 3406 esset,
2733 3344 2847 3415 ipse
2874 3362 2974 3418 pro
3004 3350 3265 3409 universis
3292 3356 3487 3411 bellant
3520 3360 3576 3415 in

1982 3439 2041 3517 se
2065 3428 2308 3496 recepit,
2336 3444 2399 3483 ae
2427 3428 2654 3488 feliciter
2679 3450 2791 3491 rem
2838 3442 3025 3508 gessit,
3058 3458 3216 3514 supra
3238 3462 3397 3515 quam
3428 3452 3574 3517 quis-

1982 3516 2123 3585 piam
2138 3532 2440 3599 sperasset.
2469 3523 2798 3597 Quamquam
2836 3530 2996 3586 etiam
3029 3532 3075 3587 si
3099 3534 3286 3592 virtuti
3318 3516 3577 3597 defuisset

1982 3617 2227 3675 eventus,
2252 3619 2426 3667 tamen
2449 3614 2517 3669 ob
2545 3616 2713 3672 solam
2736 3620 2898 3675 animi
2929 3627 3399 3695 promptitudinetn
3423 3649 3576 3702 egre-

1980 3698 2231 3769 giumque
2255 3702 2583 3774 propositum
2623 3710 2961 3768 coronandus
2997 3725 3132 3769 erat.
3174 3719 3290 3773 .lam
3322 3723 3365 3776 si
3394 3698 3512 3791 quis
3543 3742 3573 3780 e

1980 3805 2203 3845 numero
2232 3793 2460 3849 militum
2485 3806 2640 3852 :ctate
2661 3799 2845 3869 vigens
2862 3800 3072 3860 facinus
3095 3808 3194 3861 hoc
3214 3809 3572 3882 desigttusscl,

1981 3880 2109 3934 nihil
2154 3881 2339 3938 fuisset
2388 3886 2579 3940 mirum
2601 3929 2616 3954 ,
2640 3889 2888 3946 videlicet
2935 3894 2987 3949 id
3018 3900 3318 3965 postulante
3342 3880 3576 3960 vmilimri

1978 3970 2115 4042 lege.
2166 3975 2236 4028 At
2288 3973 2373 4031 hic
2420 3979 2509 4048 qui
2556 3980 2756 4035 nullam
2796 3984 3011 4041 videbat
3056 3994 3426 4050 necessitatem
3469 3997 3573 4053 huc

1980 4065 2285 4133 adigentem
2308 4107 2322 4130 ,
2378 4083 2440 4123 ac
2465 4070 2661 4127 multos
2698 4074 2858 4129 etiam
2907 4076 3134 4134 habebat
3178 4082 3522 4149 dehortantes
3554 4107 3569 4145 :

1953 4170 2103 4223 lnam
2132 4165 2188 4211 et
2227 4156 2391 4213 frater
2414 4160 2563 4215 illum
2598 4163 2929 4234 increpavit,
2953 4179 3005 4223 et
3030 4185 3125 4226 rex
3158 4177 3483 4242 persiiiciens
3515 4180 3575 4234 ii-

1980 4246 2089 4301 lum
2119 4248 2353 4303 nondum
2383 4256 2539 4306 letale
2569 4265 2860 4321 maturum,
2880 4273 2942 4313 ac
2964 4263 3212 4330 periculis
3244 4267 3574 4334 perferendis

1980 4336 2269 4393 inhabilem
2312 4340 2589 4411 cohibuit,
2622 4359 2683 4399 ac
2713 4362 2930 4405 manere
2966 4349 3163 4420 jussit,
3192 4354 3374 4411 dicens
3404 4374 3418 4411 :
3452 4358 3572 4414 Non

1983 4428 2169 4495 poteris
2192 4429 2265 4483 ire
2284 4471 2300 4497 ,
2331 4432 2569 4499 quoniam
2610 4451 2737 4503 puer
2762 4453 2817 4492 es
2845 4451 2866 4493 :
2890 4438 2979 4494 ille
3003 4455 3119 4495 vero
3157 4445 3233 4497 vir
3260 4456 3332 4499 est
3363 4447 3574 4503 bellator

1979 4518 2041 4571 ab
2084 4519 2420 4574 adolescentia
2470 4539 2563 4576 sua
2592 4526 2668 4593 (l.
2702 4525 2830 4597 Reg.
2878 4530 2968 4583 17.
3012 4532 3104 4602 55)
3138 4552 3152 4588 :
3183 4545 3418 4593 attamen
3445 4555 3571 4597 cum

1980 4610 2125 4665 nulla
2170 4611 2319 4667 illum
2365 4625 2678 4683 provocaret
2701 4621 2935 4689 occasio,
2972 4636 3160 4694 suapte
3184 4641 3379 4698 sponte
3422 4643 3475 4688 et
3504 4652 3569 4690 ex

1979 4715 2101 4756 sese
2136 4701 2316 4757 divino
2357 4718 2617 4760 accensus
2663 4708 2781 4763 zelo
2804 4752 2819 4776 ,
2847 4713 3138 4785 patriarque
3174 4720 3416 4787 caritate,
3448 4739 3572 4792 per-

1983 4797 2104 4853 inde
2154 4799 2304 4869 quasi
2361 4815 2489 4856 oves
2542 4814 2791 4860 cerneret
2845 4807 3022 4863 verius
3072 4826 3232 4881 quam
3281 4813 3568 4883 homines,

1980 4897 2035 4944 et
2075 4891 2224 4959 quasi
2270 4905 2431 4946 canes
2458 4892 2741 4951 invasurus
2766 4907 2909 4953 esset
2935 4901 3123 4970 potius.
3147 4919 3307 4972 quam
3336 4914 3444 4962 tam
3462 4926 3569 4963 nnt-

1981 4995 2249 5037 tncrosum
2306 4981 2580 5039 hominum
2626 4988 2959 5055 exercitum,
3016 4992 3153 5047 adeo
3196 4994 3455 5067 intrepide
3502 5002 3572 5056 ad

1980 5073 2235 5128 barbaros
2254 5075 2492 5130 cucurrit
2522 5092 2537 5130 :
2568 5077 2724 5147 idque
2770 5084 3023 5152 temporis
3069 5094 3267 5142 tantam
3306 5105 3434 5161 erga
3478 5109 3567 5149 re-

1979 5180 2099 5233 gem
2148 5165 2562 5223 sollicitudinem
2614 5168 2941 5237 declaravit,
2975 5184 3032 5229 ut
3070 5176 3217 5233 illum
3256 5182 3416 5237 etiam
3445 5193 3573 5241 ante

1982 5254 2221 5323 prvelium
2233 5270 2297 5311 ac
2312 5256 2584 5312 victoriam
2602 5260 2653 5313 in
2672 5260 2856 5318 faciem
2873 5274 3201 5334 prostratum
3218 5274 3572 5330 erexerit.Neo

1981 5364 2087 5419 quo
2107 5349 2248 5403 enim
2266 5350 2417 5406 factis
2429 5351 2589 5407 modo
2600 5353 2737 5422 juvit
2753 5346 2923 5423 illum,
2942 5359 3034 5412 sed
3048 5369 3174 5415 ante
3194 5362 3388 5418 factum
3406 5367 3570 5425 etiam

1981 5444 2167 5499 verbis
2184 5443 2422 5499 hortatus
2448 5457 2529 5501 est
2555 5446 2697 5502 bono
2715 5449 2896 5504 animo
2926 5459 2984 5505 ut
3012 5463 3179 5519 esset,
3197 5469 3260 5509 ac
3282 5460 3570 5525 persuasit,

1982 5542 2146 5603 utque
2174 5534 2241 5590 de
2268 5545 2476 5595 eventu
2522 5537 2716 5593 bonam
2746 5542 3057 5611 conciperet
3080 5559 3261 5615 spem,
3290 5547 3469 5604 effecit
3500 5551 3572 5607 ita

1982 5622 2206 5693 loquens
2238 5641 2251 5677 :
2284 5624 2366 5679 Ne
2388 5626 2620 5680 concidat
2646 5644 2733 5683 cor
2757 5629 2953 5686 domini
2975 5634 3072 5687 mei
3100 5635 3152 5687 in
3177 5635 3307 5704 ipso,
3334 5639 3574 5707 quoniam

1981 5729 2150 5767 servus
2178 5725 2291 5768 tuus
2316 5717 2439 5782 ibit,
2470 5719 2807 5790 pugnabilque
2831 5738 2947 5775 cum
2970 5724 3251 5795 alienigena
3281 5726 3374 5780 hoc
3408 5725 3571 5795 (Ibid.

1983 5817 2030 5855 υ.
2058 5803 2172 5874 52).
2207 5804 2400 5873 Quaeso
2426 5848 2441 5876 ,
2470 5824 2599 5864 num
2629 5809 2731 5865 hoc
2777 5825 2999 5881 parvum
3038 5814 3265 5881 videtur,
3295 5816 3439 5872 nulla
3477 5831 3573 5874 ne-
