4106 6486
589 432 693 489 679

1337 421 1394 478 8.
1423 419 1703 477 JOANNIS
1733 410 2207 472 CHRYSOSTOII
2245 410 2560 467 ARCHIEP.
2588 412 3122 472 CONSTANTINOP.

576 549 829 596 cessitate
868 537 1195 603 compulsum
1221 571 1234 596 ,
1266 545 1416 584 suam
1441 531 1604 599 ipsius
1619 529 1786 582 vitam
1816 524 2038 594 prodere
2065 562 2078 586 ,
2111 530 2166 575 et
2273 520 2534 578 donemus
2559 540 2663 580 non
2691 537 2835 582 recte
2856 526 3044 582 fecisse
3065 528 3333 593 mulieres.
3355 543 3552 602 easque
3570 529 3736 589 fuisse
3749 537 3850 589 eri-

583 637 640 690 in
675 640 859 683 eorum
888 623 1162 684 utilitatem
1191 635 1222 673 a
1243 619 1434 690 quibus
1464 617 1593 672 nihil
1611 627 1855 684 umquam
1885 622 2164 682 acceperat

582 713 826 774 beneficii
850 754 866 779 ,
899 712 950 766 in
975 712 1178 767 medios
1205 709 1385 764 hostes
1401 709 1605 762 irruere
1621 706 1647 760 ?
1669 706 1860 760 Annon
1892 719 1987 773 par
2013 710 2127 757 erat
2146 741 2161 765 ,

584 807 726 865 hunc
760 810 880 872 post
919 801 1024 856 tale
1049 799 1258 854 facinus
1277 807 1464 852 ornato
1494 794 1647 849 titulo
1667 793 1867 848 domini
1898 791 2163 847 columnis

588 895 869 964 inscripto,
895 902 951 948 et
980 892 1241 962 publicum
1261 889 1489 944 civitatis
1514 895 1841 942 servatorem
1868 884 2158 954 appellare,

585 988 675 1058 qui
713 997 767 1043 et
795 984 940 1056 regni
990 985 1170 1047 decus,
1199 990 1254 1036 et
1280 979 1548 1034 civitatum
1574 976 1938 1040 fundamenta,
1965 985 2019 1030 et
2041 989 2163 1029 om-

587 1078 732 1131 nium
763 1077 922 1129 vitam
948 1073 1236 1142 opitulante
1261 1069 1355 1124 Dei
1382 1070 1548 1139 gratia
1575 1069 1838 1122 servarit?
1866 1065 2017 1134 Quod
2045 1079 2163 1120 esse

587 1174 793 1235 poterat
819 1163 960 1218 aliud
1009 1160 1322 1217 beneﬁcium
1348 1159 1450 1214 hoc
1479 1157 1690 1227 majus?
1714 1155 1897 1224 Neque
1923 1156 2064 1210 enim
2107 1155 2163 1209 in

587 1256 808 1324 gloriam
836 1263 923 1307 aut
944 1252 1233 1322 potentiam
1253 1292 1271 1318 ,
1300 1249 1396 1304 sed
1423 1251 1472 1302 in
1500 1249 1666 1318 ipsam
1692 1247 1857 1317 ipsius
1886 1247 2044 1299 vitam
2074 1245 2161 1299 be-

589 1345 832 1400 nelicium
861 1342 962 1396 hoc
983 1341 1207 1396 contulit
1225 1381 1238 1404 ,
1274 1339 1413 1394 etab
1444 1339 1572 1408 ipsis
1603 1337 1790 1392 mortis
1817 1336 1982 1406 portis
2003 1348 2161 1390 revo-

585 1436 726 1489 cavit
756 1451 769 1487 :
803 1435 978 1502 itaque
1003 1433 1048 1486 si
1073 1432 1358 1486 humanum
1379 1430 1591 1500 quidem
1613 1427 1904 1483 subsidium
1929 1435 2160 1496 spectes,

588 1525 728 1579 illius
763 1523 1021 1591 beneﬁcio
1044 1521 1238 1576 deinde
1265 1520 1391 1572 visit
1413 1533 1502 1573 rex
1522 1558 1537 1582 ,
1564 1532 1626 1572 ac
1649 1517 1994 1587 principatum
2042 1530 2159 1571 ser-

591 1615 756 1670 vavit.
790 1614 852 1667 Et
881 1622 1059 1681 postea
1084 1653 1098 1677 ,
1124 1625 1284 1682 quam
1315 1610 1387 1665 illi
1416 1610 1649 1678 reposuit
1671 1608 1930 1678 gratiam?
1965 1607 2096 1662 Nam
2119 1609 2164 1664 si

587 1706 706 1774 quis
751 1701 1041 1772 perpendat
1081 1701 1332 1770 prmclare
1370 1710 1641 1770 gestorum
1699 1698 2111 1768 magnitudinem
2142 1738 2158 1763 ,

589 1795 795 1851 etiamsi
819 1810 909 1850 rex
948 1809 976 1848 a
1015 1809 1112 1849 suo
1141 1794 1315 1864 capite
1361 1793 1650 1848 detractam
1676 1806 1926 1847 coronam
1955 1790 2164 1845 Davidis

587 1885 744 1956 capiti
783 1885 1151 1955 imposuisset,
1191 1897 1476 1953 numquam
1527 1897 1704 1952 parem
1745 1883 2010 1937 retulisset
2043 1896 2164 1951 gra-

589 1975 736 2037 tiam.
765 1975 856 2029 scd
883 1974 1192 2043 ampliorem
1215 1973 1501 2028 debuisset.
1531 1973 1626 2027 llic
1663 1973 1803 2028 enim
1841 1981 1896 2027 et
1927 1973 2082 2026 vitam
2109 1981 2165 2027 et

587 2080 810 2136 regnum
850 2063 927 2118 illi
968 2064 1221 2130 donavit,
1253 2063 1339 2117 ille
1381 2078 1506 2118 vero
1551 2063 1672 2116 huic
1715 2078 1932 2132 regnum
1960 2071 2164 2116 tantum

587 2167 704 2214 erat
751 2170 1018 2212 cessurus.
1057 2153 1435 2210 Verumtamen
1487 2153 1883 2208 consideremus
1946 2153 2164 2210 relatam

591 2264 690 2319 pro
756 2247 1044 2304 benefactis
1102 2245 1346 2316 gratiam.
1409 2245 1537 2311 Qua:
1607 2245 1817 2299 tandem
1872 2254 1986 2299 erat
2039 2243 2168 2298 illa?

591 2343 667 2395 De
691 2347 883 2393 caetero
905 2347 960 2392 et
986 2337 1055 2391 ab
1093 2336 1180 2390 illo
1205 2336 1292 2390 die
1331 2344 1631 2404 suspectum
1672 2333 1852 2389 habuit
1888 2333 2048 2389 David
2069 2377 2084 2399 ,
2113 2342 2168 2390 et

591 2430 660 2486 ab
697 2429 786 2483 illo
833 2428 1018 2482 metuit
1065 2426 1185 2482 sibi.
1222 2425 1329 2479 Cur
1357 2435 1410 2480 et
1444 2440 1599 2494 quam
1643 2424 1711 2478 ob
1757 2425 2008 2479 causam?
2035 2423 2165 2478 Nam

589 2531 646 2577 et
718 2519 1034 2588 suspicionis
1099 2531 1256 2572 causa
1317 2516 1777 2571 commemoranda
1833 2526 1933 2571 est.
1987 2514 2168 2586 Neque

587 2611 730 2665 enim
753 2607 1005 2679 quidquid
1037 2606 1221 2677 aliquis
1241 2606 1451 2669 dixerit,
1478 2604 1614 2660 idem
1641 2620 1759 2660 esse
1783 2605 1986 2676 justum
2015 2605 2165 2660 afﬁr-

591 2701 771 2756 mahit.
803 2699 932 2755 Nam
957 2713 1078 2768 erga
1108 2713 1228 2753 eum
1247 2699 1336 2767 qui
1368 2697 1596 2751 animam
1623 2697 1899 2766 impendit,
1923 2707 1977 2752 et
2007 2698 2168 2752 vitam

586 2793 771 2858 dedit,
801 2807 918 2862 quze
946 2798 1150 2861 poterat
1171 2803 1288 2843 esse
1310 2789 1450 2857 jnsta
1491 2787 1807 2856 suspicionis
1835 2788 2035 2842 causa?
2064 2787 2168 2842 Sed

590 2896 768 2939 tamen
804 2884 970 2952 ipsam
998 2879 1285 2935 inimicitia:
1311 2887 1526 2932 causam
1557 2875 1898 2945 inspiciamus
1919 2918 1933 2942 ,
1967 2887 2024 2931 ut
2068 2877 2169 2930 ali-

589 2972 716 3043 quid
767 2970 1016 3034 discatis,
1058 2967 1197 3040 quod
1250 2981 1350 3023 nec
1393 2968 1502 3036 ipsa
1544 2964 1764 3021 victoria
1800 2967 1870 3021 sit
1906 2965 2123 3022 inferius
2151 2982 2171 3020 :

588 3062 835 3132 quodque
865 3060 1025 3115 David
1065 3060 1138 3115 sit
1164 3060 1365 3113 honore
1389 3057 1581 3126 dignus
1605 3056 1674 3111 ob
1699 3071 1760 3111 ea
1790 3056 1922 3126 ipsa,
1951 3067 2168 3127 propter

590 3170 709 3225 qum
733 3153 984 3222 deinceps
1007 3151 1152 3208 venit
1175 3151 1227 3205 in
1252 3149 1608 3220 suspicionem
1634 3190 1649 3215 ,
1679 3148 1885 3212 insidiis
1909 3151 2173 3220 appetitus

592 3254 693 3301 est.
743 3244 872 3313 Quae
919 3243 1078 3313 igitur
1118 3249 1234 3297 erat
1280 3239 1597 3310 suspicionis
1647 3239 1846 3295 causa?
1888 3239 2171 3310 Postquam

598 3337 807 3391 barbari
839 3335 979 3389 illius
999 3341 1159 3403 caput
1194 3332 1435 3398 abstulit,
1456 3342 1510 3386 et
1537 3331 1705 3402 spolia
1731 3340 1943 3403 gestans
1971 3332 2126 3389 rediit
2155 3349 2170 3392 :

595 3426 883 3490 Exierunt,
914 3423 1114 3495 inquit,
1145 3421 1376 3477 mulieres
1401 3429 1632 3476 canentes
1655 3438 1714 3476 ac
1753 3422 1970 3478 dicentes
1996 3439 2018 3477 :
2049 3423 2174 3478 Per-

594 3519 746 3574 tussit
774 3516 902 3572 811111
924 3516 978 3570 its
1003 3515 1220 3570 millibus
1269 3514 1403 3582 suis,
1427 3523 1473 3568 et
1493 3513 1657 3568 David
1690 3515 1742 3568 in
1769 3515 1936 3569 decem
1957 3516 2176 3571 millibus

594 3609 720 3661 suis.
749 3605 811 3679 Et
831 3609 990 3661 iratas
1009 3614 1082 3660 est
1107 3603 1259 3672 Sail,
1281 3613 1327 3659 et
1345 3613 1628 3674 suspectum
1653 3604 1828 3658 habuit
1851 3604 2016 3660 David
2037 3605 2100 3660 ab
2117 3622 2174 3661 eo

595 3697 677 3752 die
699 3714 760 3751 ae
784 3697 1016 3768 deinceps
1039 3697 1120 3767 (l.
1152 3694 1278 3768 Reg.
1304 3695 1390 3751 18.
1419 3694 1572 3767 6—9).
1603 3694 1766 3765 Cujus
1811 3697 2036 3752 obsecro
2056 3739 2070 3764 ,
2097 3696 2175 3753 rei

597 3788 790 3858 gratia?
815 3787 1037 3842 Etiamsi
1079 3786 1196 3841 haec
1242 3794 1441 3856 prater
1465 3784 1710 3842 meritum
1742 3787 1972 3845 fuissent
1996 3789 2134 3844 dicta
2157 3832 2174 3856 ,

599 3893 667 3934 ne
694 3878 770 3933 sic
785 3877 996 3948 quidem
1018 3877 1294 3946 oportebat
1323 3876 1571 3932 hostilem
1615 3876 1666 3931 in
1710 3877 1960 3933 Davidem
1989 3893 2178 3948 gerere

597 3971 832 4026 animum
865 3967 998 4025 :sed
1021 3977 1294 4038 postquam
1315 3981 1381 4023 ex
1419 3967 1576 4028 rebus
1611 3967 1776 4038 gestis
1803 3968 1940 4023 illius
1965 3985 2088 4039 erga
2120 3984 2178 4024 se

600 4059 1019 4116 benevolentiam
1045 4057 1274 4114 habebat
1298 4066 1626 4128 compertam
1647 4098 1663 4124 ,
1694 4060 1890 4128 quippe
1917 4061 2005 4129 qui
2032 4059 2177 4114 nullo

599 4160 822 4224 cogente
863 4160 954 4206 aut
986 4150 1373 4220 compellente,
1412 4157 1600 4219 suapte
1643 4150 2012 4206 benevolentia
2064 4161 2179 4206 tan-

602 4255 715 4301 tum
761 4245 991 4299 subisset
1039 4243 1392 4307 discriminis,
1441 4235 1561 4296 non
1597 4241 1879 4311 oportebat
1927 4243 2180 4312 deinceps

603 4335 890 4406 quidquam
934 4334 1003 4389 de
1043 4332 1136 4388 illo
1181 4317 1437 4403 suspicari
1485 4331 1629 4386 mali.
1659 4331 1808 4385 Nune
1855 4342 2027 4386 autem
2061 4332 2182 4401 jure

604 4426 789 4482 laudes
820 4423 1264 4496 proferebantur;
1295 4431 1350 4479 et
1375 4421 1420 4478 si
1463 4421 1543 4477 fas
1571 4431 1654 4476 est
1676 4436 1796 4477 vera
1824 4421 2099 4492 proloqui,
2129 4422 2181 4476 in

605 4520 782 4576 Saulis
803 4518 1028 4590 gratiam
1051 4517 1136 4572 illa
1153 4516 1292 4571 dicta
1317 4523 1442 4570 sunt
1467 4515 1661 4586 potius,
1682 4528 1840 4585 quam
1863 4513 1916 4567 in
1951 4514 2182 4580 Davidis;

608 4611 837 4668 debebat
881 4618 1057 4665 autem
1101 4609 1231 4663 satis
1277 4607 1511 4671 habere,
1563 4604 1702 4676 quod
1748 4605 1822 4660 illi
1877 4605 2186 4661 tribuissent

610 4701 779 4757 mille.
811 4698 916 4754 Cur
942 4699 1101 4769 igitur
1125 4697 1425 4767 indignatus
1449 4705 1560 4761 est,
1592 4696 1732 4768 quod
1771 4696 1954 4751 Davidi
1982 4697 2183 4752 tribue-

608 4795 716 4850 rint
742 4792 925 4848 decem
946 4789 1142 4846 millia?
1164 4789 1370 4844 Etenim
1391 4788 1435 4844 si
1464 4803 1556 4842 rex
1577 4788 1641 4842 ad
1670 4788 1865 4843 bellum
1895 4787 2184 4843 finiendum

609 4886 691 4941 vel
720 4884 986 4954 paululum
1011 4879 1207 4952 aliquid
1238 4879 1493 4936 momenti
1513 4879 1855 4945 contulisset,
1891 4889 2033 4935 recte
2074 4891 2183 4934 tum

610 4975 809 5032 dictum
833 4974 1038 5040 fuisset,
1067 4971 1196 5028 Sail
1219 4971 1272 5024 in
1292 4969 1512 5024 millibus
1529 5011 1542 5033 ,
1566 4967 1736 5023 David
1767 4970 1820 5023 in
1841 4970 2011 5024 decem
2037 4971 2188 5024 milli-

612 5067 724 5121 bus.
754 5065 906 5134 Quod
957 5065 1002 5120 si
1043 5066 1156 5135 ipse
1192 5063 1405 5132 quidem
1438 5062 1658 5134 pavidus
1696 5077 1758 5118 ac
1788 5071 2022 5118 tremens
2045 5063 2189 5120 domi

615 5156 856 5222 desedit,
890 5156 943 5210 in
969 5155 1207 5225 singulos
1231 5153 1344 5208 dies
1366 5162 1587 5208 mortem
1610 5163 1925 5223 exspectans
1941 5194 1955 5217 .
1987 5154 2071 5210 hic
2091 5170 2188 5209 an-

615 5258 722 5304 tem
744 5259 911 5303 totum
953 5245 1158 5302 facinus
1200 5245 1442 5315 peregit:
1473 5260 1648 5299 annon
1693 5246 1981 5301 absurdum
2033 5254 2148 5302 erat
2173 5288 2186 5310 ,

612 5354 732 5394 eum
745 5339 833 5410 qui
861 5337 994 5393 nihil
1018 5336 1084 5392 ad
1105 5334 1414 5407 depellenda
1439 5335 1668 5404 pericula
1689 5338 2020 5406 contulerat,
2045 5339 2113 5392 oh
2135 5338 2187 5391 id

614 5429 896 5502 indignari,
921 5427 1061 5498 quod
1086 5443 1190 5484 non
1215 5428 1334 5496 plus
1360 5427 1532 5482 laudis
1562 5427 1808 5482 tulisset?
1829 5428 1959 5483 Nam
1989 5429 2032 5482 si
2061 5427 2188 5484 indi-

612 5519 880 5591 gnandum
899 5527 1034 5583 erat,
1062 5518 1311 5574 Davidem
1341 5519 1513 5587 potius
1533 5517 1881 5574 conveniebat
1899 5517 2186 5589 indignari,

615 5611 755 5685 quod
801 5624 922 5666 eum
968 5608 1114 5664 solus
1165 5618 1330 5665 totum
1367 5608 1647 5680 gessisset,
1697 5609 1921 5664 alterum
1966 5609 2188 5666 haberet

615 5699 789 5758 laudis
808 5698 1136 5770 participem.

683 5791 741 5847 ὅ.
777 5787 883 5846 Sed
913 5787 1100 5846 lterum
1126 5787 1253 5846 nihil
1281 5789 1437 5845 dico:
1459 5802 1643 5846 verum
1666 5789 1795 5846 illud
1817 5790 2044 5850 dixerim
2082 5813 2094 5850 :
2130 5804 2188 5852 ut

2271 613 2400 667 mini
2427 613 2704 678 obnoxias,
2749 625 2803 671 et
2830 619 3168 673 accusatione
3191 618 3398 688 dignas,
3445 621 3571 689 quid
3625 621 3740 679 hac
3783 625 3853 677 ad

2270 701 2558 757 Davidem?
2596 703 2776 774 Neque
2800 707 2942 761 enim
2974 709 3087 778 ipse
3115 719 3489 778 composuerat
3515 713 3813 767 cantionem
3835 749 3856 780 ,

2271 793 2564 862 nequeillis
2584 804 2844 862 suaserat,
2880 806 2938 850 ut
2967 797 3207 852 dicerent
3231 814 3348 869 qua:
3378 800 3646 867 dicebant,
3681 817 3855 873 neque

2269 883 2548 936 adornarat
2582 885 2730 939 illum
2767 886 3086 942 laudationis
3117 889 3353 944 modum.
3382 889 3616 946 Proinde
3640 892 3852 947 etiamsi

2270 971 2648 1042 indignandum
2676 986 2812 1044 erat,
2837 979 3143 1034 mulieribus
3167 983 3405 1050 oportuit
3435 983 3716 1052 indignari.
3746 999 3852 1039 11011

2270 1061 2340 1118 de
2367 1064 2526 1120 civile
2553 1067 2904 1132 benetnerito,
2937 1079 2989 1124 et
3032 1069 3250 1125 infinitis
3296 1070 3460 1142 digno
3489 1075 3724 1127 coronis.
3783 1077 3850 1128 At

2265 1154 2393 1212 Sail!
2421 1159 2633 1213 omissis
2654 1159 2761 1214 illis
2793 1161 2844 1215 in
2874 1161 3035 1216 David
3064 1163 3408 1218 irascebatur.
3433 1163 3550 1219 1am
3571 1165 3618 1220 si
3642 1180 3706 1220 ea
3735 1166 3853 1220 lan~

2266 1247 2335 1303 de
2362 1249 2605 1304 sublatus
2630 1249 2716 1306 ille
2737 1251 2922 1307 beatus
2949 1251 3224 1308 invidisset
3252 1268 3429 1309 rerum
3448 1256 3687 1324 potienti,
3721 1254 3858 1310 fuis-

2267 1349 2452 1410 setque
2493 1339 2593 1410 ipsi
2619 1343 3055 1405 contumeliosus,
3099 1351 3154 1397 et
3181 1353 3499 1412 aspernatus
3526 1344 3715 1400 fuisset
3737 1344 3856 1415 ejus

2268 1428 2587 1497 imperium,
2635 1430 2859 1486 forsitan
2904 1433 3077 1502 aliqua
3109 1431 3294 1486 fuisset
3340 1433 3607 1488 invidendi
3646 1445 3854 1489 causa:

2267 1525 2321 1572 at
2348 1519 2392 1573 si
2424 1519 2594 1574 factus
2615 1519 2712 1575 fuit
2739 1520 3020 1576 humanior
3043 1538 3108 1578 ac
3131 1523 3424 1578 modestior
3445 1563 3463 1590 ,
3494 1524 3538 1578 si
3569 1525 3622 1578 in
3671 1523 3854 1578 subdi-

2269 1618 2442 1664 torum
2469 1611 2658 1666 ordine
2703 1627 2764 1668 se
2789 1613 3090 1680 continuit,
3146 1629 3266 1684 quae
3305 1614 3515 1669 tandem
3557 1626 3674 1670 erat
3711 1617 3853 1684 just:

2266 1699 2481 1755 dolendi
2510 1715 2668 1756 causa
2691 1702 2717 1756 ?
2742 1701 3012 1772 Siquidem
3034 1719 3154 1759 cum
3184 1705 3228 1759 is
3251 1706 3338 1774 qui
3368 1707 3572 1761 honore
3599 1709 3850 1771 afficitur,

2266 1792 2522 1848 attollitur
2538 1793 2792 1850 adversus
2808 1811 2928 1850 eum
2945 1811 2977 1850 a
2993 1811 3098 1868 quo
3119 1807 3398 1868 provectus
3417 1807 3519 1865 est,
3539 1813 3637 1854 nec
3659 1798 3854 1854 desinit

2265 1884 2318 1938 in
2337 1885 2474 1940 illius
2493 1895 2852 1956 contemptura
2870 1886 3071 1942 honore
3081 1888 3246 1951 abuti,
3273 1888 3428 1943 habet
3445 1888 3600 1943 dolor
3624 1890 3855 1944 nonnul-

2263 1975 2367 2030 lam
2385 1977 2775 2048 excusationem
2797 1996 2811 2031 :
2833 1987 3082 2034 czcterum
3101 1979 3188 2034 ubi
3213 1980 3443 2048 persistit
3461 1980 3511 2034 in
3537 1981 3857 2036 honorando

2266 2067 2411 2121 illum
2436 2107 2452 2133 ,
2485 2077 2576 2122 aut
2602 2069 2777 2137 potius
2804 2068 2971 2138 magis
2999 2069 3327 2139 obsequitur,
3356 2070 3602 2138 ceditque
3644 2070 3698 2123 in
3734 2085 3850 2124 0111⁹

2269 2159 2444 2222 nibus,
2470 2175 2626 2229 quem
2651 2169 2830 2229 postea
2854 2169 3027 2230 potest
3044 2159 3240 2216 habere
3267 2171 3586 2230 praetextum
3614 2160 3853 2215 invidia?

2339 2248 2462 2303 Non
2490 2247 2696 2316 e/femtr
2714 2248 2880 2304 David
2896 2250 2955 2304 ob
2979 2265 3272 2320 prosperum
3295 2248 3853 2316 successum—itaque

2267 2338 2472 2393 etiamsi
2517 2337 2645 2392 nihil
2672 2339 2815 2392 aliud
2855 2340 3105 2408 praeclare
3128 2347 3336 2409 gestum
3366 2338 3584 2405 fuisset,
3635 2339 3708 2393 ob
3751 2338 3854 2394 huc

2267 2427 2437 2496 ipsum
2472 2438 2646 2482 tamen
2673 2428 2840 2498 magis
2865 2437 2981 2483 erat
2999 2427 3313 2498 diligendus,
3345 2428 3483 2497 quod
3505 2442 3625 2482 011111
3654 2438 3852 2482 tantam

2267 2526 2455 2572 nactus
2481 2527 2625 2573 esset
2649 2519 2984 2573 occasionem
3015 2517 3308 2587 occupandi
3336 2519 3505 2586 regni,
3560 2517 3853 2586 perstiterit

2269 2610 2321 2664 in
2349 2624 2444 2664 sua
2475 2609 2754 2664 modestia.
2783 2608 2966 2679 Neque
3011 2609 3152 2664 cnim
3183 2624 3302 2679 qua
3332 2609 3476 2678 prius
3524 2617 3678 2678 gesta
3727 2618 3849 2662 sunt

2270 2709 2495 2764 tantum,
2521 2714 2706 2754 verum
2737 2715 2834 2755 nec
2858 2715 2919 2756 ea
2947 2715 3065 2770 qua:
3092 2709 3413 2769 consequuta
3441 2708 3589 2762 sunt.
3614 2701 3857 2768 superio-

2269 2789 2418 2844 ribus
2440 2789 2545 2844 illis
2569 2790 2738 2844 multo
2763 2790 3116 2860 prreclariora,
3141 2790 3473 2846 sustulerunt
3516 2789 3591 2844 illi
3621 2790 3849 2843 animos.

2270 2877 2398 2946 Qum
2428 2879 2639 2935 tandem
2672 2880 2798 2934 illa?
2822 2879 2971 2946 Erat,
3002 2881 3192 2950 inquit,
3221 2879 3387 2934 David
3407 2881 3629 2949 prudens
3656 2881 3712 2933 in
3749 2896 3853 2932 oni-

2270 2967 2414 3022 nibtts
2439 2968 2531 3023 viis
2551 2969 2676 3032 suis,
2695 2977 2742 3023 et
2771 2967 3023 3023 Dominus
3035 2970 3348 3038 omnipotens
3366 2979 3472 3022 erat
3498 2985 3613 3021 cum
3638 2985 3720 3036 eo,
3744 2971 3859 3023 uni-

2272 3077 2542 3129 versusque
2570 3061 2740 3115 Israel
2760 3070 2808 3116 et
2843 3059 2982 3114 Iuda
3011 3061 3250 3130 diligebat
3273 3060 3462 3126 David,
3483 3062 3738 3130 quoniam
3754 3063 3858 3131 ipsa

2273 3151 2644 3223 ingrediebatur
2683 3161 2731 3206 et
2759 3151 3102 3222 egrediebatur
3141 3160 3258 3204 ante
3293 3160 3610 3219 conspectum
3653 3153 3854 3218 populi.

2275 3241 2344 3296 Et
2362 3243 2584 3297 Meleltol
2603 3242 2710 3310 ﬁlia
2729 3242 2878 3310 Sail,
2896 3250 2950 3297 et
2965 3241 3242 3297 universus
3260 3240 3416 3296 lsrael
3435 3239 3676 3311 diligebat
3693 3242 3856 3294 11111111.

2277 3332 2344 3387 Et
2364 3334 2586 3403 sapiebat
2602 3351 2760 3403 supra
2780 3349 2952 3388 omnes
2968 3349 3137 3388 servos
3159 3333 3312 3395 Sail;
3329 3341 3375 3385 et
3400 3329 3745 3385 honorabant:
3767 3348 3856 3384 no-

2276 3443 2386 3480 men
2409 3427 2546 3481 illius
2570 3425 2804 3497 nalde(i.
2827 3425 2952 3495 Reg.
2974 3424 3060 3480 18.
3082 3423 3264 3480 “Jb.
3283 3423 3371 3478 ‘20.
3392 3421 3501 3492 30).
3526 3421 3590 3475 Et
3605 3419 3861 3475 Jonathas

2275 3518 2412 3586 [ilius
2439 3517 2568 3572 Sail
2596 3516 2832 3589 diligebat
2863 3516 3026 3570 David
3046 3516 3355 3571 uehementer
3382 3514 3461 3584 (i.
3487 3512 3615 3584 Reg.
3653 3513 3742 3568 18.
3774 3512 3855 3582 2).

2276 3607 2652 3663 Verumtamen
2682 3622 2802 3663 cum
2833 3609 3140 3663 universum
3168 3606 3422 3677 populum
3447 3619 3510 3658 ac
3538 3604 3682 3675 regis
3707 3602 3859 3657 fami-

2278 3699 2404 3753 liam
2451 3698 2550 3753 sibi
2584 3699 2916 3754 eonclliatam
2946 3697 3188 3764 haberet,
3218 3711 3339 3751 cum
3381 3694 3578 3766 ubique
3611 3698 3668 3748 in
3710 3692 3862 3749 hellis

2279 3793 2536 3858 vinceret,
2562 3804 2659 3846 nec
2685 3805 2930 3861 umquam
2959 3789 3304 3845 frustraretur
3327 3801 3599 3851 successu,
3633 3801 3863 3856 cumque

2282 3897 2378 3953 pro
2421 3885 2558 3939 bene
2581 3883 2746 3953 gestis
2771 3881 2930 3937 rebus
2971 3880 3078 3935 illis
3130 3879 3287 3935 talem
3317 3887 3544 3950 gratiam
3576 3878 3861 3947 reciperet,

2282 3992 2386 4030 non
2412 3977 2582 4031 erexit
2601 3977 2885 4043 cervicem,
2914 3988 3013 4030 nec
3037 3989 3256 4044 regnum
3298 3971 3582 4036 adectavit,
3615 3985 3716 4025 nec
3771 3970 3864 4024 ho-

2282 4076 2417 4122 stem
2441 4067 2586 4121 ultus
2615 4076 2717 4133 est,
2758 4065 2853 4122 sed
2880 4065 3250 4135 perseveravit
3273 4065 3325 4118 in
3358 4061 3764 4126 benefaciendo,
3815 4074 3866 4115 ct

2283 4157 2342 4211 in
2369 4157 2522 4212 bellis
2551 4171 2649 4226 pro
2674 4171 2798 4226 rege
2838 4155 3062 4210 feliciter
3087 4155 3353 4226 gerendis.
3377 4155 3505 4221 Quis
3537 4163 3619 4208 est
3649 4165 3754 4207 tam
3788 4152 3866 4209 ef-

2283 4245 2481 4302 feratus
2510 4256 2563 4301 et
2591 4246 2843 4312 crudelis,
2874 4246 2958 4301 cui
3009 4247 3108 4300 ista
3149 4262 3254 4301 non
3286 4245 3481 4300 10111111
3526 4259 3863 4313 ρεηιιιευη,

2285 4347 2343 4391 111
2371 4337 2702 4392 inimicitiam
2727 4337 3055 4406 deponeret,
3100 4346 3155 4392 et
3198 4335 3450 4391 invidiam
3480 4335 3773 4405 abjiccret?
3802 4337 3868 4389 At

2285 4426 2558 4482 crudelem
2576 4427 2720 4481 illum
2747 4436 2802 4482 et
2828 4427 3173 4482 inhumanum
3201 4426 3327 4482 nihil
3355 4425 3545 4480 horum
3576 4425 3754 4488 ﬂexit;
3777 4426 3868 4480 sed

2287 4518 2353 4573 ad
2378 4517 2493 4574 11100
2518 4520 2694 4574 omnia
2725 4532 2919 4586 ctccus,
2943 4529 2998 4575 et
3025 4519 3234 4574 invidia:
3259 4518 3489 4584 deditus,
3531 4527 3758 4572 conatus
3791 4527 3871 4572 est

2288 4610 2435 4664 illum
2474 4625 2506 4665 e
2543 4611 2721 4665 medio
2748 4609 2973 4666 tollere:
3005 4621 3060 4666 et
3105 4611 3231 4681 quid
3276 4611 3500 4665 obsecro
3549 4609 3872 4665 facientem?

2289 4699 2308 4770 (
2339 4715 2460 4759 nam
2507 4701 2558 4755 id
2591 4702 2758 4772 majus
2781 4712 2865 4758 est
2892 4717 2956 4758 ac
2981 4703 3356 4772 stupendum,)
3379 4712 3661 4756 canentem
3709 4703 3871 4757 01111³⁴

2289 4808 2368 4857 ra,
2399 4803 2452 4849 et
2479 4795 2644 4864 ipsius
2669 4797 2928 4850 insaniam
2955 4796 3252 4851 sedantem.
3285 4795 3473 4859 Dauid,
3507 4795 3698 4863 inquit,
3730 4797 3871 4865 psal-

2291 4884 2421 4938 lebat
2449 4901 2600 4938 manu
2622 4901 2716 4939 sua
2732 4887 2951 4956 quotidie
2972 4903 2990 4940 :
3011 4896 3058 4941 et
3083 4887 3230 4940 basta
3252 4888 3304 4940 in
3323 4903 3473 4940 111111111
3493 4885 3627 4941 Sail
3647 4903 3740 4940 :ac
3766 4904 3874 4942 sats-

2291 4974 2402 5028 tullt
2449 4975 2582 5029 Sail
2617 4974 2862 5040 lanceam,
2911 4977 3169 5048 dixitque,
3211 4975 3432 5048 Inﬁgam
3481 4979 3535 5032 in
3579 4975 3792 5043 Dauid;
3833 4986 3878 5033 et

2293 5064 2404 5131 ﬁxit
2450 5064 2504 5118 in
2547 5066 2785 5135 parietem
2831 5081 2850 5119 :
2886 5076 2931 5120 et
2979 5066 3243 5122 declinabit
3287 5066 3456 5121 David
3497 5085 3530 5120 a
3585 5069 3716 5137 {aris
3769 5071 3878 5140 ejus

2293 5155 2368 5208 bis
2423 5154 2580 5226 (Ibid.
2628 5173 2672 5210 11.
2722 5159 2834 5226 ll).
2871 5158 3124 5215 Potestne
3164 5159 3286 5214 huic
3323 5160 3534 5215 malitia:
3586 5161 3877 5232 quidquam

2292 5244 2548 5316 adiungi?
2597 5245 2690 5300 Illa
2725 5246 2860 5303 forte
2907 5265 3025 5318 qua:
3072 5259 3194 5320 post
3237 5251 3563 5320 subseqnuta
3600 5264 3749 5307 sunt.
3779 5252 3877 5320 Qui

2294 5349 2463 5406 nuper
2494 5336 2676 5390 hostes
2703 5337 2972 5408 abegerat,
3007 5353 3102 5408 per
3127 5355 3284 5409 quem
3325 5342 3512 5397 civitas
3553 5343 3656 5398 sibi
3704 5343 3880 5401 fumi

2293 5427 2522 5488 reddita.
2555 5428 2760 5482 cunctis
2795 5444 2890 5498 pro
2920 5429 3137 5485 victoria
3163 5433 3407 5487 victimas
3435 5432 3878 5491 immolantibus:

2292 5517 2415 5574 Saul
2447 5515 2744 5573 beneﬁcum
2792 5527 2847 5573 et
2883 5530 3240 5586 servatorem,
3261 5535 3327 5576 ac
3367 5521 3628 5578 bonorum
3669 5524 3877 5583 1110111111

2293 5620 2565 5665 auctorem
2609 5620 2829 5665 conatus
2870 5621 2955 5665 est
2994 5611 3298 5668 interficere
3325 5613 3640 5684 psallentem
3672 5631 3689 5670 :
3721 5631 3788 5675 ac
3813 5631 3879 5675 ne

2295 5697 2670 5755 beneﬁciorum
2692 5699 2903 5770 quidem
2944 5702 3202 5758 memoria
3230 5701 3492 5759 furentem
3521 5704 3674 5762 illum
3696 5720 3764 5765 ac
3787 5706 3879 5765 ds-

2293 5791 2534 5848 lirantcm
2564 5793 2817 5863 coercuit,
2848 5793 2940 5852 sed
2970 5795 3136 5853 semel
3165 5803 3221 5853 et
3240 5797 3319 5854 bis
3348 5797 3570 5858 torsitin
3602 5801 3753 5861 illum
3776 5801 3878 5862 lan-
