4152 6522
300 408 398 464 681

303 534 473 586 ceam,
504 518 723 591 cupiens
750 515 1013 572 occidere.
1051 513 1116 569 Et
1136 511 1437 584 huiusmodi
1472 508 1773 567 mercedem
1807 508 1885 563 illi

306 628 402 684 pro
430 613 692 682 susceptis
721 608 965 679 periculis
988 605 1244 676 reposuit.
1296 603 1458 674 idque
1496 604 1621 658 fecit
1648 616 1754 656 non
1785 617 1891 655 uno

304 704 412 771 die,
445 703 539 758 sed
564 702 776 771 saepius.
809 701 877 754 At
918 709 1135 753 sanctus
1180 697 1268 751 ille
1292 695 1547 766 posthaec
1568 696 1743 749 omnia
1769 710 1889 763 per-

306 793 570 850 severavit
607 805 795 847 curare
844 789 983 859 regis
1026 786 1256 857 negotia,
1289 800 1488 857 proque
1529 784 1699 840 salute
1747 784 1890 839 illius

304 883 577 952 suscipere
607 879 861 950 pericula,
889 890 943 934 et
974 879 1026 934 in
1056 878 1170 933 acie
1190 885 1332 933 stare
1376 876 1429 930 in
1473 876 1671 945 prteliis
1714 877 1886 930 omni-

306 972 443 1037 bus,
492 986 697 1041 suoque
726 970 963 1040 periculo
1008 982 1225 1023 servare
1274 966 1648 1021 trucidatorem
1696 980 1888 1020 suum:

303 1061 537 1131 denique
579 1076 676 1116 nec
699 1060 876 1125 dictis,
918 1075 1019 1114 nec
1053 1058 1207 1113 factis
1250 1057 1583 1113 contristavit
1632 1058 1891 1112 immitem

308 1153 453 1209 illam
504 1152 690 1217 feram,
721 1152 817 1207 sed
865 1151 1130 1206 concessit
1163 1151 1216 1205 in
1246 1149 1494 1204 omnibus
1522 1149 1890 1219 dictoque-au-

306 1244 460 1300 diens
506 1244 603 1298 fuit
630 1260 643 1296 :
676 1258 904 1313 cumque
956 1242 1195 1297 victoria:
1217 1241 1493 1312 prmmium
1523 1255 1626 1295 non
1652 1241 1893 1310 accepis-

308 1342 415 1400 set,
443 1333 536 1388 sed
563 1332 801 1388 omnium
846 1333 1056 1386 illorum
1085 1331 1442 1401 periculorum
1477 1331 1724 1386 mercede
1745 1330 1891 1386 frau-

305 1423 464 1478 datus
490 1430 650 1489 esset,
682 1437 749 1477 ne
792 1421 954 1476 verbo
979 1422 1192 1489 quidem
1231 1421 1582 1491 expostulavit
1619 1436 1891 1491 umquam,

307 1527 417 1568 non
441 1528 561 1568 cum
583 1513 853 1576 militibus,
886 1526 991 1567 non
1014 1526 1134 1566 cum
1164 1526 1308 1581 rege,
1332 1512 1473 1582 quod
1495 1513 1609 1567 haec
1633 1528 1739 1568 non
1767 1528 1893 1583 ges-

306 1603 469 1658 sisset
508 1618 605 1672 spe
648 1602 947 1669 mercedis,
992 1617 1277 1673 supernam
1320 1612 1635 1673 exspectans
1664 1604 1895 1659 retribu-

308 1694 526 1748 tionem.
557 1693 664 1748 Nec
693 1692 747 1747 id
793 1695 963 1747 solum
993 1701 1074 1748 est
1095 1692 1446 1749 admiratione
1470 1694 1685 1763 dignum
1707 1735 1723 1760 ,
1749 1693 1893 1764 quod

308 1797 414 1836 non
443 1783 681 1852 poposcit
704 1782 1002 1852 praemium,
1031 1781 1125 1837 sed
1154 1782 1294 1851 quod
1320 1782 1479 1837 etiam
1503 1798 1624 1839 cum
1649 1786 1889 1849 daretur,

306 1872 377 1925 ob
424 1872 672 1926 eximiam
723 1872 885 1926 animi
927 1872 1240 1928 modestiam
1287 1873 1573 1928 recusavit.
1617 1873 1894 1943 Siquidem

308 1971 653 2032 posteaquam
680 1961 828 2029 Saul,
851 1964 1029 2017 omnia
1042 1964 1282 2029 molitus,
1301 1962 1620 2018 etomnibus
1642 1964 1857 2018 teutatis
1874 2004 1890 2032 ,

307 2067 413 2107 non
442 2054 608 2121 potuit
655 2053 801 2107 illum
829 2051 1148 2117 iuterlicere,
1191 2053 1403 2108 consult
1452 2053 1524 2109 illi
1569 2054 1750 2111 dolum
1799 2070 1896 2126 per

307 2145 540 2213 nuptias,
573 2158 637 2198 ac
677 2157 869 2198 novam
912 2144 1193 2213 quamdam
1222 2144 1363 2200 dotis
1408 2159 1470 2200 ac
1497 2146 1753 2202 dutalium
1784 2146 1894 2203 for-

306 2248 447 2289 mam
478 2241 809 2289 commentus
833 2244 935 2289 est.
967 2232 1089 2288 Non
1116 2235 1259 2289 enim
1285 2236 1442 2305 cupit,
1475 2235 1664 2305 inquit,
1692 2254 1784 2291 rex
1803 2238 1897 2291 doâ€”

308 2334 427 2389 tem,
450 2326 538 2379 sed
566 2335 621 2379 ut
645 2337 843 2380 centum
864 2329 1120 2397 praeputia
1156 2329 1378 2382 exsolvat
1419 2327 1481 2382 ab
1511 2328 1736 2385 hostibus
1762 2330 1896 2402 regis

306 2419 388 2488 (l.
416 2417 545 2489 Reg.
566 2418 653 2474 18.
675 2418 791 2488 25).
818 2417 872 2473 ld
903 2427 987 2474 est
1014 2436 1029 2475 :
1056 2418 1251 2474 Occide
1276 2419 1428 2486 mihi,
1460 2420 1646 2491 inquit,
1678 2430 1894 2476 centum

307 2509 471 2575 viros,
500 2520 660 2580 atque
680 2510 780 2567 hoc
800 2511 901 2566 erit
919 2510 1048 2565 mihi
1073 2508 1211 2565 dotis
1234 2510 1370 2567 vice.
1402 2510 1527 2567 llaec
1551 2522 1727 2567 autem
1748 2512 1897 2568 dice-

306 2600 418 2667 bat,
447 2602 669 2671 cupiens
684 2601 834 2657 illum
865 2601 1085 2656 obtentu
1110 2600 1341 2672 coniugii
1369 2599 1611 2657 hostibus
1634 2601 1891 2671 objicere.

376 2691 433 2747 4.
472 2691 651 2747 Nihilo
678 2691 853 2748 secius
878 2692 1045 2747 David
1076 2706 1172 2763 pro
1193 2706 1285 2747 sua
1318 2692 1577 2748 modestia
1625 2707 1715 2749 res
1744 2694 1892 2751 testi-

306 2798 481 2851 mans,
513 2784 777 2841 recusavit
824 2784 1150 2856 conjugium,
1177 2798 1284 2839 non
1311 2784 1596 2840 deterritus
1622 2784 1890 2854 periculis,

305 2884 399 2931 aut
439 2874 674 2931 hostium
703 2883 869 2944 metu,
908 2874 1005 2932 sed
1050 2874 1191 2947 quod
1221 2875 1552 2931 existimaret
1580 2890 1701 2932 sese
1750 2874 1894 2931 indi-

304 2982 467 3040 gnum
490 2967 743 3022 affinitate
771 2968 949 3039 regia;
978 2976 1139 3038 atque
1178 2966 1261 3022 his
1289 2966 1467 3023 verbis
1508 2967 1783 3038 respondit
1824 2966 1894 3023 ad

304 3071 491 3114 servos
514 3057 658 3112 illius
683 3074 697 3111 :
719 3059 798 3112 An
826 3058 931 3113 leve
954 3068 1028 3113 est
1046 3059 1100 3113 in
1116 3058 1275 3113 oculis
1304 3058 1478 3113 uestris
1501 3074 1581 3113 me
1606 3062 1775 3128 facere
1800 3074 1893 3128 ge-

305 3163 484 3203 nerum
511 3148 662 3219 regis,
690 3164 804 3201 cum
827 3164 919 3217 ego
944 3149 1042 3202 sint
1067 3148 1144 3203 vir
1166 3148 1373 3202 humilis
1413 3163 1474 3203 ac
1516 3148 1709 3203 nullius
1743 3148 1895 3219 pretii

306 3239 373 3312 (1
409 3238 537 3312 Reg.
570 3241 657 3297 18.
684 3240 823 3313 23)?
859 3242 1019 3311 Atqui
1055 3241 1347 3317 debebatur
1386 3240 1490 3297 hoc
1537 3240 1774 3308 honoris,
1828 3255 1894 3298 ac

306 3344 516 3387 merces
544 3340 599 3386 et
642 3331 883 3400 pensatio
912 3330 1155 3387 laborum
1183 3348 1197 3385 :
1230 3346 1415 3388 verum
1446 3346 1614 3403 usque
1639 3331 1773 3389 adeo
1799 3347 1894 3389 cor

307 3419 537 3476 habebat
558 3422 868 3489 contritum,
896 3429 958 3477 ut
984 3430 1105 3493 post
1132 3430 1210 3477 tot
1237 3437 1326 3479 res
1354 3438 1474 3480 cum
1496 3424 1655 3481 laude
1678 3433 1887 3496 gestas,

306 3520 427 3582 post
456 3510 592 3567 adeo
618 3511 948 3583 splendidam
968 3513 1271 3579 victoriam,
1296 3523 1420 3584 post
1437 3529 1744 3585 expressam
1766 3529 1894 3586 pro-

306 3602 639 3669 missionem,
672 3602 945 3675 indignum
973 3618 1034 3660 se
1056 3604 1340 3675 iudicaret,
1368 3607 1457 3678 qui
1482 3606 1717 3663 debitam
1750 3608 1892 3665 reci-

305 3703 460 3763 peret
485 3694 808 3761 mercedem,
840 3695 997 3768 idque
1032 3713 1156 3753 cum
1180 3697 1355 3753 denuo
1385 3708 1529 3755 esset
1552 3714 1612 3756 se
1640 3702 1894 3771 periculis

305 3784 628 3856 ohjecturus.
661 3786 1015 3859 Posteaquam
1048 3800 1226 3846 autem
1268 3790 1450 3848 hostes
1478 3791 1783 3862 devicerat,
1829 3809 1895 3852 ac

306 3874 469 3931 tiliam
499 3878 639 3949 regis
665 3888 962 3949 acceperat,
989 3895 1172 3936 rursus
1196 3880 1452 3938 Psallebat
1472 3883 1659 3952 Dauid,
1678 3895 1724 3941 et
1750 3902 1895 3955 quae

306 3968 444 4026 rebat
471 3969 605 4027 Sail
631 3988 747 4026 eum
790 3973 968 4033 lancea
999 3983 1284 4043 percutere,
1330 3985 1378 4031 et
1412 3967 1698 4047 percussit:
1725 3978 1894 4035 David

307 4072 477 4116 autem
504 4061 804 4130 declinavit;
830 4074 875 4119 et
904 4064 1053 4121 hasta
1091 4066 1314 4138 impacta
1349 4077 1422 4123 est
1459 4069 1642 4139 parieti
1670 4070 1689 4141 (
1712 4071 1737 4126 1
1764 4071 1893 4141 Reg.

310 4154 395 4211 19.
429 4154 485 4212 9.
516 4155 626 4227 10).
652 4156 820 4225 Quem
849 4171 956 4213 non
986 4159 1085 4214 ista
1118 4158 1205 4214 vel
1233 4160 1476 4230 apprime
1520 4162 1893 4234 philosophum

307 4242 377 4300 ad
408 4246 757 4322 iracundiam,
780 4248 1143 4305 excitassent?
1170 4252 1309 4321 quis,
1355 4252 1457 4307 etsi
1482 4252 1639 4308 nulla.
1671 4254 1773 4310 alia
1803 4255 1899 4310 ad-

308 4333 502 4391 fuisset
531 4350 714 4403 causa,
740 4340 925 4394 saltem
957 4348 1013 4394 ut
1036 4341 1376 4396 securitatem
1408 4342 1511 4398 sibi
1538 4352 1770 4413 pararet,
1810 4345 1896 4401 in-

303 4424 450 4498 juste
475 4427 814 4485 insidiantem
846 4444 951 4485 non
975 4431 1303 4490 occidisset?
1328 4432 1513 4505 Neque
1537 4435 1679 4491 enim
1710 4436 1763 4492 id
1794 4437 1896 4493 ho-

308 4518 583 4576 micidium
632 4520 838 4588 fuisset,
894 4522 988 4580 sed
1031 4525 1323 4580 modum'a
1363 4526 1483 4597 lege
1524 4530 1894 4600 praescriptum

309 4611 718 4669 mansuetudine
740 4623 1065 4684 superasset.
1096 4614 1230 4671 Nam
1260 4616 1348 4671 illa
1377 4616 1590 4674 oculum
1620 4634 1715 4687 pro
1739 4620 1897 4675 oculo

305 4698 466 4772 jussit
490 4701 725 4759 eï¬‚odere
750 4702 943 4775 (Ea-od.
972 4705 1063 4760 2|.
1092 4706 1184 4777 21)
1216 4724 1231 4761 :
1264 4706 1352 4762 hic
1377 4718 1557 4764 autem
1601 4709 1726 4766 licet
1752 4712 1898 4767 occi-

308 4791 500 4861 disset,
525 4808 621 4864 pro
642 4794 811 4851 tribus
836 4796 1135 4853 homicidiis
1164 4813 1327 4853 unum
1356 4807 1642 4856 exacturus
1667 4800 1894 4870 fuisset,

311 4896 411 4953 pro
440 4883 631 4949 tribus,
677 4885 912 4955 inquam.
946 4886 1267 4957 homicidiis,
1314 4890 1458 4946 nulla
1512 4891 1774 4963 probabili
1827 4894 1896 4952 de

310 4987 474 5029 causa
499 4978 731 5031 tentatis.
766 4976 903 5033 Nihil
930 4989 1106 5035 tamen
1131 4980 1323 5037 borum
1343 4984 1566 5040 tentavit
1586 4985 1772 5047 David.
1801 4989 1896 5044 sed

313 5063 494 5135 potius
538 5065 721 5120 habuit
762 5067 965 5140 fugere,
1002 5080 1056 5125 et
1101 5086 1128 5124 a
1171 5074 1358 5142 patriis
1396 5074 1597 5131 :edihus
1624 5079 1894 5147 exsulare,

310 5160 472 5225 atque
499 5168 747 5211 erronem
778 5158 1166 5232 profugumque
1191 5178 1380 5234 agere,
1427 5174 1482 5221 et
1510 5166 1565 5221 in
1591 5166 1897 5228 calamitate

310 5245 413 5302 sibi
444 5249 804 5311 necessarium
846 5266 1034 5320 parare
1055 5254 1277 5321 victum,
1307 5272 1465 5326 quam
1493 5260 1601 5330 regi
1621 5260 1780 5318 caedis
1805 5278 1899 5319 oce

310 5332 580 5394 casionetn
602 5340 749 5396 dare.
774 5341 884 5398 Nec
905 5343 1047 5398 enim
1073 5360 1139 5401 eo
1158 5347 1451 5417 spectabat,
1480 5358 1538 5406 ut
1557 5353 1790 5425 seipsum
1817 5357 1898 5411 ul-

314 5426 624 5495 cisceretur,
648 5430 744 5485 sed
774 5441 830 5486 ut
876 5432 1023 5488 illum
1046 5435 1115 5489 ab
1140 5452 1205 5491 eo
1231 5441 1421 5494 nimbo
1446 5442 1713 5500 liberaret.
1748 5446 1898 5504 Hanc

318 5519 385 5574 ob
424 5535 640 5577 causam
672 5522 740 5577 ab
764 5524 932 5579 oculis
981 5527 1179 5583 inimici
1209 5531 1459 5587 subduxit
1480 5550 1621 5599 sese,
1654 5547 1711 5591 ut
1735 5539 1894 5594 seda-

351 5618 400 5666 ct
422 5621 707 5679 tumorem,
746 5618 1194 5691 contraheretque
1221 5622 1467 5680 ardorem
1499 5628 1692 5684 ulceris
1718 5641 1771 5686 et
1814 5631 1897 5686 in-

312 5702 510 5760 vidiam
532 5706 814 5778 mitigaret.
846 5708 1025 5768 Satius
1048 5720 1151 5781 est,
1181 5714 1369 5785 inquit,
1396 5732 1486 5773 me
1520 5721 1776 5778 miserum
1807 5740 1895 5780 cs-

312 5818 393 5869 se,
424 5798 805 5875 iunumeraquc
830 5804 935 5876 pati
957 5807 1166 5877 acerba,
1207 5822 1364 5880 quam
1394 5809 1537 5869 hunc
1560 5815 1698 5886 apud
1726 5816 1890 5875 Deum

1364 394 1453 452 DE
1491 391 1743 452 DKVIDE
1781 391 1869 450 ET
1897 392 2121 452 SAULE
2161 394 2439 453 iiOMlLiA
2480 397 2533 484 1.â¹

3479 410 3584 466 68?.

1996 508 2063 564 de
2089 510 2388 567 innocentis
2411 514 2561 571 caede
2586 512 2954 574 condemnari.
2985 520 3109 576 ilice
3151 537 3260 577 non
3302 524 3587 581 audiamus

1998 608 2223 665 tantum,
2255 618 2445 658 verum
2474 607 2635 661 etiam
2661 609 2961 675 imitemur,
2997 610 3130 667 nihil
3170 626 3277 666 non
3329 612 3589 669 faciamus

1996 698 2051 743 et
2077 692 2357 759 patiamur,
2384 703 2441 748 ut
2463 696 2660 751 inimici
2684 697 3007 754 simultatem
3032 716 3154 771 erga
3176 718 3272 757 nos
3292 702 3588 772 deponant,

1996 794 2097 833 nec
2152 780 2280 835 illud
2334 783 2682 853 inquiramus,
2731 797 2911 843 utrum
2956 792 3151 846 merito
3193 806 3263 846 an
3316 792 3590 848 immerito

1996 871 2315 927 malevolum
2342 875 2576 931 animum
2607 892 2731 947 erga
2760 893 2858 935 nos
2886 890 3109 950 gerant,
3140 882 3238 937 sed
3280 882 3385 937 hoc
3414 884 3588 939 solum

1996 972 2299 1030 spectemus
2318 1004 2333 1027 ,
2361 973 2419 1017 ut
2440 965 2593 1020 nobis
2621 968 2823 1023 inimici
2848 985 2968 1025 esse
3012 972 3279 1027 desinant.
3310 971 3588 1043 Siquidem

1998 1052 2099 1108 hoc
2122 1064 2328 1123 spectat
2353 1056 2611 1121 medicus,
2641 1069 2700 1113 ut
2728 1060 2915 1115 morbo
2938 1061 3128 1117 liberet
3164 1073 3445 1133 aegrotum,
3481 1078 3588 1119 non

1997 1154 2171 1199 utrum
2199 1147 2412 1211 merito,
2445 1164 2512 1202 an
2540 1148 2807 1204 immerito
2832 1150 2933 1205 sibi
2964 1152 3207 1206 morbum
3238 1154 3586 1209 contraxerit.

1996 1236 2075 1292 Tu
2102 1253 2312 1310 quoque
2338 1240 2497 1309 igitur
2526 1240 2765 1296 medicus
2791 1257 2849 1296 es
2870 1241 2987 1312 ejus
3024 1244 3113 1313 qui
3137 1253 3188 1298 te
3212 1244 3348 1299 laesit
3374 1262 3387 1298 :
3423 1260 3586 1299 unum

1996 1327 2101 1383 hoc
2135 1342 2338 1398 qurere,
2371 1344 2477 1399 quo
2498 1339 2654 1400 pacto
2682 1331 2758 1385 illi
2792 1332 3037 1387 morbum
3066 1334 3293 1388 adimas.
3334 1333 3388 1388 id
3442 1334 3586 1404 quod

1996 1418 2120 1474 fecit
2137 1420 2437 1487 hicbeatus,
2456 1431 2745 1493 egestatem
2764 1440 2872 1493 prae
2887 1424 3105 1491 divitiis,
3124 1426 3464 1482 solitudinem
3480 1443 3590 1496 prze

1998 1511 2191 1578 patria,
2216 1509 2428 1567 labores
2455 1513 2797 1583 periculaque
2822 1529 2929 1584 prae
2950 1514 3159 1570 deliciis
3179 1530 3243 1570 ac
3274 1517 3586 1581 securitate.

1999 1611 2313 1672 perpetuum
2339 1605 2585 1660 exsilium
2633 1622 2743 1675 pra:
2768 1606 2975 1661 (edibus
2996 1607 3189 1678 elegit,
3238 1618 3296 1664 ut
3322 1608 3473 1665 illum
3520 1612 3590 1666 ab

1994 1692 2121 1747 odio
2168 1692 2221 1747 in
2249 1693 2423 1764 ipsum
2463 1696 2944 1769 malevolentiaque
2972 1699 3243 1755 liberaret.
3290 1703 3361 1755 At
3386 1716 3485 1757 nec
3510 1702 3591 1759 sic

1998 1784 2213 1853 quidem
2260 1786 2453 1841 melior
2479 1786 2650 1843 factus
2695 1798 2778 1844 est
2821 1789 2972 1854 Saul,
3004 1789 3099 1845 sed
3126 1792 3547 1862 persequebatur
3573 1834 3589 1859 ,

1998 1874 2091 1928 sed
2121 1875 2322 1947 ubique
2347 1878 2661 1933 circumibat
2685 1894 2929 1947 quaerens
2957 1896 3079 1935 eum
3101 1921 3116 1945 ,
3149 1882 3237 1952 qui
3268 1896 3377 1937 non
3412 1884 3588 1939 solum

1997 1962 2130 2018 nihil
2161 1964 2392 2033 laeserat,
2418 1966 2513 2022 sed
2556 1982 2676 2022 cum
2703 1978 2847 2024 esset
2875 1969 3055 2037 lzesus,
3090 1971 3320 2025 maxima
3345 1981 3399 2027 et
3433 1972 3591 2026 innu-

1996 2056 2268 2111 merabilia
2288 2071 2384 2128 pro
2401 2058 2605 2128 injuriis
2618 2060 2753 2114 bona
2772 2061 3110 2130 rependerat.
3142 2063 3211 2117 At
3226 2062 3353 2117 Saul
3384 2062 3587 2132 impru-

1996 2146 2131 2201 dens
2158 2156 2279 2217 post
2304 2149 2489 2205 incidit
2515 2151 2568 2205 in
2598 2152 2731 2206 retia
2754 2151 2987 2206 Davidis.
3024 2150 3152 2206 Erat
3177 2152 3319 2207 enim
3340 2193 3354 2217 ,
3384 2153 3553 2223 inquit
3571 2194 3588 2219 ,

1997 2237 2066 2291 ibi
2083 2240 2344 2309 spelunca,
2371 2251 2418 2295 et
2442 2243 2693 2313 ingressus
2729 2252 2799 2298 est
2826 2242 2957 2299 Sat'tl
2981 2253 3035 2297 ut
3063 2254 3359 2299 exoneraret
3394 2244 3585 2299 alvum.

1996 2326 2168 2383 David
2196 2341 2366 2385 autem
2392 2348 2506 2385 cum
2548 2334 2809 2387 comitibus
2834 2334 2939 2388 suis
2968 2334 3021 2388 in
3063 2335 3300 2388 interiore
3332 2336 3590 2404 speluncw

1998 2431 2141 2489 parte
2163 2421 2384 2475 sedebat.
2412 2422 2757 2494 Dixeruntque
2784 2424 2878 2479 viri
2911 2424 3079 2478 David
3106 2425 3174 2478 ad
3215 2426 3364 2479 illum
3397 2442 3419 2481 :
3455 2426 3591 2480 Ecce

1996 2510 2106 2565 dies
2134 2512 2198 2567 de
2221 2530 2319 2584 quo
2336 2513 2466 2568 dixit
2495 2514 2744 2570 Dominus
2769 2530 2788 2569 :
2819 2514 3042 2570 Tradam
3069 2515 3333 2570 inimicum
3358 2527 3499 2570 tuum
3536 2516 3591 2571 in

1996 2618 2179 2657 manus
2213 2612 2347 2669 tuas,
2370 2606 2626 2675 faciesque
2650 2606 2729 2660 illi
2751 2605 2887 2675 quod
2913 2606 3160 2677 placitum
3200 2607 3294 2662 erit
3328 2607 3383 2662 in
3429 2607 3591 2663 oculis

1998 2692 2115 2745 tuis.
2151 2690 2215 2745 Et
2241 2694 2460 2748 surrexit
2485 2692 2675 2759 David,
2703 2696 3009 2766 sustulitque
3031 2696 3273 2751 laciniam
3301 2695 3591 2766 chlamydis

1998 2781 2176 2837 Sutilis
2214 2782 2524 2838 clanculum.
2566 2780 2630 2837 Et
2672 2785 2893 2854 post/uec
2933 2789 3177 2854 percussit
3225 2784 3474 2840 Davidem
3503 2801 3593 2839 cor

1994 2871 2180 2941 ipsius,
2224 2875 2361 2943 quod
2402 2874 2687 2929 abstulisset
2718 2875 2958 2929 laciniam
3007 2875 3315 2946 chlamydis,
3363 2874 3593 2946 dixitque

1996 2960 2165 3015 David
2186 2963 2255 3016 ad
2278 2963 2411 3018 viros
2449 2979 2569 3020 suos
2597 2980 2617 3019 :
2644 2964 2847 3019 Avertat
2866 2981 2899 3018 a
2923 2980 3002 3018 me
3026 2965 3295 3030 Dominus,
3322 2981 3385 3018 ne
3404 2964 3592 3035 faciam

1994 3054 2199 3109 verbum
2236 3057 2331 3109 hoc
2360 3056 2564 3111 domino
2604 3072 2737 3121 meo,
2778 3056 2966 3110 clrristo
3006 3056 3247 3123 Domini,
3294 3058 3593 3128 mittamque

1995 3161 2202 3198 manum
2237 3162 2402 3200 meam
2438 3146 2491 3200 in
2519 3146 2696 3212 illam,
2737 3147 2979 3217 quoniam
3015 3147 3233 3200 christus
3262 3145 3474 3200 Domini
3515 3155 3589 3201 est

1999 3235 2073 3305 (l.
2099 3234 2226 3308 Reg.
2249 3235 2340 3291 21.
2369 3237 2536 3309 4-7).
2561 3236 2748 3292 Vidisti
2783 3246 2933 3292 tensa
2966 3237 3121 3305 retia,
3150 3236 3326 3292 vidisti
3354 3238 3590 3309 praedam

1996 3338 2228 3399 captam,
2271 3327 2451 3384 vidisti
2497 3338 2807 3385 venatorem
2851 3335 3116 3393 erectum,
3165 3327 3344 3384 vidisti
3400 3344 3591 3385 omnes

1994 3420 2367 3483 adhortantes,
2420 3427 2478 3474 ut
2501 3434 2687 3475 ensem
2711 3419 2762 3473 in
2793 3418 2963 3475 hostis
2997 3428 3183 3489 pectus
3210 3418 3591 3489 immergere"

1990 3506 2147 3566 Nunc
2163 3509 2292 3565 mihi
2314 3518 2494 3580 specta
2514 3508 2936 3580 pltilosophicam
2958 3510 3121 3565 animi
3142 3509 3589 3579 moderationem,

1996 3611 2179 3672 specta
2231 3602 2449 3670 luetam,
2496 3602 2797 3668 victoriam,
2843 3616 3121 3658 coronam.
3168 3601 3301 3658 Nam
3335 3602 3591 3674 spelunca

1997 3694 2087 3750 illa
2113 3709 2335 3767 campus
2362 3703 2498 3761 erat,
2532 3704 2691 3765 atque
2730 3694 2875 3749 lucta
2918 3693 3161 3765 quzedam
3190 3693 3452 3751 mirabilis
3503 3694 3590 3750 di-

1996 3797 2191 3861 ctuque
2216 3787 2548 3845 incredibilis
2594 3788 2729 3844 facta
2756 3796 2857 3843 est.
2888 3786 3146 3845 Luctatus
3171 3796 3253 3843 est
3273 3786 3463 3854 David,
3490 3802 3590 3857 pu-

1996 3880 2156 3950 gilem
2202 3880 2311 3953 egit
2353 3878 2649 3945 ineundis,
2700 3876 2828 3935 Saul
2871 3877 3077 3949 positus
3125 3884 3241 3933 erat
3279 3877 3589 3933 certaminis

1996 3972 2256 4038 materia,
2288 3968 2640 4041 agonotbetes
2688 3977 2805 4025 crat
2835 3968 3016 4023 Deus:
3047 3967 3176 4038 quin
3220 3966 3434 4038 potius,
3481 3980 3591 4022 non

1999 4062 2101 4133 ipsi
2137 4061 2298 4118 modo
2325 4061 2583 4117 adversus
2610 4060 2875 4130 seipsum,
2906 4060 3284 4129 propriamque
3323 4057 3592 4127 cupidita-

2002 4164 2109 4211 tem
2136 4164 2252 4211 erat
2290 4154 2569 4226 prtelium,
2601 4152 2697 4207 sed
2742 4160 2797 4207 et
2830 4151 3088 4207 adversus
3130 4149 3327 4206 milites
3366 4150 3457 4221 qui
3496 4151 3593 4207 adâ€”

1998 4256 2174 4304 erant.
2192 4245 2403 4302 Etenim
2430 4244 2475 4300 si
2498 4243 2751 4299 voluisset
2774 4243 2955 4298 animo
2980 4241 3271 4307 moderari,
3291 4258 3355 4299 ac
3368 4255 3593 4314 parcere

1999 4340 2051 4397 ei
2072 4340 2164 4411 qui
2190 4339 2858 4407 lmserat,consentaneum
2880 4344 2995 4391 erat
3023 4344 3080 4390 ut
3098 4343 3151 4391 et
3167 4335 3287 4391 illos
3304 4345 3589 4402 metueret,

2001 4447 2070 4488 ne
2099 4431 2236 4487 forte
2261 4430 2435 4500 ipsum
2466 4427 2792 4485 trucidarent
2816 4428 2867 4483 in
2898 4427 3170 4498 spelunca,
3200 4438 3469 4498 tamquam
3498 4428 3590 4499 qui

2001 4524 2213 4581 illorum
2249 4521 2476 4577 salutem
2508 4520 2867 4591 prodidisset,
2920 4533 2984 4575 ac
3030 4518 3301 4590 publicum
3352 4521 3589 4590 ipsorum
3646 4596 3649 4599 _

2002 4614 2212 4671 hostem
2232 4620 2522 4669 servasset.
2552 4611 2839 4668 Probabile
2864 4610 3007 4666 enim
3032 4619 3117 4666 est
3146 4610 3362 4667 illorum
3395 4627 3591 4667 unum-

2002 4721 2268 4778 quemque
2295 4704 2483 4760 dolore
2524 4705 2781 4773 percitum
2813 4703 2928 4757 haec
2956 4703 3092 4757 intra
3123 4717 3183 4758 se
3206 4702 3445 4761 dicturos
3463 4705 3592 4762 fuis-

2004 4815 2063 4857 se
2079 4817 2093 4854 :
2112 4798 2345 4854 Errones
2365 4794 2688 4867 exsulesque
2709 4807 2915 4859 sumus,
2936 4792 3120 4860 domo,
3141 4794 3332 4863 patria,
3350 4796 3597 4851 caeteris-

2001 4906 2108 4964 que
2149 4889 2397 4946 omnibus
2423 4886 2658 4952 excussi,
2702 4884 3050 4955 omniumque
3070 4881 3443 4938 difficultatum
3474 4895 3593 4938 tua-

2003 4998 2122 5039 rum
2160 4989 2441 5038 consortes
2476 4989 2699 5033 sumus:
2727 4984 2783 5030 et
2812 4984 2867 5029 tu
2893 4989 3036 5040 eum,
3064 4976 3153 5045 qui
3200 4973 3389 5029 horum
3420 4976 3592 5031 malo-

2003 5092 2126 5134 rum
2174 5083 2260 5130 est
2298 5083 2524 5139 auctor,
2577 5070 2632 5125 in
2674 5082 2865 5125 manus
2901 5075 3020 5123 tuas
3062 5067 3311 5122 traditum
3335 5108 3351 5132 ,
3390 5068 3595 5139 cogitas

2003 5169 2295 5235 dimittere,
2327 5180 2397 5222 ne
2432 5164 2588 5221 nobis
2612 5178 2864 5235 umquam
2892 5162 3049 5217 liceat
3072 5160 3140 5215 ab
3163 5160 3248 5216 his
3276 5160 3594 5216 calamitati-

2002 5260 2104 5317 bus
2122 5259 2411 5330 respirare,
2439 5272 2505 5313 ac
2550 5255 2775 5327 proditis
2801 5253 2988 5309 amicis
3016 5253 3222 5309 hostem
3240 5266 3456 5309 servare
3478 5263 3595 5309 stu-

2004 5352 2137 5409 des?
2174 5354 2256 5406 An
2283 5351 2397 5406 hare
2420 5349 2565 5421 justa
2594 5348 2750 5403 sunt?
2781 5345 2913 5401 Nam
2939 5344 2985 5400 si
3008 5353 3149 5400 tuam
3172 5344 3338 5415 ipsius
3366 5344 3593 5400 salutem

2006 5443 2246 5515 negligis,
2276 5449 2475 5497 nostrae
2522 5446 2670 5495 certe
2714 5438 2837 5492 vita:
2884 5450 3090 5504 parcas.
3121 5434 3241 5490 Non
3289 5435 3380 5490 tibi
3410 5437 3597 5493 dolent

2004 5544 2271 5599 anteacta,
2302 5546 2476 5602 neque
2501 5543 2709 5585 memor
2735 5542 2795 5583 es
2821 5525 3084 5581 malorum
3109 5539 3231 5596 quae
3255 5519 3441 5580 ab'iillo
3470 5540 3594 5595 pcrâ€”

2005 5640 2195 5696 pessus
2235 5625 2341 5679 es?
2377 5622 2535 5679 Certe
2576 5620 2646 5675 ab
2673 5634 2735 5675 ea
2765 5633 2887 5689 qua
2935 5618 3110 5672 futura
3158 5625 3317 5681 sunt,
3337 5615 3464 5671 tolle
3494 5616 3597 5673 ho-

2004 5728 2165 5785 stem,
2195 5732 2263 5773 ne
2281 5717 2484 5788 majora
2512 5724 2569 5771 ct
2595 5712 2872 5770 acerbiora
2894 5710 3259 5782 perpetiamur
3279 5709 3444 5765 mala.
3470 5708 3597 5767 llaec

2008 5820 2066 5867 ut
2109 5811 2291 5869 verbis
2338 5825 2444 5869 non
2489 5809 2597 5866 sint
2625 5805 2949 5880 proloquuti,
2979 5813 3156 5861 tamen
3201 5802 3383 5861 animo
3409 5814 3594 5862 secqu
