4152 6498
608 397 710 452 683

604 515 891 571 volvebant
932 527 1050 567 cum
1090 510 1210 571 ista,
1258 514 1369 561 tum
1400 503 1516 560 istis
1561 502 1721 558 etiam
1754 498 1854 555 alia
1885 497 2105 566 majora.

675 606 729 662 5.
777 605 964 659 Verum
993 599 1118 653 nihil
1165 598 1354 651 horum
1377 595 1551 664 justus
1577 593 1667 647 ille
1694 587 1830 659 apud
1867 603 1926 643 se
1953 597 2183 657 perpen-

604 697 782 758 debat,
806 707 964 746 unum
1015 688 1140 743 illud
1191 696 1457 758 spectans,
1509 680 1774 752 quomodo
1824 684 2004 748 posset
2051 673 2186 729 redi-

606 786 724 840 ntiri
771 782 1065 837 tolerantiae
1107 793 1319 841 corona,
1351 791 1412 830 ac
1452 787 1640 828 novam
1693 768 1975 840 quamdam
2009 764 2182 820 admi-

603 876 932 945 rabil‘emqne
993 869 1378 942 philosophiam
1453 878 1726 920 exercere.
1789 860 1973 929 Neque
2038 856 2182 912 enim

602 965 824 1035 perinde
865 965 1053 1018 mirum
1093 969 1239 1025 erat,
1271 959 1314 1012 si
1354 972 1475 1011 cum
1521 962 1669 1009 esset
1703 951 1846 1007 solus
1893 960 1946 1005 et
1983 948 2184 1017 absque

600 1055 883 1111 comitibus
905 1094 920 1117 ,
953 1050 1274 1121 pepercisset
1310 1048 1381 1102 illi
1427 1061 1459 1100 a
1488 1060 1594 1115 quo
1622 1045 1791 1098 fuerat
1818 1042 1998 1108 ltrsus,
2024 1048 2184 1109 atque

602 1162 743 1201 nunc
766 1155 865 1208 est,
887 1143 1026 1212 quod
1052 1142 1151 1195 hoc
1177 1140 1314 1194 idem
1345 1137 1462 1191 aliis
1485 1134 1836 1208 praesentibus
1865 1132 1987 1187 fecit
2018 1150 2031 1185 :
2061 1141 2182 1184 nam

601 1238 840 1293 militum
859 1233 1068 1287 illorum
1100 1229 1378 1300 praesentia
1405 1227 1674 1297 geminum
1702 1235 1812 1280 erat
1834 1219 2184 1292 philosophias

602 1327 952 1384 ohstaculum.
974 1323 1138 1378 Nobis
1162 1322 1288 1392 ipsis
1311 1321 1615 1389 frequenter
1632 1316 1904 1383 evenit,-ut
1929 1329 2048 1371 cum
2075 1323 2186 1368 sta-

602 1420 862 1475 tuerimus
889 1415 1176 1470 vindictam
1225 1411 1526 1472 remittere,
1559 1417 1612 1463 et
1654 1406 1936 1461 commissa
1978 1401 2182 1456 condo-

602 1526 764 1575 nare;
814 1518 932 1579 post
971 1506 1058 1561 ubi
1107 1502 1395 1558 viderimus
1436 1499 1642 1569 aliquos
1685 1510 1781 1552 nos
1825 1495 2090 1549 irritantes
2128 1502 2184 1550 et

601 1603 947 1660 concitantes,
968 1604 1230 1650 mutemus
1246 1589 1585 1654 sententiam,
1600 1596 1653 1642 et
1674 1586 1882 1642 illorum
1907 1585 2066 1640 dictis
2084 1583 2185 1640 ob»

603 1701 975 1761 temperemus.
1002 1683 1199 1739 Verum
1232 1684 1332 1737 hoc
1362 1695 1466 1736 non
1497 1678 1687 1735 accidit
1713 1677 1836 1732 huic
1861 1676 2016 1732 beato
2039 1717 2052 1739 ,
2085 1672 2182 1731 sed

600 1785 759 1838 etiam
799 1787 921 1850 post
952 1777 1165 1831 illorum
1194 1773 1470 1828 consilium
1505 1779 1563 1826 et
1596 1769 2021 1825 exhortationem
2062 1781 2183 1834 per-

597 1871 860 1929 severavit
883 1870 936 1924 in
971 1867 1135 1923 animi
1177 1865 1468 1936 preposito.
1501 1866 1570 1918 At
1599 1877 1668 1916 ne
1695 1861 1794 1915 hoc
1818 1859 2032 1930 quidem
2059 1866 2183 1913 tan-

597 1976 710 2020 tum
757 1971 838 2018 est
874 1959 1226 2016 admiratione
1255 1956 1500 2026 dignum,
1527 1953 1666 2025 quod
1698 1966 1797 2006 nec
1829 1951 2054 2006 aliorum
2080 1949 2184 2004 ad-

597 2055 801 2110 monitu
822 2051 1052 2107 dimotus
1078 2057 1160 2104 est
1184 2063 1212 2100 a
1236 2046 1526 2116 proposito,
1550 2044 1798 2114 quodque
1828 2052 2035 2097 nonest
2061 2041 2179 2096 illos

596 2146 797 2201 veritus
820 2184 835 2207 ,
863 2139 966 2196 sed
986 2138 1131 2210 quod
1167 2136 1384 2207 perfecit
1403 2178 1416 2199 ,
1441 2144 1499 2190 ut
1546 2145 1600 2189 et
1632 2134 1711 2188 illi
1750 2133 1992 2190 eamdem
2017 2131 2185 2186 animi

596 2233 1015 2291 moderationem
1062 2236 1350 2283 sumerent.
1398 2225 1638 2294 Magnum
1681 2222 1930 2296 quidem,
1962 2213 2023 2277 ἐἰ
2063 2221 2182 2291 quis

595 2325 712 2380 suis
748 2319 1123 2391 cupiditatibus
1158 2318 1384 2385 imperet
1414 2333 1427 2368 :
1468 2312 1562 2369 sed
1599 2313 1764 2367 multo
1802 2311 1973 2381 majus
2011 2319 2093 2365 est
2127 2318 2182 2364 et

595 2415 714 2470 aliis
757 2410 1074 2482 persuadere
1121 2421 1310 2477 posse,
1344 2415 1400 2460 ut
1428 2412 1482 2460 et
1523 2405 1620 2474 ipsi
1666 2412 1895 2457 mentem
1939 2399 2180 2456 eamdem

597 2504 828 2569 habeant
860 2518 874 2554 :
909 2500 1046 2562 aliis,
1073 2499 1308 2567 inquam,
1338 2494 1428 2565 qui
1453 2509 1552 2549 nec
1582 2493 1806 2547 modesti
1847 2501 1971 2546 sunt
1999 2487 2178 2546 homi—

525 2630 533 2642 ι
595 2608 712 2657 nes,
736 2605 907 2662 neque
938 2596 1313 2658 temperantes,
1341 2585 1435 2640 sed
1463 2585 1676 2650 milites,
1709 2585 1795 2654 qui
1829 2585 2013 2639 multis
2041 2583 2182 2637 dim-

593 2682 877 2740 cultatibus
896 2681 1003 2751 jam
1030 2680 1081 2734 in
1109 2678 1534 2748 desperationem
1562 2688 1713 2731 erant
1736 2675 1968 2741 adducti,
2003 2691 2037 2730 at
2056 2675 2182 2745 qui-

594 2775 694 2830 bus
729 2772 1000 2844 paululum
1047 2770 1314 2839 respirare
1349 2768 1648 2838 cupiebant,
1680 2766 1817 2821 haud
1863 2767 2029 2836 ignari
2073 2781 2180 2821 non

595 2865 760 2922 modo
786 2875 947 2919 totam
978 2862 1238 2916 maiorum
1267 2859 1584 2914 solutionem
1608 2857 1660 2912 in
1680 2856 1846 2913 hostis
1866 2873 1995 2913 nece
2021 2858 2179 2912 sitam

595 2975 748 3025 esse;
790 2972 887 3011 nec
921 2955 1078 3009 modo
1112 2953 1367 3008 malorum
1396 2950 1713 3007 solutionem
1734 2991 1750 3017 ,
1794 2965 1976 3005 verum
2017 2949 2179 3005 etiam

595 3050 943 3122 plurimorum
987 3045 1249 3100 bonorum
1299 3043 1733 3111 acquisitiouem,
1781 3042 1994 3112 quando
2046 3041 2181 3098 nihil

596 3139 875 3202 obstabat,
917 3136 1203 3206 quominus
1251 3135 1343 3189 illo
1372 3133 1633 3189 trucidato
1673 3135 1916 3204 protinus
1961 3149 2182 3205 regnum

597 3231 846 3288 transiret
888 3228 955 3284 ad
996 3225 1266 3282 Davidem.
1299 3226 1544 3280 Attamen
1584 3241 1703 3280 cum
1746 3233 1824 3280 tot
1861 3235 2041 3281 essent
2094 3242 2180 3283 res

593 3336 714 3395 quas
733 3319 930 3376 milites
957 3318 1254 3383 irritabant,
1271 3324 1470 3370 tantum
1491 3316 1655 3370 valuit
1678 3317 1764 3371 ille
1783 3331 2098 3387 generosus,
2125 3326 2184 3375 ut

595 3414 680 3469 his
707 3413 951 3468 omnibus
971 3410 1128 3467 fuerit
1152 3411 1423 3482 superior,
1440 3409 1790 3482 suaderetque
1813 3419 1869 3465 ut
1889 3409 2027 3468 hosti
2054 3426 2180 3483 par-

593 3518 772 3567 eerent
782 3549 797 3565 .
895 3562 906 3569 ,

664 3603 886 3659 Consilia
912 3601 1125 3656 militum
1146 3602 1215 3653 ad
1237 3599 1429 3654 eadem
1449 3597 1814 3666 impellentium
1844 3598 2049 3670 negligit
2075 3596 2183 3652 Dat-

593 3693 711 3758 eid;
739 3711 830 3748 cur
857 3674 1005 3746 ~Deus
1046 3692 1210 3746 hostes
1252 3689 1392 3744 nobis
1427 3691 1622 3743 tradat.
1642 3719 1714 3729 —
1733 3689 1921 3758 Opera:
1953 3688 2181 3758 pretium

596 3799 727 3841 vero
755 3793 865 3848 est,
895 3784 1054 3838 etiam
1095 3783 1331 3852 ipsorum
1369 3781 1595 3834 militum
1635 3781 1818 3835 audire
1857 3781 2136 3835 consilium
2162 3822 2178 3847 ,

595 3877 718 3947 quia
759 3873 965 3930 consilii
1001 3873 1259 3928 calliditas
1301 3872 1511 3926 ﬁrmum
1558 3881 1612 3926 et
1640 3871 1867 3926 solidum
1894 3871 2023 3941 justi
2067 3873 2181 3927 aui-

596 3980 743 4021 mum
770 3963 1019 4019 ostendit.
1051 3962 1165 4016 Non
1196 3963 1335 4016 enim
1371 3962 1441 4015 ita
1487 3961 1687 4031 luduuti
1733 3970 1856 4015 sunt
1885 3979 1896 4012 :
1930 3961 2075 4016 Ecce
2094 3962 2184 4032 qui

599 4055 761 4111 multa
787 4054 840 4109 in
871 4062 921 4108 te
959 4053 1174 4107 molitus
1201 4060 1285 4107 est
1327 4052 1461 4106 mala
1487 4092 1502 4116 ,
1535 4053 1625 4121 qui
1659 4067 1842 4106 necem
1877 4062 2017 4106 tuam
2048 4067 2183 4107 con-

596 4145 821 4217 cupivit,
855 4145 943 4216 qui
988 4160 1086 4199 nos
1134 4141 1606 4199 immedicabilibus
1652 4142 1862 4197 vallavit
1899 4140 2186 4196 difficulta-

600 4237 740 4293 tibus
776 4253 790 4289 :
827 4234 922 4289 sed
966 4235 1054 4288 ubi
1104 4242 1485 4302 perspexerunt
1527 4231 1638 4286 haec
1685 4231 1863 4286 omnia
1916 4232 2184 4303 negligere

604 4328 887 4390 Davidem,
917 4341 1018 4381 nec
1053 4338 1298 4394 magnam
1341 4323 1536 4378 habere
1565 4323 1824 4378 rationem
1857 4325 1907 4376 in
1942 4339 2002 4379 se
2038 4339 2188 4378 com-

599 4421 904 4485 missorum,
921 4418 1150 4489 allegant
1175 4415 1247 4470 illi
1264 4415 1497 4470 divinum
1524 4414 1992 4483 auctorem,Deus,
2016 4416 2184 4485 aiunt,

598 4515 745 4570 illum
789 4512 1035 4573 tradidit,
1072 4523 1176 4580 quo
1214 4507 1459 4563 videlicet
1496 4506 1755 4577 judicium
1793 4525 1822 4562 a
1856 4509 1964 4563 Deo
2006 4511 2186 4580 prole-

558 4653 562 4657 .
599 4614 744 4660 ctum
773 4604 1050 4667 reveritus,
1075 4601 1368 4671 promptius
1394 4601 1493 4656 iret
1518 4601 1584 4655 ad
1612 4601 1974 4657 homicidium.
2019 4602 2186 4657 Num-

602 4698 763 4769 quid,
799 4695 1040 4765 iuquiuut
1066 4735 1080 4757 ,
1121 4703 1264 4747 tuam
1308 4695 1473 4763 ipsius
1521 4695 1686 4750 vicem
1730 4695 2042 4750 ulcisceris?
2075 4696 2188 4753 Deo

603 4789 774 4844 servis
819 4802 881 4842 ac
928 4785 1238 4849 ministras,
1288 4783 1429 4838 illius
1479 4786 1796 4840 sententiam
1845 4788 2182 4856 comprobas.

602 4879 706 4936 Sed
737 4893 843 4949 quo
873 4876 1039 4947 magis
1068 4874 1182 4929 haec
1209 4875 1492 4940 dicebant,
1519 4884 1663 4931 tanto
1691 4879 1856 4948 magis
1883 4878 1967 4933 hic
1997 4895 2185 4949 peper-

600 4976 675 5031 cit
725 4972 885 5028 hosti.
931 4968 1259 5038 iutelligebat
1308 4968 1489 5035 enim,
1524 4967 1689 5024 Deum
1739 4970 1859 5026 ideo
1905 4971 2185 5028 tradidisse

602 5078 726 5120 eum
752 5105 767 5127 ,
803 5071 860 5116 ut
906 5060 1003 5115 sibi
1045 5059 1275 5129 majores
1311 5060 1618 5116 occasiones
1660 5063 1944 5132 probanda:
1974 5063 2186 5120 virtutis

603 5153 981 5223 suppeditaret.
1017 5149 1246 5204 Proinde
1285 5159 1338 5204 tu
1382 5165 1632 5221 quoque,
1673 5153 1716 5205 si
1757 5155 1969 5224 quando
2017 5155 2185 5214 hostis

602 5255 725 5300 tuus
755 5241 997 5298 inciderit
1021 5240 1072 5294 in
1114 5254 1302 5294 manus
1333 5248 1447 5294 tuas
1469 5281 1484 5307 ,
1512 5257 1641 5297 cave
1664 5253 1815 5312 putes
1852 5260 1972 5301 esse
2005 5245 2184 5302 datam

605 5333 930 5398 ulciscendi,
969 5331 1062 5387 sed
1101 5331 1347 5387 servandi
1401 5331 1568 5386 hostis
1619 5334 1970 5391 occasionem.
2003 5337 2188 5408 quue

607 5437 718 5483 tum
765 5427 992 5481 maxime
1021 5423 1344 5494 parcendum
1373 5433 1456 5479 est
1482 5422 1740 5491 inimicis,
1771 5442 1890 5484 cum
1933 5429 2006 5484 illi
2051 5429 2188 5487 forte

605 5526 866 5573 venerunt
886 5517 937 5570 in
969 5523 1282 5584 potestatem
1313 5525 1569 5571 nostram.
1590 5517 1657 5570 At
1679 5516 1765 5572 hic
1785 5516 2008 5577 fortasse
2036 5521 2189 5578 dixe-

601 5610 673 5666 rit
698 5604 887 5674 aliquis
915 5622 927 5658 :
962 5604 1026 5659 Et
1045 5604 1169 5674 quid
1192 5619 1460 5676 magnum,
1486 5614 1579 5661 aut
1605 5607 1728 5677 quid
1757 5610 1948 5666 mirum
1968 5627 2185 5683 parcere

605 5701 653 5752 ei
689 5713 846 5768 quem
892 5695 1054 5752 habes
1086 5696 1139 5750 iu
1165 5705 1252 5751 tua
1281 5699 1576 5768 potestate?
1602 5699 1916 5770 Complures
1963 5706 2104 5760 enim
2133 5717 2188 5764 et

607 5788 694 5845 alii
723 5802 876 5859 reges
911 5787 977 5843 ad
1019 5787 1369 5860 principatum
1398 5789 1565 5847 evecti
1586 5830 1601 5860 ,
1630 5804 1751 5849 sese
1782 5791 2054 5866 indignum
2094 5797 2184 5869 ju-

1396 386 1454 445 s.
1493 380 1773 441 toanms
1802 370 2282 438 cunvsosrout
2322 346 2637 426 tinentur.
2665 363 3199 423 consumptor.

2293 486 2535 542 dicamut
2563 469 2615 539 in
2654 487 2801 538 tanto
2826 486 2976 551 regni
3007 482 3215 548 fastigio
3241 476 3309 532 ab
3335 476 3399 531 iis
3426 488 3614 545 pmnas
3639 473 3872 543 exigere,

2286 591 2318 633 a
2345 577 2538 648 quibus
2563 572 2689 629 olim
2716 571 2923 626 fuerant
2944 567 3133 625 offensi
3161 585 3176 622 :
3209 568 3320 637 ipsa
3352 566 3602 636 potentia:
3627 563 3870 619 sublimi.

2288 677 2369 723 tas
2397 681 2614 723 causam
2641 663 2815 718 attulit
2841 661 3308 718 reconciliationis.
3334 659 3532 714 Verum
3560 659 3612 711 in
3647 657 3874 712 hocne-

2285 759 2429 829 gotio
2471 756 2576 812 tale
2614 754 2746 811 nihil
2782 753 2954 824 possis
2989 752 3191 807 dicere.
3219 751 3402 821 Neque
3439 750 3581 806 enim
3613 747 3781 803 David
3808 746 3873 801 ad

2287 849 2636 920 principatum
2664 855 2900 910 evectus,
2930 859 3103 916 neque
3127 859 3353 916 regnum
3381 843 3623 914 adeptus,
3653 855 3719 897 ac
3743 840 3878 895 δοῦν

2285 939 2400 996 lem
2418 940 2471 994 in
2498 938 2741 994 manibus
2771 938 2973 993 habens
2993 979 3008 1004 ,
3037 936 3108 992 ita
3138 935 3353 992 demum
3395 936 3469 990 illi
3495 935 3736 1006 pepercit
3761 978 3776 1000 ,
3808 950 3878 990 ne

2285 1033 2402 1102 quis
2430 1031 2638 1087 causari
2661 1032 2824 1099 possit
2854 1030 3001 1100 regni
3034 1028 3393 1099 magnitudine
3417 1027 3681 1082 sublatam
3715 1026 3878 1080 fuisse

2285 1123 2418 1178 iram
2451 1137 2467 1176 :
2498 1120 2592 1178 sed
2616 1136 2736 1176 cum
2767 1121 2928 1176 sciret
2956 1119 3092 1185 fore,
3116 1129 3174 1174 ut
3201 1120 3293 1175 ille
3315 1118 3565 1175 servatus
3594 1133 3782 1174 rursus
3809 1119 3875 1172 ad

2285 1215 2471 1272 eadem
2502 1213 2734 1278 rediret,
2765 1222 2820 1269 et
2850 1213 2966 1283 ipse
3002 1213 3054 1268 in
3101 1213 3342 1281 graviora
3376 1211 3609 1282 pericula
3637 1210 3876 1280 conjice-

2284 1317 2466 1373 retur,
2499 1322 2567 1362 nc
2595 1305 2716 1362 ideo
2739 1304 2952 1376 quidem
2991 1303 3205 1359 occidit.
3251 1302 3327 1359 Ne
3363 1303 3546 1373 utique
3583 1303 3726 1358 hunc
3755 1317 3877 1357 cum

2285 1397 2391 1453 illis
2431 1396 2788 1456 conferamus.
2823 1394 3094 1466 Siquidem
3135 1394 3210 1449 illi
3235 1393 3484 1465 quoniam
3522 1392 3719 1448 habent
3758 1407 3879 1447 eer-

2285 1494 2397 1542 mm
2449 1496 2727 1555 tutumque
2770 1486 2960 1555 pignus
3009 1484 3199 1539 futura:
3248 1483 3501 1554 deinceps
3549 1482 3875 1548 securitatis,

2285 1577 2478 1632 merito
2521 1584 2779 1646 parcunt;
2827 1575 2913 1631 hic
2951 1590 3081 1631 vero
3111 1590 3236 1630 cum
3273 1575 3433 1630 sciret
3467 1589 3526 1629 se
3565 1574 3774 1628 hostem
3823 1573 3879 1628 in

2284 1683 2448 1724 suam-
2482 1669 2648 1739 ipsius
2697 1667 2987 1738 perniciem
3036 1666 3336 1732 dimittere,
3367 1680 3431 1722 ac
3467 1667 3695 1722 salutem
3747 1665 3880 1722 dare

2285 1758 2522 1825 inimico,
2557 1757 2709 1812 haud’
2727 1766 2911 1813 tamen
2934 1757 3080 1814 illum
3108 1757 3322 1824 occidit,
3362 1757 3519 1828 idque
3545 1772 3667 1812 cum
3707 1756 3878 1811 habe-

2284 1858 2376 1904 rct
2404 1849 2571 1905 multa
2620 1849 2686 1904 ad
2716 1864 2835 1904 eam
2871 1848 3072 1904 caedem
3106 1848 3455 1919 impellentia.
3497 1849 3706 1904 Etenim
3745 1848 3880 1902 soli-

2287 1940 2414 1995 tudo
2440 1940 2581 2011 regis
2608 1939 2807 1994 auxilio
2845 1939 3050 2007 nudati,
3079 1939 3383 1994 exhortatio
3409 1939 3656 2003 militum,
3682 1951 3879 2009 praete-

2284 2023 2507 2086 rittirum
2538 2031 2817 2097 memoria,
2845 2030 3142 2086 futurorum
3182 2029 3357 2085 metus
3380 2046 3394 2095 ;
3419 2030 3485 2084 ad
3513 2029 3628 2084 haec
3652 2029 3794 2099 quod
3833 2030 3881 2085 si

2286 2120 2640 2176 interfecisset
2686 2121 2994 2188 inimicum,
3045 2137 3149 2176 non
3189 2131 3372 2192 posset
3405 2120 3647 2177 damnari
3673 2121 3838 2177 ca‘dis
3861 2163 3878 2187 ,

2285 2211 2532 2283 quodque
2558 2222 2679 2284 post
2698 2213 2897 2272 ctedem
2929 2222 3197 2283 peractam
3227 2214 3395 2285 legem
3425 2213 3502 2286 (a)
3527 2213 3696 2283 ipsam
3728 2229 3882 2268 man-

2289 2304 2573 2359 suetudine
2592 2319 2847 2374 superare
2868 2299 3166 2370 videretur;
3188 2303 3304 2359 haec
3332 2313 3386 2359 et
3407 2303 3510 2359 alia
3540 2303 3691 2375 plura
3723 2318 3883 2374 urge-

2289 2391 2418 2448 bant
2469 2394 2966 2466 compellebantque
3016 2395 3192 2466 gladio
3245 2397 3396 2451 illum
3447 2394 3758 2452 confodere.
3811 2399 3883 2452 At

2285 2481 2476 2537 horum
2517 2483 2648 2538 nulli
2676 2485 2873 2550 cessit,
2902 2485 2997 2542 sed
3026 2486 3323 2541 adamantis
3365 2485 3552 2542 inviCti
3583 2501 3734 2542 more
3761 2501 3894 2557 per--

2285 2573 2437 2636 stitit,
2470 2573 2841 2629 intemeratam
2872 2575 3223 2645 ριιὶιοεοριιίω
3269 2577 3441 2647 legem
3489 2591 3730 2632 servans.
3760 2575 3882 2632 Cte-

2289 2671 2460 2718 terum
2487 2679 2555 2719 ne
2579 2664 2726 2720 dicas
2757 2666 2906 2720 illum
2948 2667 3076 2722 nihil
3099 2683 3284 2723 eorum
3313 2668 3547 2724 sensisse
3571 2667 3878 2741 aﬂ’ectuum.

2285 2769 2420 2822 quos
2447 2755 2694 2811 sensisse
2709 2771 2805 2827 par
2825 2765 2962 2822 erat,
2992 2758 3085 2813 sed
3114 2759 3164 2815 id
3191 2760 3333 2832 quod
3361 2761 3551 2817 accidit
3581 2776 3687 2817 non
3718 2762 3892 2817 fuisse

2289 2845 2678 2917 philosophiam
2701 2888 2718 2915 ,
2745 2847 2840 2904 sed
2877 2857 3150 2920 stuporem
3179 2869 3193 2904 :
3225 2853 3506 2909 considera
3535 2870 3692 2923 quam
3719 2856 3882 2910 vehe-

2286 2948 2497 2995 menter
2532 2950 2880 3011 exasperatus
2925 2932 3025 2998 sibi
3063 2944 3392 3013 temperarit.
3442 2944 3718 3017 Siquidem
3770 2948 3878 3002 ira-

2285 3031 2494 3086 cundia:
2523 3029 2716 3086 ﬂuctus
2739 3031 2794 3086 in
2813 3032 2994 3088 animo
3019 3033 3170 3089 illius
3187 3035 3524 3102 intumuisse,
3549 3037 3878 3109 multamque

2286 3123 2665 3194 cogitationum
2698 3125 2984 3194 procellam
3027 3129 3346 3184 concitatam
3378 3129 3544 3186 fuisse
3565 3171 3583 3194 ,
3623 3131 3720 3186 sed
3759 3145 3879 3186 eam

2289 3224 2659 3286 tempestatem
2705 3216 3005 3274 refrenasse
3045 3219 3232 3276 timore
3280 3221 3404 3287 Dei,
3443 3222 3758 3293 animosque
3791 3238 3882 3279 re-

2285 3309 2566 3378 pressisse,
2595 3323 2661 3364 ex
2690 3309 2753 3364 iis
2778 3325 2897 3380 qum
2928 3310 3073 3365 facta
3092 3320 3214 3367 sunt
3239 3313 3543 3383 perspicere
3567 3312 3714 3382 licet.
3749 3312 3888 3370 Sur-

2284 3401 2434 3466 rexit,
2456 3401 2645 3471 inquit,
2674 3412 2721 3456 et
2743 3401 2857 3457 tulit
2880 3418 3021 3459 oram
3046 3403 3332 3476 chlamydis
3357 3401 3540 3459 Saulis

2287 3493 2449 3550 Vides
2493 3503 2688 3566 quanta
2732 3497 2825 3552 ira:
2854 3504 3145 3566 tempestas
3189 3505 3375 3553 coorta
3412 3497 3606 3553 fuerit?
3657 3501 3732 3555 At
3773 3516 3883 3554 non

2285 3587 2548 3658 processit
2575 3587 2830 3655 ulterius,
2855 3603 3031 3658 neque
3068 3587 3194 3645 fecit
3232 3588 3565 3660 nautragium
3589 3631 3606 3656 ,
3637 3605 3706 3644 eo
3737 3592 3887 3661 quod

2285 3676 2627 3747 gubernatrix
2651 3677 2791 3732 illico
2816 3678 3054 3735 sentiens
3079 3679 3394 3749 periculum,
3421 3679 3669 3736 videlicet
3697 3681 3780 3751 pia
3805 3697 3889 3737 ra-

2289 3771 2363 3822 tio
2385 3809 2401 3833 ,
2434 3777 2801 3837 tempestatem
2842 3771 2999 3825 vertit
3047 3770 3098 3825 in
3132 3770 3586 3840 tranquillitatem.
3619 3769 3889 3826 Percussit

2289 3857 2461 3923 enim,
2494 3857 2701 3928 inquit,
2729 3856 2978 3916 [invident
3023 3876 3112 3914 cor
3155 3861 3350 3931 ipsius,
3378 3876 3442 3915 ac
3489 3862 3637 3917 velut
3685 3877 3895 3933 equum.

2289 3943 2654 4004 subsilientem
2689 3963 2752 4004 ac
2782 3949 3147 4014 ferocientem,
3177 3954 3447 4007 revocavit
3475 3953 3630 4007 iram.

2360 4039 2414 4093 6.
2455 4038 2767 4110 Hujusmodi
2800 4047 2924 4094 sunt
2963 4050 3271 4097 sanctorum
3310 4044 3503 4097 anima:
3528 4060 3542 4096 :
3571 4045 3887 4115 priusquam

2287 4131 2589 4195 concidant,
2621 4142 2925 4202 resurgunt,
2957 4135 3261 4205 priusquam
3287 4134 3358 4190 ad
3386 4144 3661 4205 peccatum
3689 4152 3888 4207 perve-

2289 4224 2457 4286 niant,
2487 4223 2842 4292 refrenantur,
2876 4240 2942 4281 eo
2966 4227 3107 4297 quod
3150 4227 3344 4282 sobriae
3389 4228 3493 4283 sint
3520 4269 3535 4292 ,
3565 4244 3890 4301 semperque

2289 4313 2526 4384 vigilent.
2580 4313 2644 4367 Et
2684 4322 2863 4369 tamen
2910 4327 3167 4385 quantum
3204 4325 3321 4372 erat
3366 4318 3701 4373 intervallum
3745 4321 3890 4377 inter

2291 4419 2484 4474 corpus
2505 4413 2559 4458 et
2586 4413 2786 4459 vestem
2811 4406 2836 4459 ἲ
2863 4407 3114 4463 Attamen
3142 4408 3229 4464 ille
3263 4411 3495 4479 seipsum
3524 4413 3787 4477 cohibuit,
3817 4430 3890 4471 ne

2291 4494 2700 4565 progrederetur
2744 4495 2965 4552 ulterius
3019 4515 3032 4551 :
3074 4499 3394 4570 insuperque
3435 4500 3505 4556 ob
3553 4500 3656 4558 hoc
3708 4504 3886 4573 ipsum

2290 4586 2522 4656 graviter
2563 4586 2797 4656 seipsum
2842 4590 3236 4645 condemnavit.
3273 4589 3533 4648 Percussit
3574 4597 3748 4658 enim.
3805 4599 3884 4653 in-

2291 4679 2423 4748 quit,
2454 4680 2599 4736 illum
2637 4696 2725 4734 cor
2748 4681 2927 4752 ipsius,
2957 4683 3097 4752 quod
3120 4683 3404 4739 abstulisset
3431 4696 3716 4742 extremum
3743 4689 3890 4745 chla-

2291 4771 2456 4841 mydis
2480 4810 2495 4836 ,
2524 4771 2751 4842 dixitque
2777 4773 2846 4826 ad
2884 4775 3014 4828 viras
3041 4791 3062 4828 :
3097 4774 3427 4848 Nequaquam
3470 4779 3566 4833 hoc
3593 4781 3720 4834 mihi
3760 4784 3828 4836 sit
3855 4800 3888 4838 a

2290 4859 2510 4916 Domino
2537 4862 2610 4934 (ὁ)
2642 4863 2714 4936 (l.
2745 4861 2872 4934 Reg.
2892 4864 2982 4919 Ἠ.
3008 4865 3086 4936 6).
3106 4867 3241 4934 Quid
3262 4877 3348 4923 est.
3365 4868 3515 4936 illud,
3545 4869 3890 4944 Nequaquam

2291 4955 2385 5009 hoc
2411 4957 2476 5009 sit
2504 4956 2628 5009 mihi
2661 4973 2693 5011 a
2717 4955 2937 5012 Domine
2962 4959 2987 5012 2
3013 4959 3300 5030 Propitius,
3330 4961 3521 5032 inquit,
3557 4964 3626 5018 sit
3664 4965 3888 5030 milti,'si

2292 5047 2392 5103 hoc
2416 5047 2703 5103 voluissem
2739 5066 2753 5102 :
2784 5066 2850 5106 ne
2889 5051 3149 5107 concedat
3173 5067 3422 5123 umquam
3464 5063 3521 5110 ut
3561 5054 3664 5110 hoc
3693 5055 3889 5112 faciam

2292 5139 2652 5211 Deus,lneque
2675 5143 2943 5212 permittat
2969 5160 3056 5199 me
3077 5145 3144 5200 ad
3169 5153 3374 5200 tantum
3402 5145 3654 5204 devenire
3685 5151 3886 5206 scelus.

2291 5233 2552 5302 Quoniam
2588 5235 2799 5292 videbat
2847 5236 2986 5292 haue
3019 5237 3413 5309 philosophiam
3449 5255 3708 5311 superare
3751 5258 3888 5314 pene

2357 5433 2437 5508 te)
2461 5438 2806 5508 ιθεεειυῐῖεξω
2829 5435 3202 5508 mansuetudine
3219 5439 3690 5508 mmmam.
3699 5434 3889 5508 εμωά

2291 5494 2482 5565 Satrium
2506 5494 2782 5565 occidisset,
2800 5494 3013 5565 quiaiex
3038 5494 3355 5562 [incipiebat
3375 5501 3581 5565 dentem
3602 5494 3695 5565 pro
3715 5503 3889 5565 dente,

2293 5557 2484 5626 οςιιέυω
2503 5570 2592 5626 [πρ
2607 5555 2765 5626 ραειρ»
2780 5555 2863 5626 θεν,
2875 5563 2932 5608 ιιι
2951 5555 3264 5626 musaeum
3282 5567 3412 5626 erat.
3422 5563 3570 5612 vitam
3590 5555 3679 5626 iro
3693 5566 3796 5616 vim
3809 5555 3892 5626 ibi

2294 5621 2365 5679 ri;
2392 5618 2812 5689 itagu't_si_s_aiilem
2850 5618 3202 5689 interfecisset,
3247 5618 3603 5689 minusculam
3619 5637 3770 5689 qum
3807 5625 3888 5678 lux

2295 5680 2614 5754 permittebat
2635 5679 2834 5754 fecisset
2857 5682 2999 5754 David
3018 5679 3469 5754 semei'oocideodo
3492 5697 3624 5746 aut,
3638 5679 3736 5752 ’ραι
3755 5699 3884 5754 ηιμ

2299 5742 2444 5793 vitam
2469 5742 2556 5804 ipsi
2577 5744 2774 5803 eripere
2795 5749 2997 5793 conatus
3017 5743 3197 5794 fuerat.

2363 5804 2435 5868 (b)
2469 5806 2542 5855 sic
2566 5811 2677 5869 tteg.
2705 5805 2787 5856 uie
2809 5805 3029 5870 quzedm
3051 5808 3226 5860 omissa
3249 5804 3445 5861 fuerant
3465 5809 3515 5860 in
3537 5808 3703 5864 laci.
