4106 6482
298 429 408 489 883

292 545 560 619 μέλλοντα
605 542 783 609 ἄνελε,
826 541 920 612 ῖνα,
961 541 1046 615 -μὴ
1101 542 1321 615 μείζονα
1374 544 1471 597 καὶ
1517 541 1872 615 χαλεπώτερα

291 637 618 708 ὕποστῶμεν
646 635 810 690 κακά.
837 633 1023 689 Ταῦτα
1043 633 1154 707 7&9
1179 635 1228 688 εί
1257 634 1352 688 καὶ
1375 635 1461 706 μὴ
1486 635 1601 698 τοῖς
1632 634 1876 706 ῥήμασιν

285 731 477 802 ιλεγον
497 770 514 796 ,
571 730 688 784 ἀλλ’
739 731 889 801 ὅμως
937 731 1081 783 κατά
1137 727 1376 782 διάνοιαν
1424 726 1731 798 ἐλογίζοντο
1779 725 1878 780 καὶ

285 819 483 882 ταῦτα,
516 816 611 872 καὶ
635 816 840 870 τούτων
880 817 1101 871 πλείονα
1133 816 1318 888 ἔτερα.

361 913 424 960 ε’.
441 905 585 960 ’Δλλ⁹
611 903 764 958 οὐδὲν
780 903 986 958 τούτων
1005 905 1034 958 6
1057 903 1260 966 δίκαιος
1281 904 1487 966 ἐκεῖνος
1502 898 1870 970 ὑπελογίξετο,

286 1005 407 1060 ἀλλ’
446 1006 526 1068 είς
557 1004 616 1059 ἐν
645 1003 843 1058 εϐλεπε
881 1003 1061 1073 μόνον,
1102 1003 1253 1066 ὅπως
1277 1001 1370 1055 τὸν
1399 1002 1500 1073 τῆς
1524 999 1875 1068 ἀνεξικακίας

286 1104 661 1178 ἀναδήσασθαι
691 1103 893 1175 δυνηθῇ
933 1102 1219 1172 στέφανον,
1251 1102 1348 1156 καὶ
1379 1100 1738 1172 φιλοσοφῆσαι
1779 1116 1875 1169 φι-

287 1205 546 1276 λοσοφίαν
579 1203 704 1259 τινά
738 1203 1057 1273 καινοτέραν
1097 1202 1194 1256 καὶ
1231 1199 1552 1273 παράδοξον.
1592 1198 1732 1258 οὐδὲ
1763 1199 1875 1270 γὰρ

284 1299 360 1376 ἦν
395 1303 540 1359 οὕτω
576 1303 908 1376 θαυμαστὸν,
949 1304 998 1356 εί
1046 1302 1205 1372 μόνος
1251 1299 1329 1357 ὢν
1378 1300 1473 1355 καὶ
1509 1300 1632 1356 καθ’
1680 1298 1875 1354 ἐαυτὸν

285 1405 547 1476 ἐφείσατο
575 1404 668 1459 τοῦ
699 1402 1066 1474 λελυπηκότος
1083 1441 1099 1466 ,
1137 1401 1214 1466 ob;
1238 1400 1335 1455 νῦν
1363 1400 1668 1480 παράδοξόν
1701 1400 1872 1466 ἐστιν,

283 1506 371 1560 δτι
412 1504 694 1577 παρόντων
737 1503 941 1576 ἑτέρων
969 1503 1119 1574 αὐτῷ
1148 1501 1308 1558 τοῦτο
1348 1501 1623 1574 ἐποίησεν.
1658 1499 1725 1554 Ἥ
1766 1500 1876 1566 γὰρ

283 1607 398 1661 τῶν
425 1605 774 1678 στρατιωτῶν
818 1605 1045 1659 ἐκείνων
1083 1596 1359 1676 παρουσία
1399 1600 1621 1658 διπλοῦν
1666 1600 1876 1670 ἐγίνετο

283 1709 356 1777 τῇ
392 1707 680 1778 φιλοσοφίᾳ
706 1710 767 1760 τὲ
800 1704 1050 1778 κώλυμα.
1096 1704 1366 1768 Πολλάκις
1393 1704 1524 1773 γοῦν
1560 1702 1716 1756 αὐτοὶ
1749 1699 1875 1773 κρί-

284 1823 483 1870 ναντες
513 1806 683 1878 ὀργὴν
709 1805 958 1875 ἀφεῖναι,
1002 1805 1098 1860 καὶ
1138 1807 1493 1876 συγχωρῆσαι
1525 1802 1593 1856 τά
1626 1800 1879 1870 πεπλημ-

288 1909 574 1982 μελημένα
610 1908 740 1972 τινὶ,
777 1907 1002 1961 ἐπειδὰν
1033 1905 1232 1976 ίδωμέν
1276 1922 1432 1968 τινας
1475 1901 1879 1975 παροξύνοντας

284 2008 386 2062 καὶ
412 2007 778 2080 διεγείροντας
797 2047 814 2074 ,
861 2007 959 2078 τὴν
988 2007 1262 2079 ἡμετέραν
1291 2003 1638 2075 καταλύομεν
1671 2001 1875 2072 κρίσιν,

282 2111 402 2174 τοῖς
422 2109 652 2163 ἐκείνων
673 2108 1139 2180 παραπειθόμενοι
1160 2107 1359 2176 λόγοις.
1379 2103 1521 2160 Ἀλλ’
1549 2107 1578 2159 6
1606 2103 1878 2175 μακάριος

284 2209 496 2272 ἐκεῖνος
513 2204 674 2262 τοῦτο
705 2208 804 2276 οὐκ
832 2207 1055 2276 ἔπαθεν,
1084 2207 1222 2263 ἀλλά
1251 2208 1348 2262 καὶ
1371 2205 1515 2278 μετά
1545 2208 1645 2279 τὴν
1672 2205 1878 2276 παραί-

285 2323 438 2361 νεσιν
466 2305 561 2360 καὶ
581 2306 681 2378 τὴν
706 2305 1016 2379 συμϐουλὴν
1046 2308 1208 2378 ἔμενε
1233 2306 1332 2379 τὴν
1365 2305 1575 2361 οίκείαν
1603 2303 1880 2376 διατηρῶν

283 2407 488 2479 ψῆφον.
533 2409 643 2462 Kal
683 2409 748 2461 06
777 2407 937 2461 τοῦτο
968 2408 1133 2478 μόνον
1169 2408 1290 2462 ἐστὶ
1328 2407 1390 2460 16
1425 2405 1759 2477 θαυμαστὸν,
1797 2405 1882 2458 δτι

284 2509 415 2566 οὔτε
443 2513 565 2575 ταῖς
590 2511 726 2582 παρ’
755 2511 962 2580 ἐτέρων
1004 2508 1335 2581 παρετράπη
1379 2506 1732 2578 συμϐουλαῖς,
1769 2505 1881 2559 οὐδ’

284 2613 374 2669 δτι
396 2610 594 2675 αὐτοὺς
622 2611 723 2664 οὐκ
751 2609 1114 2675 ἔδεισενιάλλ⁹
1141 2611 1225 2663 δτι
1251 2609 1350 2663 καὶ
1373 2608 1618 2672 ἐκείνους
1644 2605 1716 2660 τά
1740 2597 1887 2660 αύτᾶ

285 2713 442 2786 αὐτῷ
470 2713 784 2783 φιλοσοφεῖν
810 2710 1214 2784 παρεσκεύασε.
1248 2710 1412 2779 Μέγα
1441 2709 1542 2780 μέν
1567 2708 1679 2780 γὰρ
1699 2709 1762 2762 16
1787 2707 1884 2761 καὶ

287 2815 458 2870 αὐτόν
484 2830 605 2869 τινα
643 2814 755 2868 τῶν
792 2814 1012 2867 οίκεῖων
1059 2811 1446 2883 περιγενέσθαι
1482 2809 1672 2866 παθῶν
1692 2825 1706 2840 ·
1743 2808 1880 2862 πολὺ

285 2917 348 2974 δέ
369 2916 555 2991 μεῖζον
574 2917 637 2972 16
660 2917 754 2971 καὶ
779 2915 1001 2987 ἐτέρους
1028 2914 1327 2988 δυνηθῆναι
1349 2915 1562 2980 πεῖσαι,
1587 2901 1881 2982 τῆναθᾶιν

289 3019 443 3092 αύτῷ
473 3016 782 3091 κτήσασθαι
805 3016 1060 3088 γνώμηνο
1091 3017 1188 3071 καὶ
1215 3014 1456 3087 ἐτέρους,
1486 3014 1588 3068 οὐκ
1615 3013 1882 3084 ἐπιεικεῖς

288 3118 614 3193 ἀνθρώπους
641 3120 738 3173 καὶ
767 3117 1045 3189 μετρίους,
1071 3115 1209 3172 ἀλλά
1235 3113 1572 3187 στρατιώτας
1600 3113 1698 3170 καὶ
1725 3110 1884 3166 πολε-

292 3225 417 3295 μεῖν
467 3221 858 3295 μεμαθηκότας
875 3258 892 3285 ,
940 3218 1036 3273 καὶ
1077 3221 1191 3282 τοῖς
1239 3216 1456 3281 πολλοῖς
1487 3214 1884 3286 ἀπεγνωκότας

289 3323 499 3389 πόνοις,
527 3321 621 3377 καὶ
649 3320 846 3393 μικρὸν
873 3317 1213 3374 ἀναπνεῦσαι
1234 3317 1660 3390 ἐπιθυμοῦντας,
1681 3315 1779 3370 καὶ
1803 3316 1883 3368 εί-

288 3427 452 3488 δότας
484 3428 567 3479 ὄτι
590 3425 700 3476 τῶν
729 3419 918 3478 κακῶν
949 3423 984 3493 ἡ
1015 3421 1170 3489 λύσις
1196 3421 1347 3475 πᾶσα
1389 3416 1449 3474 ἐν
1480 3421 1548 3492 τῇ
1595 3418 1689 3474 106
1722 3419 1886 3473 πολε-

296 3529 425 3601 μίου
466 3529 651 3598 σφαγῇ
691 3527 814 3580 τότε
846 3524 1057 3578 ἐκειτοο
1106 3524 1168 3577 06
1206 3523 1368 3592 μόνον
1402 3522 1460 3576 δέ
1488 3521 1644 3586 λύσις
1670 3521 1884 3592 κακῶν,

293 3628 433 3684 ἀλλά
455 3628 551 3682 καὶ
572 3627 784 3698 μυρίων
812 3627 1008 3698 κτῆσις
1025 3623 1251 3692 ἀγαθῶν
1269 3639 1284 3653 °
1308 3624 1463 3679 οὐδέν
1483 3623 1594 3693 γὰρ
1621 3621 1884 3689 ἐκώλυεν,

293 3731 510 3785 ἐκείνου
544 3728 866 3797 σφαγέντος,
914 3728 1009 3781 ἐπι
1037 3725 1228 3781 τοῦτον
1260 3724 1466 3789 εὐθέως
1496 3722 1749 3796 διαϐῆναι
1787 3721 1904 3797 τὴν,

298 3831 597 3905 βασιλείαν.
637 3828 777 3882 Ἀλλ’
806 3829 958 3900 ὅμως
1001 3827 1274 3881 τοσούτων
1301 3825 1473 3884 δνεων
1503 3825 1615 3878 τῶν
1643 3821 1888 3892 παροξυ-

297 3933 502 3988 νόντων
529 3932 654 3997 τοὺς
688 3928 1050 4003 στρατιώτας,
1082 3929 1303 3999 ῖσχυσεν
1348 3929 1378 3981 6
1404 3926 1653 3995 γενναῖος
1679 3925 1891 3989 ἐκεῖνος

299 4036 521 4092 πάντων
550 4031 944 4104 περιγενέσθαι
968 4029 1198 4096 τούτων,
1239 4028 1335 4084 καὶ
1363 4030 1550 4082 πεῖσαι
1595 4024 1890 4097 φείσασθαι

297 4123 395 4178 τοῦ
435 4120 718 4194 πολεμίου.

378 4229 566 4295 Ἀξιον
586 4229 644 4283 δέ
675 4228 770 4282 καὶ
794 4226 967 4299 αὐτῆς
1003 4226 1235 4281 ἀκοῦσαι
1260 4225 1372 4280 τῶν
1412 4219 1761 4295 στρατιωτῶν
1792 4219 1894 4290 τῆς

305 4317 650 4388 συμϐουλῆς·
693 4319 729 4389 η
781 4315 894 4388 7&9
930 4314 1238 4386 κακουργία
1276 4313 1377 4384 τῆς
1420 4310 1797 4382 παραινέσεως
1833 4308 1895 4361 16

305 4405 537 4479 στερρὸν
567 4405 664 4459 καὶ
701 4404 1101 4476 ἀπερίτρεπτον
1134 4401 1235 4472 τῆς
1267 4399 1362 4452 τοῦ
1407 4399 1619 4452 δικαίου
1655 4397 1896 4452 δείκνυσι

305 4491 554 4564 γνώμης.
600 4492 736 4545 υύδέ
778 4490 888 4560 7&9
933 4485 1120 4543 εἴπονο
1157 4487 1290 4541 '1606
1323 4488 1352 4540 6
1396 4485 1568 4558 μυρία
1600 4502 1660 4538 σε
1689 4483 1897 4547 διαθεὶς

306 4578 455 4632 κακά
473 4619 491 4642 ,
524 4578 554 4630 6
579 4576 679 4646 τῆς
713 4575 929 4646 σφαγῆς
961 4573 1311 4646 ἐπιθυμήσας
1337 4573 1437 4644 τῆς
1464 4571 1587 4644 σῆς,
1613 4572 1643 4623 6
1667 4569 1899 4643 περιϐα-

306 4664 416 4720 λὼν
444 4666 592 4735 ἡμᾶς
635 4665 746 4726 τοῖς
777 4662 1096 4733 ἀνηκέστοις
1132 4660 1323 4723 δεινοῖς
1345 4676 1361 4691 ⁸
1403 4659 1518 4713 ἀλλ’
1551 4658 1738 4729 ἐπειδη
1769 4675 1898 4710 συν-

307 4751 450 4806 εῖδον
483 4753 564 4806 δτι
594 4753 810 4806 πάντων
833 4751 1039 4803 τούτων
1068 4745 1360 4820 ὑπερεώρα
1380 4787 1394 4809 ,
1436 4748 1534 4800 καὶ
1562 4746 1669 4799 τῶν
1694 4747 1774 4808 είς
1801 4747 1900 4799 a6-

308 4839 402 4894 τδν
445 4837 853 4910 ἡμαρτημένων
877 4837 938 4890 06
973 4835 1140 4892 πολὺν
1168 4837 1402 4890 ἐποιεῖτο
1427 4833 1519 4888 τὸν
1549 4834 1727 4902 λόγον,
1755 4833 1900 4888 ἀνω-

305 4927 403 4988 ,θεν
432 4927 578 4998 αύτῷ
611 4929 709 4998 τὴν
733 4928 911 4997 ψῆφον
945 4925 1221 4998 φέρουσιν,
1266 4924 1318 4976 Ὀ
1351 4921 1496 4989 Θεὸς
1528 4920 1717 4976 αὐτὸν
1752 4923 1901 4990 παρ-

310 5016 524 5080 ἔδωκε,
570 5016 818 5084 λέγοντες
844 5054 857 5078 ,
895 5015 982 5067 ἴνα
1015 5015 1113 5086 τὴν
1147 5013 1358 5066 ἐκεῖθεν
1406 5011 1674 5074 αίδεσθεὶς
1715 5012 1900 5081 κρίσιν

313 5105 656 5176 ἑτοιμότερον
690 5105 781 5158 ἐπὶ
817 5105 916 5174 τὴν
950 5103 1162 5174 σφαγὴν
1210 5103 1357 5174 ἔλθῃ.
1405 5100 1499 5171 Μὴ
1545 5099 1654 5172 γὰρ
1705 5102 1900 5153 σαυτὸν

315 5195 576 5260 ἐκδικεῖς
605 5195 756 5266 φησί.
794 5195 884 5264 Τῷ
918 5193 1036 5264 Θεῷ
1064 5195 1282 5262 διακονῇ
1326 5191 1419 5244 καὶ
1448 5192 1738 5263 ὑπηρετεῖς
1758 5229 1773 5254 ,
1809 5191 1901 5242 καὶ

312 5286 412 5352 τὴν
446 5286 657 5338 ἐκείνου
703 5285 880 5356 ψῆφον
913 5287 1118 5355 κυροῖς.
1163 5284 1301 5337 Ἀλλ’
1337 5284 1446 5354 ὅσῳ
1474 5281 1649 5334 ταῦτα
1693 5281 1897 5350 ἔλεγον,

315 5377 555 5446 τοσούτῳ
585 5373 796 5446 ’μᾶλλον
848 5373 1108 5441 ἐφείδετο.
1143 5374 1296 5444 ᾝδει
1351 5371 1460 5442 7&9
1511 5369 1698 5434 10610,
1749 5371 1830 5423 ὅτι
1876 5373 1904 5424 ὁ

317 5459 472 5535 [⁸156]
501 5463 631 5526 Θεὸς
663 5462 826 5516 αὑτὸν
855 5459 1005 5530 αὐτῷ
1035 5460 1369 5531 παρέδωκεν,
1405 5459 1492 5511 ῖνα
1537 5457 1782 5521 πλείονος
1815 5460 1904 5511 εὑ-

318 5550 660 5622 ὁοκιμήσεως
684 5549 833 5619 αὐτῷ
863 5550 1120 5620 παράσχῃ
1144 5549 1438 5620 πρόφασιν.
1459 5547 1568 5601 Kal
1603 5546 1667 5600 σὺ
1700 5545 1900 5608 τοίνυν,

319 5639 448 5692 ὅταν
484 5638 598 5707 ίδῃς
635 5636 726 5690 τὸν
774 5635 966 5707 ἐχθρὸν
1005 5638 1084 5698 εἰς
1113 5638 1212 5698 τὰς
1245 5639 1433 5706 χεῖρας
1459 5633 1765 5704 ὲίιιττῖεσόντα
1807 5633 1905 5696 τὰς

323 5724 442 5790 σάς,
469 5731 541 5798 μὴ
562 5726 748 5796 νόμιζε
769 5724 1208 5796 τιμωρίας,ἁλλὰ
1238 5723 1512 5794 σωτηρίας
1542 5716 1682 5777 εἶναι
1714 5723 1904 5792 καιρὸν

321 5819 548 5874 ἐκεῖνον.
581 5816 679 5872 Διὰ
723 5815 878 5872 τοῦτο
915 5819 1034 5874 τότε
1085 5816 1321 5890 μάλιστα
1355 5814 1632 5886 φείδεσθαι
1665 5814 1745 5869 δεῖ
1794 5815 1902 5867 τῶν

1320 430 1414 486 BE
1461 429 1718 487 BAVIBE
1752 427 1842 486 ET
1882 426 2112 487 βλυμε
2149 430 2438 490 HOMILIA
2468 435 2512 491 l.

3469 439 3571 499 686

1983 543 2219 616 ἐχθρῶν,
2265 545 2396 600 ὅταν
2441 546 2624 602 αὐτῶν
2667 547 2961 620 γενώμεθα
3014 548 3217 622 κύριοι.
3267 548 3408 605 Ἀλλ’
3445 551 3575 620 ἴσως

1977 643 2122 698 είποι
2154 659 2240 708 τις
2266 642 2362 699 ἀν·
2393 646 2508 702 Kal
2533 646 2588 700 τί
2623 649 2767 720 μέγα
2807 650 2905 704 καὶ
2934 648 3252 722 θαυμαστὸν
3277 651 3573 723 γενόμενον

1977 742 2166 815 κύριον
2208 744 2535 817 φείσασθαι;
2584 745 2780 800 Πολλοὶ
2826 745 2938 818 γὰρ
2979 748 3076 802 καὶ
3137 747 3283 802 mo:
3333 747 3575 816 βασιλεῖς

1980 839 2246 906 πολλάκις
2284 834 2378 895 ἐπὶ
2410 839 2511 911 την
2542 840 2719 912 ἀρχὴν
2749 841 3018 908 ἐλθόντες,
3054 843 3182 906 τοὺς
3217 843 3386 898 πάλαι
3416 845 3574 899 λελυ-

1978 936 2226 1008 πηκότας
2249 937 2532 1002 λαϐόντες,
2562 937 2783 1003 ἀνάξιον
2811 937 2990 991 αὑτῶν
3036 934 3176 992 εἶναι
3217 937 3476 1008 ἐνόμισαν
3514 943 3574 996 ἐν

1976 1032 2154 1105 ἀρχῆς
2190 1031 2340 1104 δγκῳ
2368 1033 2608 1104 τοσούτῳ
2649 1031 2805 1104 δίκην
2837 1031 3143 1103 ἀπαιτῆσαι
3175 1032 3284 1086 τῶν
3317 1033 3575 1106 πεπλημ-

1978 1129 2326 1202 μελημένων,
2359 1130 2453 1183 καὶ
2484 1130 2518 1200 ἠ
2549 1131 2650 1200 τῆς
2689 1127 2939 1194 ἐξουσίας
2974 1130 3270 1201 περιουσία
3297 1129 3572 1184 καταλλαο

1974 1223 2081 1294 γῆς
2110 1222 2370 1288 ὑπόθεσις
2410 1223 2656 1293 γέγονεν.
2695 1223 2836 1277 Ἀλλ’
2879 1223 3116 1280 ἐνταῦθα
3147 1225 3301 1278 οὐδὲν
3333 1226 3576 1280 τοιοῦτον

1974 1317 2125 1373 εστιν
2147 1320 2344 1375 είπεῖν.
2369 1321 2443 1374 O6
2475 1319 2583 1392 7&9
2607 1319 2702 1373 ἐπὶ
2728 1320 2825 1390 τὴν
2850 1319 3026 1392 ἀρχὴν
3058 1320 3299 1376 ἀνελθὼν
3327 1322 3356 1375 6
3381 1319 3569 1389 Δαυτδ,

1974 1417 2098 1472 οὐδέ
2141 1419 2244 1489 τὴν
2288 1415 2569 1488 βασιλείαν
2610 1417 2926 1488 ἀπολαϐὼν,
2974 1420 3070 1472 καὶ
3116 1418 3208 1473 τὸν
3250 1419 3423 1473 Σαοὺλ
3467 1419 3576 1472 ὑπὸ

1974 1516 2168 1587 χεῖρας
2195 1512 2354 1583 ἔχων,
2381 1511 2554 1578 οὕτως
2586 1515 2864 1584 ἐφείσατο,
2892 1515 2981 1568 ἴνα
3006 1517 3081 1586 μή
3109 1532 3193 1580 τις
3221 1517 3375 1586 εῖπῃ,
3403 1516 3485 1569 ὅτι
3509 1515 3574 1568 16

1973 1612 2080 1681 τῆς
2123 1611 2300 1681 ἀρχῆς
2332 1609 2564 1680 μέγεθος
2589 1609 2682 1664 τὸν
2715 1610 3211 1682 θυμδν’ἐξέλυσεν⁹
3253 1612 3368 1665 ἀλλ’
3417 1610 3574 1676 είδὼς

1975 1708 2060 1762 ὅτι
2089 1705 2378 1770 διασωθεὶς
2410 1710 2522 1770 τοῖς
2550 1707 2737 1771 αὐτοῖς
2783 1708 3108 1779 ἐπιθήσεται
3152 1710 3336 1774 πάλιν,
3371 1710 3465 1764 καὶ
3494 1710 3576 1774 είς

1974 1803 2236 1875 μείζονας
2278 1802 2510 1874 ἐμϐαλεῖ
2542 1804 2670 1880 τοὺς
2732 1804 3035 1871 κινδύνους,
3082 1807 3204 1860 ούδέ
3236 1806 3410 1870 οὕτως
3467 1807 3578 1860 ἀπ·

1978 1899 2209 1954 έκτεινε.
2241 1898 2333 1969 Μὴ
2347 1899 2412 1971 δὴ
2437 1898 2627 1952 τοῦτον
2644 1900 2874 1964 ἐκείνοις
2888 1894 3316 1974 παραϐάλωμεν.
3348 1903 3578 1956 Ἐκεῖνοι

1981 1995 2082 2066 μέν
2141 1995 2251 2064 γὰρ
2304 1994 2548 2065 ἀσφαλὲς
2593 1996 2655 2049 16
2707 1997 2966 2068 ἐνέχυρον
3013 1998 3230 2069 ἔχοντες
3279 1999 3378 2069 τῆς
3437 1996 3578 2067 μετά

1977 2089 2152 2144 ταῦτα
2181 2088 2400 2153 ἀδείας,
2444 2090 2672 2152 είκότως
2707 2091 3011 2159 φείδονται·
3063 2086 3219 2156 οὗτος
3263 2093 3320 2146 δὲ
3368 2091 3579 2163 μέλλων

1977 2184 2070 2253 16v
2100 2183 2296 2256 ἐχθρὸν
2330 2184 2451 2239 καθ’
2483 2184 2676 2238 ἐαυτοῦ
2701 2186 2945 2255 ἀφιέναι,
2981 2187 3076 2241 καὶ
3106 2188 3367 2258 πολέμιον
3401 2186 3580 2257 ἑαυτῷ

1979 2279 2198 2347 σώζειν,
2225 2280 2346 2335 ούδέ
2370 2279 2546 2345 οὕτως
2583 2281 2748 2336 αὐτὸν
2782 2284 3038 2352 ηφάνισε,
3071 2284 3167 2337 καὶ
3199 2282 3375 2337 ταῦτα
3406 2283 3580 2337 πολλά

1980 2378 2120 2450 ἔχων
2173 2378 2244 2431 τά
2288 2379 2427 2449 πρὸς
2457 2377 2557 2449 τὴν
2587 2377 2802 2449 σφαγὴν
2843 2379 3007 2432 αὐτὸν
3055 2361 3262 2451 ταύτην
3309 2378 3578 2434 ὠθοῦντα.

1979 2476 2094 2530 Καὶ
2132 2473 2244 2545 7&9
2274 2474 2308 2545 η
2336 2475 2543 2546 ἐρημία
2574 2473 2683 2527 τῶν
2713 2473 3054 2544 βοηθούντων
3084 2475 3164 2546 τῷ
3189 2475 3385 2541 Σαοὺλ,
3419 2475 3516 2528 καὶ
3544 2477 3578 2548 η

1983 2569 2311 2641 παραίνεσις
2341 2570 2452 2624 τῶν
2484 2570 2861 2642 στρατιωτῶν,
2895 2572 2993 2625 καὶ
3021 2572 3056 2642 η
3084 2573 3274 2642 μνήμη
3302 2569 3410 2626 τῶν
3434 2587 3582 2644 παρ-

1979 2664 2289 2734 ελθόντων,
2317 2665 2412 2720 καὶ
2445 2669 2474 2720 6
2501 2667 2668 2736 φόϐος
2700 2667 2809 2721 τῶν
2857 2667 3182 2739 μελλόντων,
3225 2669 3320 2723 καὶ
3346 2667 3411 2722 16
3444 2667 3582 2740 μηδέ

1980 2764 2200 2836 σφαγῆς
2242 2765 2530 2836 κρίνεσθαι
2562 2765 2750 2821 λοιπὸν
2781 2766 3185 2822 ἀποκτείναντα
3227 2767 3320 2822 16v
3362 2766 3583 2838 ἐχθρὸν,

1981 2864 2077 2920 καὶ
2107 2864 2171 2917 16
2214 2862 2355 2935 μετά
2397 2865 2490 2918 τδν
2543 2867 2705 2936 φόνον
2748 2865 2940 2922 τοῦτον
2979 2866 3239 2921 δύνασθαι
3288 2865 3384 2920 16v
3415 2864 3584 2937 νόμον

1982 2958 2358 3032 ὑπερϐαίνειν,
2392 2963 2491 3015 καὶ
2530 2962 2701 3016 πολλά
2734 2963 2900 3034 lupa
2923 2963 3160 3035 ,πλείονα
3190 2962 3400 3018 τούτων
3431 2962 3586 3018 ἐϐιάο

1984 3054 2111 3121 ζετο
2131 3055 2228 3108 καὶ
2249 3056 2566 3126 ἠνάγκαζεν
2591 3055 2807 3128 ώθῆσαι
2832 3057 2894 3113 16
2918 3057 3072 3128 ξίφος
3092 3058 3175 3122 είς
3195 3058 3423 3112 ἐκεῖνον.
3441 3056 3585 3112 Ἀλλ’

1979 3150 2159 3207 οὐδενὶ
2184 3151 2393 3206 τούτων
2423 3149 2590 3219 εἶξεν,
2641 3155 2758 3208 ἀλλ’
2786 3154 2980 3224 ἔμενεν
3009 3153 3203 3226 ὥσπερ
3231 3171 3316 3218 τις
3345 3153 3584 3226 ἀδάμας,

1897 3292 1905 3298 .
1982 3248 2242 3315 ἀκίνητον
2268 3247 2362 3302 16v
2391 3248 2494 3319 τῆς
2531 3248 2855 3318 φιλοσοφίας
2903 3248 3182 3322 διατηρῶν
3228 3249 3414 3320 νόμον.
3452 3244 3588 3304 Εῖτα

1982 3345 2072 3400 ίνα
2101 3349 2178 3417 μὴ
2200 3347 2369 3420 λέγῃς
2396 3349 2478 3401 δτι
2510 3346 2632 3401 ούδέ
2675 3346 2850 3402 ιπαθέ
2892 3364 2948 3401 τι
2991 3345 3259 3410 τοιοῦτον,
3292 3342 3406 3402 οἷον
3437 3346 3589 3412 είκδς

1980 3438 2074 3516 ῆν,
2097 3442 2215 3496 ἀλλ’
2241 3443 2572 3514 ἀναισθησία
2599 3442 2662 3497 16
2688 3443 2978 3515 γινόμενον
2998 3438 3090 3516 ἦν,
3118 3442 3255 3515 οὐχί-
3273 3442 3586 3514 φιλοσοφία,

1983 3540 2086 3610 69a
2109 3538 2231 3605 πῶς
2261 3539 2560 3611 ἀγριωθεὶς
2601 3541 2996 3613 ἐκαρτέρησεν.
3033 3542 3156 3595 Ὅτι
3195 3540 3306 3612 7&9
3334 3539 3485 3610 αὐτῷ
3509 3539 3590 3593 διο

1985 3634 2185 3705 ἀνέστη
2209 3633 2280 3688 τά
2303 3635 2527 3705 κύματα
2541 3635 2641 3706 τῆς
2660 3637 2852 3707 ὀργῆς,
2882 3637 2977 3689 καὶ
2999 3635 3166 3708 πολλὴ
3181 3636 3290 3690 τῶν
3310 3633 3591 3705 λογισμῶν

1985 3727 2215 3800 ἐκινήθη
2248 3732 2282 3799 η
2323 3730 2483 3800 ζάλη.
2519 3731 2617 3785 καὶ
2653 3731 2743 3787 τὸν
2771 3730 3017 3802 χειμῶνα
3044 3730 3292 3802 ἐχαλίνου
3329 3729 3409 3802 τῷ
3437 3729 3590 3803 φόϐῳ

1985 3823 2083 3879 τοῦ
2120 3825 2279 3889 Θεοῦ,
2307 3827 2404 3880 καὶ
2430 3824 2531 3896 τὴν
2565 3825 2805 3882 διάνοιαν
2833 3825 3106 3894 ἐπιέζετο,
3131 3828 3197 3882 ἐκ
3221 3828 3331 3882 τῶν
3359 3825 3594 3898 γενομέ-

1987 3937 2097 3974 νων
2128 3921 2278 3974 έστιν
2309 3921 2458 3976 ίδεῖν.
2493 3921 2749 3992 Ἀνέστη
2788 3924 2919 3996 γὰρ,
2953 3925 3111 3996 φησι,
3161 3923 3261 3978 καὶ
3282 3923 3494 3994 ἀφεῖλε
3522 3923 3592 3978 τὸ

1990 4017 2312 4087 πτερύγιον
2325 4017 2432 4086 τῆς
2444 4019 2757 4087 διπλοΐδος
2777 4021 2978 4076 Σαοὺλ
2992 4021 3311 4090 λαθραίως.
3328 4017 3485 4085 Εἶδες
3500 4020 3595 4074 πό-

1993 4112 2087 4178 σος
2100 4114 2313 4186 ἠγέρθη
2329 4115 2428 4187 τῆς
2442 4116 2612 4188 ὀργῆς
2631 4119 2660 4170 6
2679 4115 2891 4187 χειμών
2910 4136 2925 4185 ;
2950 4116 3091 4172 Ἀλλ’
3119 4117 3181 4172 06
3207 4116 3452 4190 προῆλθε
3489 4132 3593 4172 πε·-

1995 4210 2266 4283 ραιτέρω,
2294 4210 2416 4264 οὐδὲ
2444 4211 2742 4282 εἰργάσατο
2771 4213 2835 4268 16
2862 4213 3122 4283 ναυάγιον
3145 4229 3158 4244 ·
3189 4214 3218 4267 6
3259 4214 3370 4285 7&9
3395 4211 3596 4285 κυϐερ-

1992 4297 2164 4367 νήτης
2200 4297 2418 4368 ταχέως
2447 4299 2790 4370 αίσθόμενος,
2843 4301 2873 4354 6
2917 4301 3148 4372 εὐσεϐὴς
3175 4301 3460 4372 λογισμὸς,
3492 4317 3596 4370 γα-

1995 4384 2165 4457 λήνην
2209 4384 2330 4438 ἀντὶ
2373 4385 2643 4456 χειμῶνος
2683 4388 2962 4459 ἐποίησεν.
3009 4388 3308 4455 Ἔπάταξε
3341 4389 3453 4460 γὰρ
3483 4390 3595 4442 a6-

1997 4474 2126 4537 τὸγ,
2153 4473 2343 4542 φησιν,
2361 4475 2399 4540 ἡ
2423 4473 2638 4543 καρδία
2661 4474 2871 4538 αὐτοῦ,
2887 4475 2984 4530 καὶ
3000 4476 3253 4548 καθάπερ
3285 4474 3593 4548 σκιρτῶντα

1999 4558 2098 4612 καὶ
2133 4560 2459 4632 μαινόμενον
2491 4561 2678 4625 ἵππον,
2718 4562 2812 4618 16v
2845 4563 3017 4635 θυμὸν
3047 4564 3379 4634 ἀνεχαίτισε.

2067 4674 2131 4728 ς’.
2157 4668 2419 4724 Τοιαῦται
2446 4671 2555 4723 τῶν
2605 4673 2776 4746 ἁγίων
2820 4676 2876 4726 αί
2911 4673 3111 4744 ψυχαί·
3161 4675 3292 4745 πρὶν
3320 4674 3354 4745 ἢ
3387 4675 3594 4738 πεσεῖν.

2001 4754 2340 4822 ἀνίστανται,
2364 4757 2496 4828 πρὶν
2517 4757 2550 4830 ἤ
2575 4759 2714 4830 πρὸς
2737 4760 2838 4830 τὴν
2862 4761 3141 4832 ἁμαρτίαν
3165 4761 3360 4823 ἐλθεῖν,
3376 4761 3599 4833 ἀναχαι·

1999 4842 2243 4906 τίζονται
2271 4884 2285 4904 ,
2321 4843 2510 4916 ἐπειδὴ
2539 4847 2772 4916 νήφουσι
2801 4849 2897 4902 καὶ
2925 4849 3218 4912 διαπαντός
3267 4852 3404 4902 είσιν
3432 4851 3598 4920 ἐγρηο

2001 4933 2240 5002 γορυῖαι.
2288 4933 2482 4987 Καίτοι
2516 4935 2683 4988 πόσον
2707 4933 2804 4987 τοῦ
2839 4935 3091 5006 σώματος
3126 4932 3194 5007 ἦν
3230 4935 3443 4990 καὶτοῦ
3473 4939 3599 5006 ίμα-

2003 5018 2120 5071 τίου
2151 5017 2305 5090 [757]
2337 5019 2398 5072 16
2432 5020 2596 5090 μέσον
2617 5039 2630 5088 ;
2651 5020 2788 5074 Ἀλλ’
2815 5023 2965 5092 ὅμως
2994 5025 3185 5093 ἴσχυσε
3211 5025 3285 5095 μὴ
3313 5024 3599 5095 προελθεῖν

2005 5108 2334 5176 περαιτέρω,
2383 5108 2476 5160 καὶ
2510 5109 2595 5160 ἐπ’
2637 5108 2786 5180 αὐτῷ
2829 5111 2885 5164 δὲ
2925 5110 3100 5183 τούτῳ
3147 5112 3354 5184 σφόδρα
3404 5112 3598 5166 ἑαυτὸν

2005 5192 2380 5247 κατεδίκασεν.
2416 5194 2707 5259 Ἐπὰταξε
2731 5195 2840 5267 7&9
2867 5199 3057 5252 αὐτόν
3080 5202 3118 5264 ὴ
3150 5200 3364 5269 καρδιά
3387 5200 3597 5264 αὑτοῦ,

2006 5280 2209 5351 φησιν,
2250 5282 2340 5335 ὅτι
2369 5283 2587 5350 ἀφεῖλε
2619 5284 2686 5335 τὸ
2735 5286 3056 5354 πτερύγιον
3098 5286 3210 5353 τῆς
3253 5287 3598 5352 διπλοΐδος,

2006 5369 2106 5422 καί
2128 5365 2260 5422 εἷπε
2287 5371 2439 5436 πρὸς
2471 5371 2612 5437 τοὺς
2643 5371 2866 5439 ἄνδρας
2885 5389 2897 5402 ο
2929 5374 3230 5442 Μηδαμῶς
3266 5375 3396 5444 ἐμοὶ
3440 5374 3602 5442 παρὰ

2005 5457 2250 5525 Κυρίου.
2311 5457 2375 5509 Τί
2423 5459 2562 5522 ἐστι,
2608 5459 2905 5528 Μηδαμῶς
2957 5461 3088 5531 ἐμοὶ
3131 5463 3292 5531 παρὰ
3345 5463 3598 5530 Κυρίου;

2019 5544 2164 5598 ’Δντὶ
2208 5545 2339 5612 τοῦ,
2367 5546 2553 5613 Ἵλεώς
2605 5567 2694 5620 μοι
2740 5549 2977 5622 Κύριος,
3025 5554 3191 5623 φησὶ,
3229 5553 3322 5607 καὶ
3362 5553 3522 5617 αὐτὸς
3549 5555 3600 5607 εί

2012 5631 2354 5704 βουληθείην,
2404 5636 2480 5705 μὴ
2517 5639 2871 5709 συγχωρήσαι
2921 5640 3010 5709 μοί
3058 5659 3187 5695 ποτε
3235 5641 3395 5696 τοῦτο
3430 5641 3600 5712 ἐργά-

2013 5719 2207 5774 σασθαι
2249 5724 2276 5773 6
2310 5721 2476 5788 Θεὸς,
2517 5724 2653 5795 μηδὲ
2693 5725 3038 5796 ἐπιτρέψειεν
3067 5730 3147 5792 είς
3185 5729 3385 5799 ταύτην
3426 5727 3602 5783 ἐλθεῖν

2009 5805 2108 5880 τῆν
2137 5806 2434 5882 ἁμαρτίαν.
2481 5811 2700 5884 Ἐπειδὴ
2740 5812 2849 5885 γὰρ
2884 5811 2990 5868 οἶδε
3029 5815 3129 5887 τῆν
3160 5815 3414 5888 τοιαύτην
3447 5815 3601 5886 φιλο-
