4152 6522
244 486 350 546 885

243 605 486 653 naturam
516 591 826 655 humanam,
864 583 1172 653 unicuique
1218 595 1354 651 opus
1385 579 1584 634 habere
1616 575 1835 638 auxilio,

242 702 409 757 seque
439 700 575 754 pene
617 684 684 738 ad
727 680 929 735 andem
961 678 1306 749 processisse,
1338 683 1609 744 precatur,
1643 679 1702 724 ut
1732 670 1840 725 Do-

243 779 423 834 minus
462 776 562 830 sibi
591 781 875 828 conservet
904 782 1123 823 manum
1170 764 1524 834 impollutam.
1553 760 1698 830 Quid.
1740 758 1842 813 hoc

243 869 425 924 animo
464 863 632 936 possit
667 875 786 917 esse
825 859 1049 914 mitius?
1091 859 1175 912 An
1224 856 1366 911 hunc
1390 853 1634 909 dicemus
1662 849 1841 905 homi-

243 975 388 1023 nem,
422 955 515 1026 qui
541 955 594 1009 in
622 960 809 1008 natura
841 950 1073 1005 humana
1109 948 1270 1002 vitam
1300 943 1612 1016 praestiterit
1636 939 1842 1011 angeli-

243 1064 363 1105 cam
389 1047 414 1101 τ
439 1045 636 1102 Verum
667 1042 719 1098 id
747 1058 852 1097 non
881 1054 1114 1112 passurzn
1139 1045 1264 1092 sunt
1290 1035 1486 1092 divinae
1514 1034 1681 1103 leges.
1713 1031 1844 1097 Quis

242 1137 668 1207 enim,obsecro,
692 1133 845 1188 facile
873 1147 903 1184 a
935 1131 1044 1184 Deo
1065 1126 1327 1197 ejusmodi
1352 1141 1463 1181 rem
1490 1123 1678 1196 petat?
1705 1121 1844 1192 Quid

244 1228 394 1295 dixi,
423 1212 769 1294 hujusmodi?
808 1220 936 1289 Quis
981 1220 1310 1282 sustineret,
1340 1229 1446 1270 non
1490 1212 1703 1285 precari
1748 1210 1847 1267 ad-

248 1333 439 1374 versus
467 1331 588 1372 eum
610 1314 698 1384 qui
725 1313 985 1368 molestus
1008 1310 1194 1364 fuisset
1213 1309 1238 1360 'l
1263 1305 1398 1368 Nam
1427 1304 1672 1375 plerique
1695 1315 1844 1356 mor-

245 1411 380 1464 tales
405 1423 470 1462 eo
494 1405 717 1460 feritatis
743 1404 948 1471 abrepti
971 1409 1115 1463 sunt,
1147 1406 1206 1453 ut
1231 1398 1352 1451 cuni
1383 1397 1491 1450 sint
1516 1394 1648 1449 adeo
1678 1390 1848 1446 imbe-

243 1499 393 1552 cilles
417 1506 524 1572 ,,ut
563 1509 668 1549 non
708 1501 905 1564 queant
933 1506 1055 1544 eum
1085 1505 1116 1543 a
1144 1502 1251 1558 quo
1292 1484 1525 1541 lacessiti
1567 1491 1692 1538 sunt
1735 1480 1847 1535 ullo

245 1590 387 1644 malo
413 1587 648 1647 aflicere,
681 1587 844 1640 Deum
870 1582 939 1636 ad
965 1581 1218 1634 ultionem
1246 1580 1515 1641 invocent,
1546 1584 1607 1630 ut
1630 1573 1731 1629 sibi
1756 1574 1848 1629 det

245 1683 551 1738 facultatem
579 1679 804 1734 nocendi
830 1679 916 1742 iis,
936 1679 1022 1747 qui
1045 1676 1145 1729 sibi
1173 1676 1310 1729 mala
1326 1673 1577 1727 intulere.
1601 1668 1698 1724 llic
1717 1681 1849 1723 vero

247 1775 349 1828 illis
378 1773 627 1827 omnibus
657 1772 801 1824 velut
829 1785 893 1823 ex
929 1769 1192 1822 diametro
1234 1765 1502 1821 contraria
1539 1760 1806 1834 precando
1828 1803 1844 1827 ,

247 1872 398 1934 rugat
425 1880 490 1917 ne
520 1861 790 1931 permittat
813 1868 871 1912 ut
902 1872 1093 1912 manus
1121 1855 1341 1925 injiciat,
1371 1855 1596 1923 loquens
1627 1851 1769 1906 hunc
1794 1851 1848 1905 in

247 1955 465 2008 modum
501 1970 513 2005 :
549 1950 629 2006 Ne
665 1951 790 2004 mihi
830 1949 926 2002 hoc
954 1948 1152 2001 accidat
1186 1963 1216 1998 α
1241 1945 1464 2000 Domino
1489 1987 1502 2009 ,
1540 1953 1595 1997 ut
1620 1941 1849 2012 injiciam

245 2061 453 2098 mamtm
484 2058 643 2096 meam
670 2043 720 2094 in
757 2040 902 2094 illum
935 2039 1011 2109 (Ι.
1044 2037 1169 2107 Reg.
1199 2037 1289 2091 24.
1327 2036 1382 2105 6)
1410 2053 1422 2089 :
1448 2034 1670 2106 perinde
1698 2032 1847 2103 quasi

245 2136 315 2190 de
349 2135 456 2187 lilio
485 2132 630 2186 etde
659 2131 830 2200 prole,
864 2131 933 2183 ita
959 2129 1023 2182 de
1051 2128 1203 2182 hoste
1234 2127 1485 2197 loquitur.

323 2226 484 2295 Reges
513 2224 726 2277 revereri
755 2229 967 2291 aportel.
1007 2218 1215 2271 Hostem
1249 2216 1418 2271 David
1451 2214 1730 2282 honoriﬁce
1753 2229 1852 2282 ap-

248 2318 423 2385 pellat.
473 2345 543 2354 —
573 2312 754 2382 Neque
787 2310 1024 2381 pepercit
1055 2317 1257 2363 tantum
1285 2346 1300 2372 ,
1335 2321 1518 2362 verum
1547 2320 1602 2360 et
1630 2318 1854 2360 excusa-

251 2411 448 2461 tionem
508 2421 604 2474 pro
654 2419 719 2459 eo
767 2414 936 2472 parat.
985 2401 1121 2456 Vide
1173 2415 1300 2455 vero
1347 2414 1505 2470 quam
1561 2396 1854 2467 prudenter

247 2513 517 2568 quamque
543 2497 832 2566 sapienter.
865 2495 1141 2564 Siquidem
1171 2509 1292 2548 cum
1323 2493 1486 2546 vitam
1525 2490 1700 2546 Saulis
1727 2504 1851 2559 per-

250 2599 516 2648 scrutatis.
548 2588 677 2641 nihil
711 2589 1001 2641 invenisset
1033 2585 1180 2651 boni,
1218 2595 1276 2638 ut
1300 2583 1480 2637 dicere
1507 2588 1706 2652 posset,
1735 2578 1852 2634 Non

249 2696 366 2734 sum
396 2680 578 2734 abillo
606 2679 784 2740 laesus,
819 2692 917 2732 nec
947 2677 1056 2732 ullo
1085 2676 1305 2732 allectus
1333 2673 1673 2729 incommodo
1699 2673 1854 2744 (pro-

253 2774 395 2824 tinus
449 2770 594 2824 enitn
656 2769 739 2823 his
785 2769 1123 2824 reclamaturi
1172 2775 1326 2821 erant
1373 2766 1567 2820 milites
1611 2766 1699 2836 qui
1755 2763 1854 2818 ad-

250 2862 686 2932 eranl,regisque
730 2859 986 2914 malitiam
1028 2858 1397 2927 experimento
1443 2856 1848 2928 cognoverant):

251 2953 350 3004 alia
378 2967 446 3006 ex
476 2961 624 3021 parte
649 2950 987 3011 circumibat,
1014 2939 1236 3003 studens
1259 2946 1586 3017 probabilem
1615 2945 1854 3000 invenire

253 3044 676 3097 excusationem.
708 3040 759 3093 ld
786 3055 908 3116 qun
946 3055 1052 3092 non
1085 3048 1286 3109 posset,
1322 3053 1420 3092 nec
1444 3037 1512 3092 ab
1549 3036 1696 3090 illius
1725 3035 1852 3101 vita,

255 3149 352 3188 nec
395 3149 425 3186 a
466 3133 641 3196 factis,
686 3133 750 3186 ad
799 3131 1110 3201 dignitatem
1159 3129 1300 3184 illius
1349 3128 1587 3199 confugit
1629 3128 1852 3182 dicens:

255 3225 508 3290 Quoniam
559 3223 776 3276 christus
809 3221 1015 3276 Domini
1063 3231 1154 3273 est.
1216 3219 1354 3285 Quid
1399 3219 1516 3286 ais,
1572 3217 1856 3288 inquiunt?

253 3317 393 3387 quod
449 3316 744 3386 scelestus,
793 3313 934 3384 quod
984 3312 1279 3368 sceleribus
1330 3320 1569 3380 Opertus,
1600 3325 1664 3364 ac
1715 3309 1857 3364 vitiis

252 3408 732 3464 innumerabilibus
776 3406 1043 3470 refertus,
1085 3413 1141 3460 et
1193 3405 1244 3458 in
1278 3418 1377 3458 nos
1419 3412 1659 3458 extrema
1706 3401 1856 3472 cogi-

255 3507 410 3558 Laus?
450 3501 556 3556 Sed
601 3516 693 3555 rex
715 3507 819 3564 est,
850 3499 944 3554 sed
973 3499 1240 3569 princeps,
1269 3497 1362 3551 sed
1399 3495 1754 3565 principatum
1802 3493 1856 3548 in

255 3609 351 3649 nos
386 3592 645 3661 suscepit.
677 3590 856 3661 Neque
879 3598 1054 3643 tamen
1084 3589 1238 3653 dixit,
1279 3588 1390 3642 Rex
1417 3594 1519 3651 est,
1547 3583 1664 3649 sed,
1706 3583 1856 3638 Chri-

254 3696 360 3739 stus
407 3684 611 3736 Domini
637 3692 728 3747 est,
777 3696 882 3736 non
910 3680 979 3734 ab
1021 3680 1256 3734 humano
1297 3678 1521 3742 honore,
1554 3676 1648 3732 sed
1690 3691 1717 3729 a
1748 3691 1857 3730 cu:-

256 3777 373 3832 lesti
414 3775 618 3846 juditio
665 3782 877 3843 sumpto
925 3772 1218 3827 honoriﬁco
1264 3769 1589 3826 testimonio.
1646 3766 1860 3822 Conte—

257 3871 396 3924 mnis
415 3911 429 3933 ,
471 3869 668 3936 inquit,
695 3881 1013 3922 conservum
1053 3864 1240 3919 tuum?
1267 3863 1533 3917 Reverere
1555 3861 1853 3916 dominum.

258 3959 578 4029 Aspernaris
603 3957 875 4011 electum?
904 3956 1077 4010 lletue
1118 3969 1242 4008 eum
1291 3953 1379 4024 qui
1425 3953 1602 4022 elegit.
1643 3951 1856 4008 Etenim

256 4050 299 4105 si
329 4050 576 4120 vulgares
602 4049 733 4102 istos
771 4046 1051 4118 prmfectos
1089 4046 1159 4101 ab
1185 4045 1513 4114 lmperatore
1551 4042 1858 4113 designatos

257 4144 464 4198 etiamsi
492 4142 600 4197 sint
630 4141 878 4211 improbi,
910 4140 954 4194 si
981 4139 1147 4203 fures,
1167 4139 1211 4193 si
1243 4137 1544 4207 prmdones,
1575 4137 1618 4190 si
1652 4135 1854 4206 injusti,

257 4234 300 4288 si
331 4232 706 4304 quodcumque
739 4230 883 4284 aliud
926 4230 1156 4295 fuerint,
1182 4229 1432 4283 timemus
1462 4237 1516 4281 et
1540 4228 1855 4290 horremus,

259 4340 364 4379 non
407 4333 628 4394 prepter
657 4323 913 4378 malitiam
955 4321 1310 4391 despicientes
1347 4335 1476 4385 eos,
1517 4319 1611 4374 sed
1641 4326 1860 4390 propter

257 4415 571 4486 dignitatem
603 4413 742 4468 illius
771 4429 801 4467 a
837 4428 942 4484 quo
968 4413 1126 4468 electi
1152 4420 1278 4467 sunt
1307 4419 1618 4466 reverentcs
1644 4428 1658 4465 ε
1690 4409 1859 4464 multo

259 4507 490 4577 amplius
519 4504 571 4559 id
598 4503 774 4562 facere
795 4505 1044 4560 convenit
1071 4520 1195 4574 erga
1224 4519 1317 4559 eos
1342 4519 1475 4573 quos
1505 4504 1665 4574 elegit
1698 4504 1857 4558 Deus.

258 4597 507 4652 Nondum
533 4638 548 4662 ,
578 4596 782 4665 inquit,
832 4597 973 4652 Deus
1013 4596 1281 4651 abdicavit
1322 4596 1474 4650 illum
1521 4595 1858 4666 principatu,

254 4688 497 4745 nondum
521 4687 646 4742 fecit
667 4702 790 4743 eum
825 4703 888 4742 ex
921 4703 1045 4756 rege
1068 4689 1352 4757 privatum.
1377 4687 1560 4758 Itaque
1579 4703 1648 4742 ne
1677 4687 1860 4742 inver-

262 4788 439 4835 tamus
464 4777 729 4844 ordinem,
763 4793 935 4848 neque
964 4793 1259 4848 pugnemus
1289 4793 1408 4833 cum
1439 4779 1569 4842 Deo,
1601 4778 1860 4848 apostoli—

254 4886 386 4928 cum
405 4870 536 4926 illud
566 4869 764 4924 dictum
789 4869 940 4924 factis
967 4879 1283 4942 praestantes
1312 4888 1323 4923 :
1353 4870 1607 4937 Quoniam
1639 4872 1863 4941 quisquis

265 4965 446 5016 resistit
470 4963 727 5033 potestati,
754 4961 850 5016 Dei
870 4962 1178 5016 ordinatioui
1197 4962 1417 5026 resistit;
1442 4963 1745 5034 quicumque
1769 4979 1866 5016 au-

264 5065 361 5108 tem
388 5055 665 5119 resistunt,
695 5053 916 5124 sibiipsis
953 5055 1200 5124 accipient
1239 5054 1614 5107 damnationem
1667 5054 1859 5124 (Rom.

265 5147 354 5201 l5.
379 5145 462 5216 ε).
485 5144 602 5199 Non
633 5144 802 5198 solum
825 5144 1109 5215 appellavit
1140 5141 1286 5199 illum
1316 5144 1600 5208 christum,
1632 5144 1735 5199 hoc
1759 5155 1862 5210 est,

265 5246 483 5292 unctum
511 5247 564 5292 et
593 5252 808 5306 regem;
852 5253 1035 5291 verum
1067 5237 1226 5291 etiam
1262 5253 1418 5291 suum
1461 5236 1738 5292 dominum
1766 5253 1862 5293 vo-

266 5330 426 5385 cavit.
444 5329 563 5385 Non
596 5337 678 5383 est
709 5327 993 5382 mediocris
1021 5328 1392 5400 philosophia,
1411 5329 1617 5384 hostem
1642 5329 1863 5385 honoris

267 5429 322 5473 et
346 5419 590 5490 obsequii
620 5419 890 5474 vocabulis
917 5419 1208 5489 appellare.
1230 5423 1402 5491 Atque
1425 5421 1472 5474 id
1499 5436 1684 5476 rursus
1707 5436 1864 5490 quam

268 5511 338 5566 sit
361 5526 634 5581 magnum.
661 5526 724 5566 ex
751 5512 836 5567 bis
859 5527 978 5581 qua:
1007 5513 1217 5567 eteteris
1233 5513 1480 5568 accidunt
1497 5524 1654 5584 queat
1674 5514 1866 5585 aliquis

269 5603 595 5671 perspicere.
620 5602 866 5672 Plerique
896 5603 1156 5672 siquidem
1199 5604 1444 5661 inimicos
1468 5619 1595 5660 suos
1622 5620 1690 5660 ne
1713 5606 1869 5662 nudis

269 5692 482 5764 quidem
513 5707 578 5746 ac
598 5694 925 5770 simplicibus
953 5695 1257 5750 nominibus
1277 5695 1548 5766 appellare
1576 5697 1865 5766 sustinent,

272 5787 364 5842 sed
403 5787 521 5842 aliis
560 5788 832 5842 vocabulis
868 5787 1068 5843 odiosis
1109 5804 1208 5844 eos
1250 5789 1571 5844 nominant:
1606 5790 1867 5861 impium,

275 5878 542 5945 insanum,
576 5888 751 5935 mente
781 5888 1026 5951 captum,
1056 5879 1307 5949 delirum,
1333 5881 1670 5952 pestilentem
1697 5900 1712 5939 :
1740 5884 1868 5940 alia-

1310 468 1401 527 ne
1436 463 1697 528 DAVIDE
1732 461 1826 522 ur
1861 457 2091 521 sanas
2129 459 2407 520 nouum
2449 459 2490 516 ι.

3449 457 3559 518 086

1947 588 2053 645 que
2077 574 2241 628 multa
2263 578 2554 628 contexunt
2576 612 2591 636 ,
2615 570 2804 642 hisque
2839 569 2982 627 notis
3004 569 3287 643 designant
3318 570 3547 625 hostem.

1947 664 2004 719 ld
2042 679 2164 719 esse
2207 678 2432 729 verum,
2463 663 2720 734 exemplo
2768 679 2875 718 non
2913 663 3125 719 eminus
3158 665 3360 734 petito,
3402 663 3496 718 sed
3526 680 3558 720 θ

1947 754 2194 825 proximo
2221 762 2436 824 sumpto
2457 754 2685 837 docebo,
2713 754 2967 823 nimirum
2995 755 3066 811 ab
3086 754 3192 810 hoc
3221 755 3338 826 ipso
3364 754 3552 818 Same,

1949 848 2036 918 qni
2061 847 2265 918 justum
2293 846 2436 902 hunc
2473 847 2545 902 ob
2582 847 2876 903 vehemens
2923 847 3108 903 odium
3152 863 3260 903 non
3303 849 3560 904 sustinuit

1949 939 2168 1009 proprio
2204 952 2399 994 vocare
2443 939 2691 1006 nomine,
2721 938 2815 994 sed
2865 953 2989 994 cum
3029 935 3317 1010 aliquando
3361 940 3557 995 festum

1948 1031 2216 1102 quoddam
2245 1031 2633 1096 celebraretur,
2663 1031 2951 1102 requirens
2981 1046 3137 1097 eum,
3179 1031 3423 1098 dicebat,
3457 1031 3558 1088 Ubi

1949 1111 2023 1176 est
2048 1122 2188 1191 ﬁlius
2211 1121 2356 1177 leue
2379 1121 2400 1193 (
2423 1123 2474 1177 1.
2503 1121 2631 1195 Reg.
2662 1123 2755 1179 20.
2777 1124 2912 1195 27)?
2936 1122 3026 1180 Sic
3062 1131 3250 1179 autem
3270 1125 3560 1194 appellavit

1949 1228 2073 1270 eum
2104 1213 2298 1282 partim
2337 1213 2462 1269 odio
2503 1216 2701 1285 proprii
2746 1216 3012 1282 nominis,
3057 1218 3250 1287 partim
3293 1219 3555 1288 genitoris

1949 1306 2208 1360 vilitatem
2237 1315 2450 1370 notans,
2483 1319 2707 1375 sperans
2730 1306 2842 1361 fore
2871 1314 2928 1361 ut
2953 1306 3056 1362 hoc
3081 1317 3238 1379 pacto
3260 1308 3389 1379 justi
3420 1308 3558 1364 fama

1952 1393 2447 1450 contaminaretur:
2481 1394 2622 1450 haud
2662 1395 2971 1466 intelligens
3006 1398 3280 1452 hominem
3325 1399 3560 1454 nobilem

1953 1486 2329 1556 illustremque
2368 1485 2520 1541 reddi
2560 1488 2776 1554 solere,
2809 1503 2916 1542 non
2961 1491 3364 1560 progenitorum
3401 1490 3564 1544 clari-

1957 1585 2098 1641 tate,
2129 1576 2224 1631 sed
2272 1577 2437 1632 animi
2467 1579 2682 1634 virtute.
2722 1583 2791 1634 At
2832 1596 2939 1636 non
2986 1582 3170 1637 itidem
3213 1583 3337 1638 fecit
3376 1583 3566 1639 beatus

1907 1707 1920 1711 η
1958 1668 2146 1723 David.
2177 1667 2362 1738 Neque
2388 1669 2533 1724 enim
2565 1670 2735 1740 patris
2764 1680 3123 1741 cognomento
3149 1674 3358 1729 vocavit
3390 1673 3561 1739 illum,

1953 1774 2276 1830 quamquam
2309 1761 2353 1814 is
2380 1775 2592 1830 quoque
2637 1761 2734 1815 fuit
2760 1761 3048 1817 admodum
3095 1763 3314 1818 humilis
3351 1773 3405 1818 et
3432 1779 3564 1819 con-

1957 1861 2190 1921 temptus
2218 1868 2233 1905 :
2261 1866 2437 1921 neque
2468 1853 2612 1906 nudo
2633 1852 2970 1924 simplicique
2996 1855 3213 1910 nomine
3243 1856 3568 1925 designavit,

1955 1944 2051 2000 sed
2072 1943 2344 2014 dignitatis
2373 1953 2427 1998 et
2455 1945 2785 2014 principatus
2807 1946 2979 2001 titulo.
3003 1945 3188 2016 Usque
3209 1947 3346 2002 adeo
3373 1963 3564 2017 purum

1955 2035 2024 2090 ab
2068 2035 2216 2089 omni
2266 2035 2639 2090 malevolentia
2679 2034 2899 2105 gerebat
2942 2037 3200 2091 animum.
3236 2036 3467 2092 Proinde
3510 2048 3565 2090 tu

1957 2141 2192 2197 quoque,
2220 2127 2532 2193 carissime,
2566 2126 2708 2181 hunc
2739 2128 2953 2182 imitans
2977 2169 2992 2193 ,
3023 2129 3152 2182 illud
3186 2130 3236 2182 in
3277 2129 3465 2197 primis
3487 2128 3568 2182 di-

1957 2217 2112 2282 scito,
2149 2233 2216 2274 ne
2258 2233 2510 2287 umquam
2557 2219 2829 2272 inimicum
2871 2218 3073 2274 odiosis
3114 2221 3442 2287 nominibus,
3473 2221 3566 2273 sed

1962 2309 2278 2365 honorificis
2309 2311 2488 2378 potius
2532 2310 2791 2379 appelles.
2830 2310 3041 2364 Etenim
3085 2311 3130 2363 si
3172 2325 3234 2364 os
3275 2311 3573 2366 assueverit

1959 2416 2080 2456 eum
2113 2401 2201 2472 qui
2233 2401 2373 2456 laesit
2405 2401 2625 2456 honoris
2651 2401 3002 2471 obsequiique
3045 2401 3354 2456 nominibus
3381 2404 3568 2469 appel-

1960 2493 2094 2560 lare,
2117 2493 2329 2546 animus
2356 2490 2472 2546 haec
2497 2491 2720 2546 audiens
2739 2506 2768 2545 a
2796 2492 2975 2562 lingua
3000 2490 3190 2546 doctus
3217 2506 3322 2545 non
3346 2490 3571 2559 refugict

1959 2601 2081 2640 cum
2112 2585 2206 2640 illo
2234 2585 2411 2640 redire
2432 2584 2483 2640 in
2512 2586 2760 2655 gratiam.
2788 2584 2924 2639 Nam
2945 2585 3059 2653 ipsa
3081 2584 3243 2639 verba
3273 2581 3568 2638 remedium

1960 2688 2120 2734 erunt
2147 2678 2407 2748 optimum
2430 2678 2625 2733 ulceris
2656 2680 2707 2731 in
2736 2677 2902 2733 corde
2934 2677 3303 2732 tumescentia.

2035 2770 2088 2824 7.
2129 2769 2300 2826 David
2327 2785 2359 2822 a
2387 2769 2530 2822 nobis
2560 2769 2858 2824 imitandus.
2899 2800 2970 2809 —
2995 2769 3118 2824 Haec
3145 2783 3288 2822 nunc
3319 2768 3571 2838 loquutus

1961 2878 2099 2931 sum,
2133 2880 2244 2920 non
2273 2872 2477 2918 tantum
2509 2871 2569 2917 ut
2592 2863 2874 2918 laudemus
2902 2862 3182 2927 Davidem,
3207 2860 3302 2916 sed
3329 2869 3384 2915 ut
3404 2875 3571 2914 temu-

1962 2955 2136 3009 lemur
2164 2969 2396 3024 quoque.
2433 2953 2582 3010 Hanc
2621 2953 2781 3023 igitur
2818 2953 3099 3008 historiam
3126 2952 3178 3007 in
3219 2967 3317 3006 suo
3347 2950 3576 3020 quisque

1963 3044 2128 3099 corde
2152 3043 2252 3098 sibi
2283 3043 2571 3113 depingat,
2609 3044 3065 3114 contemplatione
3094 3044 3256 3097 veluti
3287 3057 3449 3095 manu
3488 3057 3575 3094 as-

1962 3134 2116 3190 sidue
2154 3133 2209 3188 ln
2241 3140 2419 3188 mente
2445 3133 2724 3188 delineans
2752 3134 3064 3201 speluncam
3095 3133 3239 3186 illam
3278 3131 3569 3201 duplicem,

1965 3229 2139 3297 ipsum
2181 3224 2397 3282 Saﬁlem
2427 3223 2570 3279 intus
2595 3223 2954 3279 dormientem
2976 3265 2990 3289 ,
3015 3238 3315 3292 somnoque
3351 3221 3576 3292 perinde

1965 3327 2020 3373 ut
2061 3325 2250 3373 catena
2295 3315 2575 3388 vinctum,
2620 3315 2738 3382 ejus
2783 3329 2941 3383 quem
2995 3313 3314 3383 gravissime
3363 3313 3577 3368 la'serat

1960 3411 2169 3467 dextra:
2214 3407 2556 3477 subjectum;
2608 3405 2776 3461 David
2823 3406 3192 3460 imminentem
3244 3405 3573 3468 dormienti,

1965 3509 2260 3570 praesentes
2290 3498 2507 3562 milites,
2537 3503 2592 3552 et
2619 3495 2686 3550 ad
2714 3495 2916 3550 cmdem
2943 3496 3329 3558 adhortantes;
3359 3498 3574 3550 beatum

1967 3595 2114 3648 illum
2156 3590 2624 3662 philosophantem
2651 3631 2665 3654 ,
2696 3587 2802 3643 hoc
2845 3596 2954 3655 est,
2989 3595 3042 3642 et
3081 3602 3234 3642 suam
3274 3596 3329 3644 et
3360 3588 3573 3642 illorum

1966 3685 2100 3738 iram
2122 3682 2487 3742 cohibentem.
2521 3695 2753 3749 eumque
2778 3681 2868 3750 qui
2900 3689 3005 3733 tam
3036 3680 3200 3734 multa
3231 3689 3572 3748 peccaverat,

1966 3781 2333 3830 excusantem.
2364 3769 2490 3826 Hec
2515 3812 2529 3833 ,
2563 3771 2800 3838 inquam,
2830 3785 2938 3823 non
2970 3770 3142 3824 solum
3186 3769 3239 3824 in
3268 3771 3447 3824 animo
3476 3769 3572 3824 de-

1970 3867 2271 3936 pingamus,
2301 3877 2488 3916 verum
2515 3861 2676 3916 etiam
2713 3860 2764 3914 in
2795 3859 3141 3914 eonsessibus
3168 3859 3311 3914 inter
3342 3873 3441 3913 nos
3485 3874 3575 3911 as-

1966 3956 2118 4012 sidue
2146 3956 2470 4023 loquamur:
2503 3951 2601 4007 has
2635 3951 2775 4021 apud
2803 3965 3045 4015 uxorem,
3081 3949 3178 4004 has
3205 3949 3343 4019 apud
3378 3950 3578 4005 liberos

1967 4049 2276 4120 frequenter
2330 4059 2652 4101 renovemns
2702 4043 3057 4098 narrationes.
3087 4041 3302 4097 Etenim
3347 4041 3463 4097 sive
3509 4043 3578 4098 de

1966 4154 2092 4210 rege
2119 4138 2263 4208 loqui
2296 4136 2467 4204 voles,
2487 4150 2614 4190 ecce
2644 4149 2734 4188 rex
2764 4149 2781 4188 :
2807 4134 2922 4188 sive
2948 4133 3014 4188 de
3045 4133 3323 4200 militibus,
3354 4135 3467 4190 sive
3507 4135 3577 4189 de

1967 4246 2027 4286 re
2073 4227 2360 4293 familiari,
2385 4227 2500 4281 sive
2538 4225 2606 4280 de
2656 4224 2881 4294 publicis
2911 4224 3265 4296 civilibusque
3310 4225 3573 4297 negotiis,

1970 4321 2178 4377 videbis
2199 4321 2250 4374 in
2277 4319 2569 4387 Scripturis
2589 4316 2781 4372 horum
2805 4318 3045 4371 omnium
3071 4331 3318 4388 magnam
3339 4314 3575 4389 c0piani.

1970 4411 2284 4482 llujusmodi
2315 4409 2857 4466 commemorationes
2888 4408 3175 4463 maximam
3203 4409 3438 4464 atl'erunt
3471 4410 3578 4464 uti-

1969 4507 2196 4562 litatem.
2235 4503 2569 4574 lmpossibile
2595 4511 2674 4558 est
2711 4502 2853 4558 enim
2879 4543 2894 4569 ,
2925 4501 3286 4571 impossibile,
3318 4503 3536 4574 inquam
3558 4542 3576 4568 ,

1969 4613 2072 4666 est,
2100 4602 2335 4658 animum
2376 4599 2429 4652 in
2462 4595 2767 4666 hujusmodi
2794 4595 3034 4650 historiis
3059 4604 3386 4662 versantem,
3416 4611 3448 4651 a
3473 4610 3576 4650 cn-

1969 4695 2283 4768 piditatibus
2311 4691 2576 4763 superari.
2605 4688 2749 4760 Ergo
2769 4703 2837 4744 ne
2865 4697 3075 4760 tempus
3098 4688 3358 4744 inutiliter
3382 4703 3578 4745 consu-

1971 4799 2202 4849 mamus,
2227 4796 2362 4838 neve
2388 4781 2551 4835 vitam
2584 4788 2824 4834 nostram
2856 4777 3051 4833 frustra
3079 4785 3317 4833 teramus
3339 4778 3391 4834 in
3417 4782 3581 4853 nugis

1972 4874 2168 4945 ineptis
2198 4889 2260 4928 ac
2294 4870 2740 4942 supervacaneis,
2769 4869 2984 4924 fortium
3025 4869 3266 4923 virorum
3307 4869 3577 4924 discamus

1971 4983 2060 5024 res
2100 4976 2301 5038 gestas,
2336 4979 2400 5019 ac
2439 4963 2508 5019 de
2547 4963 2630 5018 his
2675 4961 2893 5018 assidue
2931 4961 3281 5018 disseramus.
3335 4961 3486 5030 Quod
3535 4963 3578 5016 si

1972 5059 2091 5132 quis
2123 5058 2174 5113 in
2203 5070 2460 5112 consessu
2500 5054 2735 5109 voluerit
2763 5063 2854 5108 aut
2890 5053 2958 5108 de
3003 5042 3478 5123 spectaculis,aut
3514 5054 3580 5108 de

1972 5167 2131 5205 cursu
2161 5161 2445 5219 equorum,
2468 5155 2559 5201 aut
2579 5145 2648 5201 de
2672 5145 2835 5201 rebus
2862 5144 2994 5200 nihil
3016 5145 3083 5199 ad
3111 5154 3163 5200 te
3187 5145 3583 5216 pertinentibus

1973 5241 2132 5296 verba
2163 5238 2362 5303 facere,
2396 5238 2464 5290 ab
2509 5237 2597 5291 illa
2639 5235 2864 5292 materia
2909 5235 2991 5291 fac
3017 5251 3141 5292 eum
3169 5251 3414 5302 revoces,
3445 5245 3499 5292 et
3529 5236 3580 5289 in

1973 5332 2235 5404 ejusmodi
2264 5331 2626 5386 narrationem
2668 5329 2909 5395 inducas,
2937 5346 3045 5401 quo
3069 5330 3229 5386 simul
3263 5340 3317 5387 et
3344 5336 3584 5402 purgatis

1974 5425 2195 5490 animis,
2227 5433 2283 5479 et
2315 5423 2610 5492 voluptate,
2649 5439 2767 5492 qua:
2801 5423 3039 5493 periculo
3065 5435 3278 5491 careat,
3306 5425 3581 5491 delectati,

1974 5517 2207 5586 denique
2248 5515 2350 5585 ipsi
2386 5515 2546 5570 mites
2576 5530 2640 5569 ac
2669 5515 2960 5584 placabiles
2998 5531 3126 5587 erga
3169 5527 3396 5571 cunctos
3442 5515 3584 5570 male

1975 5609 2043 5664 de
2073 5607 2226 5662 nobis
2255 5605 2478 5661 meritos
2509 5605 2654 5673 faeti,
2679 5622 2745 5661 ex
2789 5606 2890 5662 hac
2927 5608 3031 5662 vita
3073 5609 3386 5678 migremus,
3413 5609 3464 5662 in
3498 5605 3577 5661 fn-

1978 5711 2097 5756 turo
2123 5699 2320 5756 saeculo
2354 5699 2560 5754 nullum
2604 5699 2863 5756 habentes
2904 5701 3210 5765 inimicum,
3251 5701 3388 5757 bona
3417 5702 3578 5757 etiam

1977 5803 2177 5847 :eterna
2217 5804 2635 5861 consequamur,
2676 5792 2844 5860 gratia
2873 5799 2929 5847 et
2967 5791 3208 5847 bonitate
3247 5792 3454 5849 Domitii
3485 5806 3578 5848 no-

1979 5884 2073 5938 stri
2102 5881 2229 5938 Jesu
2259 5881 2482 5950 Christi,
2509 5882 2593 5937 cui
2621 5881 2790 5952 gloria
2821 5881 2874 5936 in
2903 5883 3116 5939 secula.
3143 5885 3339 5941 Amen.
