4152 6512
665 379 769 437 881

1257 478 1536 535 IIOMILIA
1575 477 1641 533 ll.

664 597 815 666 Quod
831 609 1067 668 magnum
1085 595 1150 648 sit
1175 595 1382 658 bonum,
1407 609 1508 646 non
1534 601 1727 645 tantum
1748 605 1976 645 meae
1993 593 2243 655 virtutem,

732 684 1051 749 "autetiam
1089 685 1300 741 laudare
1325 700 1344 739 :
1367 683 1598 754 quodque
1641 681 1806 736 David
1838 681 2244 752 magniﬁcentius

732 778 979 841 tropcum
1019 771 1231 824 erexerit
1271 762 1522 840 parcendo
1568 764 1754 829 Saulis,
1800 780 1952 835 quam
1994 773 2246 834 prostrato

727 858 935 914 Goliam
954 859 1212 930 :quodque
1224 859 1330 912 Ittec
1344 857 1534 928 faciem
1552 853 1711 925 magis
1727 853 1970 925 profuerit
1984 849 2078 907 sibi
2096 870 2245 924 quant

730 951 883 1008 Sauli
906 969 927 1007 :
950 952 1109 1022 deque
1126 949 1446 1005 excusatione
1469 948 1628 1019 ipsius
1653 948 1792 1018 apud
1815 945 2042 1002 Saﬁlent.

734 1070 785 1124 1.
812 1065 1048 1122 Laudare
1070 1064 1249 1118 uirtute
1285 1062 1526 1133 praditos
1551 1060 1775 1131 prodest.
1798 1059 2000 1114 -νος
2028 1059 2243 1130 quidem

662 1172 836 1228 nuper
872 1155 1128 1210 laudastis
1157 1153 1412 1208 Davidem
1441 1151 1514 1206 ob
1556 1136 1816 1207 malorum
1865 1151 2243 1216 tolerantiam;

657 1263 758 1318 ego
780 1247 1012 1302 vicissim
1039 1244 1339 1301 admirabar
1377 1253 1611 1299 vestram
1645 1257 1771 1312 erga
1802 1242 2053 1296 Davidem
2082 1241 2242 1297 bene-

657 1333 1046 1394 volentiam'ac
1087 1336 1325 1391 caritatis
1367 1335 1636 1390 aﬁectum.
1685 1332 1800 1388 Non
1849 1332 1991 1386 enim
2033 1340 2245 1401 Oportet

657 1427 808 1483 adire
854 1427 1016 1483 modo
1041 1437 1098 1482 et
1136 1425 1374 1482 temnlari
1417 1421 1702 1486 virtutem,
1750 1421 2102 1490 verumetiam
2148 1437 2244 1478 eos

654 1519 746 1589 qui
773 1520 1023 1574 virtutem
1051 1518 1448 1586 amplectuntur
1465 1555 1479 1580 ,
1506 1513 1751 1570 laudibus
1779 1513 2046 1582 evehere,
2073 1521 2130 1569 et
2150 1513 2243 1570 ad-

656 1592 1282 1677 mirandos'praadicare,
1315 1605 1470 1659 nobis
1499 1603 1729 1658 fructum
1758 1603 1984 1672 aliquem
2010 1617 2243 1673 eumque

655 1683 810 1754 haud
843 1687 1116 1768 vulgarem
1171 1695 1364 1751 aﬁ'ert:
1407 1694 1856 1766 quemadmodum
1900 1708 1967 1748 ex
2009 1692 2243 1748 adverso

656 1789 972 1859 pravitatem
1004 1806 1108 1844 non
1141 1787 1375 1843 aemulari
1419 1797 1642 1851 tantum,
1684 1778 2039 1841 verumetiam'
2076 1785 2130 1839 in
2174 1800 2239 1840 ea

654 1881 891 1949 viventes
933 1880 1186 1944 laudare,
1233 1877 1548 1947 supplicium
1590 1875 1732 1930 haud
1777 1874 2046 1931 mediocre
2088 1874 2241 1930 nobis

653 1979 803 2036 mrat
821 1989 836 2029 :
853 1981 908 2026 ct
934 1973 976 2035 si
995 1971 1072 2026 ias
1099 1981 1182 2026 est
1205 1969 1452 2037 quiddam
1479 1984 1672 2022 novum
1695 1975 1750 2022 et
1773 1964 2140 2023 admirandum
2161 1965 2242 2022 di-

654 2076 809 2126 cere,
836 2063 1048 2133 gravius
1076 2059 1395 2133 supplicium
1425 2067 1605 2115 manet
1630 2059 1769 2125 illos,
1802 2073 1960 2128 quam
1985 2057 2128 2127 ipsos
2150 2058 2239 2128 qui

655 2150 793 2204 male
817 2153 1016 2205 vivunt.
1043 2148 1097 2203 ιιι
1121 2149 1401 2204 declarans
1422 2149 1640 2214 Paulus,
1664 2156 2005 2218 posteaquam
2025 2161 2240 2204 omnem

658 2238 873 2295 malitia:
912 2240 1147 2310 speciem
1177 2247 1583 2304 enumerasset,
1617 2241 2026 2307 accusassetque
2051 2227 2240 2316 omnes

637 2332 744 2400 qui
772 2332 917 2402 leges
944 2332 1034 2403 Dei
1063 2331 1399 2397 concu-lcant,
1430 2330 1500 2386 de
1529 2331 1636 2385 illis
1663 2330 1792 2400 ipsis
1847 2328 2099 2399 subjicit:
2134 2328 2238 2395 Qui

656 2435 774 2473 rum
798 2405 897 2474 Dei
897 2419 1174 2489 justitiam
1189 2430 1412 2489 nossent,
1433 2419 1572 2492 quod
1596 2420 1683 2492 qui
1705 2420 1830 2475 talia
1850 2423 2066 2491 faciunt,
2097 2420 2240 2493 digni

652 2519 772 2566 sunt
799 2498 987 2573 morte.
1035 2528 1138 2566 non
1180 2511 1344 2567 solum
1373 2527 1434 2565 ea
1469 2512 1686 2581 faciunt,
1716 2511 1804 2566 sed
1829 2521 1876 2566 et
1913 2513 2241 2584 comprobant

655 2602 754 2659 illa.
771 2603 1013 2674 facientes
1043 2617 1066 2656 :
1107 2602 1218 2657 ideo
1246 2601 1602 2657 inexcusabilis
1632 2619 1704 2666 es,
1732 2619 1763 2656 o
1792 2603 1939 2656 homo
1960 2601 1979 2673 (
2001 2601 2152 2657 Rom.
2184 2603 2237 2658 1.

658 2694 750 2748 32.
777 2687 890 2748 etc.
914 2692 970 2747 2.
1005 2711 1050 2747 υ.
1082 2695 1160 2762 1).
1190 2693 1350 2748 Vides
1377 2708 1499 2748 eum
1523 2693 1594 2748 ita
1623 2693 1764 2762 loqui
1785 2701 1842 2748 ut
1865 2692 2113 2760 ostendat
2137 2682 2240 2748 hoc

655 2797 778 2838 esse
799 2784 1014 2854 gravius
1041 2783 1153 2838 illo.
1183 2782 1322 2851 Nam,
1347 2782 1562 2839 laudare
1586 2781 1977 2852 delinquentes,
2004 2782 2157 2854 quod
2171 2781 2239 2838 ad

655 2873 969 2949 supplicium
987 2874 1247 2943 pertinet,
1269 2872 1424 2944 longe
1451 2872 1570 2943 plus
1594 2883 1678 2928 est
1704 2887 1866 2944 quam
1886 2872 2240 2944 delinquere!

622 2963 817 3035 'idque
841 2963 963 3035 jure
992 2965 1212 3031 merito,
1241 2965 1361 3036 quia
1399 2965 1502 3020 hoc
1541 2963 1849 3034 suﬁ‘ragium
1889 2965 2242 3036 proﬁciscitur

654 3055 724 3112 ab
751 3056 930 3113 animo
959 3057 1114 3126 plane
1135 3066 1392 3125 corrupto
1411 3097 1426 3119 ,
1458 3066 1515 3112 et
1552 3056 1831 3111 insanabili
1870 3056 2060 3111 morbo
2086 3055 2239 3112 laboo

653 3155 829 3202 route.
854 3146 1126 3216 Siquidem
1149 3148 1195 3200 is
1219 3147 1306 3214 qui
1326 3146 1451 3204 dum
1474 3153 1680 3215 peccat,
1707 3144 2026 3201 condemnat
2047 3161 2238 3216 pecca-

660 3247 772 3304 tum
801 3253 995 3306 muni,
1023 3236 1222 3308 poterit
1250 3236 1539 3306 aliquando
1576 3236 1835 3307 temporis
1863 3250 2147 3308 progressu
2171 3236 2241 3293 ad

653 3344 715 3383 se
739 3328 942 3394 redire;
969 3329 1060 3399 qui
1097 3343 1226 3390 vero
1254 3327 1436 3382 laudat
1464 3326 1720 3382 malitiam
1740 3368 1755 3392 ,
1786 3326 1833 3381 is
1857 3326 2093 3395 seipsum
2128 3328 2238 3399 pri-

656 3421 798 3494 vavit
819 3420 1114 3490 curatione,
1140 3434 1298 3489 quam
1319 3416 1478 3473 adert
1506 3417 1836 3488 pmoitentia.
1861 3417 2091 3474 Proinde
2119 3433 2238 3475 me-

653 3495 761 3566 rito
783 3508 978 3589 Paulus
1012 3509 1373 3579 pronuntiavit
1398 3507 1500 3566 hoc
1527 3509 1621 3565 illo
1647 3522 1767 3566 esse
1793 3509 2026 3582 gravius.
2058 3510 2241 3581 Itaque

655 3602 796 3657 sicut
819 3616 934 3671 non.
978 3611 1185 3656 tantum
1231 3602 1271 3657 ii
1288 3602 1378 3672 qui
1417 3615 1581 3672 prava
1607 3601 1841 3669 iaciunt,
1888 3603 2236 3657 verumetiam

654 3695 743 3764 qui
788 3695 919 3750 tales
954 3695 1176 3749 laudant
1199 3708 1262 3748 ac
1287 3693 1580 3762 pradicant
1601 3734 1618 3758 ,
1645 3693 1886 3747 eamdem
1907 3733 1925 3758 ,
1955 3702 2048 3747 aut
2077 3693 2238 3748 etiam

653 3784 952 3854 graviorem
977 3798 1188 3854 plenam
1217 3782 1512 3857 sortiuntur
1541 3798 1557 3837 :
1586 3783 1657 3836 ita
1682 3781 1772 3852 qui
1798 3781 1968 3837 bonos
1994 3781 2240 3838 laudibus

653 3873 958 3947 vehuntvac
999 3871 1291 3944 przedicant
1324 3912 1343 3939 ,
1383 3885 1702 3945 coronarum
1743 3870 1848 3926 illis
1885 3871 2240 3950 repositorum

581 3995 614 4031 ρ
653 3963 791 4018 ﬁunt
811 3962 1119 4034 participes.
1143 3961 1294 4039 Quod
1321 3962 1497 4035 ipsum
1519 3962 1595 4028 ita
1620 3975 1742 4018 esse
1765 3951 2243 4040 eScriptura'licet

649 4033 973 4124 perspicere.
1012 4054 1151 4110 Deus
1172 4034 1317 4127 enim
1346 4053 1416 4110 ita
1455 4033 1689 4123 loquitur
1715 4033 1945 4114 Abrahae
1975 4070 1991 4105 :
2024 4033 2241 4107 Benedi-

653 4145 876 4199 cantibus
895 4144 982 4200 tibi
1007 4144 1314 4209 benedicens,
1337 4152 1382 4196 et
1403 4142 1814 4197 maledicentibus
1833 4143 1921 4198 tibi
1940 4141 2240 4198 maledicam

652 4233 824 4306 (Gen.
857 4234 944 4307 13.
975 4235 1067 4307 5,).
1098 4232 1248 4307 Idem
1283 4234 1335 4288 in
1364 4230 1656 4304 Olympicis
1693 4231 2073 4296 certaminibus
2101 4231 2242 4292 aeci~

649 4327 777 4399 dere
806 4325 1002 4382 videbit
1034 4323 1440 4401 quivis.,Neque
1458 4322 1601 4394 enim
1627 4322 1827 4380 athleta
1853 4330 2054 4385 tantum
2076 4336 2236 4380 coro-

649 4432 773 4473 nam
797 4408 1032 4492 gestans,
1055 4430 1228 4493 neque
1249 4415 1336 4485 qui
1369 4413 1608 4468 laborem
1631 4426 1696 4468 ac
1722 4410 1974 4468 sudorem
2019 4401 2242 4483 pertulit

651 4507 830 4572 modo,
862 4522 1046 4563 verum
1069 4515 1124 4562 et
1149 4505 1192 4562 is
1215 4505 1303 4575 qui
1329 4504 1509 4572 laudat
1531 4502 1807 4567 victorem,
1839 4517 1946 4571 non
1968 4502 2238 4561 minimam

651 4600 822 4655 laudis
860 4600 1004 4654 illius
1031 4599 1354 4668 voluptatem
1395 4597 1652 4667 decerpit.
1685 4595 2024 4667 Quapropter
2051 4603 2106 4653 et
2138 4612 2239 4668 ego

650 4705 756 4744 non
782 4688 954 4763 solum
983 4703 1299 4761 generosum
1322 4687 1470 4743 illum
1491 4701 1553 4741 ac
1569 4686 1963 4756 magnanimum
1983 4687 2054 4744 ob
2073 4686 2238 4744 animi

649 4780 1037 4852 philosophiam
1078 4781 1290 4834 beatum
1319 4777 1552 4848 praedico
1575 4818 1590 4840 ,
1623 4791 1807 4832 verum
1839 4785 1895 4831 et
1923 4791 2019 4831 vos
2044 4777 2114 4832 ob
2139 4777 2238 4834 be-

649 4872 897 4927 nevolum
929 4886 1051 4940 erga
1081 4870 1230 4926 illum
1256 4869 1512 4923 animum.
1545 4866 1638 4922 Ille
1666 4880 1895 4935 namque
1921 4868 2147 4921 certavit
2173 4882 2240 4924 ac

650 4963 774 5016 vicit
801 5002 817 5028 ,
848 4967 1225 5032 coronamque
1256 4959 1370 5012 tulit
1401 4975 1416 5012 :
1457 4972 1552 5012 vos
1581 4968 1755 5013 autem
1797 4957 1918 5029 quia
1965 4957 2240 5012 victoriam

648 5052 920 5118 laudastis,
938 5067 1043 5107 non
1067 5051 1384 5108 mediocrem
1406 5065 1617 5106 corona:
1640 5057 1842 5118 partem
1859 5049 2009 5105 vobis
2027 5051 2238 5107 tulistis.

650 5143 717 5199 Ut
756 5145 914 5215 igitur
956 5143 1177 5198 uberior
1203 5143 1272 5197 sit
1314 5141 1468 5196 vobis
1514 5143 1611 5196 ista
1642 5141 1882 5212 voluptas
1907 5183 1921 5206 ,
1950 5157 2012 5196 ac
2039 5141 2243 5199 fructus

649 5235 999 5290 abundantior
1024 5278 1038 5298 ,
1070 5233 1294 5305 agedum
1326 5234 1560 5303 reliquas
1584 5249 1794 5302 quoque
1823 5233 1977 5302 hujus
2004 5233 2242 5292 historia:

651 5335 827 5392 partes
849 5326 994 5380 vobis
1017 5325 1404 5394 persolvamus.
1428 5325 1558 5379 Cum
1588 5324 1821 5378 historiae
1849 5326 2076 5392 scriptor
2098 5341 2244 5380 com-

655 5428 1008 5472 memorasset
1034 5419 1194 5472 verba
1211 5413 1231 5482 ζ
1259 5416 1454 5486 quibus
1483 5415 1643 5470 David
1677 5416 1873 5470 caedem
1904 5415 2207 5484 reprobavit
2227 5459 2240 5480 ,

653 5510 876 5577 subjecit
901 5509 1064 5574 :Non
1095 5510 1319 5577 permisit
1341 5509 1466 5574 illis,
1511 5519 1566 5563 ut
1591 5519 1856 5578 surgerent
1880 5519 1927 5562 et
1955 5511 2241 5564 occiderent

656 5597 785 5654 Sua!
816 5600 902 5668 (1.
933 5599 1058 5672 Reg.
1095 5601 1182 5657 24.
1217 5601 1294 5670 8)
1323 5618 1335 5653 :
1368 5600 1523 5655 simul
1566 5609 1622 5656 et
1667 5599 1879 5655 illorum
1923 5599 2129 5655 animos
2174 5600 2240 5655 ad

655 5685 851 5746 cu-dem
884 5706 1175 5763 promptos,
1203 5703 1257 5749 et
1284 5693 1440 5764 hujus
1482 5692 1844 5749 fortitudinem
1871 5693 2242 5752 demonstrare

657 5784 854 5840 volens.
907 5788 972 5842 At
1017 5787 1164 5844 multi
1227 5785 1494 5857 εωθιαυί
1541 5785 1786 5845 videntur
1828 5784 2188 5862 phiIOSOpharl
2217 5829 2234 5862 ,

1444 369 1502 426 S.
1541 365 1820 426 JOANNIS
1853 363 2330 426 CBRYSOS‘I'OMI
2369 364 2688 424 ARCHIEP.
2729 363 3269 424 CONSTAN'I‘INOP.

3848 367 3946 430 ωδ

2351 476 2560 534 etiamsi
2592 478 2691 548 ipsi
2722 477 2776 533 in
2802 493 2861 535 se
2893 493 2998 533 non
3025 479 3287 550 recipiunt
3331 478 3678 536 homicidium
3703 520 3720 546 ,
3761 482 3947 537 nolunt

2353 578 2530 624 tamen
2559 570 2694 625 alios
2731 569 2821 639 qui
2849 570 3050 625 eadem
3097 581 3285 642 parant
3307 571 3600 627 cohibere.
3627 573 3698 627 At
3727 586 3839 628 non
3880 574 3945 628 ita

2353 657 2538 726 David,
2565 660 2658 715 sed
2684 659 2904 729 perinde
2924 674 2986 715 ac
3007 660 3052 716 si
3073 661 3373 731 depositum
3391 661 3609 732 aliquod
3626 662 3947 732 accepisset.

2351 764 2448 820 pro
2487 768 2594 824 quo
2622 754 2884 810 rationem
2925 754 3231 810 redditurus
3258 763 3404 810 esset
3429 794 3444 819 ,
3489 755 3561 810 ita
3592 768 3703 810 non
3742 763 3946 810 tantum

2350 845 2464 913 ipse
2492 859 2597 900 non
2625 846 2800 916 attigit
2825 846 3119 910 Inimicum,
3145 862 3330 906 verum
3351 848 3515 903 etiam
3541 848 3676 903 alios
3703 847 3948 904 occidere

2347 936 2589 991 volentes
2614 939 2872 1006 coercuit,
2901 939 3117 995 satelles
3149 939 3384 1009 optimus
3409 949 3464 995 et
3497 942 3744 1010 corporis
3766 955 3946 998 custos

2349 1043 2444 1098 pro
2462 1027 2614 1083 hoste
2635 1028 2822 1086 iactus.
2846 1031 3029 1102 Itaque
3049 1048 3154 1087 non
3175 1032 3478 1087 aberrarita
3498 1035 3766 1114 vero,’qui
3788 1034 3950 1101 dicat,

2349 1118 2602 1174 Davidem
2633 1118 2686 1174 id
2728 1123 2985 1192 temporis
3013 1121 3065 1176 in
3093 1122 3313 1193 gravius
3343 1123 3591 1179 incidisse
3619 1123 3914 1180 discrimen
3932 1167 3948 1192 ,

2346 1225 2506 1281 quam
2537 1211 2709 1282 ipsum
2748 1203 2992 1269 Saulem.
3020 1213 3208 1282 Neque
3234 1215 3380 1270 enim
3412 1215 3530 1270 leve
3557 1225 3834 1272 certamen
3863 1227 3953 1288 pe-

2345 1302 2678 1374 riculumque
2698 1303 3012 1368 sustinebat,
3037 1303 3163 1358 dum
3189 1305 3438 1360 omnibus
3461 1305 3634 1362 modis
3655 1307 3952 1363 conabatur

2345 1393 2491 1448 illum
2531 1395 2601 1450 ab
2641 1394 2849 1452 insidiis
2873 1395 3120 1467 eripere,
3153 1411 3288 1466 quas
3315 1397 3363 1451 ei
3405 1396 3665 1467 parabant
3704 1399 3948 1455 milites:

2345 1497 2518 1553 neque
2540 1485 2766 1556 perinde
2792 1486 3063 1542 metuebat
3078 1502 3145 1543 ne
3165 1489 3280 1558 ipse
3296 1489 3644 1554 occideretur,
3666 1504 3732 1546 ac
3764 1488 3953 1546 fortui-

2344 1571 2503 1630 dabat
2531 1590 2601 1630 ne
2629 1576 2749 1646 quis
2777 1577 3003 1634 militum
3035 1576 3130 1632 iras
3152 1577 3458 1646 obsequens
3489 1579 3824 1636 interﬁceret
3852 1580 3951 1637 bo-

2343 1663 2542 1719 minem
2573 1683 2587 1720 :
2619 1680 2846 1736 eamque
2876 1667 2944 1721 ob
2974 1682 3189 1722 causam
3211 1669 3478 1736 ejusmodi
3498 1682 3846 1726 commentus
3864 1683 3948 1728 est

2342 1755 2765 1812 excusationem.
2803 1758 2976 1827 Atque
3002 1757 3078 1812 illi
3105 1758 3320 1828 quidem
3355 1759 3699 1824 accusabant.
3730 1777 3952 1818 accusa.

2342 1847 2500 1902 batur
2525 1857 2718 1904 autem
2744 1848 2878 1905 Sainl'
2902 1849 3178 1905 dormiens
3207 1890 3222 1913 ,
3254 1851 3350 1906 sed
3381 1851 3616 1908 defendit
3661 1853 3912 1910 inimicus
3935 1897 3952 1923 ,

2346 1937 2489 1994 Deus
2523 1954 2654 1994 vero
2672 1937 2833 2009 iudex
2866 1949 2983 1994 erat
3002 1982 3016 2006 ,
3047 1955 3110 1995 ac
3139 1940 3354 1996 Davidis
3381 1942 3707 2000 sententiam
3748 1944 3952 2000 conﬁr-

2343 2031 2526 2085 mavit;
2549 2029 2731 2102 Neque
2753 2031 2893 2087 enim
2919 2033 3122 2102 absque
3146 2031 3242 2088 Dei
3268 2033 3518 2102 praesidio
3541 2033 3803 2092 valuisset
3830 2037 3956 2093 illos

2344 2124 2582 2181 furentes
2601 2124 2817 2180 vincere
2841 2142 2855 2180 :
2883 2125 2978 2181 scd
3004 2126 3118 2180 haec
3141 2133 3256 2182 erat
3278 2126 3369 2182 Dei
3393 2127 3559 2198 gratia
3591 2129 3644 2183 in
3672 2128 3957 2202 propheta;

2336 2214 2498 2271 labiis
2525 2214 2768 2295 residens
2786 2256 2801 2280 ,
2827 2232 2947 2286 qua:
2973 2217 3132 2270 veluti
3159 2216 3443 2288 suadelam,
3469 2219 3758 2290 quamdam
3787 2219 3955 2276 adde-

2343 2303 2459 2379 bat“
2479 2301 2626 2362 illius
2667 2307 2862 2363 verbis.
2907 2307 3140 2364 Tametsi
3177 2310 3284 2364 non
3344 2310 3462 2365 leve
3513 2321 3848 2368 momentum
3897 2322 3954 2370 et

2343 2398 2508 2455 David
2528 2399 2634 2456 huc
2656 2389 2854 2467 attulit,
2878 2400 2968 2471 qui
2991 2383 3241 2471 quoniam
3266 2402 3386 2458 illos
3406 2402 3686 2474 superiore
3707 2412 3956 2475 mpm

2342 2490 2422 2544 sic
2445 2490 2780 2557 instituerat,
2809 2490 3007 2546 idcirco
3032 2495 3085 2546 in
3125 2493 3352 2548 articulo
3380 2494 3696 2549 certaminis
3734 2507 3954 2565 paratos

2343 2579 2464 2634 illos
2489 2593 2552 2634 ac
2596 2580 2889 2651 morigeros
2919 2583 3142 2650 reperit.
3183 2581 3477 2638 Prael'uerat
3517 2583 3662 2638 enim
3703 2584 3808 2639 illis
3839 2600 3952 2640 non

2342 2677 2402 2724 ut
2426 2669 2549 2725 belli
2575 2669 2681 2725 dux
2711 2670 2968 2748 militibus
2989 2713 3003 2734 ,
3033 2671 3128 2727 sed
3164 2681 3222 2728 ut
3263 2673 3516 2728 sacerdos
3540 2713 3554 2738 ,
3582 2671 3805 2746 jamque
3828 2690 3955 2747 spe-

2343 2759 2500 2815 Iunca
2530 2761 2616 2817 illa
2644 2754 2763 2817 erat
2788 2761 3042 2818 ecclesia.

2415 2852 2740 2923 Sacriﬁcium
2783 2853 2935 2923 oﬂ'ert
2972 2852 3082 2910 Deo
3133 2853 3300 2910 David
3323 2897 3340 2924 ,
3386 2855 3660 2912 immutans
3699 2859 3852 2912 iram.
3881 2889 3956 2906 -

2342 2943 2434 3000 Sic
2457 2944 2906 3014 quemadmodum
2941 2945 3135 3017 aliquis
3167 2947 3406 3019 episcopi
3448 2947 3669 3004 sortitus
3707 2958 3912 3024 munus
3933 2993 3948 3017 ,

2342 3036 2409 3092 ad
2441 3037 2561 3092 illos
2583 3037 2897 3094 concionem
2933 3039 3159 3094 habebat
3185 3079 3202 3104 ,
3231 3053 3296 3094 ac
3328 3029 3541 3109 thraca
3572 3042 3840 3098 concione
3865 3058 3953 3099 sa.

2343 3127 2600 3182 oriﬁcium
2627 3128 2840 3194 obtulit,
2873 3128 3031 3199 idque
3051 3128 3366 3185 admirabile
3395 3130 3665 3199 quoddam
3695 3130 3953 3206 dictuque

2343 3219 2676 3286 incredibile,
2708 3235 2817 3276 non
2844 3230 3076 3276 mactato
3103 3222 3268 3278 vitulo
3287 3262 3303 3288 ,
3332 3230 3423 3277 aut
3451 3222 3632 3279 occiso
3658 3238 3826 3294 agno,
3856 3225 3949 3281 sed

2342 3311 2485 3386 quod
2519 3311 2602 3367 his
2633 3317 2750 3366 erat
2790 3312 2958 3366 multo
2983 3311 3449 3378 honoriﬁcentius,
3477 3312 3948 3376 mansuetudinem

2342 3411 2400 3459 et
2447 3391 2830 3458 humanitatem
2891 3401 3125 3458 oﬂerems
3176 3403 3292 3459 Deo
3323 3443 3339 3465 .
3391 3411 3551 3474 atque
3588 3403 3950 3460 irrationabili

2342 3494 2688 3562 animimotu
2717 3503 2970 3562 mactato,
2993 3495 3277 3565 occisaque
3321 3494 3617 3562 iracundia,
3647 3505 3704 3552 et
3723 3499 3954 3554 mortiﬁ-

2343 3585 2476 3652 catis
2506 3584 2785 3651 membris,
2810 3599 2930 3654 quae
2967 3593 3090 3639 sunt
3115 3598 3276 3653 super
3305 3592 3526 3640 terram.
3567 3583 3635 3640 Et
3661 3584 3836 3642 factus
3871 3599 3956 3644 est

2343 3677 2484 3734 idem
2513 3687 2624 3733 tum
2650 3677 2862 3733 victima
2882 3719 2899 3745 ,
2932 3685 3040 3734 tum
3069 3677 3397 3733 sacriﬁcatus
3419 3717 3436 3744 ,
3462 3677 3768 3746 tumeliam
3798 3678 3952 3750 (Coi.

2345 3771 2398 3826 5.
2430 3769 2466 3826 5
2484 3771 2524 3841 ),
2543 3768 2818 3840 Siquidem
2842 3777 2899 3824 et
2920 3769 3057 3823 ratio
3070 3783 3189 3839 qua
3204 3766 3468 3824 oﬁ'erebat
3480 3769 3952 3828 mansuetudinem

2343 3870 2505 3931 atque
2530 3859 2934 3923 humanitatem,
2954 3869 3010 3914 et
3025 3859 3136 3928 ipsa
3153 3858 3458 3914 humanitas
3476 3872 3541 3914 ac
3558 3860 3943 3927 mansuetudo,

2344 3953 2573 4024 denique
2610 3965 2706 4006 cor
2742 3951 2796 4006 in
2834 3964 2942 4021 quo
2971 3949 3087 4005 lucc
3127 3949 3527 4017 oﬁerebantur,
3569 3952 3755 4008 omnia
3795 3963 3953 4012 erant

2344 4041 2584 4113 ejusdem
2616 4040 2868 4098 hominis.
3370 4115 3373 4117 ί

2369 4129 2374 4137 ’
2414 4131 2471 4186 2.
2512 4124 2870 4202 Posteaquam
2914 4131 3074 4202 igitur
3109 4130 3248 4187 hanc
3276 4129 3606 4189 immolasset
3633 4131 3950 4204 praclarum

2344 4224 2615 4279 victimam
2639 4265 2655 4290 ,
2691 4234 2816 4279 tunc
2863 4223 3140 4278 victoriam
3181 4223 3400 4289 retulit,
3447 4237 3621 4294 nomne
3653 4225 3949 4299 quidquam

2348 4315 2688 4386 praetermisit
2710 4314 2854 4384 quod
2873 4314 2939 4369 ad
2970 4323 3225 4384 tropaeum
3256 4322 3542 4384 spectaret,
3568 4329 3713 4371 sum
3723 4319 3806 4372 xit
3826 4327 3952 4373 tan-

2345 4406 2470 4463 dem
2496 4406 2687 4462 ltorum
2709 4405 3061 4462 certaminum
3091 4403 3310 4460 materia
3336 4403 3487 4470 Salii,
3508 4412 3564 4460 et
3584 4419 3844 4474 egressus
3868 4416 3953 4465 est

2344 4513 2376 4555 e
2397 4499 2671 4571 spelunca,
2693 4501 2908 4570 ignarus
2929 4497 3166 4552 omnium
3189 4511 3308 4567 qua:
3326 4501 3476 4567 gesta
3499 4495 3727 4552 fuerant.
3760 4496 3952 4569 Egres-

2345 4608 2432 4645 sus
2471 4599 2543 4645 est
2583 4601 2753 4644 autem
2793 4587 3082 4657 pastillum
3121 4595 3168 4640 et
3207 4585 3378 4641 Dauid
3401 4586 3420 4658 (
3445 4588 3498 4642 1.
3540 4583 3670 4658 Reg.
3706 4587 3803 4642 91.
3832 4589 3948 4660 9).

2346 4682 2528 4738 liberis
2555 4680 2818 4751 deinceps
2846 4680 3020 4734 oculis
3060 4678 3254 4734 caelum
3278 4678 3492 4733 intuens
3515 4718 3532 4742 ,
3560 4692 3626 4734 ac
3665 4689 3782 4734 tum
3811 4689 3948 4736 tem-

2348 4773 2492 4845 poris
2516 4776 2681 4844 magis
2709 4772 3142 4843 gaudens,‘quam
3168 4785 3289 4826 cum
3307 4768 3521 4826 Goliath
3542 4773 3946 4841 prostravissct,

2344 4882 2409 4922 ac
2448 4866 2658 4922 barbari
2687 4875 2846 4936 caput
2873 4873 3220 4936 amputasset.
3251 4862 3525 4932 Siquidem
3555 4862 3672 4917 haec
3709 4863 3800 4920 illa
3831 4880 3947 4920 tm-

2345 4959 2682 5029 gniiicentior
2707 4965 2822 5012 erat
2851 4956 3091 5016 victoria.
3126 4954 3240 5011 hac
3266 4953 3722 5029 magniﬁcentiora
3753 4941 3942 5026 spolia,

2348 5053 2412 5107 lia
2433 5067 2462 5110 c
2489 5050 2672 5123 praeda
2707 5049 2996 5114 illustrior,
3027 5049 3132 5104 hoc
3159 5047 3440 5119 gloriosius
3480 5040 3770 5118 troptcum.
3814 5048 3944 5105 Nam

2346 5146 2451 5202 illic
2477 5154 2532 5200 et
2562 5141 2720 5198 funda
2765 5150 2818 5196 et
2844 5139 3109 5211 lapidibus
3145 5148 3201 5195 et
3238 5138 3353 5194 acie
3383 5138 3614 5194 habebat
3649 5153 3790 5211 opus
3817 5157 3834 5196 :
3861 5137 3945 5206 hic

2346 5253 2473 5294 vero
2493 5245 2683 5317 cqucta
2711 5231 2989 5303 prudentia
3011 5230 3322 5301 rationeque
3345 5238 3556 5300 peracta
3576 5238 3722 5296 sunt,
3747 5245 3813 5287 ac
3828 5232 3943 5288 sine

2346 5328 2507 5383 armis
2547 5325 2768 5394 contigit
2811 5323 3031 5377 victoria
3057 5364 3071 5386 ,
3104 5329 3262 5393 atque
3311 5322 3648 5377 incruentum
3681 5319 3938 5393 troptum

2332 5427 2582 5475 erectum
2627 5427 2730 5472 est.
2765 5415 2951 5486 Itaque
2993 5413 3154 5469 rediit
3196 5428 3303 5469 non
3347 5412 3565 5468 barbari
3604 5413 3748 5470 illius
3785 5424 3940 5486 caput

2345 5519 2559 5580 gestans
2585 5549 2600 5573 ,
2629 5507 2720 5562 sed
2742 5505 2904 5560 animi
2928 5503 3340 5560 commotionem
3380 5502 3619 5558 sedatam
3641 5541 3660 5572 ,
3685 5503 3782 5561 sed
3808 5504 3938 5562 irata

2347 5609 2652 5656 enervatam
2684 5614 2700 5653 :
2726 5612 2898 5669 neque
2927 5597 3042 5652 haec
3078 5597 3248 5665 spolia
3289 5595 3529 5666 reposuit
3548 5594 3935 5669 Jerosolyma.

2347 5693 2438 5750 sed
2467 5695 2519 5748 in
2559 5692 2693 5749 creto
2717 5731 2731 5756 ,
2758 5691 2920 5762 inque
2959 5703 3192 5761 superna
3232 5686 3319 5744 illa
3363 5687 3599 5744 civitate.
3639 5686 3796 5746 Nunc
3833 5703 3934 5744 non

2346 5785 2572 5846 choreas
2598 5793 2817 5858 agentes
2836 5781 3050 5842 obviam
3075 5781 3360 5842 veniebant
3377 5778 3593 5838 femina:
3615 5780 3933 5857 excipientes

4112 6043 4115 6060 t
