4106 6520
280 443 390 500 689

282 558 433 615 illum
462 573 583 614 cum
610 558 875 624 laudibus,
904 556 997 613 sed
1026 555 1335 627 angelorum
1368 554 1591 624 populus
1612 569 1643 608 e
1666 552 1877 607 sublimi

280 650 657 721 spplaudebat,
683 650 953 704 admirans
982 649 1096 718 ejus
1128 648 1518 718 pliiloSOpliiaiti
1551 656 1605 699 et
1632 645 1877 698 humaui-

282 748 469 796 tatem.
497 740 751 794 Ascendit
770 739 912 793 enim
937 739 1090 794 haste
1117 738 1423 792 vulneribus
1448 736 1741 791 innumeris
1761 748 1883 788 sau-

276 832 422 887 ciato
444 870 460 894 ,
492 840 549 884 ιιι
577 830 665 899 qui
708 831 914 885 tametsi
943 838 1213 885 servasset
1238 829 1456 883 Saulem
1482 869 1495 893 ,
1525 837 1700 881 tamen
1732 826 1879 880 illum

278 934 469 976 revera
499 920 703 975 hostem
733 920 1001 975 diabolum
1035 920 1215 974 multis
1244 919 1411 988 plagis
1451 916 1696 971 conﬁxit.
1730 915 1882 970 Sicut

278 1012 424 1067 enim
467 1011 619 1066 uobis
668 1027 762 1081 per
808 1012 1135 1066 iracundiam
1183 1012 1321 1067 inter
1350 1024 1447 1065 nos
1484 1008 1876 1079 pugnantibus,

275 1115 333 1160 et
357 1118 541 1161 mutuo
565 1107 813 1162 eonllictu
843 1107 1073 1172 collisis,
1114 1106 1203 1161 ille
1234 1118 1342 1161 tum
1384 1105 1616 1176 gaudet,
1651 1116 1760 1160 tum
1790 1107 1882 1159 la:-

276 1203 463 1249 tatur:
495 1196 566 1250 ita
611 1196 764 1251 nobis
808 1211 991 1266 pacem
1036 1206 1090 1251 et
1133 1196 1474 1250 concordiam
1520 1195 1875 1264 habentibus,

273 1286 517 1357 iramque
545 1287 947 1342 moderantibus
969 1329 984 1353 ,
1018 1286 1566 1342 rursuscontrahitur
1590 1302 1653 1341 ac
1689 1286 1877 1356 dejici-

276 1387 379 1443 tur,
409 1379 658 1434 nimirum
692 1379 866 1435 hostis
894 1380 1041 1450 pacis
1069 1389 1122 1435 et
1150 1380 1398 1434 inimicus
1436 1379 1738 1434 concorditc
1766 1420 1783 1444 ,
1824 1393 1879 1439 et

274 1470 487 1526 invidia:
528 1481 699 1541 pater.
748 1473 1008 1542 Egressus
1053 1481 1139 1527 est
1183 1473 1342 1542 igitur
1386 1471 1549 1526 David
1575 1513 1589 1540 ,
1634 1472 1874 1527 dextram

271 1562 416 1617 illam
446 1563 606 1617 totius
632 1563 776 1619 orbis
799 1565 969 1634 pretio
992 1579 1174 1633 parem
1196 1565 1351 1619 simul
1376 1579 1497 1620 cum
1524 1566 1698 1634 capite
1717 1579 1874 1618 coro-

270 1664 451 1710 natam
478 1665 711 1724 gestans.
745 1655 893 1711 Sicut
921 1657 1062 1711 enim
1103 1671 1247 1725 saepe
1277 1656 1629 1726 Imperatores
1654 1670 1872 1723 eorum,

274 1747 367 1817 qui
399 1748 612 1817 egregie
646 1762 707 1802 se
737 1748 788 1801 in
818 1746 1053 1818 pugilum
1084 1750 1379 1804 certamine
1410 1758 1719 1819 gesserunt,
1747 1759 1873 1805 ante

267 1850 430 1909 caput
469 1850 728 1895 coronant
772 1839 1016 1895 dextram
1061 1850 1154 1896 aut
1198 1842 1391 1912 pugilis
1440 1849 1533 1896 aut
1576 1843 1875 1912 pancratia-

266 1939 368 1986 sta:
395 1927 474 2002 (α)
509 1932 622 1986 :ita
665 1943 717 1987 et
760 1932 901 1987 Deus
944 1948 1158 1988 manum
1204 1934 1348 1987 illam
1394 1935 1714 2002 coronavit,
1751 1949 1870 2005 quae

265 2023 499 2094 gladium
532 2039 721 2094 purum
750 2025 983 2094 potuerit
1003 2026 1254 2094 educere,
1279 2042 1569 2097 ensemque
1594 2028 1702 2083 Deo
1728 2028 1872 2084 nullo

267 2113 528 2182 sanguine
567 2114 987 2169 contaminatum
1008 2114 1293 2171 ostendere
1318 2158 1332 2180 ,
1361 2116 1592 2187 denique
1615 2116 1872 2173 adversus

268 2213 469 2258 tantam
502 2203 791 2259 iracundia:
836 2194 1130 2275 procellam
1166 2207 1438 2263 resistere.
1465 2208 1581 2263 Non
1623 2225 1871 2280 egressus

263 2304 349 2349 est
374 2302 589 2365 gestans
613 2295 789 2350 Saulis
818 2295 1061 2352 diadema
1086 2338 1101 2365 ,
1132 2297 1226 2352 sed
1253 2313 1503 2368 egressus
1533 2307 1617 2354 est
1654 2312 1870 2370 gestans

263 2406 517 2447 coronam
537 2392 790 2462 justitiaa;
818 2406 925 2448 non
955 2407 1203 2464 egressus
1228 2402 1310 2448 est
1336 2404 1552 2463 gestans
1579 2395 1721 2464 regis
1745 2410 1868 2465 pur-

261 2500 483 2555 puream
520 2496 743 2552 vestem,
776 2485 871 2542 sed
903 2500 1153 2557 egressus
1185 2494 1269 2541 est
1292 2486 1516 2540 amictus
1542 2485 1870 2542 humanitate

264 2584 508 2630 naturam
533 2574 819 2630 humanam
840 2585 1151 2646 superante,
1175 2574 1315 2646 quod
1340 2576 1557 2646 pallium
1581 2584 1662 2631 est
1683 2577 1869 2646 quavis

262 2667 400 2721 stola
431 2666 876 2737 magniﬁcentius.

336 2761 540 2829 Confert
566 2760 808 2815 Davidem
838 2778 950 2814 cum
976 2761 1132 2816 tribus
1154 2764 1337 2829 pueris.
1362 2760 1515 2814 Nihil
1539 2762 1692 2814 tutius
1716 2777 1868 2829 quam

264 2870 471 2923 parcere
492 2854 715 2907 inimico.
734 2854 1085 2923 —Egressus
1111 2863 1193 2909 est
1218 2871 1247 2908 e
1271 2854 1545 2924 spelunca,
1578 2862 1717 2922 tanta
1746 2868 1865 2907 cum

261 2946 464 3015 gloria,
505 2960 624 2999 cmn
664 2954 859 3013 quanta
890 2954 996 2998 tres
1025 2945 1173 3013 pueri
1200 2945 1399 3014 egressi
1432 2952 1556 2997 sunt
1599 2958 1629 2997 e
1658 2943 1867 2996 camino

260 3036 505 3091 ardente.
555 3022 683 3090 Nam
717 3046 774 3090 ut
806 3036 925 3090 illos
960 3051 1064 3089 non
1111 3036 1313 3090 exussit
1345 3035 1480 3105 ignis
1504 3074 1518 3098 ,
1549 3035 1620 3088 ita
1654 3034 1739 3087 hic
1762 3049 1864 3087 non

264 3127 619 3196 eonﬁagravit
648 3126 739 3180 ira:
774 3126 1040 3180 incendio.
1085 3124 1155 3179 Et
1194 3126 1297 3180 illis
1324 3124 1539 3194 quidem
1569 3123 1699 3179 loris
1735 3123 1866 3179 nihil

260 3218 432 3288 ignis,
462 3218 510 3270 in
539 3232 643 3285 quo
669 3217 1051 3282 versabantur,
1085 3217 1305 3287 nocuit(
1322 3216 1461 3271 Dan.
1486 3217 1558 3289 5)
1590 3236 1602 3272 :
1628 3218 1713 3273 hic
1736 3233 1864 3273 vero

261 3324 386 3364 cum
417 3310 559 3363 intus
587 3308 809 3363 haberet
848 3310 1109 3364 carbones
1136 3323 1397 3364 accensos
1421 3350 1436 3376 ,
1469 3324 1589 3364 cum
1621 3308 1751 3364 l‘oris
1781 3310 1861 3363 vi-

262 3401 414 3457 deret
432 3402 701 3455 diabolum
722 3401 988 3456 caminum
1012 3400 1407 3466 incendentem,
1431 3400 1499 3456 ab
1519 3400 1718 3455 inimici
1738 3415 1868 3456 con—

259 3504 469 3565 specto,
493 3494 560 3548 ab
578 3495 949 3549 exhortatione
970 3495 1219 3561 militum,
1242 3511 1270 3549 a
1289 3494 1541 3551 facilitate
1556 3494 1866 3564 perﬁciendi

269 3608 283 3637 ι
302 3587 496 3652 aedem,
517 3602 546 3641 a
574 3586 860 3642 solitudine
879 3602 1063 3641 eorum
1085 3587 1175 3655 qui
1192 3586 1334 3641 Sauli
1356 3596 1579 3657 possent
1599 3585 1862 3651 auxiliari,

260 3693 290 3730 a
327 3678 717 3746 przeteritorum
749 3678 1004 3732 memoria
1032 3718 1047 3741 ,
1091 3691 1120 3728 a
1164 3676 1465 3730 futurorum
1508 3674 1864 3746 periculorum

260 3772 406 3817 metu
439 3761 733 3833 (siquidem
767 3765 882 3816 hmc
925 3772 979 3815 et
1003 3761 1316 3826 sarmentis,
1347 3760 1495 3831 pice,
1533 3758 1775 3830 stipulis,
1803 3776 1868 3817 ae

258 3855 471 3910 caeteris
500 3854 778 3917 omnibus,
809 3853 1003 3923 quibus
1034 3853 1274 3907 caminus
1303 3852 1394 3908 ille
1424 3851 1747 3925 Babylonius
1784 3853 1866 3906 in-

262 3944 615 4010 cendebatur,
644 3944 958 3998 lucidiorem
982 3943 1287 3999 excitabant
1311 3942 1579 3998 ﬂammam
1599 3942 1620 4013 )
1639 3984 1655 4009 ,
1684 3952 1863 3999 tamen

259 4053 371 4097 non
408 4038 606 4093 exarsit
634 4037 825 4103 David,
855 4052 1029 4106 neque
1056 4037 1161 4091 ullo
1202 4046 1355 4105 pacto
1383 4037 1460 4092 sic
1491 4035 1589 4090 fuit
1616 4034 1857 4103 allectus,

262 4141 321 4185 ut
346 4139 760 4186 consentaneum
790 4138 905 4183 erat
930 4144 1050 4183 eum
1076 4128 1214 4184 cl‘ﬁci
1242 4147 1254 4183 :
1280 4128 1374 4183 sed
1399 4128 1563 4183 exivit
1594 4143 1777 4198 purus,
1809 4137 1865 4183 et

252 4226 485 4279 intuitus
512 4223 710 4277 inimici
736 4222 946 4289 faciem,
974 4222 1098 4278 hinc
1117 4223 1349 4278 maxime
1373 4224 1600 4291 sumpsit
1625 4224 1861 4278 animum

262 4317 455 4373 l'ortcm
502 4332 565 4371 ac
610 4315 1058 4385 pliilosOphicum.
1106 4314 1240 4370 Cum
1288 4316 1431 4369 enim
1468 4314 1675 4369 videret
1711 4315 1863 4371 illum

259 4400 501 4463 doruiirc
527 4450 541 4471 ,
585 4423 647 4462 ac
677 4422 895 4461 manere
942 4407 1272 4463 immobilem
1299 4449 1313 4472 ,
1358 4421 1531 4476 neque
1574 4406 1861 4477 quidquam

261 4511 423 4567 posse
451 4495 648 4562 facere,
680 4512 778 4551 suo
807 4513 928 4553 cum
960 4497 1139 4550 animo
1167 4497 1419 4563 loquutus
1440 4505 1523 4552 est
1552 4512 1567 4549 :
1600 4497 1687 4551 ubi
1718 4512 1862 4551 nunc

259 4588 354 4644 ille
378 4588 561 4642 furor?
584 4588 669 4642 ubi
694 4588 779 4642 illa
812 4588 1045 4642 malitia?
1067 4587 1151 4642 ubi
1178 4596 1253 4642 tot
1272 4590 1502 4655 teclmm,
1529 4598 1605 4643 tot
1629 4589 1862 4644 insidiae?

260 4680 523 4736 Abierqu
543 4682 717 4735 omnia
744 4680 856 4742 illa,
883 4681 1263 4753 perieruntquc
1282 4680 1455 4751 exigui
1481 4680 1653 4735 somni
1684 4681 1862 4736 incur-

258 4787 326 4830 su
351 4790 363 4827 :
389 4772 529 4843 jacet
555 4773 803 4842 alligatus
830 4788 956 4839 rex,
990 4788 1110 4827 cum
1153 4772 1284 4826 nihil
1318 4771 1509 4827 horum
1543 4788 1642 4827 nos
1686 4789 1858 4842 neque

257 4865 690 4936 cogitaverimus,
717 4880 886 4933 neque
904 4862 1306 4932 perlecerimus.
1320 4862 1697 4933 Couspiciebat
1713 4864 1859 4919 illum

258 4957 705 5022 dormientem,ac
718 4957 784 5011 de
800 4965 970 5011 morte
984 4956 1229 5010 omnibus
1245 4956 1511 5010 communi
1525 4954 1866 5026 philosopha-

258 5048 437 5105 batur.
478 5046 707 5102 Somnus
742 5049 883 5102 enim
906 5045 1035 5100 nihil
1063 5047 1205 5101 aliud
1226 5056 1331 5110 est,
1354 5062 1515 5117 quam
1543 5062 1688 5103 mors
1726 5058 1863 5103 tem—

267 5139 480 5211 poraria
504 5179 520 5204 ,
552 5148 606 5194 et
629 5137 968 5209 quotidianus
1010 5139 1277 5193 interitus.
1309 5138 1459 5193 Haud
1485 5139 1862 5209 intempestive

258 5230 383 5304 quis
421 5230 505 5285 hic
547 5231 850 5285 meminerit
891 5231 1051 5284 etiam
1096 5230 1348 5286 Danielis.
1398 5230 1857 5297 Quemadmodum

258 5323 405 5379 cnim
429 5312 517 5378 ille
535 5322 775 5378 ascendit
795 5337 823 5375 a
847 5322 963 5377 lacu
991 5323 1254 5392 superatis
1277 5321 1403 5378 leris
1430 5322 1672 5380 leonibus
1694 5322 1857 5393 (Dan.

260 5418 376 5485 Η)
408 5459 425 5483 ,
459 5418 529 5472 ita
558 5426 616 5473 et
656 5417 742 5472 hic
781 5434 811 5471 e
847 5432 1013 5486 specu
1060 5418 1295 5487 prodiit,
1321 5417 1439 5473 aliis
1476 5417 1661 5476 bestiis
1707 5418 1862 5489 longe

255 5508 578 5567 saevioribus
618 5508 866 5563 devictis.
896 5508 1027 5563 Nam
1067 5508 1208 5564 sicut
1242 5509 1387 5579 justo
1415 5509 1490 5562 illi
1526 5509 1709 5564 leones
1737 5510 1861 5564 hinc

257 5612 427 5673 atque
455 5587 579 5659 hinc
602 5601 929 5669 assidebam,
962 5601 1033 5657 ita
1062 5600 1205 5658 hunc
1231 5601 1477 5657 omnibus
1503 5600 1750 5657 leonibus
1777 5601 1858 5656 el-

284 5780 403 5892 u1a)
438 5780 770 5852 pancratiastae
794 5784 935 5828 erant
956 5777 1058 5851 qui_
1079 5779 1128 5827 in
1152 5776 1407 5849 pentstltlo
1444 5788 1535 5849 seu
1559 5777 1608 5826 in
1643 5777 1861 5850 quinque

356 5844 397 5891 is
421 5848 632 5891 victores
654 5839 866 5892 luerent.
889 5839 955 5889 de
980 5840 1157 5892 quibus
1184 5838 1317 5889 ludis
1354 5836 1576 5892 pluribus
1598 5851 1792 5892 eamus
1817 5853 1861 5887 ιιι

261 5846 397 5892 ludis
421 5846 632 5891 victores
654 5846 866 5901 fuerant,
889 5846 955 5889 de
980 5846 1157 5902 quibus
1184 5846 1317 5889 ludis
1354 5846 1576 5902 pluribus
1598 5851 1628 5886 e
1668 5846 1678 5850 '
1733 5852 1792 5888 ns
1817 5846 1861 5887 in

259 5901 396 5955 libro
413 5902 476 5954 dc
493 5903 798 5969 Antiquitate
820 5898 1166 5966 explanatione
1184 5909 1235 5953 et
1256 5900 1587 5954 schematibus
1605 5851 1859 5952 ﬂii-strata.

1324 438 1413 495 DE
1458 436 1708 493 D.\\'le
1753 434 1840 491 ΕΤ
1878 435 2106 493 SAULE
2148 440 2421 499 ll0.llll.l.-\
2473 445 2534 501 ll.

1991 552 2272 613 feratiorcs
2299 573 2361 613 ac
2385 562 2668 616 validiores
2696 565 2856 619 animi
2886 576 3061 621 motus
3089 566 3401 625 invaserunt
3431 590 3443 625 :
3468 572 3593 629 hinc

1992 645 2285 716 indignatio
2317 651 2383 706 de
2417 656 2721 721 pra-teritis,
2756 656 2901 711 illinc
2924 656 3220 714 futurorum
3251 673 3466 719 metus:
3499 680 3593 718 ve-

1991 756 2107 794 rum
2142 744 2329 797 horum
2360 756 2642 816 utrumque
2672 748 2759 804 hic
2782 752 3040 818 coercuit,
3075 754 3381 825 oraqbesﬁis
3408 754 3593 812 occlu-

1988 829 2141 897 dcns,
2174 832 2304 901 ipsis
2336 834 2483 890 laetis
2509 838 2708 893 docens
2728 882 2743 904 ,
2767 841 2899 895 nihil
2930 857 3050 897 esse
3080 843 3243 899 tutius
3273 852 3434 915 quam
3464 863 3591 918 par-

1989 938 2113 978 ecre
2138 928 2375 990 inimico,
2409 941 2593 984 contra
2627 932 2755 986 nihil
2787 934 3158 1002 periculosius,
3183 952 3341 1004 quam
3372 954 3429 993 se
3450 940 3591 995 velle

1988 1008 2167 1063 ulcisci
2190 1026 2252 1065 ac
2281 1012 2565 1067 vindictam
2587 1029 2821 1071 sumere.
2852 1018 3002 1073 Alter
3030 1019 3187 1087 igitur
3211 1021 3300 1089 qui
3331 1031 3592 1078 statuerat

1988 1098 2240 1157 invadere
2264 1144 2278 1169 ,
2313 1104 2484 1158 nudus
2528 1116 2581 1160 et
2624 1106 2843 1162 inermis
2868 1150 2882 1173 ,
2912 1110 3268 1181 omnibusque
3296 1112 3589 1170 destitutus

1986 1191 2197 1247 auxiliis
2220 1210 2321 1246 non
2345 1195 2501 1250 aliter
2521 1212 2680 1265 quam
2702 1199 2944 1267 captivus
2967 1201 3018 1253 in
3042 1216 3231 1256 manus
3254 1203 3453 1257 inimici
3478 1214 3589 1257 tra—

1985 1281 2127 1336 ditus
2164 1284 2375 1352 jacebat
2408 1304 2420 1338 :
2454 1286 2538 1340 hic
2581 1302 2706 1342 vero
2750 1289 2875 1343 dum
2927 1292 3112 1357 cedit,
3161 1302 3216 1347 et
3256 1294 3453 1364 ubique
3497 1295 3590 1350 dat

1984 1372 2180 1440 locum,
2210 1375 2440 1446 dumque
2468 1394 2533 1432 ne
2557 1377 2700 1447 juste
2725 1380 2939 1450 quidem
2978 1383 3090 1436 vult
3112 1399 3300 1438 manus
3328 1386 3587 1454 injicere,

1982 1467 2100 1521 sine
2126 1468 2407 1532 machinis,
2441 1471 2557 1524 sine
2583 1473 2748 1527 armis
2768 1514 2782 1540 ,
2817 1474 2932 1529 sine
2959 1476 3196 1544 equitatu
3216 1519 3229 1540 ,
3259 1478 3380 1532 eine
3407 1480 3590 1532 militi-

1982 1558 2099 1623 bus,
2134 1561 2340 1615 hostem
2371 1561 2420 1613 ia
2455 1570 2775 1630 potestatem
2807 1578 2958 1619 suam
2982 1567 3226 1635 accepit;
3257 1568 3476 1637 etquod
3503 1577 3588 1623 est

1981 1650 2219 1704 omnium
2252 1650 2577 1718 maximum,
2611 1653 2778 1709 Deum
2819 1669 2942 1725 erga
2984 1671 3043 1710 se
3085 1656 3586 1714 benevolentiorem

1980 1740 2234 1797 reddidit.

2050 1835 2102 1887 3.
2140 1836 2344 1902 Quanta
2380 1838 2683 1909 lucrifeccrit
2722 1839 2918 1908 David,
2960 1851 3155 1897 servato
3188 1843 3365 1898 Saﬁle.
3417 1845 3584 1901 Multo

1978 1928 2145 1998 majus
2176 1946 2381 1997 parcere
2405 1948 2557 2001 quam
2594 1934 2819 2000 perdere.
2850 1965 2925 1974 —
2949 1934 3062 1987 Non
3092 1935 3234 1989 enim
3264 1951 3330 1990 eo
3358 1936 3577 1992 beatum

1978 2022 2210 2089 prazdico
2236 2034 2477 2077 sanctum
2509 2025 2657 2079 illum
2677 2068 2689 2091 ,
2718 2028 2857 2095 quod
2895 2027 3101 2082 hostem
3139 2028 3331 2083 viderit
3359 2030 3458 2083 sub
3486 2046 3584 2099 pe-

1979 2111 2133 2166 dibus
2166 2114 2277 2168 suis
2298 2114 2589 2184 iacentem,
2622 2118 2715 2173 sed
2748 2119 2890 2189 quod
2920 2120 2992 2173 illi
3024 2120 3075 2173 in
3108 2136 3297 2175 manus
3327 2121 3452 2176 dato
3485 2136 3583 2191 pc-

1977 2205 2226 2273 perccrit.
2252 2207 2488 2272 Quorum
2518 2209 2743 2263 alterum
2774 2208 2875 2263 fuit
2900 2226 3035 2279 opus
3061 2210 3255 2264 (liviuze
3289 2213 3539 2280 potentia:
3562 2253 3577 2278 ,

1975 2297 2199 2353 alterum
2241 2301 2353 2369 ejus
2392 2300 2761 2371 philosophia}.
2798 2301 3079 2367 Quomodo
3102 2302 3301 2355 milites
3323 2300 3579 2372 deinceps

1978 2387 2472 2447 illum-observasse
2501 2399 2918 2444 consentaneum
2953 2389 3051 2443 l‘uit
3072 2432 3085 2457 ,
3119 2401 3314 2459 quanta
3341 2407 3464 2461 erga
3508 2393 3576 2445 il-

1975 2479 2082 2533 lum
2115 2479 2484 2535 benevolentia
2525 2480 2689 2536 fuisse
2731 2480 2992 2537 allectos?
3039 2481 3169 2535 Nam
3212 2482 3257 2535 si
3293 2482 3438 2537 mille
3479 2481 3577 2536 ba.

1974 2569 2216 2625 buisscnt
2246 2572 2412 2636 vitas,
2440 2586 2619 2625 annon
2646 2582 2891 2641 prompte
2935 2572 3319 2641 impendisscnt
3352 2588 3449 2640 pro
3476 2588 3576 2626 suo

1972 2661 2139 2725 duce,
2168 2663 2278 2732 jam
2310 2678 2373 2717 ex
2407 2665 2700 2719 reverentia
2733 2679 2890 2733 quam
2920 2664 3056 2717 hosti
3086 2666 3329 2733 przrstilit
3351 2708 3365 2731 ,
3398 2666 3575 2735 reipsa

1975 2767 2312 2826 perspectum
2344 2757 2629 2823 habentes,
2675 2771 2833 2825 quam
2860 2757 3176 2811 benevolum
3208 2759 3443 2814 animum
3476 2772 3575 2830 ge-

1973 2860 2118 2904 reret
2147 2864 2270 2919 erga
2296 2849 2467 2904 suos?
2494 2850 2625 2903 Nam
2658 2850 2702 2904 is
2728 2850 2815 2919 qui
2855 2850 3000 2903 mitis
3028 2866 3091 2905 ac
3121 2860 3435 2905 mansuetus
3460 2862 3577 2907 erat

1974 2940 2025 2994 in
2055 2953 2148 2995 eos
2169 2982 2182 3005 ,
2229 2955 2259 2993 a
2290 2940 2482 3009 quibus
2514 2941 2755 2994 molestia
2789 2939 3011 2993 affectus
3033 2950 3147 3005 est,
3195 2941 3362 2994 tnulto
3404 2942 3577 3010 magis

1972 3032 2073 3085 erit
2103 3046 2224 3100 erga
2254 3030 2544 3085 benevolos
2575 3047 2696 3085 cum
2729 3031 2978 3085 allectum
3002 3040 3249 3099 gesturus
3277 3049 3289 3084 :
3319 3046 3437 3101 qua:
3460 3048 3578 3102 pro-

1973 3124 2111 3181 fecto
2142 3141 2228 3181 res
2256 3124 2355 3180 fuit
2379 3124 2453 3179 illi
2478 3124 2769 3179 maximum
2796 3124 3101 3179 securitatis
3129 3124 3345 3194 pignus.
3373 3126 3440 3179 At
3463 3140 3569 3180 non

1973 3218 2024 3272 in
2071 3216 2240 3287 ipsum
2266 3216 2426 3272 modo
2471 3216 2940 3271 benevolentiores
2986 3225 3181 3281 erant,
3217 3216 3571 3270 verumetiam

1972 3310 2230 3365 adversus
2263 3310 2446 3365 hostes
2473 3311 2831 3380 promptiores
2865 3326 2877 3363 :
2907 3308 3049 3380 quod
3075 3310 3276 3363 scirent
3314 3324 3373 3363 se
3404 3308 3571 3362 Deum

1972 3403 2173 3459 habere
2202 3412 2668 3474 propugnatorem,
2693 3403 2783 3473 qui
2814 3418 3029 3472 semper
3050 3402 3261 3457 adesset
3284 3401 3425 3466 duci,
3458 3416 3575 3456 om-

1972 3498 2127 3552 nibus
2159 3497 2303 3551 illius
2330 3498 2495 3568 gestis
2525 3495 2875 3567 prospiciens.
2910 3494 3114 3549 Idcirco
3146 3503 3329 3563 postea
3362 3490 3571 3559 Davidi,

1973 3603 2077 3642 non
2110 3588 2219 3658 jam
2262 3596 2318 3641 ut
2363 3587 2562 3641 homini
2591 3629 2605 3651 ,
2657 3586 2751 3641 sed
2782 3595 2837 3640 ut
2862 3585 3052 3655 angelo
3082 3584 3357 3653 parebant.
3392 3583 3573 3653 itaque

1972 3678 2137 3733 David
2163 3687 2215 3733 et
2245 3680 2552 3748 priusquam
2588 3679 2729 3732 Deus
2756 3678 2856 3746 ipsi
2890 3676 3193 3730 mercedem
3226 3673 3571 3743 rependeret,

1970 3770 2131 3825 etiam
2159 3769 2212 3823 in
2240 3770 2339 3823 hac
2355 3768 2460 3823 vita
2488 3769 2659 3838 majus
2686 3770 2890 3838 accepit
2913 3767 3215 3837 praemium,
3235 3780 3297 3820 ac
3320 3766 3572 3821 illustrio-

1972 3877 2085 3916 rem
2119 3861 2238 3916 tulit
2285 3861 2561 3916 victoriam
2593 3868 2806 3916 servat'o
2833 3859 3013 3923 Saﬁle,
3038 3874 3195 3928 quam
3226 3858 3269 3911 si
3301 3872 3423 3912 eum
3448 3872 3567 3912 ma-

1969 3960 2185 4009 ctasset.
2214 3951 2366 4019 Quod
2393 3952 2534 4006 enim
2567 3960 2768 4004 tantum
2789 3948 3148 4006 lucrifecisset
3173 3950 3358 4003 occiso
3383 3948 3566 4012 hoste.

1969 4054 2224 4117 quantum
2266 4058 2408 4098 nunc
2438 4042 2557 4097 tttlit
2604 4040 2681 4095 illi
2718 4038 3033 4111 parcendo?
3066 4038 3189 4091 Haec
3236 4037 3396 4107 igitur
3431 4046 3486 4091 et
3519 4047 3568 4095 tt

1972 4147 2147 4192 tecum
2174 4134 2440 4205 expende,
2474 4134 2560 4187 ubi
2593 4133 2800 4201 ceperis
2827 4146 2948 4186 cum
2980 4132 3067 4201 qui
3094 4139 3146 4184 te
3184 4130 3319 4185 lmsft
3344 4171 3361 4197 ,
3402 4130 3573 4185 tnulto

1969 4245 2088 4284 esse
2116 4230 2288 4298 majus
2315 4242 2378 4281 ac
2407 4225 2669 4280 lucrosius
2695 4238 2919 4296 parcere
2943 4264 2958 4291 ,
2997 4237 3155 4293 quam
3184 4220 3434 4292 perdere.
3481 4220 3571 4276 Si-

1969 4322 2185 4393 quidem
2231 4321 2275 4375 is
2297 4319 2387 4390 qui
2420 4318 2615 4373 occidit
2654 4316 2930 4371 inimicum
2956 4355 2970 4379 ,
3014 4315 3325 4387 frequenter
3360 4323 3415 4369 et
3455 4312 3573 4383 ipso

1969 4429 2089 4470 sese
2114 4410 2513 4476 condemnabit,
2540 4424 2758 4479 pravam
2784 4421 2978 4479 gerens
2998 4406 3403 4470 conscientiam,
3437 4404 3567 4460 dum

1970 4510 2021 4562 in
2048 4507 2286 4576 singulos
2311 4502 2425 4559 dies
2450 4512 2503 4557 et
2532 4499 2769 4571 singulas
2794 4500 2956 4554 horas
3002 4514 3032 4552 a
3075 4505 3297 4568 peccato
3336 4495 3430 4551 illo
3474 4510 3567 4550 ur-

1968 4608 2126 4670 gente
2156 4595 2422 4667 al‘lligetur
2452 4612 2465 4648 :
2497 4603 2553 4648 at
2578 4593 2669 4664 qui
2697 4592 2933 4662 pepercit
2959 4632 2973 4655 ,
3019 4588 3278 4660 brevique
3326 4598 3574 4658 tempore

1968 4692 2096 4746 vicit
2121 4688 2342 4744 affectus
2372 4699 2520 4748 suos,
2552 4692 2671 4753 post
2696 4681 2929 4737 exsultat
2957 4695 3020 4735 ac
3044 4680 3341 4736 delectatur
3366 4678 3568 4748 Optima

1970 4796 2066 4851 spe
2092 4778 2255 4834 fultus
2277 4818 2290 4843 ,
2339 4792 2403 4831 ac
2442 4774 2740 4830 tolerantia:
2768 4772 2990 4844 pramiia
3011 4779 3330 4841 exSpectans
3359 4784 3391 4825 a
3435 4773 3569 4825 Deo.

1967 4870 2121 4940 Quod
2152 4871 2194 4925 si
2223 4867 2437 4940 quando
2478 4866 2530 4921 in
2562 4865 2777 4936 aliquod
2818 4865 3017 4919 malum
3060 4861 3347 4927 inciderit,
3404 4861 3569 4917 multa

1968 4978 2089 5018 cum
2121 4960 2312 5016 ﬁducia
2343 4958 2647 5014 mercedem
2692 4972 2725 5012 a
2759 4956 2871 5013 Deo
2897 4965 3146 5026 reposcet
3173 4973 3187 5009 :
3215 4952 3541 5025 quemadmo
3560 4982 3572 4996 ο

1968 5054 2096 5110 dum
2124 5064 2179 5109 et
2203 5053 2290 5108 hic
2316 5067 2507 5123 magna
2538 5052 2781 5122 miraque
2810 5051 2865 5103 in
2891 5049 3100 5103 hostem
3131 5046 3384 5103 exhibita:
3409 5060 3540 5103 rcvo
3559 5075 3571 5087 -

1968 5146 2156 5202 rentia:
2182 5145 2395 5214 praemia
2444 5143 2697 5212 deinceps
2738 5140 2993 5195 divinitus
3036 5138 3257 5209 recepit.
3300 5137 3410 5205 Sed
3451 5152 3572 5210 quas

1969 5245 2266 5306 sequuntur
2308 5232 2606 5288 videamus.
2670 5230 2845 5287 Exivit
2890 5228 3059 5283 David
3106 5245 3133 5283 e
3175 5228 3419 5297 spelunca
3460 5236 3573 5299 post

1971 5331 2214 5394 Saﬁlem,
2263 5328 2599 5399 clamavitque
2633 5335 2747 5396 post
2782 5314 2928 5378 illum
2954 5366 2969 5385 ,
3012 5324 3086 5377 ita
3118 5321 3289 5376 dicens
3310 5336 3329 5375 :
3356 5320 3574 5376 Domine

1969 5424 2038 5476 uti
2067 5439 2174 5477 rex.
2208 5419 2272 5474 Et
2297 5420 2514 5492 respexit
2544 5417 2675 5474 Sui!
2699 5425 2810 5484 post
2834 5426 3029 5487 tergum
3050 5430 3219 5479 suum,
3242 5422 3291 5466 et
3317 5412 3576 5467 inclinans

1968 5533 2023 5571 se
2052 5514 2220 5569 David
2262 5514 2315 5567 in
2367 5513 2498 5583 facie
2542 5520 2825 5581 prostratus
2851 5502 2904 5561 in
2948 5518 3132 5560 terram
3174 5504 3405 5559 adoravit
3458 5520 3575 5559 eunt

1970 5608 2063 5676 (l.
2091 5607 2217 5676 Reg.
2245 5603 2334 5659 Ἦ.
2363 5604 2453 5672 9).
2479 5601 2605 5657 ιιςυο
2635 5618 2741 5655 ιιοη
2773 5601 2949 5653 minus
2989 5596 3238 5652 adferunt
3268 5600 3571 5653 ornamenti

1973 5700 2189 5763 Davidi,
2222 5714 2381 5769 quam
2426 5706 2669 5752 servatus
2716 5694 2903 5748 hostis.
2948 5692 3130 5762 Neque
3164 5691 3307 5746 enim
3337 5688 3572 5760 vulgaris

1973 5802 2089 5849 erat
2130 5792 2293 5847 animi
2321 5832 2335 5857 ,
2386 5806 2491 5845 non
2522 5789 2694 5843 iullari
2742 5786 3018 5843 beneﬁciis
3048 5786 3098 5839 in
3131 5785 3435 5855 proximum
3463 5784 3571 5839 cul-

1973 5888 2126 5955 latis.
2174 5899 2347 5956 neque
2395 5886 2473 5939 sic
2518 5880 2655 5935 allici
2708 5889 2767 5935 ut
2808 5878 2983 5935 solent
3030 5874 3273 5949 plerique
3308 5889 3341 5933 e
3372 5874 3575 5947 vulgo,
