4152 6490
633 542 724 609 qui
763 533 981 608 perinde
1007 538 1063 586 ut
1091 523 1353 595 mancipia
1393 517 1708 609 superciliis
1731 509 1970 609 adductis
2009 503 2189 609 despi-

633 595 784 685 ciuni
805 639 934 695 quos
965 618 1221 675 beneficio
1254 611 1484 684 juverint
1508 609 1527 676 (
1547 623 1577 660 a
1596 605 1637 676 ).
1682 605 1752 658 At
1778 616 1882 695 non
1912 599 1982 650 ita
2009 595 2194 695 beatus

637 683 835 779 llavid,
865 711 988 782 quin
1008 709 1194 779 potius
1217 683 1335 774 post
1361 702 1594 768 impensa
1634 690 1884 747 beneficia
1910 683 2196 740 modestior

637 805 894 877 apparuit.
924 801 983 857 In
1025 811 1182 854 causa
1213 794 1346 858 fuit,
1385 787 1523 860 quod
1551 783 1678 877 nihil
1707 793 1906 877 eorum.
1918 790 2037 877 quae
2062 785 2194 841 pra:-

635 865 781 952 citire
806 903 953 966 gesta
983 891 1222 950 fuerant,
1267 897 1376 937 sua:
1402 880 1564 948 ipsius
1589 872 1856 966 industrize
1879 865 2195 966 ferebat-ac-

639 953 847 1056 ceptum
869 1025 883 1047 ,
916 981 1008 1036 sed
1035 988 1201 1033 totum
1231 973 1408 1028 divino
1438 965 1641 1024 muneri
1667 959 2017 1018 adscribebat.
2045 953 2196 1009 Ideo-

639 1055 744 1146 que
767 1074 853 1143 qui
878 1076 1135 1132 servarat,
1159 1064 1296 1118 idem
1312 1058 1563 1114 adorabat
1581 1061 1867 1113 servatum,
1885 1055 2200 1146 rursumque

844 1156 1165 1218 nominabat,
1194 1162 1250 1207 et
1272 1164 1331 1205 se
1355 1160 1589 1207 servum,
1624 1142 1693 1197 ob
1720 1139 1856 1193 illius
1890 1133 2198 1232 dignitatem

643 1220 802 1305 animi
832 1260 1090 1303 tumorem
1120 1242 1412 1310 reprimens
1435 1275 1451 1300 ,
1484 1236 1719 1301 iramque
1744 1229 2008 1294 mitigans,
2040 1232 2092 1276 et
2121 1220 2202 1272 in-

646 1340 835 1394 vidiam
863 1337 1201 1391 submovens.
1235 1327 1523 1383 Audiamus
1543 1333 1704 1391 porro
1733 1327 1786 1371 et
1810 1313 2199 1369 excusationem

647 1431 835 1498 ipsam.
866 1425 968 1480 Cur
989 1423 1135 1477 audis
1158 1419 1304 1473 verba
1329 1413 1520 1486 populi,
1549 1409 1814 1464 dicentium
1836 1447 1849 1467 ,
1892 1401 2020 1455 Ecce
2044 1397 2203 1498 David

643 1489 820 1588 quierit
845 1517 1062 1571 animam
1088 1523 1221 1564 tuam
1247 1509 1318 1578 (1.
1340 1505 1467 1574 Reg.
1491 1502 1583 1556 2i.
1616 1499 1680 1554 10
1700 1497 1764 1566 )?
1805 1495 1872 1550 Et
1910 1503 2083 1547 tamen
2115 1489 2203 1559 qui

651 1610 787 1664 hanc
816 1601 1124 1671 conscripsit
1149 1596 1420 1652 historiam
1441 1632 1455 1657 ,
1502 1591 1648 1661 prius
1673 1588 1805 1642 dixit
1834 1592 2000 1638 totum
2034 1595 2203 1650 popu-

650 1701 756 1752 lum
793 1696 954 1749 fuisse
985 1707 1104 1747 cum
1152 1686 1310 1742 David
1337 1726 1352 1751 ,
1391 1697 1615 1752 eumque
1651 1677 1936 1749 gratiosum
1964 1673 2128 1726 fuisse
2150 1671 2202 1724 in

654 1787 820 1839 oculis
848 1795 1116 1838 servorum
1145 1778 1304 1848 regis,
1337 1783 1390 1830 et
1410 1770 1662 1844 principis
1689 1768 1846 1822 lilium
1874 1764 2204 1819 universum-

651 1892 751 1944 que
780 1873 1065 1929 exercitum
1105 1868 1281 1922 animo
1317 1851 1528 1919 stetisse
1551 1877 1579 1914 a
1610 1857 1804 1913 Davide
1833 1854 1927 1926 (2.
1959 1852 2088 1944 Reg.
2109 1849 2204 1944 18.

652 1942 737 2018 16.
763 1963 850 2016 22.
882 1963 970 2016 28.
996 1969 1040 2013 et
1068 1976 1115 2012 c.
1145 1958 1230 2013 l9.
1260 1957 1334 2024 1).
1361 1954 1474 2021 Quo
1501 1957 1652 2021 pacto
1674 1945 1931 2017 igiturhic
1955 1943 2029 1996 ait
2051 1942 2209 1995 fuisse

655 2054 742 2120 qui
773 2053 900 2105 falso
927 2048 1192 2104 deferrent
1229 2047 1430 2114 ipsum,
1467 2056 1531 2095 ac
1554 2039 1767 2096 Sainlem
1794 2037 1847 2090 in
1874 2049 1993 2090 eum
2019 2047 2210 2103 provo-

653 2141 874 2195 carent?
897 2137 1045 2205 Quod
1066 2137 1204 2194 enim
1229 2149 1332 2189 non
1352 2133 1572 2186 aliorum
1603 2127 1870 2188 instinctu,
1895 2122 1987 2178 sed
2016 2123 2127 2190 ipse
2147 2135 2209 2175 es

642 2231 869 2300 ‘proprio
891 2229 1064 2280 animo
1095 2224 1345 2278 malitiam
1387 2221 1521 2274 hanc
1564 2216 1852 2287 peperisset
1874 2253 1890 2276 .
1921 2222 1978 2266 ut
2019 2211 2210 2266 bellum

654 2299 863 2389 gereret
878 2331 997 2371 cum
1017 2314 1181 2382 justo,
1205 2308 1488 2365 declaravit
1506 2306 1592 2376 qui
1618 2303 1858 2358 volumen
1878 2299 2210 2367 conscripsit,

654 2427 774 2465 cum
805 2411 876 2464 ait
902 2424 932 2461 e
960 2405 1203 2460 laudibus
1232 2402 1442 2456 Davidis
1472 2407 1645 2454 natam
1672 2410 1789 2452 esse
1824 2393 2069 2449 invidiam
2094 2432 2109 2456 ,
2152 2403 2214 2444 ac

657 2500 845 2556 deinde
873 2499 1102 2553 crevisse
1139 2497 1190 2549 in
1225 2494 1339 2548 dies
1363 2493 1435 2562 (1.
1454 2491 1576 2561 Reg.
1598 2491 1682 2544 18.
1710 2488 1761 2543 9.
1785 2487 1899 2558 29).
1926 2486 2093 2550 Quam
2121 2482 2217 2551 igi-

658 2600 743 2643 tur
766 2588 835 2642 ob
862 2600 1070 2641 causam
1097 2585 1297 2639 crimen
1325 2581 1586 2636 transtulit
1606 2579 1656 2632 in
1683 2578 1845 2642 alios,
1871 2575 2052 2630 dicens
2079 2592 2093 2627 :
2117 2573 2218 2627 Cur

658 2679 807 2732 audis
828 2679 970 2732 verba
992 2675 1162 2745 populi
1184 2674 1274 2737 tui,
1293 2671 1584 2736 dicentium,
1604 2669 1729 2723 Ecce
1742 2666 1905 2720 Dauid
1920 2664 2094 2734 quierit
2110 2662 2221 2716 ani-

659 2791 791 2827 mam
811 2784 946 2827 tuam
964 2770 1260 2828 INimirum
1286 2776 1344 2822 ut
1368 2765 1440 2820 illi
1468 2764 1725 2833 prmberet
1752 2759 2081 2814 occasionem
2113 2771 2213 2811 ex-

660 2862 892 2919 cutiendi
919 2861 1190 2916 malitiam.
1221 2859 1330 2912 Hoc
1355 2856 1598 2910 nimirum
1625 2862 1678 2908 et
1698 2859 1940 2922 parentes
1963 2863 2104 2920 saepe
2132 2849 2212 2902 fa-

661 2953 805 3006 ciunt
849 2964 971 3020 erga
1020 2949 1193 3014 tilios,
1240 2946 1363 3000 dum
1409 2941 1666 3015 quispiam
1717 2939 2007 3010 corripiens
2054 2937 2216 2992 lilium

661 3055 812 3094 suum
835 3046 1158 3107 corruptum,
1187 3035 1452 3104 multaque
1479 3040 1750 3102 apemtum
1786 3030 1949 3094 mala,
1981 3026 2220 3099 quamvis

661 3130 761 3184 sibi
793 3141 1100 3198 persuasum
1131 3125 1321 3181 habeat
1343 3165 1360 3190 ,
1404 3123 1550 3179 illum
1581 3137 1646 3177 ex
1676 3121 1886 3192 propria
1930 3119 2128 3175 malitia
2152 3117 2220 3174 ad

661 3221 896 3290 perditos
920 3232 1095 3273 mores
1125 3216 1388 3286 appulisse
1414 3255 1430 3282 ,
1472 3213 1778 3282 frequenter
1806 3220 1980 3266 tamen
2009 3210 2063 3266 in
2089 3209 2221 3264 alios

661 3309 866 3378 culpam
896 3306 1099 3376 reiicit,
1147 3307 1218 3359 ita
1263 3305 1484 3374 loquens
1513 3320 1526 3355 :
1551 3302 1681 3356 Novi
1725 3316 1828 3355 non
1869 3300 2033 3355 fuisse
2069 3308 2218 3355 tuum

663 3396 912 3451 delictum
933 3436 948 3461 ,
975 3394 1067 3449 sed
1096 3394 1184 3448 alii
1212 3403 1262 3448 te
1290 3400 1638 3461 corruperunt
1674 3405 1736 3445 ac
1760 3389 2085 3445 seduxerunt
2115 3405 2128 3441 :
2161 3387 2224 3440 ll-

666 3487 833 3541 lorum
859 3493 939 3540 est
963 3492 1128 3538 totum
1174 3481 1274 3537 hoc
1311 3490 1604 3551 peccatum.
1626 3479 1755 3534 Nam
1783 3479 1896 3534 hac
1919 3477 2136 3532 audiens
2163 3475 2224 3528 ﬂ-

664 3578 798 3642 lius,
827 3573 1016 3644 poterit
1042 3572 1288 3642 paulatim
1315 3586 1344 3625 a
1368 3571 1566 3625 malitia
1597 3570 1911 3639 resipiscens
1929 3567 2134 3623 facilius
2156 3566 2223 3623 ad

665 3667 852 3721 bonam
879 3664 1080 3735 frugem
1103 3664 1315 3730 reverti,
1342 3661 1463 3717 dum
1486 3661 1706 3731 pudeﬂt,
1732 3660 2098 3730 crubescitque
2127 3657 2226 3712 hac

664 3758 818 3812 laude
841 3757 1007 3810 videri
1038 3755 1301 3823 indignus.
1324 3751 1466 3808 Idem
1495 3752 1618 3806 fecit
1642 3751 1836 3806 Paulus
1863 3749 2100 3805 scribens
2123 3749 2227 3804 Gs-

664 3848 805 3902 latis.
839 3847 963 3901 Post
993 3845 1185 3899 multos
1215 3844 1333 3898 illos
1359 3857 1423 3898 ac
1447 3843 1634 3912 longos
1669 3833 1941 3897 se‘rmoncs
1959 3880 1974 3902 ,
2001 3846 2227 3910 postque

665 3950 771 3991 non
795 3932 1286 3989 commemorandas
1310 3931 1691 3994 accusationes,
1719 3931 1910 3999 quibus
1932 3929 2050 3984 illos
2073 3943 2228 3984 accu-

665 4033 828 4090 sarat,
851 4023 950 4078 sub
969 4021 1206 4091 epistola:
1235 4019 1392 4075 finem
1422 4019 1604 4075 voletis
1633 4019 1700 4073 ab
1723 4019 1825 4073 illis
1851 4032 2097 4072 amovere
2117 4016 2228 4072 cul-

667 4129 811 4186 pam,
837 4123 894 4169 ut
917 4111 1295 4181 aliquantulum
1326 4123 1355 4163 a
1381 4108 1688 4164 criminibus
1713 4106 1938 4162 recreati
1965 4105 2031 4160 ad
2061 4119 2225 4160 excu-

665 4205 924 4260 sationem
951 4203 1130 4258 venire
1160 4207 1391 4271 queant,
1435 4199 1576 4253 hunc
1603 4199 1656 4252 in
1695 4197 1906 4252 modum
1946 4196 2178 4266 loquitur
2208 4211 2224 4251 :

666 4295 778 4367 Ego
803 4294 1004 4364 confido
1031 4293 1095 4346 de
1117 4292 1272 4358 vobis,
1302 4289 1437 4361 quod
1459 4288 1585 4342 nihil
1621 4286 1764 4340 aliud
1800 4286 2054 4341 sentietis:
2080 4294 2228 4340 cate-

663 4404 776 4442 rum
793 4388 878 4455 qui
896 4401 980 4439 vos
1005 4382 1278 4455 perturbat,
1304 4386 1426 4451 feret
1444 4378 1696 4448 iudicium
1718 4377 1942 4449 quisquis
1964 4377 2050 4432 ille
2078 4377 2230 4447 fuerit

665 4475 818 4549 (Gal.
846 4476 899 4530 5.
933 4473 1057 4544 10).
1089 4471 1273 4527 itidem
1307 4468 1433 4525 fecit
1471 4477 1523 4524 ct
1562 4467 1723 4523 David
1754 4467 1840 4522 hic
1868 4485 1883 4521 :
1920 4481 2041 4521 cum
2084 4467 2229 4521 enim

669 4569 762 4629 ait,
785 4564 887 4622 Cur
906 4564 1052 4619 audis
1071 4563 1218 4618 verba
1240 4561 1414 4634 populi
1439 4560 1646 4615 dicentis
1669 4574 1688 4614 :
1711 4559 1842 4613 Ecce
1865 4557 2030 4613 Dauid
2051 4559 2231 4628 quarit

666 4657 887 4710 animum
932 4654 1108 4708 tuam.’
1147 4652 1345 4708 indicat
1381 4652 1511 4707 alios
1552 4665 1672 4707 esse
1717 4651 1804 4722 qui
1840 4658 2228 4720 provocarent,

671 4746 802 4800 alios
822 4744 1160 4815 quianimum
1188 4743 1328 4798 illius
1351 4741 1644 4806 inllcerent,
1672 4741 1840 4797 medis
1855 4741 2098 4796 omnibus
2119 4748 2230 4796 stu-

665 4833 795 4889 dens
816 4833 890 4889 illi
910 4833 1178 4904 porrigere
1197 4831 1549 4888 excusationis
1569 4831 1921 4888 occasionem.
1938 4830 2056 4886 Hos
2077 4844 2227 4885 suam

666 4923 828 4993 ipsius
857 4937 1067 4979 causam
1092 4937 1254 4994 agens
1277 4921 1352 4978 ait
1377 4938 1390 4974 :
1419 4920 1485 4976 Et
1504 4937 1614 4975 ecce
1637 4921 1859 4975 uiderunt
1887 4922 2019 4976 oculi
2046 4922 2116 4975 tui
2140 4922 2231 4977 Ito-

667 5013 748 5066 die
769 5053 784 5078 ,
815 5014 948 5082 quod
976 5013 1236 5067 tradiderit
1264 5022 1311 5066 te
1332 5009 1580 5066 Dominus
1606 5012 1659 5066 in
1684 5027 1861 5066 manus
1889 5028 2023 5068 meas
2041 5013 2095 5068 in
2119 5029 2233 5084 spe-

673 5104 816 5158 lunca
837 5145 852 5170 ,
895 5103 1123 5176 quodque
1174 5102 1416 5156 noluerim
1444 5102 1665 5156 occidere
1692 5111 1758 5168 te,
1806 5102 1894 5158 sed
1925 5103 2230 5174 pepercerim

672 5196 777 5265 tibi,
809 5197 1118 5265 dixerimus
1137 5211 1156 5250 :
1185 5193 1305 5249 Non
1324 5195 1550 5266 iujiciam
1575 5210 1777 5249 manum
1803 5210 1962 5249 meam
1991 5195 2042 5249 in
2068 5195 2231 5250 domi-

669 5305 789 5342 num
815 5304 998 5354 mm,
1027 5287 1262 5358 quoniam
1286 5286 1502 5341 cltristtts
1528 5284 1735 5340 Domini
1759 5296 1830 5340 est
1860 5286 1880 5356 (
1896 5286 1949 5341 i.
1978 5285 2106 5358 Reg.
2135 5285 2228 5343 24.

669 5380 727 5434 11
752 5379 792 5448 ).
822 5379 902 5434 1111
927 5378 1161 5450 quidem,
1191 5378 1380 5447 inquit,
1394 5377 1579 5433 verbis
1601 5375 2006 5443 calumniantur,
2037 5385 2092 5431 at
2121 5391 2220 5447 ego

671 5469 842 5540 reipsa
867 5483 956 5525 me
984 5482 1171 5539 purgo,
1201 5467 1432 5538 ipsisque
1458 5466 1608 5522 factis
1627 5465 1836 5537 depello
1861 5466 2082 5521 crimen.
2103 5466 2229 5522 Mihi

661 5561 800 5618 nihil
825 5575 959 5634 opus
977 5570 1062 5618 est
1082 5560 1260 5617 verbis
1281 5599 1297 5626 ,
1345 5572 1464 5616 cum
1493 5559 1606 5631 ipse
1632 5573 1807 5616 rerum
1837 5557 2010 5615 exitus
2044 5558 2229 5631 quavis

729 5736 805 5801 (ο)
835 5744 950 5802 heg.
971 5750 1098 5789 unus
1110 5735 1376 5791 mutilam
1398 5737 1600 5791 exhibet
1622 5738 1748 5791 hanc
1768 5741 2083 5792 sententiam.

1367 408 1424 465 S.
1461 397 1735 462 JOANNIS
1767 385 2232 451 ειιιὶγεοετωιι
2271 372 3145 438 ΑΒΕΠΙΕΡ.ῸΟΝ8ῪΑΝΤῙΝΟΡ.

3755 363 3864 422 1399

2299 499 2537 553 oratione
2564 495 2756 550 clarius
2781 493 2952 563 possit
2968 499 3021 545 te
3047 487 3263 551 docete,
3287 483 3499 554 quinam
3524 479 3634 536 sint
3663 477 3739 534 illi
3757 521 3774 544 ,
3810 487 3865 534 et

2296 587 2386 656 qui
2411 601 2508 655 ego
2532 628 2546 648 ,
2582 599 2646 637 ac
2665 581 2932 652 quomodo
2965 582 3099 633 facta
3128 576 3198 631 sit
3227 575 3502 628 adversum
3527 586 3615 626 me
3641 571 3866 626 mendas

2295 677 2486 732 delatio
2509 715 2525 741 ,
2552 684 2608 729 et
2639 672 2919 728 calumnia.
2954 667 3148 724 narum
3175 680 3354 722 rerum
3391 679 3494 717 non
3525 661 3691 716 alium
3711 701 3729 726 ,
3773 659 3868 714 sed

2297 769 2844 836 temetipsum'testem
2872 762 3077 822 invoco,
3098 757 3344 826 teipsum,
3374 755 3612 824 inquam,
3635 751 3730 823 qui
3749 764 3871 805 eo

2300 854 2556 910 beneﬂcio
2583 861 2824 908 servatus
2849 864 2929 904 es.

2367 945 2420 998 ι.
2464 941 2572 998 Sed
2611 939 2877 1011 quomodo
2911 937 3079 1010 potuit
3123 934 3250 990 Sail!
3301 935 3487 986 harum
3527 943 3708 985 rerum
3753 940 3860 984 esst

2300 1036 2469 1100 testis,
2491 1034 2719 1104 quicum
2746 1031 2860 1084 hzec
2889 1029 3096 1093 ﬂerent,
3130 1023 3445 1087 dormiebat,
3472 1036 3535 1075 ac
3557 1035 3730 1089 neque
3757 1035 3873 1073 ver-

2303 1129 2365 1181 ba
2391 1126 2608 1191 audivit,
2639 1137 2811 1192 neque
2839 1121 3088 1176 Davidem
3117 1119 3247 1174 vidit
3274 1128 3382 1171 tum
3403 1122 3744 1186 praesentem,
3777 1125 3868 1164 ne-

2302 1233 2403 1286 quc
2441 1230 2560 1268 cum
2603 1212 2855 1267 militibus
2906 1205 3349 1285 colloquentem?
3390 1201 3667 1270 Quomodo
3717 1201 3876 1270 igitur

2302 1318 2660 1366 occurremus,
2681 1313 2739 1356 ut
2761 1299 2978 1356 evidens
2997 1297 3285 1354 declaratio
3307 1293 3434 1349 fiat?
3456 1293 3676 1347 Si'euim
3709 1300 3875 1346 testes

2295 1403 2553 1458 *cttasset,
2592 1393 2716 1448 Sail!
2759 1399 3063 1460 suspectum
3093 1387 3359 1442 habuisset
3405 1397 3591 1441 eorum
3634 1385 3876 1438 testiino-

2307 1488 2448 1540 nium
2469 1524 2485 1546 ,
2517 1497 2712 1552 eosque
2737 1482 2882 1549 justo
2908 1478 3148 1533 faventes
3175 1493 3236 1530 ea
3269 1475 3411 1547 loqui
3435 1483 3694 1545 putasset.
3729 1471 3878 1540 Quod

2308 1574 2351 1626 si
2378 1570 2866 1626 ratiocinationibus
2907 1583 2970 1623 ac
3010 1565 3375 1637 probabilibus
3403 1563 3730 1632 argumentis
3763 1571 3879 1616 ten-

2307 1672 2468 1718 tasset
2491 1675 2745 1717 excusare
2764 1673 2904 1723 sese,
2938 1656 3167 1711 futurum
3193 1663 3326 1720 erat,
3360 1662 3415 1708 ut
3435 1653 3608 1707 minus
3637 1652 3735 1721 ipsi
3761 1665 3879 1704 cre-

2306 1753 2542 1816 deretur,
2560 1751 2751 1821 quippe
2770 1749 2876 1818 iam
2895 1754 3148 1816 corrupto
3163 1744 3355 1813 judicis
3380 1743 3578 1796 animo.
3601 1740 3883 1808 Quomodo

2309 1843 2446 1895 enim
2477 1842 2522 1896 is
2540 1841 2628 1911 qui
2657 1847 2733 1894 tot
2754 1836 3024 1893 beneﬁciis
3067 1834 3287 1890 affectus
3314 1832 3481 1888 nihilo
3522 1831 3700 1887 secius
3745 1831 3884 1885 bello

2307 1932 2717 2001 persequebatur
2737 1928 2864 1983 nihil
2883 1926 3272 1990 commeritum,
3306 1922 3562 1992 suspicari
3585 1923 3879 1991 potuisset,

2310 2021 2450 2092 quod
2479 2021 2670 2091 aliquis
2686 2019 2874 2089 injuria
2897 2016 3138 2082 allectus,
3158 2031 3278 2071 eum
3300 2015 3387 2085 qui
3412 2015 3605 2069 fecerat
3634 2013 3882 2081 injuriam

2313 2123 2496 2169 nactus
2523 2114 2575 2166 in
2602 2125 2788 2166 manus
2810 2151 2825 2175 ,
2863 2110 2963 2182 ipsi
2990 2107 3352 2179 pepercisset?
3390 2105 3705 2174 Plermuque
3745 2103 3885 2158 enim

2314 2203 2497 2272 vulgus
2525 2200 2798 2255 hominum
2821 2214 2882 2254 ex
2907 2214 3006 2252 suo
3027 2198 3204 2252 animo
3221 2196 3286 2250 de
3307 2196 3423 2249 aliis
3444 2193 3647 2263 iudicat
3675 2212 3692 2246 :
3722 2194 3886 2255 velut,

2313 2292 2402 2362 qui
2428 2291 2638 2346 assidue
2662 2289 2971 2355 inebriatur,
2996 2286 3133 2341 haud
3158 2285 3311 2340 facile
3331 2283 3558 2340 credere
3583 2283 3753 2352 possit
3773 2297 3888 2338 esse

2314 2382 2612 2452 quempiam
2638 2379 2903 2435 hominem
2931 2378 3110 2433 sobrie
3130 2379 3430 2440 viventem;
3463 2375 3551 2445 qui
3577 2376 3772 2430 scortis
3802 2389 3889 2428 va-

2315 2481 2419 2538 cat,
2451 2471 2609 2527 etiam
2636 2470 2825 2540 pudice
2845 2471 3081 2524 viventes
3102 2468 3263 2524 habet
3286 2481 3383 2537 pro
3401 2466 3852 2521 incontinentiqu
3873 2482 3888 2526 ;

2318 2576 2501 2617 rursus
2526 2563 2612 2632 qui
2640 2575 2724 2615 res
2744 2560 2882 2629 rapit
2904 2560 3122 2625 alienas,
3151 2574 3256 2612 non
3283 2556 3438 2612 facile
3463 2555 3888 2624 persuadebitur.

2318 2666 2436 2706 esse
2472 2649 2710 2704 homines
2739 2649 2826 2719 qui
2857 2663 2951 2703 sua
2986 2662 3195 2718 quoque
3239 2644 3579 2716 profundant.
3624 2644 3884 2699 Similiter

2319 2751 2371 2798 et
2401 2742 2485 2797 hic
2512 2742 2674 2797 semel
2701 2750 2988 2810 occupatus
3009 2741 3082 2795 ira
3104 2754 3208 2794 non
3237 2737 3393 2793 facile
3420 2736 3734 2793 credidisset
3763 2750 3882 2792 esse

2320 2832 2587 2886 hominem
2631 2845 2797 2901 usque
2837 2831 2970 2886 adeo
2993 2831 3103 2885 suis
3122 2829 3397 2885 alfectibus
3424 2828 3754 2898 superiorem
3776 2869 3793 2892 ,
3838 2837 3894 2883 ut

2320 2937 2425 2977 non
2467 2921 2625 2976 modo
2665 2920 2795 2975 nihil
2835 2920 3073 2987 laederet,
3117 2934 3300 2975 verum
3327 2927 3381 2975 et
3406 2933 3525 2974 eum
3557 2919 3646 2989 qui
3689 2905 3896 2974 lzeseral

2322 3022 2582 3070 servaret.
2614 3013 2874 3081 Quo-niam
2913 3012 3074 3082 igitur
3093 3019 3147 3067 et
3172 3010 3382 3066 animus
3417 3009 3610 3080 iudicis
3637 3017 3754 3064 erat
3773 3023 3894 3064 cor-

2322 3115 2510 3175 ruptus
2533 3146 2548 3170 ,
2583 3114 2637 3158 et
2658 3113 2818 3159 testes
2845 3104 2890 3158 si
2917 3103 3158 3173 producti
3193 3101 3450 3166 fuissent,
3496 3101 3551 3156 in
3594 3099 3900 3170 suspicione

2321 3204 2473 3250 erant
2500 3193 2656 3249 futuri
2678 3235 2694 3262 ,
2745 3193 2966 3249 consilio
3003 3192 3246 3264 prudenti
3282 3192 3482 3262 reperit
3525 3189 3894 3261 probationem

2322 3285 2624 3356 quamdam,
2647 3299 2766 3355 qua:
2786 3293 2962 3354 posset
2983 3293 3038 3340 et
3058 3283 3215 3339 valde
3231 3282 3625 3354 impudentibus
3641 3295 3706 3337 os
3729 3282 3887 3337 obtu—

2323 3391 2461 3431 rare.
2513 3375 2765 3442 Qumnam
2811 3383 2895 3429 est
2925 3375 3084 3429 hmo?
3128 3373 3342 3429 Lacinia
3370 3372 3697 3444 chlamydis,
3741 3386 3898 3442 quam

2323 3465 2656 3536 protendens.
2689 3465 2900 3522 dicebat
2944 3483 2958 3520 :
2990 3463 3120 3518 Ecce
3169 3463 3354 3518 lacinia
3394 3462 3676 3534 chlamydis
3708 3471 3808 3517 tua
3846 3464 3899 3516 in

2324 3571 2477 3610 manu
2502 3570 2634 3622 mea,
2656 3570 2805 3624 quam
2830 3554 3034 3616 abstuli.
3058 3569 3146 3607 nec
3166 3552 3326 3606 occidi
3345 3561 3392 3607 te
3410 3552 3484 3623 (1.
3508 3551 3636 3624 Reg.
3661 3551 3754 3606 24.
3784 3552 3896 3622 12).

2325 3646 2501 3701 Mutus
2524 3646 2735 3715 quidem
2767 3644 2937 3709 testis,
2965 3644 3058 3700 sed
3084 3644 3336 3700 omnibus
3361 3658 3544 3699 vocem
3586 3643 3903 3700 habentibus

2327 3735 2637 3791 evidentior.
2663 3734 2848 3806 Neque
2863 3735 3003 3790 enim
3026 3735 3071 3789 si
3097 3748 3205 3789 non
3235 3733 3474 3802 fuissem,
3498 3734 3686 3804 inquit,
3717 3735 3904 3804 prosi-

2327 3839 2447 3881 mus
2465 3866 2480 3890 ,
2510 3840 2574 3880 ac
2587 3825 2798 3895 corpori
2825 3834 2916 3880 tuo
2938 3825 3143 3879 vicinus
3161 3823 3448 3900 stetissem,
3473 3823 3766 3893 potuissem
3810 3838 3906 3880 ve-

2328 3915 2427 3971 stis
2450 3924 2723 3985 amputare
2751 3924 2974 3986 partem.
3011 3914 3168 3970 Vides
3192 3921 3446 3984 quantum
3476 3914 3546 3968 sit
3573 3923 3748 3970 ortum
3775 3913 3904 3970 boni

2329 4021 2394 4060 es
2418 4019 2504 4070 eo,
2531 4003 2671 4074 quod
2698 4004 2852 4059 initio
2875 4012 3172 4060 commotus
3197 4003 3371 4060 fuerat
3391 4003 3589 4059 David?
3615 4002 3728 4059 Nisi
3757 4005 3902 4060 enim

2329 4093 2394 4148 ad
2423 4095 2554 4148 iram
2580 4100 2878 4148 commotus
2917 4092 3140 4160 fuisset,
3180 4107 3356 4164 neque
3381 4092 3772 4164 philosophiam
3803 4095 3905 4149 bo-

2328 4183 2489 4238 minis
2510 4183 2941 4253 cognovissemus
2969 4183 3130 4255 (nam
3154 4184 3422 4254 plerisque
3448 4198 3555 4239 nou
3576 4199 3642 4240 ex
3665 4183 3906 4255 philoso-

2330 4272 2477 4342 phia,
2506 4273 2600 4327 sed
2626 4286 2692 4328 es
2717 4282 2932 4344 stupore
2965 4274 3266 4344 pepercisse
3290 4275 3435 4330 visus
3464 4272 3702 4345 fuisset),
3729 4289 3908 4347 neque

2329 4362 2624 4434 chlamydis
2671 4372 2872 4435 partem
2911 4373 3238 4435 amputasset
3266 4380 3280 4417 :
3308 4363 3450 4435 quod
3479 4363 3526 4419 si
3564 4378 3671 4419 non
3717 4378 3908 4435 ampu-

2334 4461 2518 4519 tasset,
2548 4467 2654 4507 non
2683 4462 2890 4524 poterat
2916 4455 3035 4510 aliis
3057 4455 3381 4527 argumentis
3405 4454 3621 4512 inimico
3645 4454 3804 4512 ﬁdem
3825 4455 3908 4512 fa-

2334 4557 2476 4599 cere.
2503 4542 2653 4599 Nunc
2677 4558 2807 4600 vero
2829 4543 3078 4614 quoniam
3117 4552 3172 4600 et
3197 4554 3492 4602 commotus
3515 4546 3611 4601 fuit
3634 4556 3692 4602 et
3713 4561 3907 4620 ampu-

2336 4637 2491 4702 tavit,
2537 4650 2648 4691 sua:
2689 4635 3037 4706 providentia:
3083 4635 3434 4692 certissimum
3477 4637 3708 4708 pmbuit
3751 4654 3910 4711 argu-

2335 4735 2591 4781 mentum.
2625 4726 2885 4793 Quouiam
2930 4727 3092 4796 igitur
3119 4735 3225 4782 tam
3249 4739 3432 4783 verum
3461 4734 3519 4784 et
3545 4725 3904 4785 indubitatum

2335 4817 2691 4874 testimonium
2729 4817 2988 4883 exhibuit,
3027 4817 3201 4888 ipsum
3244 4831 3367 4874 mus
3396 4817 3673 4875 inimicum
3691 4828 3749 4875 et
3767 4820 3908 4892 judi-

2333 4924 2450 4965 ccm
2475 4915 2529 4965 et
2555 4916 2744 4964 testem
2789 4907 2916 4962 facit
2956 4921 3068 4962 suae
3106 4921 3235 4979 erga
3272 4906 3424 4962 illum
3449 4909 3907 4979 reverentia,lo—

2334 5016 2503 5071 quens
2545 4999 2686 5056 hunc
2728 5001 2781 5055 in
2833 4999 3048 5055 modum
3077 5014 3091 5051 :
3119 4977 3373 5070 cogitasse
3395 5010 3443 5054 et
3461 4999 3575 5056 side
3597 5000 3752 5056 hodie

2334 5107 2434 5145 nou
2461 5100 2535 5146 est
2559 5091 2612 5145 in
2638 5107 2789 5145 manu
2811 5105 2922 5144 mea
2943 5089 3202 5160 iniquitas,
3225 5103 3384 5159 neque
3740 5093 3835 5157 tui,
3862 5099 3907 5147 α

2333 5183 2516 5253 alligas
2540 5183 2764 5236 anitum
2789 5197 2952 5235 meam
2973 5220 2989 5246 ,
3027 5189 3081 5235 ut
3103 5181 3279 5250 capias
3306 5195 3418 5234 satis
3442 5179 3737 5255 (Ibidem).
3775 5180 3906 5239 Illuc

2335 5274 2421 5330 vel
2441 5273 2671 5328 maxime
2694 5271 2812 5342 quis
2835 5270 3083 5326 admirari
3112 5269 3305 5326 debeat
3327 5271 3468 5327 illius
3496 5272 3905 5343 magnanimita-

2337 5374 2466 5430 tem,
2493 5361 2635 5434 quod
2659 5339 2766 5418 non
2795 5362 2955 5417 sumit
2973 5359 3367 5416 excusationem
3386 5359 3490 5415 nisi
3512 5339 3678 5414 abiis
3699 5375 3822 5430 qua
3840 5374 3905 5418 eo

2338 5455 2423 5511 die
2448 5452 2767 5510 acciderant.
2801 5451 2934 5508 Nam
2967 5450 3069 5507 hoc
3099 5449 3301 5516 iunuit',
3348 5462 3470 5504 cum
3507 5447 3626 5504 ait:
3654 5447 3906 5521 Cognosce

2337 5553 2384 5600 et
2420 5544 2529 5600 vids
2571 5543 2739 5598 hodie.
2764 5539 2909 5597 Nihil
2945 5540 3088 5596 enim
3111 5538 3302 5610 loquor
3335 5535 3406 5594 de
3444 5537 3749 5594 anteactis:
3777 5536 3904 5594 mili

2337 5634 2404 5690 ad
2445 5633 2809 5705 probationem
2836 5629 2968 5689 satis
2989 5637 3074 5686 est
3110 5628 3198 5684 hic
3241 5625 3376 5684 dies.
3424 5626 3661 5684 Tametsi
3700 5634 3904 5699 potent

2338 5723 2503 5783 multa
2527 5738 2822 5798 magnaque
2849 5735 3172 5782 enumerare
3203 5717 3495 5798 beneﬁcia,
3524 5733 3647 5792 qua
3668 5717 3816 5796 pias
3847 5717 3898 5776 ω
