4152 6490
595 395 699 456 ϐϐῢ

586 511 833 583 νημένας
858 507 1004 581 εἶχεν
1021 507 1292 582 ἀριθμεῖν,
1314 509 1471 584 εἴπερ
1492 510 1749 580 ἠϐούλετο
1768 529 1783 544 ο
1809 513 1900 567 καὶ
1927 511 2034 583 γάρ
2056 514 2154 583 τῆς

595 592 737 664 πρὸς
754 593 845 647 τὸν
864 591 1130 664 βάρϐαρον
1160 594 1494 665 μονομαχίας
1519 595 1681 648 αὐτὸν
1709 595 2017 665 ἀναμνῆσαι
2046 595 2158 648 ἐδύ·

587 692 738 743 νατο,
758 677 852 729 καὶ
878 677 1071 739 εἰπεῖν,
1094 676 1180 729 ὃτι
1200 671 1307 730 Τοῦ
1331 676 1664 749 βαρϐαρικοῦ
1692 677 1952 748 πολέμου,
1981 677 2154 731 καθά-

588 775 696 829 περ
727 757 1110 829 κατακλυσμοῦ
1135 775 1298 823 τινος,
1339 761 1553 813 ἀπασαν
1589 759 1872 829 μέλλοντος
1905 758 2156 832 παρασύ-

589 856 705 911 ρειν
731 838 828 910 τῆν
856 840 1030 899 πόλιν.
1065 841 1477 911 κατεπτηχότων
1513 841 1666 911 ὑμῶν
1704 842 1795 895 καὶ
1820 842 2154 906 δεδοικότων,

587 923 682 976 καὶ
699 923 819 977 καθ’
837 922 1072 994 ἐκάστην
1090 925 1299 994 ἡμέραν
1312 916 1697 978 ἀποθανεῖσθαι
1712 924 2154 997 προσδοκώντων,

588 998 702 1074 ἐγὼ
736 1005 1038 1077 παρελθὼν,
1069 1006 1282 1069 οὐδενὸς
1320 1000 1748 1075 ἀναγκάσαντος,
1785 1007 1920 1061 ἀλλά
1942 1011 2036 1062 καὶ
2063 1010 2157 1062 σοῦ

588 1087 886 1152 κωλύοντος
923 1089 1016 1142 καὶ
1047 1088 1366 1160 κατέχοντος
1393 1090 1485 1142 καὶ
1514 1089 1783 1158 λέγοντος,
1805 1093 1888 1145 Οὐ
1914 1090 2157 1160 δυνήσῃ

588 1165 970 1240 πορευθῆναι,
997 1170 1087 1225 ὅτι
1121 1165 1435 1241 παιδάριον
1465 1168 1538 1236 εἴ,
1565 1172 1748 1239 αὐτὸς
1779 1171 1847 1226 δὲ
1875 1171 2029 1242 ἀνὴρ
2055 1189 2160 1228 πο-

587 1253 880 1322 λεμιστὴς
902 1255 972 1308 ἐκ
997 1255 1279 1322 νεότητος
1303 1257 1491 1309 αὐτοῦ
1511 1272 1524 1286 ·
1543 1256 1643 1308 οὐκ
1665 1257 1996 1327 ἠνεσχόμην,
2026 1256 2161 1309 ἀλλά

588 1337 696 1408 πρὸ
722 1336 830 1390 τῶν
870 1332 1045 1390 ἄλλων
1072 1337 1324 1391 ἁπάντων
1357 1336 1626 1410 ἐπήδησα,
1658 1339 1866 1392 καὶτὸν
1898 1339 2161 1407 πολέμιον

591 1417 876 1488 ἐδεξάμην,
903 1418 995 1471 καὶ
1013 1419 1114 1489 τὴν
1135 1419 1375 1490 κεφαλὴν
1403 1420 1695 1489 ἀπέτεμον,
1712 1420 1805 1473 καὶ
1826 1418 2016 1492 ὥσπερ
2040 1422 2160 1476 τινὰ

590 1503 902 1574 χειμάρρου
935 1502 1114 1573 ῥύμην
1157 1502 1440 1576 ἀνέστειλα
1473 1503 1568 1572 τὴν
1600 1503 1782 1572 ἔφοδον
1811 1503 1918 1556 τῶν
1953 1503 2158 1576 βαρϐά-

593 1603 703 1655 ρων
736 1585 975 1648 ἐκείνων,
1011 1586 1103 1636 καὶ
1131 1584 1229 1654 τὴν
1272 1584 1428 1637 πόλιν
1460 1585 1746 1656 σειομένην
1781 1585 1985 1655 έστησα
2011 1602 2024 1616 ο
2065 1588 2160 1639 καὶ

591 1667 659 1721 δι’
701 1668 800 1737 ἐμὲ
838 1668 899 1720 σὺ
950 1667 1050 1737 μὲν
1103 1666 1202 1738 τὴν
1225 1666 1503 1737 βασιλείαν
1545 1669 1640 1722 καὶ
1671 1669 1770 1740 τὴν
1797 1668 1993 1741 ψυχὴν,
2024 1672 2070 1723 οί
2104 1671 2160 1724 δὲ

590 1750 766 1803 λοιποὶ
799 1749 1000 1812 πάντες
1035 1749 1176 1820 μετά
1204 1749 1304 1820 τῆς
1332 1749 1509 1820 ψυχῆς
1530 1751 1630 1821 τῆν
1659 1751 1812 1804 πόλιν
1841 1753 1934 1805 καὶ
1962 1753 2061 1816 τάς
2084 1755 2164 1806 οίο

589 1831 734 1897 κίας,
771 1833 863 1886 καὶ
890 1830 959 1885 τὰ
980 1830 1169 1884 παιδία
1202 1831 1293 1883 καὶ
1325 1830 1394 1884 τὰ
1427 1832 1626 1900 γύναια
1651 1831 1853 1905 έχουσι.
1894 1836 2005 1890 Καὶ
2045 1837 2161 1907 μετ’

588 1915 767 1967 ἐκεῖνο
794 1913 851 1966 δὲ
878 1911 1036 1966 πάλιν
1061 1913 1122 1966 τὸ
1151 1912 1430 1984 τρόπαιον,
1467 1914 1686 1985 ἑτέρους
1706 1913 1800 1980 οὓς
1832 1917 2162 1990 κατώρθωσε

590 1995 860 2066 πολέμους
893 1997 1063 2048 εἰπεῖν
1091 1991 1237 2066 εῖχεν
1270 1996 1370 2049 οὐκ
1404 1996 1656 2062 ἐλάττους
1683 1999 1914 2054 ἐκείνου.
1947 2003 2059 2056 Καὶ
2081 2003 2162 2055 ὅτι

593 2079 686 2132 καὶ
718 2077 862 2142 ἀπαξ
894 2079 986 2131 καὶ
1017 2079 1098 2142 δὶς
1144 2080 1238 2133 καὶ
1275 2080 1533 2144 πολλάκις
1578 2083 2030 2155 ἐπιχειρήσαντος
2066 2088 2161 2140 ἀν-

594 2162 752 2225 ελεῖν,
779 2161 874 2214 καὶ
901 2162 962 2214 τὸ
983 2162 1110 2232 δόρυ
1144 2163 1284 2216 κατὰ
1319 2163 1416 2234 τῆς
1449 2159 1610 2217 αὖτοῦ
1653 2167 1891 2236 κεφαλῆς
1913 2167 2160 2237 ἀφέντος,

590 2245 692 2297 οὐκ
717 2244 1146 2315 ἐμνησικάκησε,
1178 2246 1272 2298 καὶ
1298 2243 1378 2297 ὅτι
1410 2245 1547 2314 μετὰ
1575 2246 1747 2300 ταῦτα
1783 2249 1991 2319 μέλλων
2025 2250 2161 2303 ἀπο-

590 2327 790 2381 διδόναι
817 2326 910 2380 τὸν
938 2327 1124 2398 μισθὸν
1154 2328 1250 2397 τῆς
1281 2329 1552 2399 προτέρας
1576 2329 1775 2400 μάχης,
1803 2331 1928 2385 ῑδνα
1951 2333 2163 2404 ἀπῄτησ

595 2424 707 2472 οεν,
743 2409 804 2462 ού
837 2409 1056 2479 χρυσίον
1077 2409 1170 2463 καὶ
1189 2409 1469 2481 ἀργύριον,
1495 2410 1630 2464 ἀλλά
1655 2413 1868 2484 σφαγὴν
1899 2414 1994 2466 καὶ
2022 2432 2161 2469 παν-

591 2489 886 2562 ιιιλεθρίαν⁸
921 2493 1015 2545 καὶ
1058 2491 1179 2544 οὐδὲ
1221 2491 1453 2546 ἐνταῦθα
1515 2494 1788 2548 ἀνένευσε.
1824 2495 2009 2549 Ταῦτα
2054 2497 2164 2568 γάρ

593 2573 791 2638 πάντα,
819 2573 915 2625 καὶ
943 2572 1123 2643 πολλῷ
1158 2573 1376 2628 πλείονα
1409 2575 1612 2628 τούτων
1646 2577 1740 2630 καὶ
1776 2577 1998 2646 μείζονα
2021 2576 2166 2649 εἶχεν

593 2656 768 2708 εἰπεῖν
790 2668 807 2684 θ
854 2654 967 2707 ἀλλ’
1003 2654 1157 2708 οὐδὲν
1199 2655 1405 2711 τούτων
1450 2653 1626 2711 εἶπεν.
1660 2660 1734 2711 Οὐ
1776 2658 1886 2729 γάρ
1915 2661 2166 2714 ὀνειδίσαι

592 2735 745 2811 αὐτῷ
775 2735 874 2799 τάς
910 2737 1227 2807 εὐεργεσίας
1260 2738 1529 2804 ἐϐούλετο,
1580 2733 1714 2792 ἀλλά
1756 2743 1939 2792 πεῖσαι
1984 2742 2163 2811 μόνον,

595 2807 677 2872 ὅτι
714 2817 822 2871 τῶν
852 2817 1146 2886 φιλούντων
1178 2820 1338 2873 αὑτὸν
1386 2821 1480 2872 καὶ
1513 2820 1822 2890 κηδομένων
1855 2807 2021 2888 ἐστὶν,
2047 2823 2168 2892 οὐχὶ

593 2901 703 2954 τῶν
729 2901 1184 2955 ἐπιϐουλευόντων
1210 2902 1304 2954 καὶ
1337 2901 1738 2972 πολεμούντων.

665 2983 763 3036 Διά
780 2979 938 3035 τοῦτο
963 2984 1138 3037 πάντα
1163 2985 1345 3037 ἐκεῖνα
1365 2985 1544 3053 ἀφεὶς,
1567 2986 1626 3037 τὸ
1650 2987 1706 3038 ἐν
1732 2986 1868 3057 αὐτῇ
1895 2989 1962 3057 τῇ
1987 2988 2170 3058 ἡμέρᾳ

596 3064 811 3137 συμϐαν
835 3061 994 3134 μόνον
1021 3065 1100 3127 είς
1117 3064 1272 3132 λόγον
1293 3065 1590 3134 ἀπολογίας
1615 3068 1957 3137 παρήγαγεν.
1985 3068 2170 3132 Οὕτως

593 3131 890 3216 ἦν’ἀτυφος
919 3146 1013 3200 καὶ
1050 3131 1351 3212 κενοδοξίας
1383 3131 1619 3220 καθαρὸς
1643 3131 1877 3221 ἀπάσης,
1909 3151 2003 3204 καὶ
2036 3131 2171 3220 πρὸς

595 3228 654 3283 ἓν
669 3229 859 3283 ἑϐλεπε
884 3229 1059 3300 μόνον,
1087 3228 1181 3301 τὴν
1199 3229 1294 3283 τοῦ
1313 3231 1448 3284 Θεοῦ
1463 3231 1654 3302 ψῆφον.
1695 3229 1830 3286 Εἶτά
1853 3251 2008 3304 φησι⁹
2029 3235 2170 3301 Κρί-

594 3331 694 3368 rm
727 3314 940 3380 Κύριος
969 3313 1092 3367 ἀνὰ
1119 3313 1314 3381 μέσον
1344 3315 1490 3384 ἐμοῦ
1537 3318 1635 3369 καί
1675 3315 1812 3370 σοῦ.
1850 3317 2018 3370 Τοῦτο
2050 3314 2168 3370 εἷπε

592 3396 657 3449 τὸ
681 3395 857 3466 ῥῆμα,
882 3395 1003 3464 οὐχὶ
1023 3395 1352 3464 κολασθῆναι
1386 3395 1702 3467 βουλόμενος
1723 3398 1815 3451 τὸν
1841 3398 2029 3470 ἀνδρα,
2051 3399 2170 3452 ούδέ

595 3477 866 3550 τιμωρίαν
891 3479 1021 3547 παρ’
1040 3478 1204 3530 αὑτοῦ
1226 3477 1435 3544 λαϐεῖν,
1462 3479 1597 3532 ἀλλά
1628 3480 1860 3551 φοϐῆσαι
1881 3483 1947 3552 τῇ
1983 3484 2169 3552 μνήμη

595 3563 697 3632 τῆς
726 3559 1024 3632 μελλούσης
1052 3560 1317 3631 κρίσεωςο
1351 3562 1446 3615 καὶ
1473 3563 1533 3614 οὺ
1557 3562 1792 3633 φοϐῆσαι
1828 3564 2006 3636 μόνον,
2038 3565 2173 3621 ἀλλά

597 3643 695 3699 καὶ
731 3643 872 3714 ύπέρ
906 3643 1014 3697 τῶν
1039 3643 1161 3696 καθ’
1190 3642 1380 3697 ἑαυτὸν
1418 3645 1881 3719 ἀπολογήσασθαι.
1917 3650 2173 3706 Μάλιστα

602 3729 704 3799 μὶν
718 3724 1006 3799 γάρ.[76η
1021 3725 1316 3796 φησὶν,ἐχω
1329 3727 1421 3781 καὶ
1437 3728 1545 3782 ἀπὸ
1558 3730 1666 3783 τῶν
1682 3733 2021 3801 πραγμάτων
2036 3733 2146 3786 ἀπο
2157 3764 2176 3775 -

599 3811 795 3879 δείξεις
809 3825 821 3839 ·
843 3808 964 3863 είδὲ
982 3809 1250 3874 ἀπιστεῖς,
1276 3812 1438 3864 αὐτὸν
1463 3811 1614 3866 καλῶ
1629 3813 1718 3865 τὸν
1733 3813 1865 3866 Θεὸν
1893 3815 2166 3885 μάρτυρα,

596 3895 694 3948 τὸν
717 3894 787 3948 τά
810 3894 1099 3964 ἀπόρρητα
1122 3893 1220 3963 τῆς
1249 3893 1480 3947 ἑκάστου
1504 3894 1742 3960 διανοίας
1767 3897 1966 3961 εἰδότα,
2002 3899 2095 3951 καὶ
2114 3900 2176 3952 τὸ

602 3977 842 4040 συνειδὸς
869 3975 1160 4048 ἐρευνῆσαι
1184 3975 1514 4044 δυνάμενονι

670 4067 735 4115 ε’.
759 4058 944 4113 ταῦτα
972 4058 1029 4111 δὲ
1060 4058 1234 4128 ἔλεγε,
1252 4059 1463 4121 δεικνὺς
1492 4059 1685 4113 ὅτιούκ
1705 4059 1768 4113 ἂν
1792 4060 2057 4132 ἐτόλμησε
2079 4079 2178 4115 κα-

601 4143 758 4197 λέσαι
777 4141 867 4196 τὸν
887 4141 1324 4212 ἀπαραλόγιστον
1353 4141 1634 4213 δικαστὴν,
1661 4143 1755 4194 καὶ
1775 4143 1861 4194 ἐπ’
1888 4142 2052 4195 αὐτοῦ
2077 4143 2177 4214 τὴν

603 4227 761 4296 δίκην
789 4225 1126 4291 εἰσαγαγεῖν,
1150 4224 1200 4274 εί
1229 4223 1303 4293 μὴ
1337 4223 1540 4294 σφόδρα
1563 4220 1632 4293 ἦν
1659 4223 1934 4286 πεπεικὼς
1966 4226 2175 4289 ἐαυτὸν,

604 4309 689 4362 ὅτι
716 4306 898 4376 πάσης
927 4304 1220 4374 ἐπιϐουλῆς
1252 4299 1320 4374 ῆν
1354 4304 1613 4375 καθαρός.
1647 4304 1757 4358 Καὶ
1781 4305 1862 4357 ὅτι
1899 4305 1960 4358 οὺ
1985 4321 2178 4377 στοχα-

608 4389 744 4460 σμὸς
770 4387 838 4442 τά
869 4386 1152 4457 εἰρημένα,
1193 4385 1330 4438 ἀλλά
1369 4388 1463 4440 καὶ
1499 4386 1634 4457 ὑπὲρ
1671 4387 1781 4439 τῶν
1823 4386 1946 4440 καθ’
1992 4389 2182 4441 ἐαυτὸν

605 4471 1053 4543 ἀπολογήσασθαι
1087 4468 1389 4540 βουληθεὶς,
1431 4471 1682 4524 κάκεῖνον
1732 4471 2066 4542 σωφρονίσαι
2096 4473 2182 4525 θέ-

605 4557 736 4619 λων,
766 4555 867 4624 τῆς
900 4553 1056 4623 δίκης
1079 4551 1292 4622 ἐκείνης
1314 4552 1636 4622 ἀνέμνησεν,
1673 4553 1834 4605 ἱκανά
1865 4553 1966 4623 μὸν
1997 4552 2090 4606 καὶ
2116 4555 2183 4607 τά

608 4639 709 4710 ῆδη
731 4636 1070 4705 γεγενημένα
1095 4633 1330 4701 δηλῶσαι
1351 4650 1362 4662 ’
1393 4634 1494 4687 οὐκ
1523 4634 1740 4687 ἔλαττον
1759 4635 1815 4687 δὲ
1842 4635 2064 4688 ἐκείνων
2089 4637 2182 4688 καὶ

608 4720 678 4774 τὰ
707 4718 843 4789 μετά
862 4716 1037 4770 ταῦτα
1058 4715 1340 4785 συμϐάντα
1365 4716 1522 4767 τοῦτο
1542 4715 1914 4769 πιστώσασθαι
1941 4716 2178 4770 δύναται.

612 4804 717 4857 Καὶ
743 4801 852 4872 γὰρ
885 4799 1046 4853 πάλιν
1079 4798 1239 4850 αὑτὸν
1261 4801 1340 4859 είς
1369 4799 1553 4867 χεῖρας
1578 4794 1778 4861 λαϐὼν,
1808 4800 1943 4868 μετά
1962 4799 2058 4868 τὴν
2077 4816 2181 4852 σω·

610 4884 806 4958 τηρίαν
834 4883 1038 4953 ταύτην
1066 4881 1384 4949 ἐπιθέμενον
1409 4878 1557 4947 αὐτῷ
1586 4881 1680 4931 καὶ
1702 4880 1911 4932 ἀνελεῖν
1933 4880 2187 4950 βουλόμε-

611 4987 722 5032 νον,
757 4968 854 5020 καὶ
886 4965 1180 5037 δυνάμενος
1212 4963 1370 5014 αὑτὸν
1407 4962 1543 5031 μετὰ
1567 4959 1659 5012 τοῦ
1690 4963 2052 5031 στρατοπέδου
2090 4982 2187 5016 κα-

612 5051 844 5120 τακόψαι
876 5047 1095 5109 παντὸς,
1129 5046 1360 5113 ἀφῆκεν,
1395 5043 1568 5106 οὐδὲν,
1597 5037 1669 5096 ὧν
1706 5041 1850 5107 είκὸς
1879 5041 1945 5114 ἦν
1975 5045 2185 5109 παθεῖν,

616 5131 942 5187 πεπονθότα.
966 5128 1054 5181 Διὸ
1084 5128 1174 5178 καί
1202 5124 1424 5177 συνιδὼν
1452 5137 1476 5163 ιι
1510 5125 1582 5187 ὡς
1615 5126 1886 5196 ἀνήκεστα
1907 5130 2068 5189 νοσεῖ,
2099 5132 2189 5180 καὶ

614 5218 713 5285 τῆς
736 5214 871 5284 πρὸς
895 5213 1054 5264 αὐτὸν
1085 5209 1283 5279 ἔχθρας
1308 5207 1542 5278 οὐδαμοῦ
1564 5206 1713 5277 λήξει
1743 5209 1891 5273 ποτὲ,
1925 5210 2190 5279 ἐξήγαγεν

617 5297 806 5350 ἐαυτὸν
853 5297 963 5348 τῶν
1008 5293 1301 5361 ὀφθαλμῶν
1347 5291 1452 5343 τῶν
1499 5292 1730 5351 ἐκείνου,
1766 5292 1858 5343 καὶ
1896 5293 2047 5363 παρά
2082 5297 2191 5357 τοῖς

622 5380 914 5452 βαρϐάροις
937 5368 1368 5447 ἔζηξδουλεύων,
1394 5374 1759 5444 ἠτιμωμένος,
1782 5375 2189 5444 αἰσχυνόμενος,

620 5469 683 5518 ὲκ
707 5465 870 5517 πόνου
895 5463 988 5516 καὶ
1021 5455 1394 5529 ταλαιπωρίας
1424 5456 1522 5525 τὴν
1555 5457 1856 5523 ἀναγκαίαν
1887 5458 2065 5526 ἐαυτῷ
2098 5476 2192 5508 πο-

629 5549 713 5617 ρίζ
717 5566 791 5600 ων
819 5547 1045 5615 τροφήν.
1076 5543 1185 5597 Καὶ
1207 5541 1266 5593 οὐ
1288 5540 1445 5594 τοῦτο
1465 5541 1622 5611 μόνον
1644 5541 1758 5592 ἐστὶ
1780 5541 1838 5593 τὸ
1859 5541 2193 5610 θαυμαστὸν,

697 5755 719 5779 ⁸
745 5758 882 5820 Regi!
909 5761 1084 5822 ἀφῆκέν
1111 5777 1158 5807 τε
1182 5761 1286 5819 ὑγιῆ
1311 5759 1387 5806 καὶ
1413 5759 1557 5817 σῶον,
1581 5758 1657 5804 καὶ
1684 5759 1879 5804 συνιδών

1289 399 1344 452 S.
1379 395 1664 452 JOANNIS
1698 395 2185 455 ειιιιγδοδτοκι
2224 398 2543 458 Αιιειιιερ.
2585 398 3127 458 οοΝετΑΝτιΝορ.

3733 394 3840 452 6θᾶ

2258 515 2377 569 ἀλλ’
2406 517 2488 571 ὅτι
2512 517 2607 570 καὶ
2653 517 2885 570 πεσόντα
2913 516 3154 580 ἀκούσας
3185 514 3278 568 ἐπὶ
3303 513 3403 585 τῆς
3449 509 3834 581 παρατάξεως.

2257 609 2511 682 διέρρηξέ
2536 629 2595 665 τε
2630 612 2719 665 τὸν
2744 612 3087 682 χιτωνίσκον,
3113 611 3208 664 καὶ
3241 608 3434 663 σποδὸν
3462 607 3848 661 κατεπάσατον

2259 709 2353 761 καὶ
2391 708 2588 779 θρῆνον
2628 709 2948 783 ἑθρήνησενν,
2994 708 3053 762 ὃν
3092 709 3158 763 ἀν
3200 725 3284 771 τις
3316 705 3631 777 θρηνήσειε.
3673 703 3840 758 παῖδα

2261 804 2522 874 μονογενῆ
2561 805 2656 857 καὶ
2685 805 2908 877 γνήσιον
2949 804 3261 868 ἀποϐαλὼν,
3294 801 3533 873 συνεχῶς
3566 799 3733 853 αὑτοῦ
3781 798 3840 852 τὸ

2257 897 2427 968 ὄνομα
2456 899 2743 954 ἀνακαλῶν
2773 900 2910 970 μετὰ
2937 900 3031 954 τοῦ
3053 899 3288 963 παιδίου,
3314 898 3409 952 καὶ
3438 900 3691 966 ἐγκώμια
3717 911 3841 948 συν.

2261 996 2451 1062 τιθεὶς,
2471 997 2564 1049 καὶ
2592 998 2797 1069 πικρὰν
2827 997 3011 1068 ἀφιεὶς
3033 995 3237 1068 φωνὴν,
3265 996 3360 1049 καὶ
3383 995 3577 1066 μέχρις
3600 993 3842 1063 ἐσπέρας

2260 1093 2443 1155 ἄσιτος
2481 1093 2678 1163 μένων,
2715 1096 2809 1148 καὶ
2845 1095 2986 1148 αὐτά
3024 1093 3094 1146 τὰ
3124 1091 3300 1164 χωρία
3331 1089 3722 1161 καταρώμενος
3773 1087 3849 1141 τά-

2261 1189 2527 1260 δεξάμενα
2556 1191 2617 1244 τὸ
2643 1184 2782 1260 αἷμα
2808 1189 2901 1243 τοῦ
2946 1188 3120 1242 Σαούλ
3139 1204 3153 1218 ·
3192 1188 3342 1256 Ὄρη
3374 1186 3504 1256 γὰρ,
3553 1185 3740 1256 φησὶν,
3769 1183 3850 1236 τὰ

2259 1281 2545 1346 Γελϐουὲ,
2587 1283 2674 1353 μὴ
2705 1281 2879 1336 πέσοι
2909 1281 3002 1349 ἐφ’
3027 1273 3205 1348 ὑμᾶς,
3233 1277 3387 1347 μήτε
3421 1277 3669 1346 δρόσος.
3689 1272 3847 1344 μήτε

2258 1379 2433 1444 ὐετός
2451 1392 2464 1407 ⁸
2507 1378 2613 1446 ὄρη
2653 1376 2932 1441 θανάτου,
2967 1374 3055 1428 ὅτι
3091 1374 3220 1428 ἐκεῖ
3241 1372 3464 1440 ἐξήρθη
3507 1371 3707 1437 σκέπη
3737 1369 3845 1422 δυ-

2261 1470 2477 1526 νατῶν.
2521 1471 2697 1542 Ὅπερ
2745 1471 2981 1541 πατέρες
3020 1469 3234 1523 ποιοῦσι
3284 1467 3566 1530 πολλάκις,
3614 1469 3712 1520 καὶ
3740 1465 3844 1537 τὴν

2261 1566 2438 1620 οίκίαν
2455 1567 2910 1638 ἀποστρέφονται,
2942 1567 3140 1620 καὶτὸν
3157 1564 3431 1620 στενωπὸν
3451 1556 3632 1633 ἀηδῶς
3649 1560 3841 1632 ὁρῶσι.

2261 1661 2324 1715 δι’
2353 1655 2413 1715 οὗ
2438 1661 2529 1716 τὸν
2547 1664 2660 1714 υίὸν
2690 1663 3071 1734 προέπεμψαν,
3099 1661 3260 1715 τοῦτο
3283 1661 3375 1716 καὶ
3404 1655 3558 1723 οὗτος
3591 1657 3843 1727 ἐποίησε,

2265 1757 2358 1810 καὶ
2382 1760 2661 1829 κατηρᾶτο
2693 1760 2805 1820 τοῖς
2826 1757 2977 1827 δρεσι
2999 1759 3112 1821 τοῖς
3137 1757 3236 1828 τὴν
3263 1757 3478 1825 σφαγὴν
3505 1753 3842 1822 δεξαμένοις.

2263 1854 2424 1909 Μισῶ
2457 1835 2550 1908 καὶ
2585 1854 2678 1908 τὸν
2721 1855 2888 1908 τόπον
2925 1855 3094 1908 αὐτὸν
3125 1853 3213 1906 διὰ
3259 1854 3388 1916 τοὺς
3430 1853 3546 1904 ἐκεῖ
3582 1849 3853 1911 πεσόντας-

2263 1955 2512 2024 νεκροὺς,
2542 1953 2697 2023 φησί.
2719 1952 2934 2023 Μηκέτι
2966 1953 3146 2006 τοίνυν
3176 1951 3412 2022 βραχῆτε
3438 1949 3467 1988 ι’
3495 1950 3609 2010 τοῖς
3643 1945 3857 2000 ἀνωθεν

2266 2049 2441 2112 ύετοῖς
2457 2067 2470 2079 ο
2502 2049 2772 2121 ἐϐράχητε
2801 2049 2911 2120 γὰρ
2937 2047 3083 2112 ἅπαξ
3110 2046 3298 2108 κακῶς
3320 2043 3398 2115 τῷ
3419 2043 3528 2096 τῶν
3551 2042 3723 2112 φίλων
3747 2056 3858 2111 μου

2267 2145 2459 2216 αἵματι
2481 2164 2493 2176 ι
2531 2146 2626 2198 καὶ
2657 2144 2900 2215 συνεχῶς
2933 2144 2992 2196 δὲ
3030 2144 3211 2196 αὐτῶν
3249 2140 3606 2212 περιστρέφει
3639 2137 3711 2190 τά
3731 2135 3850 2189 ὀνό-

2269 2257 2436 2310 ματα,
2463 2241 2665 2292 οὑτωσὶ
2693 2241 2868 2308 λέγων
2886 2257 2899 2271 ·
2926 2239 3126 2293 Σαοὺλ
3155 2238 3253 2291 καί
3295 2235 3591 2295 Ἰωνάθαν,
3619 2236 3676 2284 οἱ
3704 2232 3850 2297 fnu-

2265 2335 2519 2406 πημένοι
2549 2337 2647 2390 καί
2695 2335 2912 2405 ὡραῖοι,
2949 2338 3021 2390 οὐ
3051 2333 3481 2404 κεχωρισμένοι
3505 2331 3579 2385 ἐν
3614 2325 3693 2397 τῇ
3738 2324 3848 2395 ᾆνῇ

2265 2433 2484 2496 αὐτῶν,
2517 2433 2614 2490 καί
2647 2433 2718 2486 ἐν
2755 2432 2838 2498 τῷ
2864 2432 3099 2497 θανάτῳ
3135 2430 3336 2485 αὐτῶν
3363 2431 3435 2484 οὐ
3461 2427 3850 2495 διεχωρίσθηά

2268 2543 2409 2583 σαν.
2450 2529 2668 2599 Ἐπειδὴ
2692 2528 2799 2598 γάρ
2837 2527 2906 2580 τὰ
2939 2526 3170 2598 σώματα
3202 2525 3277 2596 μὴ
3310 2523 3559 2596 παρόντα
3585 2519 3852 2593 περιττεύ-

2274 2622 2462 2686 ξασθαι
2496 2622 2596 2676 οὐκ
2624 2617 2761 2692 εἶχε,
2786 2622 3179 2693 περιπλέκεται
3214 2618 3394 2674 αὐτῶν
3427 2620 3548 2681 ταῖς
3579 2630 3850 2686 προσηγο-

2269 2719 2434 2790 ρίαις,
2475 2717 2574 2789 τὴν
2627 2718 2834 2771 οἰκείαν
2867 2717 3083 2788 ὀδύνην,
3129 2716 3205 2780 ὠς
3237 2711 3348 2768 οἷόν
3381 2732 3462 2780 τε,
3511 2713 3724 2777 τούτοις
3755 2727 3854 2764 κα·

2266 2816 2619 2887 ταπραΰνων,
2670 2814 2766 2868 καὶ
2808 2813 2870 2866 τὸ
2901 2814 3000 2883 τῆς
3037 2813 3323 2882 συμφορᾶς
3355 2808 3852 2882 παραμυθούμενος

2272 2910 2518 2982 μέγεθος.
2558 2909 2778 2980 Ἐπειδὴ
2806 2907 2915 2980 γὰρ
2942 2907 3159 2971 πολλοῖς
3185 2906 3362 2960 ἐδόκει
3381 2905 3443 2958 τὸ
3469 2906 3659 2958 πεσεῖν
3686 2904 3856 2973 ἀμφο-

2266 3007 2457 3077 τέρους
2484 3008 2540 3058 ἐν
2565 3005 2752 3075 ἡμέρᾳ
2780 3006 2878 3075 μιᾷ
2905 3004 3206 3074 ἀνήκεστον
3230 2997 3371 3055 εἶναι
3401 3000 3595 3062 κακὸν,
3629 2997 3764 3051 αὐτὸ
3790 2995 3854 3068 δὴ

2270 3101 2428 3153 τοῦτο
2451 3101 2529 3160 είς
2552 3098 2811 3151 ὑπόθεσιν
2827 3096 3180 3167 παραμυθίας
3203 3095 3385 3149 ἔλαϐε.
3416 3094 3490 3149 Τὸ
3522 3092 3632 3162 γάρ
3657 3093 3852 3153 εἰπεῖν,

2284 3197 2389 3250 Ἑν
2419 3193 2495 3262 τῇ
2524 3190 2639 3261 ζωῇ
2669 3191 2869 3245 αὐτῶν
2897 3194 2974 3245 οὔ
3004 3189 3447 3260 κεχωρισμένοι,
3471 3188 3569 3243 καί
3611 3187 3763 3261 [768]
3789 3187 3857 3240 ἐν

2272 3289 2353 3354 τῷ
2382 3285 2613 3352 θανάτῳ
2635 3284 2834 3341 αὐτῶν
2856 3289 2969 3341 οὐκ
2998 3285 3444 3355 ἐχωρίσθησαν,
3469 3284 3624 3337 οὐδὲν
3648 3285 3853 3353 ἕτερον,

2271 3387 2305 3458 ἢ
2351 3387 2508 3441 τοῦτο
2542 3384 3044 3448 κατασκευάζοντος
3081 3379 3169 3452 ῆν.
3210 3384 3285 3436 Ού
3328 3381 3439 3453 γὰρ
3482 3377 3639 3445 ἐστι,
3669 3381 3853 3452 φησιν,

2272 3486 2466 3550 εἰπεῖν,
2495 3485 2577 3537 ὅτι
2600 3481 2865 3554 ὀρφανίαν
2889 3482 2918 3535 ὀ
2941 3483 3073 3543 παῖς
3102 3471 3425 3551 ἐθρηνησεν,
3449 3477 3572 3530 οὐδὲ
3598 3475 3857 3529 ἀπαιδίαν

2271 3573 2300 3626 ὀ
2323 3572 2507 3644 πατὴρ
2537 3569 2806 3640 ὠδύρατο,
2837 3567 2953 3619 ἀλλ’
2979 3566 3007 3618 δ
3035 3566 3226 3636 μηδενὶ
3253 3564 3476 3632 συνέϐη,
3507 3561 3729 3632 συνέϐη,
3757 3578 3858 3631 φη-

2275 3661 2382 3724 σὶν,
2424 3659 2689 3721 ἐκείνοις’
2737 3654 2874 3726 ὁμοῦ
2913 3654 3024 3724 γάρ
3053 3653 3149 3706 καὶ
3175 3652 3320 3706 κατά
3353 3652 3482 3722 μίαν
3509 3651 3729 3721 ἡμέραν
3763 3652 3860 3718 τῆς

2277 3745 2423 3815 ζωῆς
2449 3745 2866 3815 ἀπερράγησαν,
2886 3741 2982 3795 καὶ
3009 3740 3071 3794 οὐ
3101 3737 3488 3806 καταλειφθεὶς
3509 3736 3760 3808 θάτερος.
3784 3731 3862 3788 Ἦ

2276 3834 2386 3904 γὰρ
2412 3834 2478 3886 ἂν
2503 3831 2737 3885 ἀϐίωτον
2771 3829 2952 3898 ἐαυτῷ
2983 3823 3124 3879 εἶναι
3151 3825 3243 3877 τὸν
3266 3823 3378 3893 βίον
3409 3823 3629 3892 ἐνόμισε
3655 3825 3726 3892 τῇ
3756 3821 3866 3875 διαρ

2281 3923 2467 3976 στάσει
2488 3920 2740 3990 θατέρου.
2766 3915 3201 3987 Διεθερμάνθητε
3221 3913 3340 3976 νῦν,
3361 3911 3723 3982 ἐδακρύσατε,
3747 3923 3868 3964 συν-

2280 4007 2512 4078 εχύθητε
2539 4005 2630 4058 τὸν
2658 4002 2937 4072 λογισμὸν,
2967 4002 3061 4054 καὶ
3089 3999 3226 4071 πρὸς
3255 3998 3449 4068 ἄφεσιν
3487 3996 3742 4068 δακρύων
3775 3997 3869 4050 εὐ-

2277 4094 2505 4163 τρεπεῖς
2535 4090 2690 4160 ὑμῶν
2718 4090 2767 4142 0!
2792 4087 3060 4157 ὀφθαλμοὶ
3088 4085 3453 4156 γεγένηνται;
3483 4083 3599 4138 Νῦν
3631 4085 3868 4147 hanc;

2278 4173 2787 4246 ἀναμιμνησκέσθω
2809 4190 2899 4244 μοι
2919 4171 3013 4224 τοῦ
3034 4170 3230 4241 ἐχθροῦ
3251 4171 3346 4224 καὶ
3359 4168 3453 4223 τοῦ
3471 4169 3865 4239 λελυπηκότος,

2279 4263 2362 4316 ῐτι
2394 4262 2623 4329 ζεούσης
2648 4260 2727 4330 τῷ
2757 4259 2943 4312 πένθει
2983 4259 3081 4328 τῆς
3110 4258 3373 4322 διανοίας,
3417 4257 3512 4310 καὶ
3535 4256 3728 4310 τοῦτον
3772 4256 3870 4308 καὶ

2283 4350 2461 4414 ζῶντα
2494 4347 2830 4415 φυλαττέτω,
2851 4348 2946 4398 καὶ
2976 4345 3282 4398 ἀπελθόντα
3314 4344 3606 4404 πενθείτω.
3631 4344 3708 4415 μὴ
3731 4344 3870 4414 πρὸς

2287 4434 2566 4499 ἐπίδειξιν,
2600 4433 2716 4486 ἀλλ’
2742 4433 2850 4487 ἀπὸ
2877 4432 3118 4495 διανοίας
3153 4433 3246 4484 καὶ
3273 4431 3457 4501 ψυχῆς
3487 4431 3746 4502 γνησίας·
3766 4429 3874 4483 κάν

2285 4523 2377 4594 δέῃ
2407 4540 2459 4575 τι
2488 4521 2702 4584 παθεῖν,
2726 4517 2865 4571 ὥστε
2897 4518 2972 4588 μὴ
3000 4519 3239 4588 λυπῆσαι
3259 4516 3350 4569 τὸν
3380 4518 3704 4586 ἠδικηκότα,
3738 4517 3875 4570 πάν-

2284 4622 2355 4658 τα
2403 4603 2625 4656 ποιείτω
2663 4603 2759 4654 καὶ
2802 4602 3080 4672 πασχέτω,
3119 4601 3272 4672 παρά
3309 4600 3403 4652 τοῦ
3453 4601 3590 4653 Θεοῦ
3629 4600 3874 4670 μεγάλας

2285 4698 2569 4767 ἀναμένων
2597 4695 2696 4759 τάς
2725 4694 2984 4765 ἀμοιϐάς.
3027 4694 3157 4748 Ἰδοὺ
3181 4695 3312 4763 γοῦν
3341 4688 3496 4756 οὗτος
3523 4696 3615 4746 καὶ
3651 4695 3751 4764 τὴν
3780 4693 3876 4763 βα-

2288 4781 2491 4833 σιλείαν
2519 4778 2698 4840 ἔλαϐε,
2734 4779 2826 4830 καὶ
2859 4779 2957 4847 τὴν
2984 4779 3143 4848 χεῖρα
3167 4779 3266 4830 οὐκ
3299 4777 3582 4844 ἐμόλυνεν,
3617 4777 3755 4828 ἀλλά
3777 4789 3877 4828 κα-

2290 4864 2458 4934 θαρὰν
2481 4862 2618 4931 ἔχων
2642 4860 2743 4929 τὴν
2759 4858 2960 4924 δεξιὰν,
2989 4859 3134 4914 οὕτω
3148 4861 3237 4913 τὸν
3255 4859 3521 4928 στέφανον
3549 4861 3872 4929 ἀνεδήσατο,

2289 4947 2383 4998 καὶ
2422 4945 2511 4996 ἐπὶ
2549 4943 2639 4995 τὸν
2675 4942 2863 5012 θρόνον
2908 4942 3099 5012 ἀνέϐη,
3135 4944 3232 5012 τῆς
3277 4940 3593 5012 ἀλουργίδος
3639 4944 3734 4995 καὶ
3769 4941 3874 4995 ,τοῦ

2291 5030 2616 5096 διαδήματος
2665 5026 3052 5096 λαμπροτέραν
3087 5026 3225 5095 έχων
3269 5026 3548 5095 εὐφημίας
3593 5025 3874 5086 ὑπόθεσιν,

2291 5122 2349 5172 τὸ
2367 5118 2651 5188 φείσασθαι
2683 5117 2774 5169 τοῦ
2803 5117 3084 5186 πολεμίου,
3113 5120 3173 5169 τὸ
3203 5117 3471 5188 θρηνῆσαι
3499 5114 3756 5170 πεσόντα.
3779 5115 3880 5170 Διά

2292 5204 2446 5255 τοῦτο
2489 5201 2607 5269 ούχὶ
2641 5199 2747 5264 ζῶν
2784 5201 2962 5269 μόνον.
2997 5201 3131 5252 ἀλλὰ
3158 5201 3252 5254 καί⁵
3293 5200 3631 5270 τελευτήσας
3665 5213 3879 5270 μνημο-

2294 5286 2530 5339 νεύεται.
2563 5284 2723 5336 Ὥστε
2756 5285 2803 5334 εἰ
2837 5282 3014 5350 βούλει
3046 5284 3139 5335 καὶ
3184 5283 3248 5334 σὺ
3292 5284 3386 5335 καὶ
3424 5283 3665 5334 ἐνταῦθα
3703 5282 3882 5353 διηνε-

2297 5370 2422 5431 κοῦς
2464 5368 2622 5436 δόξης
2665 5368 2867 5435 τυχεῖν,
2914 5365 3190 5436 ἄνθρωπε,
3245 5366 3405 5419 κάκεῖ
3444 5364 3554 5416 τῶν
3606 5365 3881 5436 ἀκινήτων

2297 5451 2600 5504 ἀπολαῦσαι
2635 5449 2836 5509 καλῶν,
2873 5448 3108 5517 μίμησαι
3147 5449 3245 5519 τὴν
3277 5447 3478 5517 ἀρετὴν
3499 5447 3596 5499 τοῦ
3642 5449 3880 5513 δικαίου,

2298 5537 2536 5600 ζήλωσον
2557 5532 2653 5603 τὴν
2677 5532 3017 5601 φιλοσοφίαν,
3047 5532 3312 5598 ἐπίδειξαι
3333 5531 3423 5585 διὰ
3443 5531 3554 5585 τῶν
3581 5532 3758 5602 ἔργων
3785 5531 3882 5604 τὴν

2370 5756 2390 5791 δ’
2417 5751 2556 5814 chii
2584 5752 2846 5816 βραχείητε.
