4152 6506
327 425 431 484 ωδ

324 541 475 597 illum
506 538 825 604 contulerat,
855 536 901 592 si
925 534 1227 590 voluisset:
1257 540 1467 603 poterat
1488 543 1913 586 commemorare

322 633 594 703 singulare
618 642 889 688 certamen
916 670 930 693 ,
974 628 1115 699 quod
1147 642 1268 682 cum
1299 626 1526 681 barbaro
1567 631 1910 691 susceperat,

320 738 384 779 ac
426 724 645 778 dicere:
677 721 810 776 Cum
859 719 1058 775 bellum
1107 716 1440 771 barbaricum
1466 756 1481 780 ,
1530 729 1625 768 ceu
1655 712 1910 766 diluvium

318 814 587 883 quoddam
614 853 629 875 ,
678 812 981 865 universam
1007 809 1275 864 civitatem
1304 815 1448 862 esset
1491 806 1866 874 dissipaturum
1892 845 1907 869 ,

319 902 679 958 consternatis
706 902 855 957 vobis
879 916 940 955 ac
967 909 1110 954 metu
1135 898 1375 967 trepidis,
1406 895 1746 966 quotidieque
1768 910 1914 947 tuor-

317 1002 425 1047 tem
474 994 907 1061 exspectantibus
932 1033 946 1057 ,
991 1006 1093 1059 ego
1134 988 1398 1045 accedens
1432 988 1645 1043 nemine
1668 985 1908 1054 compel-

317 1082 459 1138 lentu
483 1124 498 1147 ,
530 1082 637 1137 imo
686 1092 735 1136 te
781 1081 1096 1151 prohibente
1141 1095 1205 1134 ac
1250 1080 1515 1134 retinente
1540 1078 1855 1146 dicenteque
1891 1093 1903 1130 :

315 1173 441 1229 Non
466 1176 653 1244 pateris
681 1176 773 1239 ire,
804 1173 1040 1243 quoniam
1072 1187 1196 1242 puer
1221 1188 1271 1225 es
1290 1212 1305 1236 ,
1351 1171 1438 1223 ille
1466 1180 1631 1223 autem
1652 1169 1727 1221 vir
1750 1167 1908 1221 bella-

314 1275 393 1321 ter
416 1283 449 1319 a
466 1268 732 1336 juventute
762 1281 853 1317 sua
873 1264 948 1337 (l.
976 1263 1104 1334 Reg.
1126 1265 1215 1318 17.
1239 1262 1333 1331 55)
1358 1281 1371 1316 :
1403 1278 1509 1315 non
1537 1277 1621 1315 me
1642 1260 1902 1325 continui,

312 1355 409 1411 sed
435 1369 571 1409 unus
597 1370 695 1425 pro
724 1356 970 1410 omnibus
998 1354 1156 1408 insilii
1183 1393 1198 1417 ,
1249 1353 1457 1407 hostem
1480 1352 1675 1420 excepi
1699 1392 1713 1417 ,
1743 1358 1907 1420 caput

311 1446 603 1514 amputari,
628 1460 691 1500 ac
710 1445 870 1499 veluti
896 1445 1146 1498 torrentis
1166 1445 1418 1513 impetum
1443 1443 1748 1514 quemdam,
1778 1442 1902 1496 bar-

312 1536 562 1591 barorum
587 1536 795 1590 illorum
826 1536 1055 1591 insultus
1074 1536 1253 1606 depuli
1273 1577 1287 1602 ,
1333 1537 1714 1605 rempublicam
1742 1537 1905 1591 vacil-

313 1627 510 1682 lantcm
536 1628 867 1683 constabilivi
895 1646 907 1680 :
932 1644 993 1682 ac
1021 1643 1114 1698 per
1143 1642 1229 1683 me
1258 1636 1311 1681 tu
1339 1627 1554 1697 quidem
1586 1643 1805 1697 regnum
1841 1644 1904 1682 ac

309 1717 496 1784 vitam,
527 1718 710 1773 exteri
738 1732 865 1772 vero
894 1731 1081 1772 omnes
1106 1726 1299 1785 praeter
1325 1718 1509 1781 vitam,
1537 1718 1805 1773 civitatem
1837 1732 1900 1772 ac

309 1805 522 1872 domos,
550 1806 750 1862 liberos
774 1816 826 1862 et
854 1822 1046 1862 uxores
1074 1817 1273 1862 tenent.
1316 1808 1394 1862 Ac
1422 1808 1684 1877 postillud
1715 1823 1902 1863 rursus

311 1908 595 1970 troprcum,
625 1910 680 1956 et
704 1902 804 1955 alia
831 1901 967 1955 bella
994 1917 1113 1971 quae
1144 1902 1355 1956 fortiter
1377 1918 1441 1957 ac
1469 1904 1691 1957 feliciter
1717 1917 1900 1972 gesse-

308 1996 413 2053 rat,
441 1988 544 2045 hoc
574 2006 678 2045 non
710 1992 981 2058 inferiora,
1010 1994 1180 2060 p0tuit
1202 2007 1648 2048 commemorare.
1679 1994 1756 2047 Ad
1781 1994 1900 2049 hrcc

306 2079 450 2149 quod
486 2096 607 2135 cum
638 2083 805 2138 semel
836 2091 995 2153 atque
1024 2085 1214 2137 iterum
1242 2124 1256 2149 ,
1288 2084 1395 2138 imo
1420 2085 1617 2153 smpius
1642 2092 1903 2139 tentasset

307 2172 479 2239 Ipsum
508 2184 540 2225 e
583 2170 760 2225 medio
808 2171 1025 2235 tollere,
1073 2171 1420 2241 lanceamqne
1466 2172 1515 2225 in
1557 2180 1718 2240 caput
1759 2172 1901 2227 illius

304 2259 550 2314 torsisset
581 2278 594 2313 :
624 2275 730 2316 non
762 2269 940 2316 tamen
982 2262 1227 2318 meminit
1269 2263 1566 2329 malorum;
1597 2264 1722 2317 item
1754 2266 1894 2333 quod

314 2359 436 2418 post
464 2351 551 2405 illa
579 2361 747 2422 gesta,
787 2369 907 2409 cum
936 2353 1065 2410 Satil
1093 2354 1311 2411 deberet
1340 2356 1531 2425 prioris
1559 2371 1747 2426 pugna:
1778 2357 1897 2412 red-

303 2436 435 2494 dere
462 2443 703 2509 prmntia,
734 2445 1037 2514 peposcerit
1057 2447 1259 2509 detem,
1290 2461 1394 2500 non
1423 2461 1629 2514 aurum,
1670 2464 1773 2502 non
1803 2464 1894 2502 ar-

301 2539 543 2599 gentum,
584 2532 678 2585 sed
707 2535 909 2589 czcdem
940 2544 994 2589 et
1019 2535 1437 2591 internecionem
1470 2555 1481 2589 :
1512 2552 1575 2591 ac
1602 2554 1669 2593 ne
1697 2539 1746 2592 id
1774 2539 1892 2608 qni-

298 2618 425 2686 dem
450 2620 694 2676 abnuerit
734 2623 921 2679 David.
966 2623 1075 2681 Nec
1101 2625 1199 2681 ista
1224 2634 1451 2693 tantum,
1496 2628 1589 2681 sed
1630 2627 1711 2682 his
1732 2630 1891 2683 etiam

301 2712 470 2767 multo
521 2723 628 2768 tum
674 2716 823 2785 plura
868 2725 979 2771 tum
1026 2718 1226 2787 majora
1260 2720 1441 2775 dicere
1464 2722 1678 2791 potuit:
1709 2738 1891 2777 verum

302 2804 434 2858 nihil
460 2804 648 2860 horum
676 2807 847 2874 dixit,
890 2822 1065 2877 neque
1102 2810 1153 2865 ei
1187 2819 1302 2864 erat
1330 2811 1540 2865 animus
1586 2813 1659 2865 illi
1697 2829 1891 2882 expro-

302 2894 459 2950 brare
488 2895 761 2961 beneﬁcia,
791 2898 884 2953 sed
914 2907 1116 2953 tantum
1148 2901 1471 2969 persuadere
1502 2917 1558 2958 se
1587 2919 1706 2959 esse
1728 2921 1891 2960 unum

300 3000 369 3039 ex
398 3001 584 3040 eorum
612 3003 858 3055 numero,
888 2990 975 3058 qui
1008 2990 1178 3059 ipsum
1201 3001 1256 3045 et
1274 3004 1517 3047 amarent
1542 3010 1605 3048 ac
1630 2995 1888 3062 colerent,

300 3089 411 3131 non
438 3078 527 3146 qui
554 3078 895 3133 rebellionem
921 3089 1014 3133 aut
1040 3080 1260 3136 insidias
1287 3083 1624 3138 molirentur.

373 3164 540 3220 Unius
581 3166 676 3221 Dei
720 3168 1025 3222 voluntatem
1049 3181 1237 3237 spectat
1276 3172 1476 3237 David;
1503 3185 1714 3229 mortem
1754 3177 1890 3231 Sati-

294 3257 362 3310 lis
387 3257 557 3326 deﬂet.
581 3256 856 3327 anrymas
882 3260 1198 3315 audientibus
1220 3273 1379 3316 movet
1405 3262 1888 3335 Cltrysostamus.—-

294 3346 423 3402 ideo
455 3348 826 3416 prmtertnissis
856 3350 957 3403 illis
985 3350 1262 3416 omnibus,
1308 3360 1509 3408 tantum
1536 3356 1677 3424 quod
1705 3372 1771 3411 eo
1799 3372 1889 3411 ac-

293 3439 495 3494 ciderat
520 3440 625 3504 die,
659 3442 711 3494 itt
742 3441 1107 3497 defensionem
1135 3442 1376 3498 adduxit.
1411 3445 1588 3515 Usque
1623 3447 1758 3503 adeo
1786 3464 1885 3517 pu-

292 3544 386 3584 rus
424 3539 566 3593 erat,
600 3531 745 3585 etab
779 3534 924 3585 omni
954 3533 1097 3586 inani
1136 3534 1304 3603 gloria
1346 3536 1624 3603 immunis,
1658 3554 1755 3592 nec
1779 3540 1885 3593 alio

293 3623 553 3690 respexit,
578 3637 734 3690 quant
763 3622 831 3676 ad
860 3623 1014 3678 unius
1048 3623 1139 3678 Dei
1170 3624 1518 3681 voluntatem.
1546 3628 1743 3683 Deinde
1769 3631 1881 3683 ait:

277 3709 495 3773 ,Judicet
542 3711 789 3766 Dominus
834 3714 961 3767 inter
1007 3730 1085 3768 me
1118 3722 1164 3769 et
1209 3724 1257 3769 te
1301 3716 1473 3786 (Ibid.
1504 3734 1550 3770 υ.
1588 3720 1716 3786 l5).
1770 3720 1884 3775 Hoc

292 3805 513 3859 verbum
541 3804 673 3859 dixit
699 3824 803 3861 non
830 3808 1219 3878 quod'euperet
1239 3811 1411 3880 puniri
1433 3812 1668 3880 Saulem,
1699 3824 1791 3868 aut
1816 3816 1883 3870 de

291 3897 388 3952 illo
414 3912 599 3966 pCBllas
627 3900 796 3963 sumi,
841 3901 937 3968 sed
979 3910 1037 3955 ut
1073 3902 1145 3955 illi
1178 3902 1517 3959 formidinem
1547 3906 1790 3976 injiceret
1814 3926 1882 3964 ex

292 3986 455 4041 futuri
494 3986 680 4055 jndicii
720 3991 1225 4048 commemoratione
1262 4010 1274 4045 :
1318 4008 1491 4065 neque
1535 4005 1592 4050 ttt
1634 3998 1883 4054 timorem

293 4076 810 4143 incuterettantutn,
838 4093 1020 4133 verum
1045 4091 1100 4135 ut
1124 4082 1360 4151 seipsum
1385 4100 1415 4140 a
1442 4085 1679 4141 criminis
1708 4090 1883 4157 suspi-

290 4169 447 4223 eioue
476 4179 738 4239 purgataet.
767 4170 1094 4241 Prmcipuam
1120 4173 1355 4241 quidem,
1392 4177 1581 4245 inquit,
1612 4180 1882 4246 probatio-

292 4276 418 4315 nem
444 4276 511 4315 ex
539 4260 667 4330 ipsis
698 4260 866 4316 habeo
894 4261 1044 4317 factis
1069 4280 1083 4315 :
1111 4264 1251 4333 quod
1280 4265 1323 4318 si
1344 4280 1451 4321 non
1480 4268 1675 4333 credis,
1706 4270 1876 4337 ipsum

292 4350 464 4405 Deum
487 4350 678 4406 invoco
710 4361 920 4418 testem,
948 4355 1039 4423 qui
1066 4355 1323 4424 cujusque
1346 4359 1541 4413 mentis
1563 4374 1754 4414 arcana
1783 4377 1879 4415 uo-

290 4440 387 4505 vit,
411 4451 464 4495 et
488 4444 710 4496 scrutari
739 4454 912 4512 potest
939 4446 1313 4501 conscientias.

362 4534 416 4587 5.
444 4534 566 4587 [iure
604 4546 778 4589 autem
823 4537 1072 4606 loquutus
1118 4547 1219 4605 est,
1267 4540 1545 4596 declarans
1574 4560 1632 4600 se
1674 4562 1877 4613 nequa-

288 4639 451 4693 quam
490 4639 739 4678 ausurum
791 4626 952 4680 fuisse
990 4628 1259 4696 appeliare
1302 4631 1542 4687 iudicem
1584 4636 1748 4700 illum,
1794 4636 1876 4691 cui

292 4732 398 4769 non
430 4725 605 4784 potest
632 4717 849 4784 imponi,
874 4718 997 4771 etin
1026 4734 1144 4773 sese
1173 4720 1669 4778 condemnationem
1697 4742 1876 4781 accer-

288 4822 432 4871 sere,
465 4806 563 4859 nisi
602 4809 958 4861 certissimum
1000 4808 1237 4872 haberet,
1269 4828 1327 4867 se
1370 4815 1435 4867 ab
1474 4818 1614 4869 omni
1660 4819 1876 4871 insidia-

289 4914 407 4951 rum
449 4897 672 4951 crimine
714 4915 903 4965 purum
945 4914 1081 4953 esse.
1131 4901 1195 4953 Et
1225 4904 1363 4970 quod
1400 4920 1457 4957 ca
1491 4921 1607 4974 qum
1654 4908 1878 4964 dicimus

289 5004 397 5043 non
429 4988 771 5054 conjectum,
803 4991 895 5043 sed
927 4992 1066 5059 quod
1100 4994 1257 5046 simul
1296 5006 1348 5048 et
1374 5012 1491 5051 sese
1534 5015 1755 5069 purgare
1786 5018 1879 5055 cu-

287 5080 464 5149 piens,
499 5087 553 5131 ct
582 5078 726 5131 illum
759 5079 822 5130 ad
862 5080 1201 5136 sobrietatem
1230 5100 1499 5151 revocare,
1534 5091 1671 5141 illius
1696 5091 1874 5155 judieii

290 5169 416 5223 fecit
440 5170 788 5235 mentionem,
815 5170 901 5222 illa
931 5175 1169 5239 qumjam
1198 5185 1341 5243 gesta
1376 5176 1585 5233 fuerunt
1617 5182 1880 5236 sufﬁcien—

290 5269 372 5313 ter
397 5259 681 5313 ostenduut
708 5279 717 5311 :
750 5276 850 5313 non
882 5263 1055 5315 minus
1079 5273 1255 5318 autem
1308 5267 1389 5321 his
1420 5280 1473 5323 ct
1502 5270 1608 5334 illa,
1636 5290 1752 5339 qum
1784 5291 1876 5342 pu-

287 5360 404 5405 stca
437 5350 773 5412 acciderunt,
803 5352 959 5420 hujus
988 5355 1062 5407 rei
1095 5356 1251 5410 fidem
1279 5361 1449 5414 lacere
1475 5374 1711 5430 possunt.
1745 5365 1876 5419 Nam

288 5455 413 5494 cum
443 5455 627 5494 rursus
655 5440 777 5496 Sat]!
806 5442 1077 5498 incidisset
1106 5446 1155 5497 in
1185 5462 1373 5499 manus
1404 5449 1596 5517 ipsius,
1634 5469 1678 5520 με
1703 5467 1747 5507 St
1780 5456 1873 5508 da-

291 5542 399 5585 tatn
444 5532 669 5585 salutem
718 5534 1004 5601 insequens
1046 5535 1227 5601 illum,
1276 5548 1328 5591 et
1374 5542 1617 5597 occidere
1658 5546 1871 5611 volens,

288 5636 517 5691 cumque
565 5633 741 5690 posset
778 5624 984 5678 hostem
1014 5641 1135 5679 cum
1160 5628 1407 5682 universo
1438 5639 1672 5688 exercitu
1699 5639 1876 5692 (ῖίεηςὶ-

289 5711 441 5778 dere,
479 5712 681 5767 dimisit
720 5714 865 5767 illum
896 5716 1157 5785 integrum
1184 5728 1237 5772 et
1268 5721 1602 5778 incolumem.
1652 5728 1876 5797 Ideoque

292 5813 419 5857 cum
443 5803 599 5858 sciret
625 5804 867 5859 morbum
898 5808 1034 5875 regis
1063 5809 1504 5869 imnteiliiahilcm
1533 5834 1670 5885 esse,
1708 5838 1872 5891 neque

1304 417 1393 475 DE
1436 413 1691 474 DAVIDE
1732 411 1817 469 ΕΤ
1857 407 2083 468 SAULE
2126 411 2403 471 llOMlLlA
2447 414 2507 470 il.

3504 426 3613 482 69-5

2019 523 2169 581 illum
2220 542 2469 598 umquam
2509 527 2755 585 hostilem
2794 530 2847 585 in
2885 543 2944 585 se
2992 529 3229 585 animum
3271 532 3609 602 positurum,

2019 617 2287 672 submovit
2312 632 2431 674 sese
2451 618 2519 673 ab
2534 619 2699 674 oculis
2728 620 2887 685 illius,
2921 631 2976 677 et
3000 621 3138 692 apud
3166 621 3424 679 barbaros
3448 623 3607 678 vitam

2016 710 2240 777 agebat,
2280 711 2539 777 serviens,
2570 710 2776 767 honore
2804 713 3060 782 privatus,
3104 715 3308 785 pudore
3350 716 3607 781 sull'nsns,

2018 798 2200 855 labore
2228 815 2291 856 ac
2318 804 2531 859 miseria
2557 804 2658 859 sibi
2691 805 2789 873 ipsi
2818 818 3010 873 parans
3036 806 3102 861 ad
3136 807 3331 863 victum
3362 823 3613 863 necessus

2016 891 2113 947 ria.
2144 893 2302 962 Atqui
2331 908 2439 948 non
2470 895 2573 950 hoc
2598 904 2799 950 tantum
2827 905 2908 953 est
2934 898 3078 967 quod
3104 900 3382 966 miremur,
3414 900 3509 954 sed
3546 903 3613 955 il~

2012 980 2104 1035 lud
2133 996 2363 1052 quoque,
2391 984 2531 1054 quod
2562 994 2908 1056 posteaquam
2933 987 3176 1044 audierat
3202 1004 3380 1059 regem
3409 990 3461 1044 in
3492 989 3619 1047 acie

2012 1070 2291 1137 cecidisse,
2321 1074 2534 1128 discidit
2560 1084 2782 1142 restem,
2813 1085 2867 1131 et
2906 1078 3086 1133 cinere
3115 1092 3173 1133 se
3199 1079 3520 1147 conspersit,
3553 1086 3607 1130 et

2012 1177 2078 1218 eo
2104 1163 2249 1218 luctu
2276 1165 2432 1229 luxit,
2465 1181 2570 1235 quo
2609 1169 2729 1237 quis
2760 1168 2965 1238 lugeret
3009 1170 3207 1222 amisso
3249 1169 3606 1239 pritnogenito

2010 1268 2370 1324 germanoque
2422 1256 2562 1323 filio;
2612 1258 2838 1314 subinde
2882 1275 3080 1315 nomen
3121 1260 3261 1315 illius
3311 1260 3607 1317 inclamans

2012 1360 2114 1399 una
2144 1361 2264 1400 cum
2294 1346 2386 1401 filii
2430 1349 2669 1415 nomine,
2701 1352 3011 1419 compositis
3041 1350 3201 1406 etiam
3229 1352 3506 1415 encomiis,
3542 1368 3606 1409 ae

2009 1450 2170 1491 voces
2192 1438 2371 1492 acerbi
2397 1438 2599 1493 doloris
2631 1448 2792 1495 testes
2820 1442 3090 1507 emittens,
3125 1442 3426 1511 impransus
3451 1458 3604 1496 man-

2009 1527 2080 1579 sit
2118 1543 2283 1597 usque
2311 1528 2378 1583 ad
2422 1544 2697 1599 vesperam
2718 1571 2735 1597 ,
2766 1546 3054 1586 exsccrans
3092 1540 3147 1587 et
3175 1532 3290 1601 ipsa
3335 1533 3451 1588 loca
3483 1550 3603 1604 quzc

2008 1613 2185 1671 Saulis
2214 1618 2524 1686 sanguinem
2551 1629 2888 1687 exceperant.
2918 1620 3137 1685 Montes,
3167 1621 3603 1690 inquit,.Gclboe',

2007 1720 2071 1758 ne
2103 1706 2250 1758 cadat
2288 1723 2440 1776 super
2477 1722 2562 1761 vos
2592 1725 2749 1779 neque
2790 1724 2892 1773 ros,
2945 1725 3101 1780 neque
3139 1710 3313 1779 pluvia
3352 1725 3371 1763 :
3404 1704 3596 1765 montis

1984 1796 2209 1855 ‘tuortis,
2250 1799 2491 1865 quoniam
2520 1798 2627 1851 illic
2668 1798 2866 1851 sublata
2908 1809 3024 1852 sunt
3068 1799 3395 1854 tabernacula
3424 1812 3603 1871 poten-

2006 1890 2132 1944 tium
2184 1890 2257 1960 (2.
2294 1890 2421 1961 Reg.
2463 1896 2513 1947 t.
2542 1892 2651 1965 21).
2698 1892 2849 1962 Quod
2894 1908 3039 1963 saepe
3072 1904 3253 1964 patres
3282 1892 3510 1960 faciunt,
3547 1906 3605 1951 ut

2004 1981 2219 2035 domum
2250 1983 2411 2037 etiam
2434 1994 2771 2051 averseutur,
2790 1996 2843 2041 et
2867 1986 3031 2041 limen
3055 1986 3297 2042 dolenter
3317 1988 3598 2058 aspiciant,

2004 2088 2100 2143 per
2129 2072 2271 2142 quod
2296 2074 2535 2128 extulere
2566 2074 2753 2139 filium,
2780 2074 2881 2131 hoc
2904 2086 2955 2130 et
2988 2073 3076 2131 hic
3096 2074 3239 2141 fecit,
3268 2091 3364 2132 eos
3389 2088 3602 2131 montes

2003 2162 2297 2231 devovens,
2328 2164 2420 2234 qui
2447 2165 2650 2220 eaedem
2682 2166 2824 2220 illam
2855 2176 3205 2237 exceperant.
3234 2166 3355 2235 Odi,
3386 2168 3596 2238 inquit,

2003 2255 2176 2323 ipsum
2223 2254 2381 2309 etiam
2412 2255 2586 2311 locum
2612 2268 2828 2327 promer
2858 2270 3095 2312 mortuos
3128 2259 3237 2313 illic
3268 2269 3587 2327 prostratos.

2000 2345 2078 2400 Ne
2107 2346 2268 2417 igitur
2306 2347 2597 2416 irrigctninl
2643 2347 2865 2416 pesthac
2894 2348 3193 2402 caelestibus
3220 2348 3427 2416 pluviis,
3471 2350 3597 2419 quia

2000 2438 2140 2494 male
2162 2438 2330 2494 semel
2358 2438 2559 2509 irrigati
2580 2439 2710 2494 estis
2730 2439 3021 2493 amicorum
3045 2454 3288 2495 meorum
3316 2441 3595 2511 sanguine,

2001 2545 2170 2601 eaque
2215 2529 2436 2585 nomina
2473 2529 2698 2586 subinde
2728 2531 3022 2602 repetebat,
3072 2532 3141 2585 ita
3167 2532 3428 2602 loquens:
3463 2532 3596 2587 Sani

1999 2632 2043 2678 et
2070 2622 2353 2691 lauat/tus,
2391 2624 2631 2678 amabiles
2658 2642 2716 2677 ac
2740 2625 2977 2694 speciosi,
3007 2625 3059 2678 in
3086 2625 3185 2679 vita
3212 2641 3306 2679 sua
3340 2641 3440 2679 non
3478 2626 3596 2694 fuc-

1997 2726 2113 2769 raut
2145 2717 2409 2782 disiuncti,
2431 2734 2517 2770 nec
2541 2727 2701 2772 morte
2728 2734 2822 2772 sua
2845 2720 3066 2789 separati
3090 2726 3207 2773 sunt
3235 2717 3396 2789 (Ibid.
3413 2717 3591 2787 ψει).

1997 2806 2258 2875 Quoniam
2301 2809 2443 2862 enim
2486 2809 2726 2863 absentia
2775 2810 2985 2864 illorum
3029 2824 3253 2881 corpora
3294 2824 3402 2865 non
3446 2810 3597 2864 licuit

1995 2898 2263 2967 amplecti,
2299 2900 2513 2953 nomina
2545 2899 2752 2953 illorum
2782 2900 3095 2969 complexus
3120 2909 3222 2968 est,
3251 2915 3405 2955 suum
3438 2899 3593 2955 dolo-

1997 3004 2110 3043 rem
2133 2989 2280 3046 hisce
2306 2992 2477 3046 modis
2504 3001 2770 3060 quatenus
2800 2992 2945 3046 licuit
2966 2991 3172 3047 leniens
3196 3000 3249 3045 et
3270 2991 3589 3046 calamitatis

1994 3082 2411 3153 magnitudinem
2456 3085 2727 3152 mitigans.
2770 3081 2902 3148 Quia
2932 3084 3075 3138 enim
3102 3097 3132 3135 a
3163 3082 3346 3135 multis
3390 3081 3589 3135 malum

1993 3172 2276 3242 putabatur
2302 3171 2617 3241 insanabile,
2642 3172 2827 3227 ambos
2848 3171 3035 3227 eodem
3065 3171 3324 3227 cecidisse
3346 3170 3455 3237 die,
3486 3170 3589 3225 hoc

1993 3264 2167 3334 ipsum
2212 3265 2437 3333 arripuit
2482 3265 2533 3319 in
2597 3264 2977 3319 consolationis
3020 3272 3414 3333 argumentum.
3455 3261 3589 3316 Nam

1990 3357 2133 3425 quod
2180 3357 2273 3420 ait,
2310 3355 2375 3409 In
2423 3358 2523 3409 vita
2566 3375 2658 3410 sua
2697 3373 2800 3409 non
2844 3359 3043 3426 fuerant
3086 3356 3361 3426 disjuucti,
3410 3370 3499 3409 nec
3535 3356 3591 3409 iu

1991 3456 2151 3502 morte
2186 3458 2303 3500 sunt
2336 3450 2579 3515 separati,
2611 3447 2775 3503 verba
2815 3455 2967 3501 erant
2992 3446 3124 3502 nihil
3166 3447 3307 3502 aliud
3343 3447 3585 3517 agentis,

1988 3554 2149 3609 quam
2179 3548 2237 3593 ut
2265 3538 2370 3593 hoo
2387 3539 2541 3594 cedat
2569 3538 2621 3593 iu
2644 3537 2894 3594 solatium
2919 3538 3141 3593 doloris.
3168 3539 3286 3595 Jam
3314 3540 3479 3605 enim,
3506 3539 3590 3592 in-

1988 3632 2122 3701 quit,
2146 3645 2252 3685 non
2280 3639 2455 3700 potest
2481 3630 2606 3697 diei,
2636 3630 2776 3700 quod
2800 3629 2939 3684 illius
2960 3629 3259 3700 orphanum
3282 3644 3402 3686 esse
3425 3644 3486 3684 se
3516 3630 3588 3684 lu-

1986 3731 2128 3792 geat,
2178 3736 2351 3792 neque
2390 3720 2532 3788 quod
2581 3728 2733 3791 pater
2771 3720 3054 3775 orbitatem
3094 3734 3243 3775 suam
3290 3718 3532 3789 deploret
3570 3738 3584 3775 :

1986 3827 2172 3867 verum
2203 3810 2344 3881 quod
2388 3811 2566 3875 nullis,
2606 3811 2793 3881 inquit,
2834 3811 3043 3880 obtigit,
3077 3810 3184 3864 illis
3211 3810 3469 3880 contigit:
3502 3811 3584 3863 vi-

1986 3901 2183 3957 delicet
2207 3916 2314 3955 uno
2339 3901 2634 3970 eodemque
2660 3901 2749 3955 die
2785 3917 2815 3955 e
2845 3901 2977 3954 vivis
3009 3900 3179 3969 erepti
3208 3909 3366 3966 sunt,
3395 3910 3587 3955 neutro

1985 3993 2139 4048 alteri
2178 3992 2481 4062 superstite.
2518 3990 2869 4046 Existimabat
2905 3992 3048 4046 enim
3090 3992 3254 4046 vitam
3297 3991 3396 4046 sibi
3437 3991 3580 4061 inju-

1985 4084 2215 4139 cundam
2244 4084 2376 4148 fore,
2404 4084 2449 4137 si
2478 4084 2613 4137 alter
2636 4082 2705 4136 ab
2729 4082 2900 4136 altero
2927 4081 3112 4137 fuisset
3137 4082 3397 4136 divulsus.
3418 4081 3583 4139 Cotu-

1988 4174 2277 4231 movemini
2310 4188 2470 4240 nunc,
2494 4174 3051 4243 lacrymaminilnunc,
3074 4182 3127 4229 et
3155 4175 3337 4229 animo
3365 4184 3581 4243 pertur-

1985 4266 2221 4332 bamini;
2252 4280 2420 4335 usque
2440 4265 2505 4319 ad
2530 4266 2884 4335 lacrymarutn
2906 4264 3219 4321 eﬂusianem
3249 4267 3433 4321 mutati
3455 4276 3584 4322 sunt

1985 4358 2123 4413 oeuli
2154 4358 2359 4413 vestri?
2400 4356 2549 4411 Nunc
2594 4357 2722 4411 mihi
2756 4357 2983 4428 quisque
3022 4356 3335 4412 recordetur
3378 4358 3583 4413 inimici

1984 4450 2073 4517 qui
2104 4448 2257 4513 ltesit,
2293 4447 2479 4501 dolore
2507 4448 2797 4501 etiamnum
2826 4447 2877 4501 in
2907 4448 3087 4501 animo
3112 4456 3391 4509 :nstuaute,
3422 4452 3582 4517 atque

1986 4539 2127 4594 hunc
2155 4550 2208 4594 et
2254 4541 2429 4594 vivum
2472 4547 2676 4604 servet,
2714 4548 2767 4593 et
2809 4540 2916 4592 vita
2964 4538 3270 4593 defunctum
3309 4538 3579 4608 deploret,

1986 4631 2125 4684 haud
2154 4632 2368 4700 quidem
2399 4630 2464 4684 ad
2494 4632 2929 4694 ostentationem,
2963 4629 3055 4683 sed
3087 4644 3151 4682 ex
3183 4629 3386 4695 animo,
3421 4643 3580 4683 vero-

1983 4738 2087 4792 que
2118 4724 2313 4776 corde:
2344 4723 2548 4776 etiamsi
2572 4721 2699 4789 quid
2728 4718 3103 4789 perferendum
3133 4720 3200 4773 sit
3232 4719 3575 4787 incommodi,

1988 4828 2054 4869 ne
2093 4813 2218 4883 quid
2263 4813 2496 4867 otl'endat
2524 4828 2644 4867 eum
2684 4813 2773 4882 qui
2821 4812 2977 4874 laesit,
3023 4813 3200 4866 omnia
3234 4821 3344 4867 tum
3388 4812 3578 4882 faciat,

1987 4914 2095 4957 tum
2131 4904 2381 4972 patiatur,
2424 4918 2610 4971 magna
2648 4918 2675 4954 a
2718 4903 2825 4956 Deo
2866 4912 3182 4971 exspectans
3227 4905 3465 4971 prmmia.
3498 4906 3579 4959 En

1987 4995 2071 5047 hic
2099 4996 2258 5048 etiam
2291 5010 2508 5061 regnum
2546 4995 2769 5063 adeptus
2797 5004 2898 5059 est,
2931 5009 3029 5048 nec
3069 5002 3243 5048 tamen
3286 4996 3582 5065 inquinavit

1985 5088 2131 5141 crede
2164 5102 2349 5140 manus
2370 5127 2382 5149 ,
2414 5086 2506 5139 sed
2546 5086 2784 5139 dcxuam
2816 5085 3014 5140 habens
3040 5102 3247 5156 puratn,
3282 5088 3356 5141 sic
3377 5103 3579 5142 corona

1987 5180 2261 5234 redimitus
2292 5189 2388 5241 est,
2422 5180 2497 5231 sic
2516 5179 2578 5231 ad
2608 5181 2797 5231 solium
2823 5179 3082 5243 ascendit,
3114 5195 3345 5248 purpura
3376 5194 3439 5234 ac
3465 5180 3580 5234 dia-

1985 5270 2194 5324 domate
2241 5269 2660 5337 magniﬁcentius
2691 5271 2991 5323 eneominm
3037 5282 3284 5339 gestans,
3335 5272 3594 5327 videlicet

1986 5364 2125 5431 quod
2176 5363 2311 5415 hosti
2358 5364 2715 5431 pepercisset,
2774 5364 2913 5429 quod
2962 5363 3206 5417 eumdem
3258 5366 3577 5419 exstinctum

1988 5456 2227 5508 lusisset.
2260 5454 2460 5507 IdcirCo
2489 5468 2593 5505 nou
2626 5453 2778 5505 vivus
2808 5454 2985 5515 modo,
3010 5453 3101 5507 sed
3130 5466 3181 5507 et
3208 5465 3447 5508 mortuus
3480 5457 3575 5509 ho-

1988 5552 2187 5602 minum
2231 5550 2482 5601 memoria
2529 5550 2849 5603 celebratur.
2897 5550 3230 5618 Quapropter
3254 5553 3299 5605 si
3338 5554 3486 5621 cupis
3524 5564 3579 5607 ct

1989 5643 2071 5695 hic
2100 5651 2405 5710 perpetuam
2443 5643 2697 5709 consequi
2740 5642 2990 5709 gloriam,
3022 5650 3075 5695 et
3101 5641 3209 5695 illic
3246 5642 3427 5696 solidis
3457 5659 3574 5712 pcr-

1986 5736 2084 5786 frui
2115 5735 2285 5796 bouis,
2321 5732 2475 5801 hujus
2509 5732 2638 5799 justi
2677 5733 2921 5786 virtutem
2966 5734 3193 5797 imitare,
3228 5733 3385 5801 hujus
3410 5750 3573 5790 :cntu-

1990 5827 2098 5880 larc
2138 5824 2546 5895 philoSOphiam,
2577 5825 2800 5880 ostende
2840 5825 2989 5880 factis
3021 5826 3147 5895 ipsis
3189 5821 3575 5895 hancinjuria-
