4152 6492
645 405 754 465 Μ
1398 402 1454 458 S.
1494 398 1768 459 JOANNIS
1803 387 2280 456 ειιιιῐεοδτθω
2315 389 2635 450 Αῐιειιιερ.
2671 389 3205 451 εωετΑΝτίΝοιλ.

643 534 766 578 rum
802 518 1154 584 tolerantiam,
1199 523 1255 570 ut
1298 513 1515 570 eosdem
1554 512 1763 569 labores
1788 511 2076 577 sustinens,
2119 521 2210 565 ea-

643 613 767 668 dem
795 610 939 665 bona
960 604 1340 676 consequaris:
1368 620 1489 676 quae
1517 605 1717 659 utinam
1760 601 2028 669 conlingat
2060 595 2216 653 nobis

641 702 889 758 omnibus
912 700 1151 769 adipisci,
1183 697 1356 769 gratia
1391 705 1444 752 ct
1468 694 1786 765 benignitate
1812 689 2017 746 Domini
2043 687 2216 744 nostri

639 793 767 848 lusu
799 789 1025 853 Christi,
1058 787 1144 844 cui
1187 803 1308 843 cum
1340 786 1494 842 Patre
1520 799 1620 838 una
1650 797 1767 837 cum
1795 788 1978 835 sancto
2010 777 2218 848 Spiritu

637 881 829 952 gloria,
869 878 1171 948 imperium,
1214 875 1405 941 honor,
1434 887 1573 928 nunc
1603 881 1656 928 et
1683 885 1914 941 semper,
1942 875 1998 924 et
2033 868 2086 922 in
2112 880 2212 921 sm-

641 970 760 1025 cuia
786 968 1123 1024 surculorum.
1157 968 1344 1020 Amen.

1233 1051 1512 1109 HOMILIA
1537 1049 1624 1105 Ill.

643 1146 794 1215 Quod
808 1144 1139 1215 periculosum
1162 1143 1224 1196 sit
1239 1141 1380 1195 adire
1399 1139 1706 1211 spectacula,
1721 1145 1770 1191 et
1785 1151 1842 1190 ea
1854 1150 1939 1190 res
1956 1134 2211 1188 adulteros

716 1237 962 1307 perfectos.
1000 1235 1175 1304 faciat,
1205 1242 1250 1287 et
1287 1233 1404 1286 hinc
1431 1231 1632 1285 tristitia
1659 1227 2002 1296 contentioque
2029 1239 2209 1278 nasca-

711 1343 795 1384 tur
813 1345 832 1383 :
872 1339 977 1382 tum
1003 1326 1136 1397 quod
1164 1342 1309 1380 omne
1344 1323 1621 1379 tolerantia
1660 1336 1817 1392 genus
1852 1318 2018 1373 David
2044 1318 2096 1371 in
2124 1318 2207 1382 iis,

712 1437 827 1490 qua
849 1421 966 1492 fecit
994 1436 1114 1489 erga
1139 1418 1368 1483 Sai'tlem,
1396 1415 1682 1486 superarit:
1711 1420 1958 1482 postremo
1977 1410 2111 1480 quod
2133 1426 2210 1462 ra-

711 1513 882 1582 pinam
910 1526 1052 1579 aqua
1079 1509 1251 1562 animo
1274 1510 1435 1577 ferre,
1454 1520 1555 1560 non
1580 1503 1744 1557 ntinar
1768 1503 1922 1556 uirtus
1949 1501 2032 1566 sit,
2058 1515 2209 1570 quam

712 1600 888 1671 largiri
914 1601 1297 1668 eleentosynam.

713 1695 767 1747 i.
801 1690 1058 1761 Equidem
1090 1688 1321 1743 arbitror
1349 1686 1542 1742 multos
1571 1700 1635 1742 ex
1679 1685 1764 1752 iis,
1797 1684 1888 1754 qui
1915 1697 2086 1753 nuper
2112 1697 2210 1739 nos

640 1783 1000 1846 deseruerant,
1026 1787 1080 1834 et
1101 1776 1170 1833 ad
1194 1775 1483 1849 iniquitatis
1503 1774 1802 1844 spectacula
1825 1772 2206 1839 discesserant,

640 1872 799 1928 hodie
837 1878 1126 1942 praesentes
1159 1882 1298 1924 esse.
1339 1865 1577 1937 Optarim
1617 1875 1794 1920 autem
1825 1864 1954 1918 istos
1986 1863 2075 1934 qui
2103 1863 2211 1918 sint

641 1964 814 2032 palam
843 1977 1020 2024 nosse,
1058 1960 1116 2016 ut
1140 1974 1234 2017 eos
1259 1973 1291 2013 a
1332 1958 1500 2014 sacris
1525 1956 1800 2013 vestibulis
1839 1969 2072 2024 arceam,
2102 1970 2208 2010 non

638 2061 701 2107 ut
719 2061 970 2122 perpetuo
994 2048 1124 2105 loris
1146 2057 1408 2112 maneant,
1432 2047 1528 2104 sed
1545 2055 1600 2101 ut
1632 2045 1859 2102 correcti
1883 2042 2059 2100 denuo
2088 2043 2210 2100 red-

638 2151 802 2206 eunt:
835 2140 1258 2212 quandoquidem
1285 2149 1337 2195 et
1356 2133 1532 2208 patres
1555 2138 1694 2193 ﬁlios
1715 2136 2083 2206 delinquentes
2107 2135 2213 2192 fre-

635 2241 862 2301 quenter
887 2245 952 2286 ex
981 2229 1187 2285 aedibus
1200 2229 1433 2300 exigunt,
1450 2236 1504 2284 et
1516 2242 1546 2282 a
1559 2241 1739 2283 mensa
1751 2227 2082 2288 submovent,
2101 2240 2207 2280 non

637 2330 696 2377 ut
707 2334 918 2392 semper
931 2319 1076 2376 illinc
1087 2319 1347 2384 exsulem,
1362 2318 1457 2374 sed
1480 2326 1540 2372 ut
1557 2316 1657 2373 hac
1671 2315 2002 2386 correptione
2015 2312 2206 2371 redditi

379 2406 514 2425 "NV
573 2413 576 2415 λ
636 2409 905 2474 meliores,
919 2423 1039 2464 etim
1056 2407 1232 2464 debita
1249 2407 1403 2463 laude
1421 2415 1476 2463 et
1495 2407 1698 2462 honore
1717 2405 1771 2461 in
1794 2414 2066 2476 paternam
2087 2404 2209 2461 red-

633 2507 759 2555 eant
780 2508 999 2554 sortem.
1029 2494 1171 2553 idem
1191 2511 1319 2554 sane
1334 2496 1542 2560 ~l‘aciunt
1569 2503 1622 2552 et
1642 2505 1898 2566 pastores,
1929 2494 2056 2551 dum
2079 2509 2208 2550 oves

630 2588 812 2647 scabie
821 2587 1062 2659 cppletas
1077 2603 1108 2643 a
1123 2587 1265 2644 sanis
1279 2596 1578 2658 segregant,
1592 2595 1652 2642 ut
1665 2587 1864 2642 misero
1878 2586 2064 2642 morbo
2073 2585 2209 2641 leva.

633 2690 724 2747 sar,
745 2677 919 2734 demto
935 2688 1047 2734 tuto
1065 2675 1131 2733 ad
1147 2689 1302 2734 sanas
1324 2686 1674 2742 revertantur,
1687 2691 1754 2731 ne
1768 2685 1978 2746 ingrata:
1992 2690 2205 2746 gregem

633 2771 937 2826 universum
960 2785 1062 2827 suo
1082 2770 1178 2827 illo
1205 2771 1393 2826 morbo
1418 2769 1691 2840 impleant.
1714 2767 1837 2822 Ideo
1863 2767 2205 2838 cupiebamus

635 2861 769 2915 istos
783 2873 940 2915 nosse
957 2874 972 2924 ;
993 2858 1088 2915 sed
1109 2859 1346 2929 quamvis
1355 2873 1449 2914 eos
1462 2857 1701 2927 corporis
1713 2856 1882 2912 oculis
1895 2856 2205 2928 dignoscere

633 2962 740 3003 non
765 2946 1059 3016 valeamus,
1095 2947 1318 3004 verbum
1346 2955 1526 3003 tamen
1553 2959 1646 3001 eos
1675 2959 1892 3015 prorsus
1918 2955 2198 3016 agnoscet,

629 3048 980 3110 correptaque
1001 3038 1212 3101 illorum
1228 3038 1569 3101 conscientia,
1589 3036 1741 3092 facile
1769 3037 2123 3106 persuadebit,
2147 3047 2204 3093 ut

638 3142 738 3182 sua
775 3135 963 3197 sponte
993 3126 1336 3197 volentesque
1363 3135 1578 3192 exeant,
1616 3125 1815 3182 docens
1849 3126 1997 3181 illum
2029 3127 2202 3183 solum

630 3229 752 3273 esse
777 3216 938 3282 intus,
967 3215 1059 3286 qui
1081 3224 1311 3271 mentem
1332 3213 1434 3272 hac
1459 3215 1839 3271 exercitatione
1859 3215 2073 3286 dignam
2101 3216 2201 3270 iia-

631 3304 794 3363 bcat:
821 3305 982 3362 veluti
1005 3315 1213 3373 conus,
1250 3304 1341 3376 qui
1369 3313 1616 3375 corrupte
1643 3303 1828 3359 vivens
1851 3319 2018 3361 sacras
2045 3305 2202 3376 hujus

632 3397 1054 3470 congregationis
1080 3397 1342 3470 particeps
1370 3405 1478 3464 est,
1503 3395 1710 3453 etiamsi
1745 3411 1972 3468 corpore
1994 3397 2081 3454 hic
2105 3399 2202 3454 ad.

629 3486 847 3553 stiterit,
875 3485 1106 3557 reiectus
1125 3495 1227 3551 est,
1251 3483 1539 3556 veriusque
1556 3484 1850 3552 submotus,
1869 3501 2026 3556 quam
2047 3488 2088 3544 ii
2109 3489 2199 3559 qui

629 3576 774 3634 fons
807 3576 1006 3633 exclusi
1051 3586 1176 3635 sunt
1227 3574 1326 3649 (α),
1370 3575 1564 3647 quihrrs
1599 3576 1835 3632 nondum
1868 3577 1992 3633 licet
2032 3593 2199 3635 sacra:

631 3681 834 3724 mensae
878 3665 1160 3737 participes
1203 3678 1346 3722 esse.
1381 3664 1656 3737 Siquidem
1685 3665 1760 3722 illi
1800 3667 2087 3724 secundum
2116 3667 2198 3724 di-

628 3759 782 3814 vinas
820 3757 965 3829 leges
992 3758 1196 3826 expulsi
1233 3757 1470 3828 lorisque
1507 3766 1805 3822 manentes.
1849 3756 2106 3815 hactenus
2143 3763 2198 3816 in

631 3861 730 3917 spe
756 3847 891 3902 bona
918 3855 1044 3904 sunt
1079 3863 1095 3901 :
1123 3861 1245 3903 nam
1272 3846 1318 3902 si
1342 3844 1502 3902 modo
1530 3845 1695 3903 velint
1712 3847 1981 3919 corrigere
2006 3844 2199 3908 delicta

628 3952 747 4005 sua,
773 3938 845 3993 oh
870 3953 989 4008 quae
1015 3952 1112 4008 per
1136 3930 1429 3993 Ecclesium
1457 3946 1583 3992 sunt
1614 3937 1794 4007 eiecti,
1824 3947 2077 4008 poterunt
2106 3940 2201 3996 de-

629 4043 738 4084 nuo
759 4041 880 4082 curn
905 4042 1034 4097 pura
1059 4026 1383 4083 conscientia
1407 4026 1620 4082 reverti.
1645 4027 1823 4097 Atqui
1847 4027 2053 4096 seipscs
2071 4042 2198 4083 con-

629 4117 1018 4172 taminaverunt
1035 4156 1051 4183 ,
1081 4123 1135 4170 et
1158 4114 1413 4170 admoniti
1438 4130 1508 4169 ne
1528 4113 1674 4182 prius
1699 4115 1966 4170 introeant
1982 4154 2002 4182 ,
2027 4115 2200 4174 donec

629 4202 890 4260 maculam
915 4216 948 4258 e
973 4201 1262 4259 sceleribus
1285 4209 1611 4258 contractam
1634 4202 2198 4272 κρηπῖδι-ξω,ωὼ

628 4292 965 4363 impudenter
989 4305 1050 4348 se
1072 4300 1282 4366 gerunt,
1307 4290 1500 4346 vuhrus
1525 4299 1582 4346 et
1607 4288 1759 4347 ulcus
1780 4286 1942 4345 animi
1970 4288 2200 4348 reddunt

625 4382 870 4440 acerbius
891 4395 956 4440 ac
991 4382 1181 4453 cujus.
1217 4380 1400 4453 Neque
1423 4381 1565 4437 enirn
1590 4389 1696 4436 tam
1733 4394 1896 4451 grave
1923 4390 2008 4436 est
2025 4380 2201 4439 delin-

627 4485 815 4544 quere,
839 4487 998 4543 quam
1024 4480 1144 4542 post
1163 4471 1416 4529 delictum
1436 4471 1767 4542 impudenter
1785 4485 1844 4528 se
1861 4485 2072 4543 gerere,
2096 4487 2199 4530 nec

626 4578 816 4634 parere
854 4562 1219 4620 sacerdotibus
1245 4562 1370 4618 talia
1391 4561 1720 4632 iubentibus.
1748 4562 1815 4617 Et
1846 4561 1973 4632 quid
2003 4562 2078 4631 bi,
2116 4564 2200 4621 in-

630 4657 837 4724 quiunt,
866 4654 1000 4709 adeo
1027 4654 1200 4724 magni
1235 4653 1455 4711 sceleris
1477 4653 1882 4718 commiserunt,
1909 4660 1968 4708 ut
1989 4653 2056 4709 ab
2081 4652 2199 4711 istis

629 4745 800 4802 sacris
827 4744 1078 4801 cancellis
1105 4744 1321 4801 arcendi
1347 4743 1490 4798 sint?
1513 4744 1623 4800 imo
1650 4743 1790 4815 quod
1815 4744 2067 4800 delictum
2096 4745 2199 4803 hoc

625 4834 841 4907 gravius
865 4834 1060 4905 queris
1087 4833 1332 4902 istorum,
1359 4833 1601 4904 quicum
1633 4834 1837 4904 seipsos
1867 4834 2020 4903 plane
2046 4835 2198 4890 adui-

625 4927 763 4984 tcrio
797 4925 1226 4993 eontamiuarint,
1253 4925 1590 4997 impudenter
1612 4939 1676 4981 ac
1715 4925 2022 4982 rabidorum
2049 4941 2200 4985 more

623 5030 838 5082 canum,
865 5016 931 5071 ad
950 5029 1154 5072 sacram
1176 5014 1312 5070 hanc
1330 5029 1566 5070 mensam
1593 5014 1837 5071 irruuntl
1857 5014 2010 5084 Quod
2035 5017 2080 5073 si
2105 5031 2198 5073 ve-

627 5108 695 5164 lis
733 5107 979 5163 adulterii
1021 5105 1232 5163 modum
1260 5121 1602 5178 cognoscere,
1641 5121 1747 5160 non
1772 5121 1888 5162 mea
1914 5107 2075 5163 vcrba
2101 5108 2196 5164 tibi

625 5196 872 5262 referam,
901 5195 998 5253 sed
1027 5196 1168 5253 illius
1193 5197 1283 5267 qui
1309 5197 1377 5252 de
1403 5205 1515 5251 tota
1541 5196 1771 5252 hominis
1795 5197 1899 5252 vita
1923 5197 2194 5268 iudicatu.

625 5301 720 5344 rus
743 5297 863 5343 est:
895 5286 996 5354 Qui
1020 5285 1162 5344 enim
1190 5287 1386 5352 uiderit,
1419 5287 1607 5357 inquit,
1638 5286 1896 5341 sentiment
1920 5287 1988 5342 ad
2011 5305 2196 5344 οοιιοιιρ

625 5376 915 5446 piscantium
951 5377 1115 5446 illum,
1143 5377 1259 5450 jam
1285 5377 1558 5433 inusitatas
1590 5385 1664 5432 est
1690 5392 1802 5432 eam
1828 5378 1880 5432 in
1916 5379 2066 5434 corde
2103 5398 2194 5437 suo

630 5463 840 5539 (Matth.
871 5467 926 5522 5.
949 5465 1064 5537 28).
1089 5467 1241 5534 Quod
1259 5467 1306 5524 si
1331 5468 1523 5523 mulier
1541 5465 1679 5524 forte
1705 5467 1760 5522 in
1787 5465 1907 5524 foro
1931 5467 2108 5538 obvia,
2134 5481 2190 5528 et

629 5557 922 5628 neglectius
959 5560 1098 5616 mlta
1123 5573 1268 5632 saepe
1292 5559 1553 5616 curiosius
1572 5556 1868 5616 intuentem
1901 5561 2043 5632 cepit
2078 5562 2196 5632 ipso

631 5646 805 5708 vultus
829 5657 1080 5719 aspectu;
1120 5650 1208 5708 isti
1236 5650 1326 5723 qui
1362 5665 1469 5708 non
1505 5649 1833 5722 simpliciter,
1880 5666 2050 5724 neque
2087 5654 2196 5712 ior-

695 5757 769 5821 (σ)
799 5761 1110 5815 Militantes.

3797 395 3896 455 οη
4077 104 4101 470 1

2324 503 2479 570 tuito,
2511 505 2605 561 sed
2631 507 2827 576 studio,
2859 518 2917 565 et
2938 517 3084 564 tanto
3121 509 3324 577 studio,
3363 521 3421 565 ut
3445 511 3741 567 Ecclesium
3767 527 3898 585 quo-

2319 609 2811 678 quecontemnant,
2837 609 2894 656 et
2913 598 3014 655 hac
3032 614 3188 655 causa
3215 611 3437 672 pergunt
3463 601 3608 668 illuc,
3633 617 3698 658 ac
3727 613 3898 659 touun

2319 685 2389 740 ibi
2415 686 2720 744 desidentes
2749 688 2889 744 diem
2933 690 2985 746 in
3023 691 3186 746 iacies
3222 691 3548 761 ubjectarum
3578 693 3896 751 feminarum

2319 776 2528 835 illarum
2568 779 2770 837 deﬁxos
2807 779 3001 841 habent
3036 781 3242 850 oculos,
3287 798 3390 858 qm
3436 783 3610 841 h-onte
3648 795 3897 854 poterunt

2317 865 2520 936 dicere,
2543 884 2602 925 se
2643 885 2736 927 eas
2763 887 2869 928 non
2907 872 3102 929 vidisse
3141 872 3210 928 ad
3247 875 3768 944 concupiscendum?
3807 874 3897 932 ubi

2319 956 2481 1012 verba
2511 973 2720 1030 quoque
2746 962 3007 1018 accedunt
3034 962 3200 1018 fracta
3226 963 3543 1036 lascivaque,
3576 965 3668 1021 ubi
3693 967 3898 1022 cantio.

2317 1061 2415 1104 nes
2447 1053 2785 1121 meretriciae,
2826 1055 2916 1110 ubi
2953 1069 3055 1111 vos
3081 1055 3428 1112 vehementer
3454 1057 3519 1112 ad
3561 1057 3896 1128 voluptatem

2318 1141 2636 1210 composita,
2665 1142 2756 1199 ubi
2780 1146 2940 1201 stibio
2963 1145 3090 1216 picti
3111 1148 3270 1214 oculi,
3303 1148 3389 1204 ubi
3418 1148 3688 1204 coloribus
3717 1150 3897 1204 tincta

2313 1244 2484 1300 genae,
2514 1233 2602 1288 ubi
2627 1235 2792 1290 vestis
2815 1237 3077 1293 curiosius
3101 1239 3441 1303 concinnata,
3465 1240 3554 1295 ubi
3582 1241 3744 1296 tutius
3771 1256 3895 1296 cor-

2317 1323 2458 1390 poris
2488 1324 2696 1382 habit-us
2721 1327 2840 1384 luco
2865 1329 3053 1399 plenus
3079 1337 3179 1394 est,
3209 1330 3416 1401 aliaque
3441 1331 3602 1388 multa
3631 1333 3897 1388 lenocinia

2313 1413 2381 1471 ad
2422 1414 2680 1472 fallendos
2713 1417 3136 1491 inescandosque
3163 1421 3428 1478 intuentes
3469 1423 3757 1489 instructa;
3805 1423 3900 1477 ubi

2313 1507 2556 1562 socordia
2599 1509 2972 1577 spectantium,
3019 1511 3287 1582 multaque
3312 1513 3575 1581 confusio,
3614 1514 3741 1570 hinc
3779 1516 3898 1586 ipse

2315 1597 2463 1653 locus
2495 1599 2563 1652 ad
2591 1599 2862 1654 lasciviam
2887 1600 3139 1669 invitans,
3175 1613 3286 1657 tum
3313 1604 3382 1658 ab
3410 1605 3474 1659 iis
3500 1605 3899 1660 acroamatihus

2313 1701 2430 1758 qua:
2458 1699 2864 1758 prmcesscrunt,
2895 1699 3005 1747 tum
3041 1693 3111 1746 ab
3135 1692 3199 1747 iis
3225 1708 3344 1763 quae
3366 1707 3690 1766 consequuta
3728 1698 3901 1752 sunt?

2312 1776 2589 1833 Accedunt
2627 1779 2951 1835 irritamenta
2995 1795 3094 1851 per
3133 1781 3338 1839 ﬁstulas
3373 1799 3436 1840 ac
3465 1785 3640 1852 tibias,
3681 1786 3892 1858 aliaque

2312 1865 2427 1934 ejus
2454 1869 2667 1935 generis
2690 1870 2995 1937 modulatio,
3029 1871 3085 1926 in
3122 1870 3362 1928 fraudem
3391 1873 3632 1940 illiciens,
3663 1877 3891 1933 mentis-

2311 1967 2415 2024 que
2443 1957 2605 2012 robnr
2628 1959 2906 2015 emolliens
2928 2000 2943 2024 ,
2981 1975 3048 2017 ac
3065 1963 3401 2018 meretricum
3432 1963 3639 2020 insidiis
3664 1976 3721 2021 et
3743 1965 3892 2027 dele.-

2312 2051 2543 2106 ctatione
2571 2066 2878 2122 prmparans
2907 2053 3014 2109 illic
3054 2054 3407 2111 desidentium
3450 2057 3690 2122 animos,
3721 2057 3892 2115 cilici-

2311 2153 2511 2210 ensque
2535 2150 2593 2195 ut
2621 2141 2824 2198 facilius
2840 2145 3168 2213 capiantur‘.
3187 2146 3396 2202 Etenim
3427 2146 3474 2202 si
3503 2147 3611 2216 hic,
3628 2148 3716 2204 ubi
3747 2150 3892 2220 psal-

2312 2229 2406 2296 mi,
2430 2230 2518 2284 ubi
2549 2245 2756 2301 preces,
2786 2233 2874 2288 ubi
2893 2233 3195 2289 divinorum
3218 2236 3554 2306 eloquiorurn
3593 2241 3892 2310 enarratio,

2311 2319 2398 2375 ubi
2429 2321 2523 2377 Dei
2551 2330 2741 2387 metus.
2767 2324 3037 2395 multaque
3060 2325 3246 2395 pietas,
3273 2327 3599 2398 frequerrter,
3625 2345 3724 2387 ceu
3751 2333 3896 2389 latro

2308 2409 2569 2479 quispiam
2590 2421 2856 2479 versutus,
2879 2413 3018 2468 ciam
3036 2414 3247 2485 obrepit
3263 2417 3691 2488 concupiscentia
3717 2438 3730 2476 :
3754 2435 3894 2489 quo!

2309 2498 2471 2554 modo
2511 2501 2600 2570 qui
2625 2501 2870 2557 desident
2896 2503 2948 2558 in
2977 2503 3210 2573 theatro,
3237 2505 3326 2576 qui
3353 2506 3486 2564 nihil
3511 2508 3628 2564 sani
3664 2509 3890 2565 audiunt

2309 2587 2615 2659 videntque,
2645 2591 2738 2646 sed
2763 2592 2927 2647 multa
2955 2592 3204 2649 diiuuunt
3228 2595 3574 2666 turpitudine,
3605 2597 3772 2654 multa
3796 2613 3893 2656 ιοι

2308 2677 2494 2746 quitia,
2521 2679 2611 2748 qui
2637 2679 2868 2750 undique
2893 2681 3225 2737 obsidionem
3253 2686 3543 2754 patiuntur,
3577 2701 3677 2757 per
3700 2703 3886 2752 aures.

2308 2780 2404 2835 per
2421 2768 2624 2835 oculos,
2651 2770 2857 2840 possint
2878 2771 3071 2826 malam
3091 2785 3341 2844 superare
3361 2775 3845 2846 concupiscentiam
3858 2778 3890 2832 ι

2307 2857 2537 2913 Rursum
2567 2860 2612 2913 si
2651 2875 2756 2914 non
2784 2871 3023 2930 possunt,
3055 2863 3321 2932 quomodo
3351 2873 3602 2934 poterunt
3629 2883 3880 2940 umquam

2305 2946 2374 3001 ab
2400 2948 2642 3005 adulterii
2665 2949 2888 3006 crimine
2906 2951 3291 3010 absolvile
3317 2957 3407 3027 qui
3436 2973 3546 3014 non
3572 2958 3726 3016 liberi
3749 2972 3881 3019 sunt

2303 3037 2375 3092 ab
2391 3038 2640 3094 adulterii
2659 3041 2902 3108 crimine,
2924 3041 3193 3112 quomodo
3217 3053 3468 3115 poterunt
3487 3047 3689 3118 absque
3710 3052 3884 3120 pani.

2306 3133 2470 3186 tentia
2493 3129 2560 3185 ad
2580 3130 2697 3187 haec
2714 3146 2865 3189 sacra
2889 3133 3144 3190 vestibula
3162 3136 3437 3208 accedere,
3459 3138 3722 3213 huiusque
3744 3157 3883 3216 ρης

2303 3220 2435 3277 clari
2462 3232 2753 3279 conventus
2779 3238 2900 3281 esse
2926 3225 3256 3298 participes?

2373 3335 2429 3392 2.
2451 3333 2616 3401 Quam
2636 3336 2856 3392 alienum
2874 3340 2939 3394 sit
2957 3355 2989 3393 a
3008 3340 3229 3396 moribus
3253 3340 3559 3412 christiana,
3578 3347 3881 3414 πρωκαᾶ

2304 3422 2630 3480 theatralibus
2662 3425 2913 3482 interesse.
2939 3457 3013 3469 —
3037 3429 3372 3501 Quapl'optet'
3407 3432 3663 3504 equidem
3687 3423 3882 3495 hortor

2301 3525 2538 3585 rogoque
2556 3555 2571 3580 ,
2601 3525 2660 3569 ut
2686 3516 2834 3586 prius
2859 3518 3194 3576 confessione
3216 3535 3282 3575 ac
3310 3523 3618 3592 pmnitentia
3655 3526 3882 3598 aliisque

2301 3602 2553 3659 remediis
2576 3604 2826 3661 omnibus
2851 3621 2970 3663 sese
2992 3623 3023 3662 a
3045 3616 3266 3678 peccato
3286 3625 3352 3666 ex
3379 3611 3650 3671 theatricis
3673 3628 3882 3686 specta-

2301 3693 2438 3748 culis
2462 3702 2736 3752 contracto
2760 3707 3084 3768 perpurgent
3104 3739 3121 3765 ,
3143 3708 3304 3770 atque
3329 3701 3401 3757 ita
3425 3702 3637 3761 divinos
3659 3708 3880 3766 audiant

2302 3788 2598 3840 sermones.
2628 3785 2810 3856 Neque
2835 3789 2980 3844 enim
3003 3789 3346 3850 mediocriter
3366 3809 3398 3848 a
3428 3795 3582 3852 nobis
3608 3797 3878 3872 delinqui~

2302 3881 2422 3940 tur;
2448 3873 2501 3930 id
2531 3874 2674 3945 quod
2705 3875 2774 3931 ab
2799 3879 3056 3953 exernplis
3085 3881 3259 3938 cuivis
3287 3885 3565 3955 perspicue
3586 3887 3776 3948 videre
3814 3890 3879 3948 li-

2300 3972 2406 4019 cet.
2428 3961 2563 4019 Nam
2578 3964 2624 4019 si
2646 3964 2873 4024 famulus
2890 3967 2946 4023 in
2969 3969 3224 4038 urceum,
3245 3972 3336 4028 ubi
3355 3973 3538 4030 herilis
3557 3976 3883 4037 vestimenta

2301 4051 2535 4120 pretiosa
2572 4068 2842 4126 aureaque
2882 4057 3156 4114 recondita
3181 4069 3306 4116 sunt
3325 4101 3342 4126 ,
3370 4063 3618 4121 servilem
3645 4074 3884 4130 tunicam

2298 4140 2547 4198 sordibus
2583 4157 2648 4199 ac
2681 4144 2864 4201 multis
2887 4145 3151 4217 pedicuiis
3187 4149 3439 4207 refertam
3465 4151 3744 4225 inponat,
3782 4173 3884 4231 age

2300 4231 2388 4288 dic
2411 4233 2543 4291 mihi
2579 4249 2708 4292 num
2734 4251 2856 4293 eam
2887 4239 3264 4298 molestiam
3299 4257 3457 4314 aequo
3483 4247 3665 4305 animo
3695 4247 3884 4310 fuas!

2301 4321 2438 4390 Quid
2457 4335 2636 4381 autem
2657 4326 2705 4383 si
2727 4328 2846 4397 quis
2871 4330 2924 4384 in
2953 4331 3228 4387 vasculum
3249 4347 3500 4405 aureum,
3525 4337 3579 4394 in
3603 4354 3715 4411 quo
3736 4357 3882 4400 scut-

2301 4429 2399 4486 per
2416 4426 2678 4487 unguenta
2699 4419 2901 4475 servari
2926 4423 3320 4491 consueverint,
3345 4435 3552 4486 stertas
3573 4443 3639 4486 ac
3661 4445 3881 4492 omum:

2301 4505 2544 4563 infundat
2565 4546 2581 4570 .
2621 4522 2800 4566 annon
2827 4509 2876 4566 ei
2904 4511 3086 4582 plagas
3119 4513 3386 4586 indigeres
3427 4521 3522 4590 qui
3557 4521 3737 4580 scelus
3775 4525 3883 4584 hoc

2299 4595 2694 4654 commisisset?
2713 4598 2922 4670 Ergone
2945 4592 3263 4660 scriniorum
3279 4619 3346 4663 ac
3365 4621 3632 4677 mortua,
3652 4615 3881 4674 vestium

2299 4693 2355 4740 et
2399 4697 2787 4757 unguentorum
2826 4699 2970 4747 tanta
3005 4707 3132 4749 cura
3171 4695 3606 4768 sollicitabimur,
3642 4705 3881 4769 animam

2301 4789 2428 4830 vero
2455 4784 2692 4834 nostram
2716 4779 2961 4835 omnibus
2988 4780 3103 4836 istis
3128 4781 3372 4841 viliorem
3399 4800 3520 4844 esse
3541 4791 3842 4859 putabimus
3860 4797 3887 4850 !

2299 4873 2459 4933 atque
2483 4865 2570 4922 ubi
2596 4867 2825 4938 Spiritus
2853 4869 3084 4926 infusum
3109 4882 3194 4928 est
3220 4885 3569 4946 unguentum,
3596 4895 3670 4936 eo
3693 4881 3882 4940 diabo-

2299 4953 2430 5012 licas
2451 4971 2669 5027 pompas
2688 4957 3068 5016 immittemus'?
3088 4975 3157 5018 eo
3180 4962 3387 5022 fabulas
3411 4978 3634 5040 nunc,
3660 4987 3730 5031 eo
3752 4986 3882 5032 can-

2301 5047 2494 5103 tilenas
2514 5047 2827 5104 meretriciae
2855 5050 3196 5120 turpitudinis
3222 5054 3452 5125 plenas?
3474 5057 3573 5116 Dic
3595 5061 3751 5131 mihi,
3772 5079 3881 5136 quo

2298 5137 2482 5193 animo
2506 5137 2606 5194 ista
2631 5137 2768 5194 feret
2792 5138 2975 5195 Deus?
2998 5141 3158 5212 Atqui
3196 5159 3303 5200 non
3335 5154 3540 5206 nutum
3561 5160 3649 5209 est
3685 5152 3880 5211 discri-

2279 5253 2282 5255 λ
2300 5241 2423 5284 men
2445 5228 2585 5284 inter
2594 5240 2922 5300 unguentum
2933 5239 2988 5290 et
3000 5245 3232 5302 omnum,
3257 5234 3398 5293 inter
3416 5249 3594 5296 vestes
3609 5240 3810 5301 heriles
3825 5256 3880 5302 et

2299 5317 2524 5375 serviles
2546 5359 2563 5386 ,
2594 5330 2853 5390 quantum
2870 5332 2954 5379 est
2979 5323 3119 5380 inter
3141 5324 3372 5396 Spiritus
3393 5329 3619 5399 gratiam
3644 5341 3703 5388 et
3723 5334 3881 5396 istam

2301 5422 2610 5476 perversam
2635 5410 2919 5467 actionem.
2945 5412 3061 5468 Non
3091 5416 3310 5484 metuis,
3335 5432 3372 5472 o
3395 5420 3580 5489 lucina,
3604 5421 3736 5488 dum
3754 5430 3880 5498 qui-

2299 5499 2401 5594 bus
2433 5500 2602 5594 oculis
3001 5505 3096 5577 qui
3121 5515 3205 5562 est
3241 5507 3296 5563 in
3323 5508 3598 5569 orchestra
3622 5525 3841 5586 spectas
3860 5559 3881 5594 ,

2300 5590 2389 5648 ubi
2427 5590 2755 5650 detestandae
2793 5593 3042 5652 adulterii
3077 5595 3268 5655 fabula
3307 5611 3651 5674 mutor.
3689 5590 3880 5670 suae

2364 5745 2382 5780 ι
2418 5742 3755 5819 ueg.duo,pciatsauepereasts0kristodsﬁcint.
