4106 6488
241 436 347 495 097

241 550 382 605 hanc
420 560 626 602 sacram
681 557 922 600 mensam
967 540 1191 597 intueris
1213 581 1230 607 ,
1272 538 1362 595 ubi
1393 536 1669 595 tremenda
1706 552 1834 608 per-

237 652 469 713 aguntur
479 638 729 711 mysteria
741 636 900 691 ldum
920 634 1108 690 iisdem
1127 633 1345 688 auribus
1360 631 1513 687 audis
1526 641 1581 687 et
1597 641 1835 687 scortum

236 735 494 789 obscenae
523 733 748 801 loquens
771 769 787 797 ,
818 738 871 783 et
899 728 1214 797 prophetam
1256 723 1663 795 apostolumque
1693 730 1746 777 te
1768 719 1835 775 ad

234 839 433 879 arcana
470 821 760 889 Scriptura:
800 814 1273 873 iutrodncentem?
1299 814 1426 868 dum
1453 813 1644 869 eodem
1670 809 1836 867 corde

240 915 417 972 letalia
455 912 624 969 sumis
665 925 874 966 venena
900 952 914 976 ,
955 918 1010 963 et
1053 908 1189 961 hanc
1220 904 1446 959 hostiam
1485 913 1725 959 sanctam
1771 916 1835 957 ac

236 1004 616 1062 tremendam?
644 1003 836 1058 Annon
867 1002 981 1055 haec
1004 1007 1130 1054 sunt
1151 999 1275 1052 vita:
1306 995 1611 1060 subversio,
1642 992 1833 1063 conju-

230 1098 445 1167 gicrum
472 1092 811 1163 corruptela,
840 1091 979 1145 bella
1006 1102 1301 1159 pugnaeque
1330 1093 1384 1140 et
1412 1086 1541 1139 rixa:
1566 1085 1619 1139 in
1656 1083 1833 1138 domi-

234 1188 379 1245 bus?
404 1187 539 1243 Cum
566 1185 707 1242 enim
735 1181 1054 1253 spectaculis
1079 1180 1183 1234 illis
1203 1177 1511 1233 dissolutior
1531 1191 1595 1230 ac
1620 1175 1836 1229 mollior

234 1280 590 1349 lasciviorque
613 1318 629 1344 ,
667 1276 946 1343 omnisque
984 1271 1250 1343 pudicitiae
1291 1269 1459 1325 hostis
1500 1268 1666 1323 factus
1690 1309 1705 1335 ,
1731 1268 1833 1323 do-

234 1350 385 1428 mum
414 1368 639 1426 redieris
661 1410 678 1437 ,
704 1367 887 1423 uxoris
916 1372 1164 1435 aspectus
1194 1364 1369 1417 minus
1395 1362 1498 1417 erit
1520 1360 1784 1431 jucundus
1814 1401 1830 1427 ,

232 1465 639 1535 qualiscumque
659 1461 821 1516 etiam
846 1458 936 1514 illa
962 1456 1140 1512 fuerit.
1170 1455 1445 1527 Siquidem
1476 1453 1834 1509 inflammatus

234 1555 325 1610 illa
351 1548 780 1622 concupiscentia
802 1591 817 1615 ,
850 1562 1008 1619 quam
1047 1548 1099 1601 in
1139 1546 1360 1601 theatris
1388 1544 1647 1609 hausisti,
1682 1553 1734 1598 et
1764 1542 1832 1597 ab

232 1644 539 1700 illo-alieno
567 1641 871 1712 spectaculo
894 1681 910 1705 ,
943 1638 1084 1709 quod
1127 1647 1177 1693 te
1218 1636 1578 1701 dementavit,
1610 1642 1831 1704 captus,

229 1745 436 1793 castam
462 1751 527 1792 ac
552 1734 847 1789 modestam
874 1746 1093 1786 uxorem
1122 1738 1175 1784 et
1198 1729 1359 1783 totius
1384 1730 1507 1783 vitm
1526 1736 1832 1783 consortem

230 1830 483 1901 despicis,
506 1826 827 1884 contumelia
847 1824 1039 1888 afficis,
1058 1821 1457 1891 innumerisque
1474 1819 1683 1890 probris
1705 1832 1835 1888 ope-

229 1923 343 1988 ris,
373 1937 481 1977 non
508 1919 649 1991 quod
677 1916 965 1989 quidquam
996 1914 1197 1969 habeas
1221 1912 1364 1983 quod
1400 1912 1454 1966 in
1486 1910 1577 1965 illa
1606 1910 1788 1978 culpes
1812 1948 1828 1972 ,

229 2011 328 2068 sed
356 2010 500 2083 quod
520 2010 808 2066 erubescas
837 2005 1079 2061 confiteri
1116 2003 1364 2057 morbum
1389 2042 1404 2067 ,
1447 2000 1593 2072 quod
1637 2000 1833 2070 pudeat

228 2103 425 2158 vulnus
451 2099 757 2167 ostendere,
783 2112 891 2167 quo
917 2097 970 2151 in
998 2094 1322 2165 spectaculis
1348 2092 1620 2148 sauciatus
1646 2088 1831 2145 redisti

229 2193 450 2249 domum
474 2234 489 2259 ,
521 2192 655 2246 alias
691 2188 863 2245 nectis
887 2186 1229 2243 eausationes
1252 2184 1503 2255 ,iniquas
1539 2181 1831 2237 inimicitia
1882 2226 1886 2231 .

228 2299 481 2357 quaerens
504 2283 835 2345 occasiones,
859 2280 1038 2335 omnia
1058 2294 1179 2350 quae
1201 2276 1346 2333 domi
1373 2286 1501 2331 sunt
1526 2274 1828 2342 fastidiens,

227 2386 285 2433 et
317 2376 385 2432 ad
426 2375 708 2431 scelestam
752 2373 893 2429 illam
934 2379 990 2427 et
1030 2372 1293 2441 impuram
1334 2369 1546 2423 inhians
1571 2367 1831 2437 concupi-

226 2465 487 2522 scentiam
510 2506 525 2530 ,
569 2478 598 2518 a
637 2477 739 2534 qua
764 2462 959 2516 vulnus
984 2459 1273 2531 accepisti,
1319 2459 1553 2528 dumque
1594 2457 1829 2512 sonitum

227 2555 378 2610 vocis
400 2554 543 2625 geris
573 2553 627 2607 in
658 2554 839 2608 animo
874 2558 1179 2607 manentem
1204 2590 1219 2615 ,
1261 2550 1496 2618 itemque
1534 2557 1785 2618 aspectus
1810 2590 1827 2616 ,

196 2637 408 2702 â€˜motus
428 2688 442 2711 ,
470 2647 757 2715 omniaque
784 2645 873 2699 illa
906 2644 1224 2700 meretricia:
1256 2642 1493 2698 libidinis
1518 2642 1827 2707 simulacra,

226 2737 363 2793 nihil
398 2751 582 2792 eorum
609 2750 728 2805 qua:
764 2735 909 2789 domi
952 2743 1225 2788 suntcum
1266 2733 1536 2802 voluptate
1580 2730 1827 2786 intueris.

227 2828 300 2885 Et
321 2828 447 2899 quid
475 2828 664 2898 loquor
695 2827 763 2881 de
802 2841 969 2881 uxore
1005 2836 1094 2880 aut
1139 2825 1338 2880 familia
1365 2866 1379 2891 ,
1411 2823 1625 2891 quando
1656 2822 1828 2893 ipsam

228 2919 392 2974 etiam
424 2918 703 2972 ecclesiam
736 2926 923 2986 postea
956 2916 1133 2969 minus
1158 2915 1391 2970 libenter
1416 2916 1627 2968 visurus
1651 2928 1711 2968 es
1732 2953 1747 2976 ,
1776 2923 1829 2967 et

226 3023 352 3063 cum
394 3006 553 3062 taedio
593 3005 872 3061 auditurus
912 3020 1214 3060 sermonem
1258 3004 1327 3058 de
1364 3003 1615 3073 pudicitia
1654 3002 1830 3071 deque

227 3098 534 3155 modestia?
571 3097 754 3168 Neque
778 3098 922 3152 enim
948 3096 1059 3165 jam
1090 3112 1151 3150 ea
1178 3112 1296 3165 qua:
1324 3095 1576 3150 dicuntur
1605 3094 1698 3149 tibi
1729 3108 1829 3163 pro

227 3189 472 3245 doctrina
502 3197 646 3254 sunt,
674 3188 767 3243 sed
797 3204 891 3257 pro
917 3188 1279 3250 accusatione,
1307 3196 1463 3256 teque
1490 3185 1742 3255 paulatim
1775 3186 1826 3239 in

227 3281 655 3351 desperationem
673 3280 966 3335 adducent:
988 3278 1200 3334 tandem
1218 3288 1271 3333 et
1290 3280 1577 3348 abrumpes
1598 3279 1827 3348 teipsum

228 3386 257 3425 a
287 3372 566 3443 disciplina
595 3370 661 3425 ad
693 3370 958 3440 publicam
985 3371 1223 3424 omnium
1251 3370 1533 3423 utilitatem
1562 3368 1825 3424 adhibita.

228 3465 569 3533 Quapropter
597 3478 729 3532 rogo
756 3476 852 3517 vos
876 3476 1084 3526 omnes,
1116 3472 1173 3515 ut
1199 3472 1253 3517 et
1278 3462 1377 3531 ipsi
1406 3477 1595 3531 pravas
1620 3463 1674 3516 in
1700 3476 1827 3532 spe-

227 3554 451 3610 ctacuiis
472 3554 922 3608 commorationes
942 3554 1138 3619 vitctis,
1156 3563 1211 3609 et
1229 3554 1365 3609 alios
1381 3553 1549 3609 abhis
1569 3554 1829 3610 deductos

230 3644 536 3701 retrahatis.
570 3644 835 3713 Quidquid
866 3644 1007 3697 enim
1040 3644 1151 3697 illic
1177 3647 1399 3713 geritur,
1429 3659 1537 3698 non
1564 3652 1646 3699 est
1671 3644 1826 3700 oblc-

228 3735 412 3801 ctatio;
435 3733 531 3790 sed
560 3736 845 3803 pernicies,
876 3735 970 3790 sed
998 3749 1177 3804 paena,
1205 3734 1300 3790 sed
1329 3735 1670 3805 supplicium.
1690 3734 1828 3801 Quid

229 3828 450 3892 prodest
478 3827 565 3881 illa
593 3828 914 3897 temporaria
942 3827 1205 3897 voluptas,
1235 3827 1360 3881 dum
1391 3828 1515 3882 hinc
1542 3838 1829 3899 perpetuus

229 3920 469 3975 nascitur
495 3918 669 3983 dolor,
699 3921 932 3988 dumque
960 3927 1116 3974 nocte
1144 3920 1340 3988 pariter
1366 3933 1430 3974 ac
1457 3920 1542 3974 die
1567 3936 1597 3973 a
1626 3934 1829 3975 concu-

228 4010 491 4080 piscentia
514 4010 835 4087 stimulatus,
863 4008 1112 4063 omnibus
1139 4009 1397 4065 molestus
1421 4024 1481 4065 es
1505 4018 1561 4064 et
1589 4009 1829 4064 invisus?

230 4100 435 4155 Excute
457 4095 617 4170 igitur
641 4100 893 4169 teipsum,
917 4107 1170 4170 reputans
1193 4100 1365 4170 qualis
1394 4099 1489 4155 fias
1512 4100 1579 4153 ab
1603 4101 1828 4155 ecclesia

230 4191 447 4248 rediens
473 4233 487 4257 ,
532 4205 717 4247 rursus
743 4190 917 4261 qualis
940 4205 973 4245 a
1008 4191 1327 4260 spectaculis
1351 4233 1365 4254 ,
1392 4201 1551 4262 atque
1580 4191 1678 4246 hos
1711 4193 1828 4247 dies

229 4299 353 4341 cum
386 4283 492 4339 illis
514 4283 756 4339 conferas
788 4300 806 4335 :
845 4282 897 4337 id
928 4283 972 4336 si
1007 4284 1197 4339 feceris
1220 4325 1236 4350 ,
1276 4284 1408 4337 nihil
1436 4300 1571 4355 opus
1596 4287 1699 4341 erit
1726 4299 1827 4340 no-

230 4382 344 4429 stro
372 4387 641 4429 sermone.
677 4372 819 4428 Satis
844 4372 988 4428 enim
1014 4372 1211 4439 fuerit,
1242 4372 1384 4428 hunc
1411 4374 1551 4428 diem
1580 4389 1703 4429 cum
1736 4375 1830 4429 illo

231 4478 591 4533 comparasse,
621 4463 687 4517 ad
716 4462 1105 4518 ostendendum
1135 4473 1188 4519 et
1213 4479 1370 4535 quam
1393 4481 1581 4537 magna
1609 4467 1678 4522 sit
1704 4467 1831 4525 hinc

231 4556 455 4621 utilitas,
474 4564 527 4610 et
546 4563 741 4623 quanta
763 4555 831 4609 sit
852 4555 997 4610 illinc
1019 4571 1176 4610 noxa.
1204 4557 1329 4613 llaec
1351 4573 1491 4613 nunc
1506 4558 1573 4613 ad
1596 4568 1826 4613 vestram

230 4646 509 4702 caritatem
526 4646 747 4702 dicenda
768 4648 969 4717 putavi,
988 4663 1090 4702 nec
1112 4664 1360 4718 umquam
1383 4650 1564 4705 dicere
1582 4651 1824 4706 cessabo.

232 4737 325 4793 Sic
350 4737 548 4791 etenim
568 4746 622 4793 et
648 4752 741 4792 eos
760 4738 848 4807 qui
872 4737 994 4792 huic
1014 4740 1202 4793 morbo
1228 4739 1443 4795 obnoxii
1470 4751 1613 4807 sunt,
1644 4744 1829 4798 admo-

236 4826 515 4889 nebimus,
544 4837 597 4881 et
625 4828 713 4895 qui
756 4828 869 4881 sani
906 4837 1051 4893 sunt,
1084 4829 1515 4886 confirmabimus
1543 4850 1556 4884 :
1592 4834 1830 4903 utrisque

230 4917 375 4971 enim
403 4917 559 4970 fuerit
588 4918 731 4972 utilis
763 4918 876 4974 bare
902 4921 1073 4973 oratio
1102 4937 1114 4973 :
1148 4922 1330 4977 alteris
1356 4924 1568 4992 quidem
1602 4934 1659 4978 ut
1682 4925 1826 4980 desi-

230 5018 396 5073 stant,
416 5009 595 5063 alteris
611 5024 739 5064 vero
756 5026 821 5064 ne
840 5012 1091 5065 incidant.
1112 5013 1376 5068 Cancrum
1394 5019 1643 5083 quoniam
1667 5032 1831 5086 opor-

230 5107 310 5152 tet
354 5098 769 5167 increpationem
813 5116 934 5156 esse
968 5102 1295 5157 moderatam
1320 5145 1335 5169 ,
1369 5104 1455 5159 hic
1480 5106 1829 5164 admonitioni

230 5190 395 5242 finem
422 5188 762 5257 imponemus
783 5232 796 5255 ,
830 5200 885 5245 et
910 5208 1029 5260 quas
1050 5192 1116 5246 de
1140 5195 1413 5262 superiore
1442 5206 1650 5251 restant
1673 5214 1831 5268 argu-

229 5286 415 5332 mento
444 5278 811 5348 persolvemus
833 5320 848 5347 ,
877 5280 1164 5337 redeuntes
1192 5283 1257 5337 ad
1291 5285 1541 5340 Davidem
1576 5289 1614 5339 Â¹.
1647 5288 1829 5359 Siqui-

228 5368 355 5423 dem
398 5368 487 5424 hic
517 5368 808 5439 pictoribus
858 5387 973 5427 mos
1002 5383 1079 5426 est
1110 5415 1122 5437 ,
1162 5377 1372 5445 quoties
1407 5379 1689 5448 imaginem
1730 5380 1829 5435 ali-

230 5474 393 5528 quam
421 5460 487 5513 ad
517 5461 697 5515 vivum
724 5477 1037 5531 expressam
1066 5465 1343 5521 absolvere
1367 5470 1607 5538 cupiunt,
1639 5487 1826 5536 unum,

232 5550 370 5604 duos
391 5590 404 5613 ,
434 5550 517 5605 vel
560 5560 667 5606 tres
696 5553 810 5608 dies
840 5554 1077 5609 assident
1124 5556 1189 5610 iis
1231 5573 1363 5626 quos
1406 5560 1739 5631 depingunt,
1772 5572 1832 5617 ut

232 5641 452 5697 assidua
478 5645 928 5715 contemplatione
954 5647 1085 5701 citra
1119 5664 1356 5705 errorem
1393 5662 1683 5725 exaeteque
1723 5655 1827 5710 for-

302 5775 321 5807 Â¹
357 5780 474 5846 Ï€ÎµÏ..
496 5788 625 5846 unus
648 5781 701 5829 et
720 5776 871 5838 Colb.,
898 5778 1118 5833 dabimus
1138 5780 1205 5833 ad
1222 5790 1410 5846 patrem
1431 5794 1647 5838 nostrum
1671 5788 1821 5839 Abraâ€”

228 5836 349 5885 ham
376 5836 644 5888 redeuntes.

1279 423 1367 482 DE
1408 421 1657 481 DAVIDE
1696 417 1794 479 ET
1817 415 2045 480 SAULE
2075 417 2353 479 liOMlLlA
2386 415 2472 477 ill.

3447 415 3553 475 698

1946 547 2145 592 matam
2174 538 2479 608 exprimant
2501 536 2931 593 similitudinem.
2962 535 3107 604 Quia
3129 534 3291 607 igitur
3315 543 3370 590 et
3401 535 3555 588 nobis

1946 630 2278 698 propositum
2306 638 2390 684 est
2416 642 2522 683 non
2552 630 2847 700 corporalis
2876 629 3064 684 forma:
3092 629 3377 699 imaginem
3402 670 3416 691 ,
3456 628 3553 683 sed

1944 718 2112 773 animi
2140 719 2586 788 pulchritudinem
2608 761 2625 785 ,
2667 735 2730 774 ac
2760 718 3093 788 spiritualem
3122 718 3373 774 decorem
3402 719 3555 773 vobis

1946 808 2107 865 hodie
2132 809 2447 879 depingere,
2476 811 2649 879 ipsum
2680 809 2933 864 Davidem
2959 809 3207 864 volumus
3233 808 3424 865 adesse
3453 824 3552 861 vo-

1946 899 2030 955 bis
2059 940 2075 967 ,
2104 909 2165 954 ut
2191 916 2382 956 omnes
2413 902 2465 955 in
2496 917 2618 956 eum
2652 902 2920 956 intuentes
2952 901 3004 955 in
3034 901 3274 955 animum
3306 900 3555 955 referatis

1944 1005 2255 1061 expressam
2279 992 2409 1061 justi
2432 991 2909 1062 pulchritudinem,
2943 991 3259 1047 suavitatem
3281 1032 3297 1057 ,
3332 1006 3553 1062 magna-

1945 1083 2242 1138 nimitatem
2268 1125 2284 1147 ,
2327 1084 2381 1137 in
2406 1098 2615 1137 summa
2648 1084 2897 1137 virtutem
2924 1082 3041 1152 ejus
3068 1096 3307 1138 omnem.
3339 1083 3549 1137 Etenim

1943 1176 1989 1230 si
2020 1176 2261 1246 corporis
2294 1176 2553 1245 imagines
2584 1175 2900 1229 nonnullum
2934 1174 3267 1229 intuentibus
3297 1174 3547 1228 solatium

1942 1266 2220 1330 adferunt,
2250 1268 2420 1322 multo
2451 1270 2619 1338 magis
2645 1268 2785 1324 idem
2818 1266 3015 1323 facient
3043 1266 3240 1321 mentis
3267 1265 3551 1336 imagines.

1942 1360 2117 1428 Atque
2140 1359 2255 1413 illas
2276 1358 2490 1429 quidem
2522 1374 2627 1414 non
2661 1359 2785 1414 licet
2809 1357 2981 1413 ubivis
3005 1357 3220 1419 intueri,
3241 1354 3335 1411 sed
3357 1356 3549 1411 eodem

1942 1449 1999 1504 in
2024 1450 2143 1505 loco
2170 1451 2434 1504 consistas
2462 1459 2673 1519 oportet
2702 1465 2714 1501 :
2746 1449 2883 1503 hanc
2910 1462 3038 1502 vero
3062 1447 3194 1502 nihil
3222 1455 3383 1510 vetat,
3415 1460 3554 1515 quo-

1943 1538 2123 1594 minus
2150 1554 2489 1608 quocumque
2515 1539 2648 1594 velis
2678 1549 2851 1593 tecum
2894 1538 3262 1593 circumferas.
3292 1535 3426 1591 Nam
3455 1552 3550 1606 po.

1940 1638 2219 1699 steaquam
2246 1644 2363 1685 eam
2396 1630 2447 1684 in
2482 1631 2646 1684 animi
2680 1629 3041 1699 penetralibus
3065 1628 3348 1698 reposuisti
3375 1668 3389 1693 ,
3432 1625 3552 1682 ubi-

1940 1736 2173 1793 cumque
2217 1724 2453 1777 locorum
2490 1724 2657 1777 fueris
2684 1764 2698 1787 ,
2731 1722 2933 1790 poteris
2967 1734 3111 1791 saepe
3154 1719 3504 1789 contemplari
3530 1760 3545 1785 ,

1941 1814 2339 1883 plurimumque
2364 1828 2428 1868 ex
2458 1827 2520 1868 ea
2552 1813 2793 1867 utilitatis
2821 1826 3032 1882 capere.
3075 1812 3143 1867 Et
3181 1811 3320 1866 sicut
3346 1811 3437 1879 qui
3469 1810 3550 1863 la-

1941 1905 2134 1961 borant
2158 1906 2363 1974 oculis,
2404 1907 2450 1961 si
2490 1906 2740 1976 spongias
2770 1920 2833 1960 ac
2861 1905 3090 1961 vestium
3130 1918 3335 1975 cyaneo
3366 1902 3552 1958 colore

1939 2012 2147 2069 pannos
2170 2006 2413 2053 tenentes
2438 1998 2747 2067 frequenter
2770 1998 2820 2052 in
2843 2012 2906 2053 ea
2930 1999 3259 2060 intueantur,
3286 2011 3352 2050 ex
3375 2008 3441 2050 eo
3460 2006 3553 2050 co-

1940 2087 2053 2143 lore
2071 2088 2388 2143 nonnullum
2406 2088 2624 2158 capiunt
2645 2086 2815 2143 morbi
2837 2088 3080 2142 levamen
3101 2085 3382 2141 :similitcr
3396 2094 3449 2141 et
3469 2094 3547 2149 tu,

1938 2180 1983 2235 si
2014 2179 2230 2235 Davidis
2270 2179 2557 2250 imaginem
2594 2194 2705 2249 pra:
2742 2178 2912 2234 oculis
2953 2178 3154 2232 habeas
3176 2219 3189 2239 ,
3224 2187 3279 2231 et
3324 2176 3376 2231 in
3409 2175 3548 2231 hanc

1938 2268 2157 2325 assidue
2179 2268 2382 2340 deligas
2406 2268 2593 2324 oculos
2618 2309 2632 2334 ,
2677 2268 2889 2324 etiamsi
2931 2268 3129 2323 millies
3162 2267 3426 2322 obtundat
3469 2268 3547 2322 ira

1937 2361 2137 2417 mentis
2166 2362 2380 2416 oculum
2412 2360 2735 2432 perturbans
2756 2402 2771 2427 ,
2804 2361 2870 2415 ad
2905 2360 3007 2417 hoc
3032 2359 3244 2416 virtutis
3273 2361 3553 2431 exemplar

1937 2456 2260 2525 respiciens,
2290 2454 2581 2525 perfectam
2612 2454 2957 2525 consequeris
2982 2453 3297 2519 sanitatem,
3330 2468 3549 2525 puram-

1938 2562 2043 2617 que
2062 2547 2227 2602 animi
2256 2545 2672 2617 philosophiam.

2008 2640 2065 2695 3.
2098 2638 2290 2694 Nullus
2311 2640 2549 2694 inimicus
2580 2638 2742 2695 Saile
2771 2639 3008 2695 deterior.
3034 2670 3110 2681 â€”
3135 2639 3216 2696 Ne
3243 2640 3363 2711 quis
3392 2641 3551 2709 Igitur

1938 2728 2071 2783 mihi
2102 2729 2245 2785 dicat
2274 2750 2288 2784 :
2322 2728 2600 2785 Inimicum
2635 2730 2808 2787 habeo
2838 2732 3129 2787 scelestum
3151 2772 3165 2795 ,
3198 2730 3501 2802 improbant
3528 2771 3546 2798 ,

1938 2831 2276 2892 corruptum,
2310 2822 2749 2893 incorrigibilem.
2778 2822 3045 2893 Quidquid
3076 2822 3298 2886 dixeris,
3328 2837 3434 2877 non
3465 2830 3552 2878 est

1940 2924 2115 2970 tamen
2142 2915 2304 2970 Saï¬le
2342 2915 2597 2977 deterior.
2627 2915 2720 2985 qui
2758 2916 2926 2970 semel
2958 2925 3013 2971 et
3044 2915 3236 2970 iterum
3258 2958 3273 2981 ,
3306 2914 3415 2970 imo
3441 2927 3548 2967 sa:-

1937 3005 2057 3074 pius
2083 3013 2327 3059 servatus
2354 3019 2385 3058 a
2407 3004 2625 3071 Davide,
2649 3020 2770 3059 eum
2795 3006 2910 3075 ipse
2937 3005 3087 3059 mille
3113 3004 3288 3059 modis
3313 3003 3388 3060 illi
3408 3011 3552 3057 strn-

1938 3097 2106 3152 xisset
2134 3095 2377 3162 insidias,
2402 3104 2580 3151 tamen
2610 3112 2708 3167 pro
2732 3105 2811 3151 tot
2837 3096 3114 3152 beneficiis
3142 3097 3395 3167 acceptis,
3427 3112 3548 3166 per-

1936 3188 2204 3245 severavit
2223 3188 2275 3242 in
2297 3203 2392 3243 sua
2414 3188 2633 3243 malitia.
2654 3188 2790 3256 Quid
2815 3188 2977 3258 igitur
2994 3188 3159 3242 habes
3177 3186 3317 3256 quod
3337 3188 3549 3242 incuses

1937 3278 2254 3334 inimicum?
2282 3278 2435 3346 Quod
2466 3288 2622 3334 terra:
2643 3288 2849 3349 partem
2874 3277 3114 3344 ademit,
3144 3277 3286 3348 quod
3318 3276 3371 3330 in
3403 3278 3548 3347 agris

1937 3371 2066 3428 fecit
2095 3372 2343 3442 injuriam
2363 3413 2377 3437 ,
2410 3372 2553 3442 quod
2576 3372 2771 3433 domus
2795 3371 2999 3427 limites
3025 3380 3393 3440 transgressus
3419 3378 3502 3426 est
3526 3411 3544 3438 ,

1937 3463 2079 3534 quod
2107 3463 2372 3534 mancipia
2400 3474 2489 3517 tua
2520 3464 2717 3534 rapuit,
2749 3463 2889 3533 quod
2923 3463 3029 3518 vim
3057 3462 3256 3529 attulit,
3284 3460 3426 3531 quod
3455 3470 3544 3516 tua

1938 3563 2137 3625 przeter
2156 3554 2244 3624 jus
2270 3555 2591 3625 occupavit,
2622 3554 2764 3626 quod
2794 3554 2862 3609 ad
2894 3562 3262 3625 paupertatem
3292 3552 3497 3623 redegit
3522 3552 3548 3607 Ï„

1937 3648 2009 3701 At
2038 3645 2277 3700 nondum
2324 3646 2523 3716 eripuit
2564 3646 2727 3700 vitam
2754 3688 2769 3713 ,
2803 3646 2945 3716 quod
2982 3646 3201 3701 molitus
3244 3656 3328 3702 est
3370 3644 3497 3702 Salii
3529 3662 3544 3701 :

1935 3736 2080 3807 quod
2106 3738 2151 3791 si
2180 3746 2237 3792 et
2262 3738 2423 3791 vitam
2456 3737 2665 3807 eripere
2692 3748 2914 3792 c0natus
2950 3748 3033 3792 est
3057 3777 3072 3801 ,
3109 3736 3340 3793 fortasse
3370 3736 3543 3793 semel

1937 3826 1989 3881 id
2021 3840 2185 3880 ausus
2213 3835 2318 3894 est,
2339 3840 2447 3881 non
2474 3827 2665 3894 semel,
2692 3826 2776 3882 bis
2796 3836 2889 3881 aut
2918 3836 3018 3890 ter,
3040 3836 3130 3881 aut
3159 3827 3378 3897 smpius,
3409 3827 3549 3883 sicut

1936 3916 2065 3971 fecit
2089 3916 2219 3972 Saftl
2263 3915 2339 3989 (a)
2374 3936 2388 3971 :
2421 3917 2563 3988 quod
2592 3918 2636 3971 si
2662 3919 2823 3972 etiam
2850 3917 3015 3973 semel
3035 3957 3049 3982 ,
3078 3918 3125 3971 si
3151 3917 3236 3971 bis
3254 3959 3269 3982 ,
3294 3917 3338 3971 si
3371 3926 3470 3980 ter.
3499 3918 3547 3974 si

1936 4007 2136 4077 saepius
2160 4007 2264 4063 hoc
2286 4010 2532 4074 tentavit,
2562 4018 2618 4064 at
2646 4024 2752 4063 non
2784 4017 2858 4061 tot
2887 4007 3113 4061 affectus
3134 4008 3232 4063 abs
3255 4018 3307 4063 te
3336 4007 3544 4065 beneï¬‚-

1936 4098 2055 4164 ciis,
2079 4106 2135 4151 at
2163 4112 2270 4153 non
2297 4113 2421 4154 eum
2450 4098 2618 4153 semel
2642 4107 2806 4169 atque
2835 4100 3028 4155 iterum
3057 4099 3332 4156 incidisset
3354 4100 3406 4154 in
3432 4116 3548 4157 ma-

1936 4202 2039 4244 nus
2071 4199 2208 4254 tuas,
2233 4196 2290 4244 et
2319 4199 2566 4245 servatus
2589 4196 2737 4245 esset
2766 4210 2779 4245 :
2808 4200 2863 4246 et
2888 4192 2934 4245 si
2965 4192 3068 4246 hoc
3096 4206 3311 4262 quoque
3342 4190 3543 4248 factum

1936 4292 2022 4337 est
2043 4323 2059 4348 ,
2088 4280 2169 4336 sie
2204 4281 2369 4337 etiam
2398 4295 2584 4336 rursus
2619 4291 2837 4351 superat
2880 4283 2996 4352 ipse
3038 4282 3224 4338 David.
3255 4281 3372 4338 Non
3400 4283 3544 4340 enim

1938 4372 2085 4444 paria
2105 4382 2233 4428 sunt
2264 4373 2363 4427 sub
2402 4379 2582 4427 vetere
2620 4372 2738 4443 lege
2774 4372 3056 4443 degentem
3083 4415 3099 4439 ,
3145 4380 3199 4428 et
3239 4387 3385 4427 nunc
3424 4384 3549 4443 post

1936 4465 2213 4536 Evangelii
2240 4466 2468 4537 gratiam
2496 4464 2620 4520 talia
2660 4464 2970 4520 condonare
2993 4465 3179 4535 gratis.
3214 4464 3333 4520 Non
3363 4465 3549 4521 audie-

1938 4563 2021 4607 rat
2070 4553 2233 4607 David
2275 4554 2579 4622 paraboiam
2620 4553 2688 4608 de
2730 4553 2917 4609 decem
2956 4556 3189 4610 millibus
3219 4556 3542 4612 talentorum

1937 4657 2097 4715 atque
2125 4646 2192 4701 de
2218 4654 2431 4700 centum
2462 4645 2732 4710 denariis;
2765 4662 2872 4700 non
2904 4646 3146 4702 audierat
3176 4648 3543 4717 precationem

1937 4736 2226 4799 dicentem,
2260 4735 2519 4789 Remittite
2542 4736 2828 4790 hominibus
2853 4738 3021 4791 debita
3052 4740 3311 4809 ipsorum,
3342 4752 3473 4794 sicut
3502 4754 3546 4795 et

1944 4826 2101 4881 Pater
2138 4837 2297 4881 vester
2334 4828 2545 4882 celestis
2590 4830 2608 4899 (
2639 4828 2805 4881 Marc.
2852 4830 2940 4884 11.
2985 4830 3092 4901 25)
3127 4847 3142 4889 Îµ
3177 4847 3286 4886 non
3338 4833 3549 4888 viderat

1939 4919 2210 4975 Christum
2240 4920 2579 4984 crucifixum,
2614 4936 2720 4974 non
2750 4920 2976 4975 effusum
3006 4924 3299 4991 pretiosum
3332 4926 3520 4994 sangui

1940 5028 2085 5079 nem,
2111 5027 2209 5067 nee
2228 5012 2470 5067 audierat
2494 5013 2917 5070 innumerabiles
2938 5030 3221 5071 sermones
3237 5017 3381 5071 circa
3409 5016 3547 5071 hanc

1940 5104 2374 5173 philosophiam;
2410 5118 2516 5157 non
2562 5104 2683 5159 talis
2732 5105 2981 5161 sacrificii
3008 5149 3021 5170 ,
3061 5122 3240 5177 neque
3268 5122 3547 5178 sanguinis

1939 5193 2191 5249 dominici
2224 5196 2490 5263 particeps
2516 5193 2728 5260 fuerat,
2775 5195 2868 5250 sed
2898 5197 3104 5266 legibus
3132 5198 3550 5266 imperfectiori-

1940 5285 2039 5339 bus
2067 5284 2327 5339 educatus
2346 5328 2361 5351 ,
2397 5300 2571 5354 neque
2602 5287 2707 5341 tale
2733 5286 3023 5357 quidquam
3057 5288 3398 5357 exigentibus
3423 5331 3437 5355 ,
3468 5300 3549 5346 ta-

1941 5392 2064 5432 men
2109 5378 2175 5431 ad
2220 5378 2540 5447 evangelica:
2581 5379 2936 5449 philosâ€˜Ophite
2980 5381 3244 5451 fastigium
3279 5384 3541 5451 pervenit.

1940 5470 2009 5521 At
2036 5478 2090 5523 tu
2117 5468 2428 5538 frequenter
2466 5471 2667 5534 iratus,
2705 5471 3019 5539 injuriarum
3060 5474 3379 5528 memoriam
3411 5475 3541 5529 reti-

1941 5576 2038 5616 nes
2067 5579 2077 5611 :
2115 5562 2201 5616 hic
2228 5576 2357 5616 vero
2384 5578 2505 5617 eum
2537 5564 2605 5618 de
2635 5564 2823 5618 futuris
2849 5574 3131 5631 metueret,
3165 5575 3315 5633 certo
3346 5569 3540 5633 sciens,

1940 5657 1985 5710 si
2010 5656 2219 5711 hostem
2242 5664 2503 5726 servaret,
2537 5671 2596 5713 se
2620 5666 2672 5713 et
2701 5658 2919 5713 civitate
2945 5659 3310 5714 exsulaturum
3335 5700 3349 5726 ,
3384 5668 3440 5715 et
3468 5659 3548 5716 vi-

2002 5788 2079 5859 (Ï‚Î¶)
2110 5791 2193 5839 llic
2216 5790 2407 5859 etiam
2433 5792 2652 5855 quaedam
2677 5791 2885 5844 deerant
2910 5795 2957 5843 in
2981 5795 3143 5855 Editis,
3170 5807 3279 5857 qua:
3306 5806 3370 5846 ex
3391 5790 3549 5854 Regio

1948 5852 2116 5902 codice
2142 5853 2451 5917 supplentur.
