4152 6542
614 565 722 609 tam
758 552 1116 608 calamitosam
1156 557 1420 612 acturum,
1456 561 1562 601 non
1593 543 1794 600 destitit
1831 553 2006 597 tamen
2051 538 2189 594 illius

615 645 816 699 habere
841 656 1042 705 curam,
1069 639 1163 695 sed
1191 639 1368 694 omnia
1399 638 1540 704 feeit,
1573 636 1712 690 hunc
1743 635 1901 690 talem
1925 641 2106 689 contra
2132 645 2191 686 se

619 733 824 785 hostem
852 729 1056 784 fovens.
1074 728 1206 795 Quis
1224 732 1642 784 commembrare
1663 726 1832 779 valeat
1854 723 2191 778 tolerantiam

620 822 717 874 hac
735 820 1033 889 majorem?
1054 819 1218 874 Porro
1245 826 1302 873 ut
1327 833 1430 871 non
1459 824 1660 872 tantum
1685 831 1751 870 ex
1779 814 2079 884 prteteritis,
2103 829 2194 868 ve-

617 924 734 962 rum
761 924 828 964 ex
857 909 941 965 his
965 923 1175 980 quoque
1198 924 1316 978 qua:
1345 920 1486 960 nunc
1511 905 1642 960 liunt
1669 905 1844 961 discas
1871 905 1983 961 fleri
2009 919 2187 976 posse,

619 1010 677 1053 ut
704 1015 824 1054 cum
863 1002 1050 1070 quovis
1087 1000 1301 1055 homine
1341 999 1576 1053 animum
1619 998 1684 1051 in
1713 1009 1776 1052 te-
1810 997 2053 1054 hostilem
2095 1012 2189 1067 ge-

622 1104 771 1148 rente
793 1092 979 1146 redeas
1000 1093 1052 1145 in
1074 1093 1321 1160 gratiam,
1334 1089 1458 1161 quid
1481 1090 1634 1144 lcoue
1661 1088 1901 1142 εαξνίυεῖ
1927 1090 1999 1146 Et
2015 1097 2191 1144 tamen

622 1181 763 1236 hunc
788 1181 1024 1237 cicurem
1049 1191 1487 1252 mansuetutnque
1522 1179 1756 1242 reddunt
1779 1179 2049 1244 homines,
2079 1189 2195 1234 artc

621 1282 863 1328 natumut
913 1283 1260 1342 superantes:
1304 1273 1467 1344 atque
1503 1273 1686 1342 quavis
1726 1287 1826 1328 ove
1868 1271 2048 1326 mitior
2083 1270 2192 1325 l‘era

622 1364 859 1418 omnium
889 1363 1270 1418 immanissima
1298 1372 1353 1418 et
1392 1362 1766 1433 superbissima
1791 1403 1806 1428 ,
1849 1363 1984 1418 adeo
2011 1373 2066 1416 ut
2101 1375 2197 1432 per

623 1455 794 1509 forum
824 1454 1058 1509 ambulet
1081 1495 1103 1516 .
1124 1455 1387 1510 neminem
1420 1454 1686 1510 territans.
1717 1453 1883 1520 Quam
1917 1454 2073 1522 igitur
2100 1453 2200 1506 ha-

630 1547 790 1603 bituri
817 1559 1002 1602 sumus
1027 1547 1452 1611 excusationem,
1490 1561 1646 1615 quam
1675 1545 2075 1615 impetrabimus
2099 1559 2195 1598 ve-

627 1638 770 1692 niam
791 1679 808 1705 ,
849 1639 892 1692 si
921 1652 1041 1692 cum
1074 1636 1211 1691 feras
1238 1636 1434 1691 bestias
1461 1636 1760 1690 cicuremus
1782 1675 1800 1701 ,
1829 1635 2198 1705 negaverimus

629 1727 868 1781 homines
890 1741 1134 1796 umquam
1160 1740 1316 1796 posse
1336 1726 1528 1795 placari
1553 1725 1941 1795 benevolosque
1956 1739 2080 1794 erga
2101 1740 2201 1780 nos

627 1815 818 1870 reddi?
841 1817 998 1888 Atqui
1029 1816 1211 1872 bestiae
1232 1817 1457 1888 quidem.
1477 1825 1670 1886 prmter
1696 1824 1940 1870 naturam
1966 1825 2050 1870 est
2077 1829 2198 1871 esse

628 1913 981 1971 inausuetam,
1010 1907 1208 1962 homini
1241 1923 1368 1963 vero
1396 1916 1587 1976 prater
1612 1917 1854 1961 natatum
1880 1915 1964 1962 est
1992 1906 2196 1962 feritas.

629 1994 767 2063 Ergo
795 2010 916 2050 cum
958 1997 1010 2051 in
1042 1996 1144 2052 illis
1171 2007 1409 2052 naturam
1437 1997 1741 2063 vincamus,
1769 2012 1872 2066 qua
1901 1995 2073 2052 fronte
2103 1985 2204 2052 nos

629 2086 1001 2140 excusabimus
1023 2127 1038 2150 ,
1069 2086 1116 2140 si
1146 2087 1198 2140 in
1227 2086 1440 2142 homine
1464 2101 1743 2142 causentur
1770 2086 1930 2140 auitni
1957 2088 2199 2157 proposi-

632 2187 746 2230 tum
773 2193 876 2230 non
905 2191 1061 2245 posse
1085 2176 1322 2246 corrigi?
1347 2178 1498 2242 Quod
1521 2180 1566 2234 si
1591 2178 1768 2233 adhuc
1794 2177 2074 2232 contendis
2091 2219 2107 2243 ,
2137 2178 2204 2232 il-

631 2264 721 2319 lud
742 2265 982 2330 dixerim,
1009 2268 1249 2336 quamvis
1277 2268 1553 2322 insanabili
1575 2269 1760 2322 morbo
1779 2278 1998 2336 aegrotet
2017 2268 2210 2334 boiuo,

630 2369 738 2424 quo
768 2355 884 2424 plus
912 2354 1066 2410 (inerit
1091 2356 1301 2422 laboris,
1333 2357 1433 2413 hoc
1464 2359 1555 2412 tibi
1592 2373 1795 2414 merces
1814 2356 1914 2412 erit
1942 2357 2200 2426 amplior;

635 2445 681 2499 si
709 2445 962 2511 assideas,
994 2460 1188 2502 curans
1221 2448 1594 2503 immedicabili
1636 2448 1823 2503 morbo
1851 2448 2200 2504 laborantem.

706 2536 856 2591 Nihil
874 2539 1038 2592 nocuit
1057 2537 1240 2593 Dauidi
1259 2539 1428 2594 odium
1457 2539 1631 2594 Saulis
1649 2553 1675 2604 ;.
1708 2555 1801 2594 cur
1827 2543 2079 2612 patientia
2101 2557 2206 2595 me-

635 2629 789 2683 ritum
815 2639 1039 2700 coquetur
1060 2630 1406 2701 elemosyna.
1443 2659 1514 2672 —
1538 2630 1712 2688 Unum
1739 2632 1897 2701 igitur
1923 2632 2052 2688 illud
2080 2649 2205 2704 spe-

638 2728 876 2784 ctemus,
905 2735 1008 2773 non
1037 2735 1105 2776 ne
1132 2719 1259 2789 quid
1285 2721 1410 2776 mali
1431 2723 1694 2791 patiamur
1720 2723 1788 2778 sb
1814 2723 2041 2778 inimicis
2062 2764 2079 2787 ,
2111 2723 2205 2778 sed

645 2825 714 2864 ne
749 2809 878 2881 quid
904 2810 1010 2867 illis
1034 2811 1163 2867 mali
1184 2811 1438 2868 faciamus
1466 2831 1482 2868 :
1511 2815 1582 2868 ita
1607 2815 1737 2869 nihil
1765 2816 2029 2885 patiamur
2057 2817 2204 2884 mali,

639 2899 848 2955 etiamsi
887 2901 1159 2957 innumera
1187 2901 1518 2971 perferamus
1547 2905 1685 2959 mala
1715 2921 1730 2958 :
1760 2906 2207 2976 quemadmodum

639 3005 740 3046 uec
769 2990 958 3058 David,
980 2991 1106 3047 dum
1133 2993 1357 3062 eiicitur,
1377 2993 1504 3049 dum
1529 2995 1580 3050 in
1605 2997 1848 3052 exsilium
1877 2999 2208 3069 sgitur,dum

643 3095 809 3150 usque
831 3081 898 3136 ad
924 3083 1045 3137 vitae
1064 3082 1350 3140 discrimen
1378 3085 1584 3140 insidiis
1607 3088 1903 3157 appetitur,
1922 3089 2210 3161 quidquam

642 3171 826 3227 acerbi
863 3186 1049 3243 passus
1079 3182 1164 3229 est
1190 3191 1204 3228 :
1235 3175 1364 3244 quia
1390 3175 1564 3245 potius
1589 3175 1742 3234 hoste
1774 3191 1874 3234 suo
1918 3179 2086 3236 tactus
2128 3189 2219 3237 est

645 3264 904 3322 illustrior
937 3263 1424 3336 bonorabiliorque,
1451 3269 1769 3342 ceterisque
1794 3271 2047 3329 munibus
2066 3288 2214 3327 atus-

645 3353 833 3420 bilior,
862 3354 1020 3426 idque
1043 3373 1149 3414 non
1181 3359 1481 3416 hominibus
1525 3369 1734 3419 tanaim
1757 3404 1777 3430 ,
1803 3366 1898 3420 sed
1927 3366 2038 3435 ipsi:
2054 3367 2214 3423 etiam

647 3443 778 3499 Deo.
807 3444 943 3512 Quid
968 3447 1112 3504 enim
1152 3449 1456 3507 detrimenti
1494 3453 1638 3523 cepit
1676 3464 1897 3513 sancttis
1939 3455 2061 3519 ille,
2092 3471 2216 3513 eum

645 3543 758 3590 tam
797 3535 965 3592 multa
1010 3548 1376 3610 perpeteretur
1396 3556 1428 3596 a
1455 3541 1613 3599 Saule
1642 3545 1878 3602 iAnuon
1917 3547 1970 3602 in
1998 3547 2214 3604 hodier-

650 3641 776 3680 num
807 3642 974 3699 usque
991 3628 1132 3687 diem
1152 3633 1364 3688 canitur
1387 3632 1609 3691 illustris
1627 3636 1681 3690 in
1709 3645 1870 3704 terra,
1886 3637 2145 3694 illustrior
2162 3639 2216 3694 in

645 3715 800 3772 celo?
821 3734 999 3776 annon
1022 3723 1168 3779 illum
1192 3724 1563 3783 inenarrabilis
1589 3738 1806 3784 manent
1825 3728 1967 3786 bona
1987 3740 2043 3786 et
2061 3732 2229 3787 calo-

651 3820 768 3862 rum
796 3823 1015 3880 regnum
1035 3812 1061 3866 2
1088 3813 1293 3870 Rursus
1307 3818 1434 3887 quid
1461 3820 1731 3875 commodi
1756 3820 1898 3891 cepit
1917 3821 2096 3878 infelix
2127 3822 2226 3880 ille

647 3910 714 3951 ac
737 3898 919 3968 miser,
934 3911 1009 3955 tot
1035 3902 1254 3960 insidias
1281 3907 1496 3964 molitus
1511 3909 1535 3962 τ
1551 3909 1740 3965 Nonne
1767 3927 1934 3982 regno
1963 3929 2222 3972 excussus

646 3987 774 4042 est?
817 4003 993 4047 nonne
1044 3994 1344 4050 miseranda
1397 4009 1584 4056 morte
1603 4003 1762 4072 periit
1785 4019 1892 4059 una
1920 4019 2044 4061 eum
2085 4006 2218 4073 filio,

653 4349 750 4408 illo
770 4350 946 4407 redire
965 4353 1020 4408 in
1043 4356 1268 4424 gratiam
1289 4355 1607 4415 H’ecuniss
1631 4358 1872 4429 eripuit?
1897 4362 2005 4419 Sed
2033 4364 2079 4419 si
2117 4366 2224 4420 ior-

654 4441 783 4498 titer
817 4442 1024 4514 perfero
1050 4447 1293 4516 rapinam
1310 4486 1329 4514 ,
1364 4449 1694 4507 tantumdem
1709 4453 1941 4523 accipies
1960 4455 2226 4512 mercedis

653 4546 718 4589 ac
742 4534 793 4588 si
815 4547 910 4590 eas
944 4534 998 4590 in
1023 4549 1213 4592 manus
1237 4551 1530 4609 pauperum
1558 4541 1909 4612 reposuisses.
1949 4543 2226 4615 Siquidem

657 4632 712 4676 ct
737 4623 828 4693 qui
850 4623 1002 4680 dedit
1029 4627 1213 4696 egenis
1234 4667 1252 4693 ,
1281 4637 1337 4684 et
1360 4629 1450 4700 qui
1492 4630 1542 4686 ei
1573 4631 1666 4702 qui
1709 4632 1888 4688 aliens
1917 4637 2222 4705 usurpavit,

654 4727 829 4782 neque
855 4721 1004 4782 parat
1048 4713 1302 4780 insidias.
1342 4733 1516 4788 neque
1553 4721 1696 4778 male
1742 4732 2024 4792 precatur,
2064 4725 2226 4782 ambo

657 4804 1052 4874 impterDeum
1073 4804 1126 4860 id
1152 4804 1370 4862 faciunt.
1400 4807 1631 4866 Proinde
1647 4826 1768 4867 eum
1788 4813 2043 4884 impendii
2065 4830 2226 4872 causa

652 4893 865 4960 eadem.
894 4895 1232 4966 perspicuum
1257 4906 1337 4953 est
1371 4913 1532 4954 unam
1551 4901 1901 4974 eamdemque
1925 4906 2041 4963 fore
2067 4922 2228 4964 coro-

658 5001 803 5046 nam.
829 4985 938 5043 Sed
962 4988 1085 5044 vita:
1109 4988 1384 5047 insidiatus
1407 5003 1511 5058 est,
1528 5003 1584 5050 et
1612 5005 1836 5054 certatus
1859 5007 1943 5055 est
1956 5000 2230 5058 occidere?

662 5079 738 5134 Ea
766 5093 857 5136 res
885 5079 979 5135 tibi
1011 5095 1107 5150 pro
1129 5082 1387 5154 martyrio
1409 5083 1774 5156 imputabitur,
1800 5089 1844 5144 si
1871 5090 2092 5147 insidias
2115 5107 2228 5148 mo-

658 5173 1058 5239 lioutem,etsd
1098 5183 1299 5232 lautam
1339 5189 1652 5247 provectam
1686 5181 2013 5239 inimicitiam
2038 5226 2052 5248 .
2085 5185 2227 5242 inter

659 5263 791 5318 liene
817 5264 1037 5321 meritos
1061 5267 1384 5335 numeraris,
1414 5282 1518 5323 non
1545 5270 1794 5328 desinens
1813 5287 2078 5346 orarepre
2113 5276 2226 5346 illo,

659 5354 826 5412 Deum
853 5357 1218 5425 obsecrando,
1249 5367 1310 5416 ut
1337 5359 1411 5416 illi
1440 5358 1534 5415 lict
1559 5363 1836 5433 propitius.

727 5448 782 5504 ι.
802 5447 882 5504 Ne
925 5448 1086 5521 igitur
1120 5451 1250 5507 illud
1284 5461 1629 5523 reputemus.
1653 5455 1795 5524 quod
1837 5457 1977 5514 Deus
2004 5461 2231 5516 vetuerit

657 5538 1000 5597 ueDavidem
1021 5542 1438 5602 occideretSaiil
1463 5561 1478 5600 :
1503 5545 1601 5602 sed
1639 5546 1766 5603 illud
1788 5551 2088 5616 enimidem,
2105 5569 2230 5610 eum

655 5647 722 5687 ex
754 5630 960 5687 ius'nliis
983 5632 1163 5691 Saulis
1203 5635 1360 5709 tripli
1396 5637 1798 5711 quadruplaque
1846 5642 2089 5712 artyrii
2132 5657 2229 5698 co-

657 5739 788 5780 rona
817 5727 1119 5786 redimitum
1145 5731 1330 5789 fuisse
1349 5731 1554 5788 Etenim
1581 5732 1670 5804 qui
1701 5740 1916 5804 propter
1935 5732 2100 5790 Deum
2119 5748 2236 5789 ser-

657 5817 801 5874 vavit
828 5818 1066 5892 hostem,
1113 5837 1237 5882 eum
1265 5822 1357 5896 qui
1394 5823 1562 5885 semel
1583 5865 1600 5897 ,
1627 5823 1708 5884 bis
1732 5867 1748 5897 ,
1779 5826 1886 5883 imo
1923 5823 2238 5899 frequenter

1336 431 1392 487 ς.
1430 426 1703 485 JOANNIS
1740 418 2212 483 CllllYSOS’l‘Oﬂl
2251 421 2570 479 ARCHIEP.
2608 422 3142 486 CONSTANTINOP.

3786 433 3883 490 πυ

2305 534 2544 594 lanceam
2574 539 2626 594 in
2651 549 2810 610 caput
2835 541 2979 596 illius
3006 541 3262 610 vibrsral,
3289 557 3412 598 cum
3437 550 3588 600 esset
3605 544 3883 602 occidetuli

2305 638 2621 698 potestatem
2649 638 2836 687 nactus
2860 673 2877 698 ,
2909 642 3086 688 tamen
3112 633 3350 706 pepercit
3393 634 3528 704 ipsi,
3569 648 3702 690 cum
3727 634 3885 691 sciret

2301 731 2482 790 postea
2514 721 2645 786 fore,
2665 730 2723 776 ut
2746 722 2922 777 denuo
2941 722 3008 778 ab
3032 724 3122 779 illo
3145 725 3519 794 impeteretur:
3543 725 3883 795 perspicuum

2299 821 2383 868 est
2421 829 2544 868 eum
2577 813 2772 869 millies
2817 814 3154 871 interfectum
3199 832 3322 873 esse
3365 817 3525 872 animi
3563 819 3882 890 proposito;

2299 906 2495 962 millies
2545 917 2724 963 autem
2774 907 3083 964 interfectus
3128 919 3347 980 propter
3397 910 3602 975 Deum,
3630 909 3886 980 plurimas

2307 998 2430 1054 tulit
2477 1000 2717 1068 martyrii
2746 1015 2970 1056 coronas
3001 1019 3014 1056 :
3045 1001 3133 1070 qui
3159 1001 3608 1071 quemadmodum
3651 1011 3704 1056 et
3748 1000 3886 1056 Pau-

2300 1089 2384 1146 lus
2411 1091 2516 1156 ait,
2547 1090 2784 1158 Quotidie
2811 1094 2999 1146 morior
3027 1103 3233 1164 propter
3264 1091 3427 1148 Deum
3452 1093 3632 1163 (Rom.
3656 1095 3710 1146 8.
3740 1093 3884 1166 '26),

2303 1179 2532 1250 idipsum
2563 1189 2616 1236 et
2652 1183 2740 1237 ille
2769 1193 2987 1252 prapter
3032 1184 3196 1239 Deum
3273 1199 3467 1255 passus
3559 1195 3664 1240 est.
3750 1183 3888 1238 Cum

2301 1274 2442 1328 enim
2474 1283 2654 1342 posset
2680 1273 2888 1330 hostem
2915 1274 3015 1328 sibi
3044 1275 3382 1330 insidiantem
3414 1289 3444 1328 e
3473 1273 3652 1330 medio
3674 1275 3887 1340 tollere,

2304 1371 2520 1431 propter
2553 1366 2722 1418 ticum
2752 1363 2954 1428 noluit,
2991 1371 3044 1418 et
3075 1363 3260 1417 maluit
3302 1363 3539 1433 quotidie
3571 1365 3885 1433 periclitari,

2301 1468 2458 1523 quam
2494 1453 2636 1522 justa
2664 1452 2812 1508 cazde
2855 1470 2887 1508 a
2920 1463 2997 1508 tot
3037 1453 3297 1509 mortibus
3349 1453 3585 1509 liberari.-
3640 1454 3796 1523 Quod
3846 1455 3892 1508 si

2304 1557 2472 1612 usque
2500 1542 2568 1596 ad
2613 1543 2780 1611 ipsius
2808 1542 2930 1596 vita:
2973 1543 3264 1612 periculum
3320 1543 3659 1598 insidiantem
3707 1543 3892 1598 ulcisci

2301 1644 2463 1703 atque
2487 1633 2668 1689 odisse
2693 1633 2774 1689 fas
2800 1648 2905 1689 non
2933 1645 3017 1690 est
3034 1673 3050 1700 ,
3076 1634 3244 1689 multo
3279 1636 3465 1690 minus
3491 1635 3618 1690 licet
3645 1651 3772 1692 etuu
3803 1636 3898 1705 qui

2302 1724 2593 1794 vulgariter
2617 1725 2774 1790 ltesit,
2806 1724 3010 1780 ulcisci.

2374 1815 2518 1886 Attici
2565 1817 2877 1871 contumeliis
2896 1832 2962 1870 an
2987 1813 3408 1871 silrinlolerabile.
3442 1813 3691 1870 Utiliores
3720 1814 3896 1868 criticis

2305 1910 2500 1964 inimici
2527 1909 2630 1982 (α).
2660 1939 2735 1951 -
2777 1909 3053 1978 Plerisque
3077 1908 3147 1964 ab
3187 1906 3416 1961 inimicis
3439 1906 3578 1961 affici
3608 1906 3896 1969 conviciis,

2304 2009 2395 2054 aut
2423 2000 2488 2054 in.
2503 1999 2861 2068 suspicionem
2883 1997 3098 2062 adduci,
3127 1995 3336 2051 videtur
3356 1995 3605 2050 omnibus
3630 1995 3899 2050 mortibus

2307 2090 2712 2147 intolerabilius.
2734 2092 2847 2160 Age
2871 2089 3092 2159 igituret
3116 2087 3254 2143 istud
3274 2087 3661 2158 expendamus.
3688 2085 3898 2156 Aliquis

2311 2183 2402 2237 tibi
2427 2181 2737 2246 maledixit,
2765 2179 3065 2235 adulterum
3109 2187 3544 2234 ac-sourtatorem
3569 2174 3899 2246 appellavit?

2308 2271 2422 2326 Hoc
2462 2271 2506 2326 si
2545 2286 2670 2326 vere
2711 2271 2860 2334 dicit,
2896 2271 3104 2340 corrige
3133 2285 3147 2322 ε
3189 2269 3271 2322 sin
3299 2268 3434 2322 falso
3454 2308 3471 2335 ,
3502 2267 3703 2328 irride;
3735 2266 3780 2319 si
3804 2265 3896 2319 tibi

2309 2361 2426 2431 ipse
2453 2361 2700 2416 conscius
2725 2375 2784 2417 es
2813 2375 2999 2416 eorum
3020 2375 3138 2430 qum
3153 2359 3499 2429 objiciuntur,
3536 2356 3792 2428 resipiscc
3812 2373 3827 2418 ;
3851 2358 3895 2411 si

2310 2465 2414 2507 non
2439 2462 2542 2515 est,
2568 2451 2783 2519 despice
2813 2468 2827 2503 :
2871 2451 2980 2506 imo
3015 2450 3191 2519 potius
3221 2465 3327 2504 non
3364 2449 3536 2503 solum
3569 2463 3679 2501 non
3711 2447 3897 2502 deride

2309 2557 2373 2599 ac
2392 2534 2617 2613 neglige,
2648 2557 2834 2598 verum
2858 2543 3019 2599 etiam
3060 2541 3234 2612 gaude
3269 2551 3430 2612 atque
3466 2539 3684 2595 exsuita
3706 2553 3895 2594 secun-

2312 2633 2439 2688 dum
2472 2631 2679 2687 Domini
2727 2647 3066 2698 sermonem,
3119 2633 3210 2702 qui
3261 2645 3361 2688 nos
3396 2630 3549 2701 jubet
3595 2631 3668 2684 ita
3700 2629 3896 2684 facere.

2311 2725 2459 2789 Cum,
2492 2723 3098 2794 inquit,esprobrauerint
3113 2722 3270 2789 vobis,
3290 2732 3337 2776 et
3362 2721 3582 2776 dixerint
3601 2737 3771 2774 omne.
3786 2735 3898 2772 nta-

2311 2814 2416 2868 lum
2441 2813 2935 2869 subumladuersum
2961 2827 3055 2866 uos
3069 2812 3384 2876 mentiattes,
3411 2811 3626 2882 gaudete
3651 2819 3702 2863 et
3729 2810 3900 2863 exsul-

2312 2917 2434 2972 tate,
2453 2907 2694 2979 quoniam
2721 2921 2908 2961 merces
2932 2913 3096 2959 vestra
3124 2903 3330 2973 capiosc
3353 2912 3426 2958 est
3441 2903 3502 2956 in
3525 2902 3667 2956 catis
3689 2900 3902 2971 (Matth.

2315 2997 2370 3053 5.
2402 2999 2488 3053 ll.
2517 2996 2645 3068 12).
2699 3001 2779 3052 Ac
2823 3009 3071 3062 rursum,
3120 2992 3347 3049 Gaudete
3393 3002 3441 3048 et
3477 2992 3761 3057 ἀπώσει,
3791 3007 3907 3043 cum

2314 3091 2552 3160 eiecerint
2600 3106 2780 3145 nomen
2823 3096 3045 3144 vestrum
3072 3098 3330 3157 tamquam
3377 3085 3571 3138 malum
3610 3084 3913 3138 mentientes

2317 3179 2489 3252 (Luc.
2520 3179 2578 3237 6.
2607 3180 2698 3235 22.
2728 3179 2800 3236 35
2819 3177 2861 3252 ).
2893 3179 3158 3235 Caeterum
3197 3178 3292 3233 ubi
3331 3176 3664 3233 conviciator
3689 3174 3910 3247 quidem

2317 3285 2444 3326 vera
2463 3270 2692 3334 dixerit,
2719 3278 2778 3325 tu
2824 3285 2950 3326 vero
2988 3269 3231 3325 modeste
3269 3267 3558 3338 pertuleris
3602 3281 3668 3321 ea
3701 3265 3865 3321 verba
3889 3306 3907 3331 ,

2319 3375 2426 3416 non
2455 3375 2711 3432 regereris
2731 3362 3109 3416 contumeliam
3134 3401 3149 3428 ,
3175 3375 3348 3431 neque
3368 3359 3609 3415 convicia
3637 3358 3907 3424 referens,

2318 3451 2414 3506 sed
2463 3465 2648 3506 amaro
2693 3451 3016 3522 iugemueris
3060 3450 3320 3506 damnans
3368 3461 3464 3506 tua
3495 3448 3693 3504 delicta
3718 3489 3734 3513 ,
3767 3447 3909 3502 haud

2319 3544 2582 3599 minorem
2624 3540 2770 3597 feres
2801 3540 3106 3596 mercedem
3129 3580 3148 3605 ,
3187 3555 3349 3610 quam
3393 3540 3484 3596 ille
3530 3539 3721 3609 prior:
3750 3537 3913 3608 idque

2321 3635 2474 3691 vobis
2491 3649 2524 3691 e
2549 3633 2842 3705 Scripturis
2859 3632 3157 3704 approbare
3177 3631 3414 3688 conabor
3428 3671 3444 3698 ,
3475 3631 3551 3685 uti
3579 3629 3918 3700 pernoscatis

2322 3737 2430 3778 non
2454 3731 2656 3778 tantum
2683 3721 2921 3778 utilitatis
2939 3722 3132 3777 alierre
3155 3722 3358 3776 amicos
3372 3721 3503 3776 dum
3529 3719 3748 3774 laudant
3766 3729 3822 3774 et
3844 3719 3911 3774 ad

2323 3814 2551 3884 gratiam
2597 3813 2893 3883 loquuntur
2912 3853 2928 3880 ,
2959 3822 3213 3883 quantum
3257 3811 3497 3867 utilitatis
3525 3809 3781 3866 adferunt
3811 3810 3913 3865 iui-

2325 3905 2448 3960 mici
2468 3905 2839 3976 vituperando,
2863 3905 3074 3961 etiamsi
3100 3918 3226 3959 vem
3247 3902 3503 3967 dixerint.
3535 3903 3614 3958 sic
3644 3911 3828 3957 tamen
3857 3908 3916 3956 ut

2327 4011 2424 4052 nos
2465 3996 2894 4051 accusationibus
2938 3995 3147 4050 illorum
3192 3992 3369 4058 adid,
3398 3991 3466 4047 sd
3491 3991 3632 4062 quod
3661 3999 3912 4061 oportet,

2328 4087 2400 4140 uti
2431 4087 2674 4142 velimus.
2707 4085 2839 4141 Nam
2867 4085 3026 4141 amici
3055 4083 3364 4155 frequenter
3403 4082 3471 4139 ad
3513 4081 3744 4153 gratiam
3775 4081 3915 4136 adu.

2325 4177 2538 4244 lantur;
2566 4186 2762 4233 contra
2800 4175 2980 4234 hostes
3015 4176 3208 4232 delicta
3241 4175 3604 4248 proferunt-in
3651 4174 3916 4230 medium.

2326 4267 2585 4333 Quoniam
2615 4282 2738 4343 cum
2773 4281 2872 4323 nos
2920 4274 3113 4322 nostra.
3143 4274 3361 4336 peccata
3385 4279 3496 4320 tuon
3540 4264 3823 4320 videamus
3849 4263 3921 4318 ob

2329 4373 2566 4414 amorem
2591 4358 2762 4413 nostri
2789 4357 2944 4413 nobis
2964 4355 3203 4422 insitum,
3229 4355 3463 4424 illi,quia
3486 4365 3706 4425 propter
3731 4354 3918 4410 odium

2331 4462 2396 4503 es
2425 4447 2616 4503 melius
2640 4462 2799 4519 quam
2819 4461 2919 4503 nos
2937 4446 3290 4517 perspiciunt,
3313 4443 3692 4516 exprobrando
3723 4458 3826 4500 nos
3851 4443 3920 4498 ad

2332 4538 2682 4595 correctionis
2708 4539 3078 4594 necessitatem
3117 4536 3438 4606 impellunt:
3465 4544 3520 4589 ut
3569 4535 3785 4590 illorum
3817 4534 3920 4590 ini-

2329 4629 2530 4685 micitia
2558 4628 2712 4684 nobis
2736 4627 2895 4684 cedat
2911 4627 2980 4683 ad
3006 4626 3291 4682 maximam
3319 4625 3626 4691 utilitatem,
3655 4637 3765 4679 non
3798 4623 3923 4680 ideo

2332 4726 2540 4774 tantum
2588 4715 2736 4790 quod
2760 4731 2856 4788 per
2898 4716 3020 4772 illos
3057 4713 3316 4770 admoniti
3357 4713 3705 4784 intelligimus
3741 4721 3922 4768 errata

2332 4818 2544 4874 nostra,
2565 4808 2661 4864 sed
2689 4807 2833 4878 quod
2869 4821 2934 4862 ea
2961 4804 3282 4875 deponimus
3309 4818 3542 4874 quoque.
3581 4801 3713 4858 Nam
3740 4802 3789 4858 si
3821 4801 3927 4857 ini-

2333 4898 2503 4955 micus
2532 4897 2934 4968 exprobraverit
2959 4897 3051 4952 tibi
3074 4896 3300 4961 crinitas,
3328 4894 3482 4963 cujus
3525 4892 3623 4947 tibi
3670 4891 3926 4948 conscius

2330 5004 2414 5054 es,
2444 4998 2498 5046 tu
2522 5004 2650 5046 vero
2673 4989 2901 5045 audiens
2925 5002 3035 5043 non
3062 4985 3383 5043 convieieris
3407 4984 3485 5039 illi
3519 4983 3760 5038 vicissim
3785 5023 3804 5047 ,
3823 4981 3923 5038 ted

2332 5097 2453 5137 cum
2484 5095 2669 5137 amaro
2687 5081 2892 5152 gemitu
2921 5079 3090 5134 Deum
3117 5076 3401 5148 implumes,
3431 5073 3676 5144 protinus
3702 5086 3926 5128 onlnem

2332 5175 2546 5244 culpam
2581 5171 2899 5243 deposuisti.
2929 5169 3082 5238 Rogo
3109 5166 3240 5238 quid
3271 5169 3374 5222 boc
3412 5179 3534 5222 esse
3571 5163 3772 5232 poterit
3801 5161 3925 5218 foli-

2334 5264 2489 5322 cius?
2507 5263 2635 5334 quid
2661 5261 2731 5318 ad
2767 5261 3052 5318 criminum
3078 5257 3421 5314 abolitionem
3453 5251 3702 5310 facilius!
3725 5249 3834 5308 Sed
3856 5265 3928 5307 ne

2338 5357 2618 5414 videamur
2663 5368 2764 5411 nos
2799 5351 2979 5409 verbis
3025 5349 3273 5406 humanis
3341 5346 3621 5410 excitare,
3647 5356 3683 5398 a
3727 5342 3928 5398 divinis

2339 5448 2628 5519 Scripturis
2655 5459 2816 5516 super
2843 5442 2946 5499 hac
2970 5456 3032 5498 re
3059 5441 3392 5513 proferemus
3419 5433 3785 5490 testimotuum
3805 5473 3823 5499 ,
3855 5447 3928 5488 ne

2337 5541 2464 5614 quid
2491 5551 2747 5613 praterea
2761 5536 2990 5593 dubites.
3014 5533 3314 5592 Pbsrismus
3329 5541 3388 5585 et
3410 5526 3731 5599 publicanus
3746 5533 3924 5590 erant,

2339 5648 2568 5706 quorum
2587 5631 2676 5687 hic
2702 5628 2917 5703 quidem
2939 5625 3011 5683 sd
3035 5637 3298 5683 summam
3324 5631 3643 5693 mus
3669 5626 3928 5675 eratma-

2336 5764 2480 5880 milg:
2510 5761 2634 5816 Vide
2665 5758 2917 5814 Plutarch.
2944 5756 3032 5810 lib.
3067 5753 3151 5810 De
3175 5751 3398 5809 utilitate
3433 5746 3679 5816 apio-da
3719 5758 3787 5799 ex
3832 5744 3930 5800 ial-
