4152 6486
304 396 402 457 νοι

293 511 486 578 litiam,
511 509 647 567 alter
671 524 937 567 summam
973 509 1260 567 exercebat
1289 511 1571 581 justitiam,
1603 520 1661 564 ut
1686 510 1776 579 qni
1817 508 1896 565 la-

292 602 524 659 cnltates
553 618 677 659 suas
697 613 979 674 erogaret,
1011 604 1332 672 assidueque
1355 604 1645 673 jejunaret,
1676 618 1838 671 purus
1864 616 1893 655 a

292 693 547 763 rapinis:
582 703 768 748 contra
803 695 939 748 alter
991 694 1041 748 in
1082 694 1285 764 rapinis
1337 708 1401 748 ac
1447 694 1717 748 violentiis
1769 696 1893 747 vita:

298 791 512 852 tempus
537 798 695 839 omne
734 795 1158 855 consumpserat.
1209 786 1381 840 Ambo
1427 787 1788 840 ascenderunt
1842 786 1892 841 in

296 874 554 943 templum
600 875 789 929 orandi
836 876 1026 945 gratia.
1070 874 1159 929 Ille
1196 885 1345 930 stans
1392 874 1649 931 dicebat:
1691 875 1894 931 Gratias

290 980 390 1034 ago
414 964 502 1017 tibi
527 1006 540 1029 ,
568 964 805 1031 Domine,
838 968 1077 1035 quoniam
1106 984 1206 1019 non
1228 985 1339 1021 sum
1368 968 1497 1021 sicut
1522 968 1694 1021 exteri
1725 970 1891 1021 homi-

291 1070 401 1121 nes,
431 1072 643 1125 rapaces
663 1099 678 1123 ,
708 1058 850 1109 avari
870 1100 885 1123 ,
910 1072 1070 1126 neque
1099 1056 1234 1110 velut
1276 1057 1356 1110 hic
1385 1056 1686 1127 publicanus
1714 1058 1731 1125 (
1760 1058 1887 1112 Luc.

291 1147 383 1203 {8.
417 1148 504 1202 ll.
530 1148 598 1202 l2
621 1147 664 1219 ).
689 1150 759 1203 At
801 1148 1116 1219 publicanus
1147 1150 1330 1219 procul
1358 1159 1504 1204 stans
1534 1166 1638 1203 non
1669 1152 1891 1220 regessit

293 1238 677 1293 contumeliam
706 1281 722 1306 ,
772 1254 947 1308 neque
978 1239 1210 1294 vicissim
1263 1239 1396 1294 dixit
1428 1239 1751 1305 convicium,
1783 1257 1887 1297 non

292 1330 518 1401 protulit
568 1330 667 1386 ista
708 1330 945 1401 vulgaria
985 1331 1149 1386 verba
1178 1332 1369 1386 :Tune
1407 1332 1572 1388 audes
1603 1348 1737 1389 mem
1766 1335 1890 1389 vita:

287 1423 621 1479 mentionem
648 1422 824 1479 facere
850 1438 1075 1494 meaque
1095 1424 1228 1478 facta
1247 1424 1642 1494 reprehendere
1659 1427 1887 1481 ?Annun

287 1528 410 1569 sum
457 1524 511 1569 te
553 1517 782 1571 melior?
822 1516 1073 1571 Referam
1122 1526 1211 1571 tua
1258 1527 1471 1587 peccata
1498 1558 1511 1583 ,
1542 1518 1771 1585 faxoque
1821 1536 1889 1576 ne

290 1621 543 1676 umquam
580 1608 631 1661 in
682 1607 795 1663 lucc
821 1623 972 1665 sacra
1007 1610 1337 1664 conscendas
1383 1610 1539 1664 atria.
1588 1610 1772 1677 Nihil,
1804 1613 1887 1667 in-

286 1715 473 1769 quam,
510 1701 807 1757 istiusmodi
856 1701 1170 1772 frigidorum
1212 1703 1496 1759 verborum
1526 1705 1777 1775 loquutus
1804 1715 1887 1761 est

288 1793 628 1863 publicanus,
662 1792 855 1863 quibus
887 1796 1086 1849 utimur
1116 1796 1353 1865 quotidie
1382 1812 1480 1852 nos
1522 1808 1711 1853 mutuo
1738 1814 1889 1854 con—

290 1884 444 1938 viciis
468 1895 844 1955 aspergentes;
891 1886 985 1941 sed
1031 1902 1215 1943 atriare
1272 1889 1549 1957 suspirans
1592 1902 1886 1962 pectusque

285 1976 615 2046 percutiens,
647 1976 748 2033 hoc
774 1986 977 2033 tantum
1005 1978 1163 2045 dixit,
1201 1978 1462 2050 Propitius
1485 1990 1586 2036 esto
1622 1984 1746 2038 mihi
1764 2002 1883 2055 pec-

282 2067 448 2120 caturi
469 2068 487 2137 (
511 2067 594 2121 lb.
628 2083 675 2121 υ.
711 2069 779 2123 l3
805 2069 845 2139 ),
877 2079 933 2124 et
965 2070 1241 2125 descendit
1262 2070 1607 2139 justiﬁcatus.

354 2152 622 2207 Accusatio
642 2154 722 2208 sui
750 2154 808 2222 ﬁt
836 2156 1063 2210 remissio
1081 2156 1328 2211 criminis.
1355 2156 1440 2211 Ne
1460 2159 1659 2211 daemon
1680 2159 1883 2226 quidem

280 2260 375 2298 nos
417 2245 484 2297 ad
537 2244 666 2299 iram
696 2246 949 2300 concitare
987 2256 1165 2315 potest.
1196 2278 1269 2288 —
1312 2247 1473 2303 Vides
1511 2250 1879 2305 celeritatem?

277 2339 489 2406 accepit
531 2338 806 2407 probrum,
838 2347 892 2393 et
934 2338 1103 2392 abluit
1153 2339 1443 2409 probrum;
1498 2342 1719 2411 agnovit
1746 2356 1874 2411 pec-

276 2436 435 2493 cata,
477 2437 531 2483 et
569 2428 813 2498 deposuit
853 2438 1114 2499 peccata:
1166 2440 1220 2485 et
1272 2431 1556 2486 criminum
1602 2434 1875 2489 accusatio

278 2517 415 2572 facta
447 2528 528 2573 est
560 2517 632 2573 illi
663 2518 946 2575 criminum
990 2522 1237 2577 remissio
1260 2562 1274 2587 ,
1324 2532 1379 2577 et
1430 2522 1598 2578 hostis
1644 2524 1880 2581 insciens

276 2607 454 2664 factus
500 2620 581 2664 est
610 2610 901 2667 beneficus.
945 2612 1087 2680 Quot
1126 2613 1337 2669 labores
1390 2626 1544 2669 erant
1594 2618 1877 2685 publicano

273 2700 540 2755 subeundi
573 2743 587 2767 ,
615 2702 905 2773 jejunando
930 2746 945 2770 ,
978 2704 1128 2758 humi
1175 2706 1492 2762 dormienth
1517 2748 1533 2773 ,
1578 2705 1871 2778 vigilando,

274 2794 414 2850 bona
444 2810 540 2851 sua
572 2796 751 2865 egenis
782 2798 1157 2868 imparticndo,
1192 2798 1349 2867 longo
1382 2810 1620 2871 tempore
1644 2802 1695 2855 in
1717 2817 1875 2857 sacco

272 2896 327 2942 cl
354 2888 537 2942 cinere
565 2887 802 2943 sedendo
823 2930 837 2952 ,
869 2897 928 2943 ut
960 2890 1048 2943 illa
1098 2899 1203 2944 tam
1245 2890 1409 2944 multa
1442 2903 1658 2959 peccata
1691 2901 1875 2961 posset

272 2978 599 3049 deponere?
622 2982 689 3035 At
718 2996 857 3036 nunc
892 2997 1013 3037 cum
1059 2982 1192 3036 nihil
1228 2984 1330 3038 tale
1388 2984 1574 3039 fecerit
1597 3028 1609 3049 ,
1642 2987 1873 3056 simplici

271 3071 437 3127 verbo
468 3088 681 3127 omnem
712 3073 961 3143 deposuit
1006 3076 1345 3146 iniquitatem
1372 3096 1383 3131 :
1418 3094 1480 3132 ac
1514 3080 1709 3148 probra
1739 3095 1869 3134 Cott-

271 3161 515 3231 viciaque
544 3163 834 3229 Pharisaei,
866 3165 953 3233 qui
1018 3166 1296 3220 videbatur
1345 3168 1495 3222 illum
1547 3173 1871 3226 contumelia

269 3253 517 3319 allicere,
548 3256 621 3310 illi
648 3267 972 3326 pepererunt
1002 3257 1224 3328 justitize
1253 3276 1531 3326 coronam,
1563 3262 1721 3332 idque
1754 3265 1871 3319 sine

269 3348 557 3405 sudoribus
583 3390 597 3413 ,
638 3350 756 3405 sine
787 3350 1060 3405 laboribus
1081 3394 1094 3415 ,
1130 3361 1181 3405 et
1207 3352 1409 3423 absque
1437 3354 1578 3425 longi
1612 3358 1870 3425 temporis

271 3455 446 3494 mora.
478 3439 712 3495 Videsne
742 3455 861 3506 nos,
910 3442 1117 3496 etiamsi
1151 3443 1269 3511 quis
1308 3458 1430 3499 vera
1454 3445 1521 3499 de
1549 3446 1702 3499 nobis
1732 3462 1869 3514 pra:-

268 3529 433 3594 dicet,
466 3544 694 3599 quarunt
725 3545 823 3585 nos
852 3531 952 3602 ipsi
976 3533 1129 3587 nobis
1150 3536 1352 3588 conscii
1382 3535 1569 3600 simus,
1604 3537 1702 3591 ista
1739 3553 1868 3593 vero

270 3621 655 3691 prmdicantem
686 3636 791 3675 non
820 3623 1056 3677 vicissim
1083 3625 1503 3694 impertierimus
1535 3628 1830 3684 maledictis
1850 3670 1866 3696 ,

269 3712 366 3769 sed
398 3728 581 3768 amare
606 3714 1041 3784 ingemiscentes,
1078 3717 1241 3772 Deum
1280 3733 1379 3787 pro
1421 3719 1633 3775 delictis
1666 3723 1867 3776 n05tris

269 3804 754 3873 imploraverimus,
778 3808 955 3861 omnia
987 3819 1201 3877 peccata
1228 3809 1499 3879 deponere
1534 3814 1729 3881 posse?
1755 3813 1870 3869 Iloc

268 3906 426 3965 pacto
453 3905 506 3951 et
554 3896 640 3951 hic
668 3896 994 3965 justilicatus
1035 3911 1117 3955 est
1150 3919 1163 3956 :
1207 3904 1458 3973 quoniam
1488 3905 1629 3958 enim
1681 3906 1869 3961 Phari-

268 4004 437 4043 sa'um
483 4004 592 4043 non
638 3990 782 4044 ultus
811 4000 895 4045 est
926 3992 1205 4060 conviciis,
1235 3994 1329 4048 sed
1358 4009 1459 4062 pro
1491 3997 1604 4050 suis
1633 3998 1866 4065 peccatis

272 4079 551 4149 Ingemuit,
582 4079 866 4137 descendit
889 4082 1218 4151 justiticatus
1245 4100 1355 4155 prae
1390 4087 1503 4141 illo.

345 4171 398 4226 5.
436 4169 597 4227 Vides
620 4182 874 4241 quantum
916 4174 1103 4229 atl‘erat
1131 4176 1370 4231 utilitatis
1402 4178 1736 4233 inimicorum
1768 4196 1864 4235 ex-

269 4261 544 4333 probratio
568 4303 584 4329 ,
626 4263 672 4317 si
714 4263 876 4319 modo
923 4278 1041 4321 eam
1088 4266 1459 4339 philosOphieo
1487 4268 1866 4337 pertulerimus

267 4356 493 4415 animo?
522 4359 676 4427 Quod
697 4361 742 4415 si
772 4370 827 4417 et
862 4362 1186 4418 mentientes
1211 4372 1266 4417 et
1302 4379 1427 4419 vera
1460 4364 1739 4435 loquentes
1764 4382 1864 4421 no-

268 4451 355 4507 bis
383 4460 608 4521 prosunt
635 4493 647 4518 ,
678 4452 1025 4522 quamobrem
1054 4454 1332 4510 dolemus?
1361 4472 1522 4523 quam
1550 4458 1617 4513 ob
1647 4473 1863 4514 causam

268 4544 519 4599 urimur?
561 4544 623 4599 Ni
656 4546 881 4615 teipsum
910 4546 1133 4612 laeseris,
1162 4563 1195 4602 o
1224 4548 1407 4614 homo,
1435 4565 1611 4620 neque
1634 4552 1861 4619 amicus,

268 4649 444 4705 neque
470 4635 717 4691 inimicus
743 4677 758 4701 ,
804 4650 871 4690 ne
900 4636 1015 4705 ipse
1058 4638 1270 4708 quidem
1317 4639 1562 4695 diabolus
1590 4643 1784 4711 poterit
1814 4654 1865 4699 te

268 4727 488 4783 lzedere.
544 4727 756 4784 Etenim
810 4744 931 4783 eum
962 4737 1018 4784 et
1068 4731 1104 4785 ii
1133 4731 1223 4800 qni
1255 4747 1353 4787 nos
1378 4735 1717 4790 contumeliis
1746 4735 1864 4789 am-

264 4818 437 4883 ciunt,
464 4820 554 4889 qui
588 4820 890 4885 traducunt,
914 4821 1004 4891 qui
1030 4836 1200 4892 usque
1226 4822 1292 4877 ad
1324 4824 1486 4893 ipsius
1509 4826 1636 4879 vitre
1664 4825 1861 4881 discri-

265 4924 394 4965 men
423 4910 777 4980 insidiantur,
813 4912 1097 4968 utilitatem
1125 4912 1349 4969 aderant
1374 4956 1388 4979 ,
1418 4924 1471 4969 et
1499 4915 1588 4971 alii
1621 4918 1863 4991 martyrii

265 5014 524 5057 coronam
557 5002 710 5057 nabis
760 5004 993 5071 plectant
1016 5044 1031 5068 ,
1060 5014 1118 5058 ut
1145 5004 1510 5072 ostendimus,
1539 5006 1631 5062 alii
1677 5023 1864 5065 rursus

265 5094 393 5151 dum
442 5105 659 5164 peccata
704 5095 859 5152 nobis
884 5096 1248 5166 exprobrant,
1276 5112 1377 5153 nos
1412 5098 1585 5168 justos
1611 5098 1860 5171 reddant,

264 5188 723 5260 quemadmodum
750 5190 942 5245 accidit
967 5190 1018 5245 in
1051 5190 1331 5259 publicano
1349 5231 1363 5254 ,
1393 5206 1489 5246 cur
1519 5192 1571 5247 in
1598 5192 1715 5248 illos
1735 5192 1864 5251 elle-

268 5282 441 5336 rimur
465 5290 519 5336 et
544 5280 992 5336 excandescimus
1013 5280 1039 5333 ἲ
1072 5281 1149 5336 Ne
1178 5280 1469 5337 dixerimus
1512 5283 1689 5354 itaque
1725 5300 1738 5336 :
1772 5285 1863 5341 Ille

267 5389 357 5429 me
384 5374 640 5430 atrociter
686 5373 949 5441 irritavit,
983 5374 1075 5430 ille
1103 5390 1187 5429 me
1232 5376 1462 5445 perpulit
1500 5416 1515 5443 ,
1545 5386 1601 5430 ut
1626 5374 1861 5431 dicerem

266 5465 550 5522 inhonesta
603 5467 763 5524 verba
830 5482 846 5520 :
906 5481 1004 5522 nos
1060 5467 1253 5538 ubique
1307 5469 1493 5524 talium
1562 5484 1721 5525 causa
1774 5486 1863 5525 su-

267 5574 408 5614 mus.
424 5557 556 5613 Nam
585 5557 631 5613 si
656 5559 882 5615 velimus
906 5558 1296 5629 philosophari,
1318 5575 1385 5615 ne
1410 5560 1618 5615 damon
1645 5560 1861 5631 quidem

268 5654 464 5723 poterit
505 5667 603 5709 nos
633 5652 699 5707 ad
722 5654 853 5708 iram
898 5653 1173 5709 concitare
1205 5668 1221 5709 :
1249 5652 1406 5723 idque
1451 5653 1617 5723 liquet
1646 5662 1753 5708 tum
1795 5670 1863 5711 ex

268 5745 387 5802 aliis
407 5746 786 5818 compluribus,
808 5756 919 5802 tum
946 5760 1012 5802 ex
1034 5744 1135 5801 hac
1164 5744 1275 5817 ipsa
1302 5761 1421 5816 qua:
1442 5762 1583 5802 nunc
1609 5746 1661 5801 in
1692 5748 1863 5803 mani-

270 5841 367 5899 bus
388 5848 470 5898 est
494 5838 716 5896 historia
744 5839 809 5897 de
832 5837 1053 5907 Davide,
1079 5853 1240 5911 quam
1266 5850 1446 5909 opera:
1476 5837 1703 5909 pretium
1734 5839 1853 5896 iue-

1333 394 1420 451 DE
1452 393 1706 449 DAVIDE
1748 391 1834 449 ΕΤ
1874 390 2098 449 SAULE
2136 390 2412 449 llOBllLlA
2459 390 2543 449 ιιι.

3496 401 3606 460 Ἰίῒλ

2011 508 2080 563 rit
2106 515 2159 563 et
2191 508 2351 564 hodie
2384 510 2435 563 in
2458 508 2692 565 medium
2712 508 2923 575 an‘erre,
2956 512 3001 566 si
3025 511 3174 581 prius
3202 514 3474 573 caritatem
3506 534 3602 576 τοι

2006 611 2173 654 stram
2198 601 2662 669 admonuerimus,
2693 603 2912 657 ubinam
2945 620 3115 676 nuper
3138 608 3608 669 terminaveritnus

2002 692 2341 747 concionem.
2376 692 2477 748 Ubi
2525 693 2683 764 igitur
2708 709 2825 749 eam
2871 697 3319 754 terminavimus?
3350 701 3402 755 In
3428 718 3602 757 excu-

2000 782 2205 837 satione
2232 782 2465 838 Davidis.
2500 783 2733 839 Proinde
2780 800 3002 842 necesse
3030 799 3113 843 est
3135 831 3148 853 ,
3178 802 3229 844 ut
3266 792 3425 848 hodie
3453 796 3604 849 νοΙιίς

2000 870 2176 926 Saulis
2208 874 2369 928 verba
2426 874 2722 930 referamus
2746 918 2761 942 ,
2794 893 2903 947 quo
2945 879 3222 936 videamus
3253 882 3377 951 quid
3408 884 3495 939 hie
3535 889 3601 941 ad

1994 962 2345 1031 iustissimam
2396 964 2534 1020 illius
2560 969 2960 1024 excusationem
3008 974 3363 1041 responderit.
3418 974 3604 1046 Neque

1998 1056 2139 1109 enim
2166 1071 2197 1110 e
2220 1058 2394 1111 verbis
2425 1068 2625 1113 tantum
2654 1077 2773 1130 qua:
2802 1062 2966 1117 David
2992 1064 3241 1134 loquutus
3264 1078 3343 1121 est
3370 1109 3382 1132 ,
3418 1086 3602 1125 verum

1998 1148 2158 1201 etiam
2189 1163 2219 1203 e
2257 1148 2434 1205 Saulis
2470 1151 2714 1206 oratione
2736 1192 2753 1218 ,
2785 1152 3001 1210 Davidis
3029 1156 3279 1211 virtutem
3311 1161 3603 1231 poi-spicie-

1995 1252 2115 1291 mns
2143 1256 2156 1290 :
2188 1252 2310 1294 nam
2340 1241 2385 1295 si
2424 1239 2552 1296 Saul
2586 1242 2786 1311 aliquid
2837 1244 3047 1314 placide
3097 1261 3483 1321 mansaeteque
3511 1268 3602 1309 m-

1993 1327 2309 1396 Sponderit,
2355 1330 2514 1399 hujus
2570 1346 2789 1387 causam
2829 1334 3012 1390 Davidi
3060 1336 3464 1407 imputahimus,
3499 1344 3593 1413 qui

1995 1416 2289 1475 immutarit
2308 1419 2607 1489 hominem,
2642 1425 2839 1499 quique
2885 1427 3172 1497 erudierit,
3203 1440 3257 1485 et
3298 1432 3364 1485 ad
3396 1434 3603 1491 sobrie-

1996 1516 2157 1563 tatem
2197 1514 2561 1583 composuerit
2604 1515 2745 1569 illius
2796 1517 3058 1572 animum.
3115 1520 3251 1587 Quid
3312 1522 3472 1592 igitur
3524 1526 3603 1583 si:

1991 1597 2163 1655 Sauli
2194 1600 2546 1674 Posteaquam
2600 1606 2844 1661 audierat
2884 1608 3047 1663 David
3087 1610 3435 1682 loquentem,
3465 1613 3601 1673 Ecce

1986 1688 2179 1743 lacinia
2199 1692 2483 1765 chlamydis
2509 1704 2612 1749 ture
2637 1696 2688 1749 in
2720 1714 2875 1751 manu
2904 1701 3054 1769 mca(
3108 1704 3157 1756 l.
3189 1701 3319 1774 Reg.
3356 1705 3449 1761 21.
3480 1708 3597 1778 15),

1986 1780 2203 1850 aliaque
2228 1794 2421 1840 cuncta
2462 1801 2582 1856 qu:e
2630 1788 2682 1841 in
2726 1791 3130 1846 excusationem
3183 1797 3401 1851 attulit:
3447 1796 3595 1868 Vox,

1990 1871 2184 1942 inquit,
2219 1876 2315 1930 ista
2337 1888 2443 1945 tua,
2475 1880 2555 1947 ﬁli
2583 1879 2757 1935 David
2793 1886 2810 1952 (
2840 1883 2977 1938 Ibid.
3004 1901 3052 1938 υ.
3079 1888 3142 1940 l7
3173 1885 3233 1957 )?
3269 1890 3475 1958 Quanta
3506 1908 3597 1949 suo

1989 1960 2108 2015 bito
2136 1963 2274 2019 facta
2322 1977 2407 2021 est
2456 1971 2719 2025 mutatio!
2768 1973 2866 2040 Qui
2927 1990 3216 2046 numquam
3272 1983 3596 2043 sustinuerat

1988 2052 2139 2107 illum
2164 2055 2244 2110 vel
2272 2059 2504 2129 simplici
2534 2077 2731 2119 vocare
2764 2067 3001 2133 nomine,
3021 2068 3189 2138 ipsam
3216 2074 3378 2128 etiam
3410 2077 3597 2145 appel-

1986 2142 2239 2201 lationem
2262 2147 2465 2204 habens
2485 2166 2886 2221 exosam,nunc
2915 2159 3135 2230 adoptat
3155 2178 3281 2218 eum
3310 2166 3361 2219 in
3389 2142 3594 2238 cogna-

1991 2234 2535 2309 tionem,appe!lans
2580 2260 2702 2299 eum
2754 2246 2943 2302 lilium.
2994 2249 3133 2316 Quid
3184 2254 3342 2323 igitur
3392 2234 3594 2316 Da'vitlo

1988 2325 2198 2383 felicius
2223 2370 2238 2394 ,
2268 2330 2358 2400 qui
2391 2346 2458 2386 ex
2484 2332 2750 2389 homicida
2774 2337 2900 2392 fecit
2928 2349 3158 2408 patrem,
3185 2358 3215 2398 e
3251 2346 3375 2415 lupo
3406 2364 3586 2416 ovem,

1985 2416 2075 2486 qui
2104 2416 2375 2475 fornacem
2396 2423 2693 2480 iracundia:
2710 2428 2879 2483 multo
2906 2430 3145 2501 implevit
3170 2451 3311 2503 rore,
3334 2441 3420 2508 qui
3443 2452 3582 2498 tem-

1985 2518 2244 2578 pestatem
2270 2516 2429 2569 vertit
2480 2516 2533 2571 in
2562 2520 2998 2589 tranquillitatem
3020 2566 3035 2591 ,
3064 2528 3261 2597 quique
3313 2539 3580 2592 tumorem

1982 2614 2195 2658 omnem
2217 2605 2297 2660 ira
2327 2610 2670 2665 cxmstuantis
2698 2614 2861 2668 animi
2893 2619 3182 2675 restinxit?
3207 2624 3344 2680 \‘cxb
3365 2648 3370 2675 ι
3393 2629 3592 2699 quippe

1987 2692 2199 2751 Davidis
2226 2697 2463 2769 ingressa
2498 2700 2549 2755 in
2578 2717 2816 2758 annuum
2846 2706 2997 2762 istius
3015 2709 3241 2779 efferati,
3264 2692 3427 2773 totam
3454 2692 3591 2779 hanc

1984 2785 2324 2854 perfecerunt
2350 2790 2798 2859 immutationem,
2829 2799 2970 2867 quod
3000 2816 3029 2855 e
3073 2802 3249 2859 Saulis
3282 2810 3458 2866 verbis
3484 2812 3588 2869 de-

1980 2878 2283 2947 prehendas
2312 2882 2453 2938 licet.
2484 2884 2668 2956 Neque
2697 2888 2841 2943 enim
2874 2890 3035 2957 dixit,
3066 2894 3358 2955 Sermones
3377 2904 3448 2957 tui
3474 2905 3584 2971 isti,

1981 2972 2055 3024 liii
2088 2972 2252 3026 David
2284 2974 2440 3039 ?scd,
2489 2975 2601 3031 Vox
2630 2988 2716 3033 tua
2762 2982 2879 3047 ista,
2922 2984 3003 3050 [ili
3054 2985 3269 3041 David?
3298 2992 3434 3047 adeo
3462 3012 3589 3053 mox

1979 3064 2043 3116 ad
2076 3066 2241 3133 ipsam
2276 3082 2460 3122 vocem
2492 3069 2731 3125 incaluit.
2761 3072 2832 3127 Et
2860 3078 3310 3144 quemadmolum
3339 3096 3491 3155 pater
3521 3106 3589 3147 ex

1978 3155 2139 3226 longo
2170 3157 2450 3214 intervallo
2476 3163 2653 3217 audita
2689 3164 2781 3220 lilii
2811 3172 3128 3226 revertentis
3159 3190 3291 3231 voce
3320 3221 3332 3243 ,
3383 3197 3488 3235 non
3517 3184 3589 3245 ad,

1976 3257 2325 3317 conspectum
2360 3252 2520 3308 modo
2552 3254 2721 3321 illius,
2774 3264 3125 3317 verumctiam
3159 3268 3223 3320 ad
3273 3269 3441 3339 ipsum
3490 3290 3588 3330 vo-

1976 3355 2093 3393 cem
2124 3343 2394 3398 cxcitatur
2423 3364 2434 3397 :
2468 3346 2545 3401 sic
2574 3358 2627 3402 ct
2677 3349 2825 3417 Sail],
2858 3354 3013 3409 simul
3068 3368 3123 3412 ut
3168 3363 3326 3417 verba
3363 3365 3583 3426 Davldis

1979 3432 2031 3485 in
2064 3435 2299 3489 animum
2330 3438 2565 3509 ingressa
2591 3452 2735 3509 sunt,
2760 3444 2955 3514 abjccit
2983 3448 3339 3523 inimicitiam,
3367 3459 3587 3533 jamque

1975 3535 2217 3578 sanctum
2250 3529 2488 3598 agnovit,
2518 3532 2797 3603 positoque
2824 3536 3017 3593 all'ectu
3040 3583 3053 3605 ,
3085 3550 3288 3615 recepit
3309 3529 3581 3609 atl'ettuin.

1978 3615 2252 3687 Siquidem
2288 3621 2458 3689 posita
2504 3622 2599 3688 ira,
2641 3628 2849 3697 recepit
2878 3636 3317 3703 tranquillimti-m
3361 3654 3413 3697 et
3438 3660 3586 3701 com-

1975 3708 2401 3765 miserationem.
2434 3713 2499 3767 Et
2526 3714 2664 3770 sicut
2694 3720 2948 3787 quamdiu
2982 3740 3083 3777 nox
3112 3728 3267 3783 adest
3299 3774 3311 3796 ,
3345 3748 3487 3805 sa-pc
3514 3754 3585 3795 ne

1976 3808 2297 3865 prlCSClllCll‘l
2326 3802 2540 3871 quidem
2595 3805 2827 3864 amicum
2880 3816 3239 3884 agnoscimus,
3274 3831 3327 3876 at
3370 3802 3495 3881 mox
3527 3839 3585 3886 ιι

1974 3901 2196 3947 exortus
2226 3901 2309 3947 est
2335 3894 2472 3958 dies,
2503 3896 2663 3951 etiam
2692 3901 2904 3958 eminus
2929 3920 3278 3978 conspectum
3329 3920 3579 3986 agnosci-

1974 3997 2094 4037 mus
2124 4002 2137 4036 :
2172 3984 2355 4040 itidem
2377 3996 2429 4039 et
2456 3987 2735 4045 inimicitia
2757 3992 2893 4048 solet
2921 3999 3228 4055 usuvenire.
3265 3984 3447 4063 Donec
3484 4010 3571 4063 in-

1974 4084 2056 4129 ter
2097 4092 2195 4131 nos
2218 4080 2539 4135 malevolum
2574 4084 2812 4153 gerimus
2851 4087 3113 4155 animum,
3142 4107 3244 4147 vox
3274 4095 3452 4153 audita
3481 4116 3580 4155 no-

1971 4166 2053 4221 bis
2082 4166 2239 4223 aliter
2265 4179 2440 4237 sonat,
2465 4182 2519 4228 et
2543 4173 2709 4243 ipsam
2741 4175 2930 4232 faciem
2968 4192 3218 4253 corrupta
3266 4199 3451 4247 mente
3476 4192 3577 4249 ad-

1971 4260 2230 4329 Spicimus
2262 4280 2275 4315 :
2308 4272 2363 4318 at
2392 4264 2482 4319 ubi
2516 4268 2855 4335 posuerimus
2883 4269 3039 4337 iram,
3068 4283 3122 4329 et
3148 4291 3252 4331 vos
3279 4295 3401 4349 qua:
3430 4285 3578 4353 prius

1968 4362 2089 4407 erat
2116 4352 2285 4409 invisa
2308 4366 2469 4426 atque
2510 4356 2743 4423 hostilis,
2775 4360 2985 4428 placida
3016 4363 3169 4421 nobis
3195 4382 3257 4423 ac
3291 4352 3577 4439 jucundis-

1970 4444 2107 4499 sima
2139 4444 2372 4515 videtur,
2404 4455 2458 4503 et
2501 4460 2751 4518 aspectus
2783 4451 2897 4521 ipse
2927 4455 3076 4524 prius
3108 4457 3360 4517 inimicus
3384 4474 3441 4519 et
3485 4466 3574 4522 in-

1963 4534 2236 4607 jucundus
2257 4579 2271 4602 ,
2296 4546 2408 4592 tum
2440 4539 2500 4593 lit
2527 4540 2771 4597 amabilis
2801 4553 2856 4597 et
2872 4543 3162 4613 iucundus.

2045 4627 2099 4684 ϐ.
2131 4625 2223 4682 Ira
2252 4629 2438 4697 soluta,
2470 4631 2620 4698 plane
2657 4632 3000 4703 dignoscinms
3024 4653 3137 4707 qua
3159 4681 3173 4706 ,
3204 4641 3283 4695 ira
3310 4644 3534 4713 fervente
3556 4693 3572 4717 ,

1972 4720 2117 4773 nobis
2154 4735 2257 4773 non
2296 4722 2629 4790 apparebant.
2688 4722 2799 4776 Vox
2838 4722 3053 4781 Doridis
3095 4734 3468 4798 potentissima.
3500 4770 3577 4784 --

1970 4810 2118 4867 Idem
2139 4812 2333 4868 accidit
2363 4814 2415 4869 iu
2446 4822 2785 4885 tempestate.
2823 4816 2937 4872 Non
2966 4820 3165 4887 patitur
3189 4825 3409 4888 nubium
3438 4846 3573 4888 con-

1969 4921 2161 4961 cursus
2200 4907 2354 4962 nobis
2378 4908 2725 4977 conspicuam
2762 4923 2883 4966 esse
2911 4911 3027 4966 caeli
3073 4915 3572 4993 pulchritudinem;

1970 4997 2065 5054 sed
2096 4998 2340 5069 quamvis
2385 4997 2679 5055 habeamus
2721 5000 2910 5057 oculos
2938 5002 3460 5079 perspicacissimos,
3488 5032 3583 5073 ne-

1970 5105 2240 5161 quaquam
2292 5091 2597 5162 pertingere
2650 5105 2934 5160 possumus
2972 5093 3039 5149 ad
3082 5095 3231 5153 illam
3282 5114 3575 5173 supernam

1963 5183 2377 5255 iucunditatem.
2423 5185 2491 5237 At
2534 5184 2625 5240 ubi
2673 5184 2785 5253 jam
2838 5184 3110 5243 radiorum
3162 5191 3328 5259 calor,
3385 5210 3578 5266 perru-

1973 5276 2079 5347 ptis
2105 5292 2168 5332 ac
2212 5275 2468 5331 discussis
2522 5274 2754 5331 nubibus
2803 5278 2972 5331 solem
2998 5280 3260 5346 ostendit,
3289 5300 3475 5342 rursus
3517 5299 3577 5345 ct

1970 5368 2087 5423 caeli
2141 5368 2391 5423 decorem
2446 5368 2701 5423 ostendit.
2754 5367 2897 5423 idem
2943 5369 3136 5425 accidit
3186 5373 3237 5428 in
3293 5376 3447 5432 nobis
3495 5380 3575 5437 ira

1971 5460 2300 5517 ferventibus
2326 5502 2341 5527 ,
2374 5460 2500 5515 dum
2546 5461 2794 5515 simultas
2829 5461 2975 5516 velut
3016 5462 3181 5517 densa
3225 5466 3397 5524 nubes
3444 5479 3573 5528 ante

1970 5549 2155 5612 oculos
2207 5567 2262 5611 et
2311 5570 2469 5611 aures
2521 5564 2665 5623 stat,
2712 5553 2837 5609 facit
2900 5563 2957 5610 ut
3006 5572 3164 5613 voces
3217 5573 3576 5635 aspectusquo

1969 5648 2251 5705 videantur
2296 5647 2449 5703 aliter
2477 5661 2635 5718 quam
2664 5656 2811 5703 sunt.
2847 5646 3045 5703 Verum
3078 5648 3238 5707 simul
3274 5661 3434 5723 atque
3472 5655 3575 5709 ali-

1970 5742 2090 5813 quis
2138 5739 2543 5813 philosophatus
2592 5739 2832 5812 posuerit
2863 5740 3079 5809 odium,
3110 5742 3413 5816 nubemque
3465 5748 3577 5803 dis-

1973 5837 2180 5906 rupcrit
2218 5831 2549 5904 :rgritudinis
2574 5875 2588 5899 ,
2618 5842 2745 5889 tunc
2782 5832 3000 5890 dentom
3042 5835 3349 5907 incorrupta
3390 5848 3572 5895 mente
