4152 6492
618 359 721 421 703

617 485 676 533 et
702 473 918 541 videbit,
939 480 993 530 et
1016 471 1194 527 audiet
1213 468 1390 527 omnia
1415 487 1428 523 :
1453 467 1595 540 quod
1615 477 1668 524 et
1684 467 1806 522 huic
1825 465 1997 522 creuit
2023 463 2192 529 Sauli,

615 567 706 638 qui
737 566 896 621 simul
924 574 1083 634 atque
1109 563 1307 618 nubem
1335 560 1726 617 malevolentia:
1755 558 2015 628 disrupit,
2043 571 2200 625 agno-

617 673 776 712 scena
809 640 990 710 vocem
1022 653 1235 728 Davidis
1257 695 1274 720 ,
1302 653 1415 709 ait:
1458 651 1566 706 Vox
1600 660 1686 706 tua
1723 651 1851 715 ista,
1885 650 1964 720 [iii
1993 650 2198 704 David?

613 749 869 817 Quzenam
914 745 1214 816 Istal'Qum
1239 744 1451 802 Goliath
1498 742 1689 813 deiecit.
1717 783 1734 809 ,
1760 757 1878 812 qua:
1926 743 2192 796 civitatem

615 838 865 905 periculis
890 838 1121 908 eripuit,
1148 851 1267 906 qua:
1293 843 1515 891 cunctos
1541 834 1592 888 in
1622 833 1898 889 servitutis
1916 847 1980 887 ac
2008 831 2194 887 mortis

616 928 856 995 periculo
877 926 1212 992 constitutos,
1238 925 1290 980 in
1317 924 1662 1006 securitatem
1691 930 1746 978 et
1773 923 2071 978 libertatem
2101 936 2192 976 re-

613 1019 825 1086 stituit,
851 1033 970 1088 qua:
1012 1012 1191 1073 Saulis
1229 1016 1462 1071 furorem
1509 1015 1824 1076 sedaverat,
1867 1028 1986 1082 quae
2028 1011 2191 1068 multa

616 1124 911 1179 magnaque
932 1109 1190 1165 beneﬁcia
1215 1107 1269 1162 in
1292 1121 1416 1162 eum
1442 1106 1758 1161 contulerat.
1783 1104 2058 1176 Siquidem
2078 1103 2195 1158 haec

616 1202 900 1256 barbarum
922 1200 1068 1257 illum
1086 1201 1389 1271 prostravit,
1413 1213 1479 1255 eo
1507 1197 1649 1268 quod
1677 1197 1979 1269 priusquam
2011 1195 2190 1250 mitte-

612 1303 694 1347 ret
715 1292 964 1363 lapidem,
983 1307 1104 1347 eum
1136 1291 1457 1365 precationis
1481 1289 1678 1346 robore
1702 1289 1871 1344 fuerat
1891 1301 2187 1358 aggressus.

613 1380 793 1455 Neque
813 1383 955 1438 enim
978 1382 1184 1452 vulgari
1213 1395 1362 1436 more
1387 1380 1610 1453 projecit
1633 1380 1860 1452 lapidem
1878 1418 1896 1445 ,
1917 1378 2011 1432 sed
2042 1377 2189 1448 prius

612 1474 728 1530 ltmc
750 1476 998 1545 loquutus
1019 1515 1036 1540 ,
1059 1471 1138 1527 Tu
1167 1474 1301 1527 venis
1327 1473 1396 1526 ad
1427 1490 1507 1526 me
1547 1473 1600 1526 in
1635 1472 1734 1526 diis
1759 1473 1878 1536 tuis,
1907 1487 1996 1542 ego
2024 1479 2190 1524 autem

613 1565 752 1619 uenio
779 1565 848 1618 ad
874 1574 921 1617 te
946 1565 998 1617 in
1027 1564 1226 1617 nomine
1253 1561 1459 1620 Domini
1489 1561 1736 1631 Sabaoth,
1768 1562 1849 1615 cui
1879 1561 2190 1632 exprobrain

612 1657 759 1711 Ιιοιίὲε
781 1655 858 1727 (l.
892 1654 1020 1727 Reg.
1052 1656 1138 1710 l7.
1171 1653 1259 1724 45)
1290 1690 1305 1720 ,
1337 1654 1513 1709 emisit
1542 1653 1790 1722 lapidem.
1822 1652 1945 1707 [huc
1979 1667 2082 1706 vox
2107 1651 2186 1705 la-

610 1747 784 1817 pidem
827 1747 986 1802 veluti
1031 1762 1192 1801 manu
1235 1745 1387 1800 duxit
1418 1745 1471 1799 in
1497 1742 1706 1798 iioliatb
1734 1783 1750 1810 ,
1779 1743 1894 1798 haec
1937 1756 2186 1812 pavorem

612 1837 850 1898 incussit_
868 1836 1095 1892 barbaro
1116 1879 1129 1902 ,
1155 1837 1269 1892 bzec
1306 1836 1472 1891 hostis
1497 1833 1874 1889 conﬁdentiam
1915 1833 2089 1904 fregit.
2124 1833 2191 1886 Et

609 1930 732 2002 quid
774 1930 1012 1994 miraris,
1040 1930 1081 1983 si
1110 1944 1212 1982 vox
1233 1929 1360 1996 justi
1391 1936 1444 1982 et
1474 1926 1703 1981 furorem
1745 1926 1982 1996 mitigat,
2012 1935 2065 1980 et
2094 1925 2188 1979 lto-

609 2029 716 2076 stes
735 2020 934 2088 dejicit,
955 2035 1073 2075 cum
1101 2020 1290 2089 impios
1317 2034 1526 2089 quoque
1550 2017 1767 2088 spiritus
1791 2017 2056 2086 expellat?
2079 2016 2186 2071 Lo-

611 2110 908 2181 quebantur
953 2119 1156 2165 tantum
1203 2110 1426 2180 apostoli
1451 2146 1468 2176 ,
1500 2119 1552 2163 et
1581 2107 1851 2178 fugiebant
1877 2123 2062 2162 omnes
2089 2107 2187 2162 ad-

612 2199 855 2254 versarizn
898 2207 1207 2268 potestates.
1268 2199 1380 2252 Vox
1433 2208 1738 2251 sanctorum
1787 2196 2096 2266 frequenter
2135 2204 2188 2251 et

606 2291 866 2346 elementa
930 2290 1083 2356 vicit,
1134 2298 1188 2345 ct
1242 2296 1531 2359 potestates
1590 2288 1801 2343 illorum
1865 2288 2180 2343 immutavit.

607 2381 881 2452 Loquutus
921 2390 1002 2438 est
1028 2391 1227 2435 tantum
1266 2378 1422 2436 Iesus
1445 2379 1588 2434 Nave
1607 2419 1621 2446 ,
1645 2377 1758 2435 Stet
1780 2379 1860 2434 sol
1882 2388 1929 2433 et
1955 2378 2076 2433 lana
2097 2419 2112 2443 ,
2134 2386 2189 2434 et

607 2473 784 2537 stetit;
810 2473 886 2527 sic
914 2481 968 2526 et
993 2471 1168 2526 Moses
1191 2485 1336 2526 mare
1363 2471 1631 2540 ingressus
1655 2478 1767 2534 est,
1797 2477 1850 2524 et
1869 2469 2028 2524 cessit
2048 2468 2184 2539 (los.

609 2561 694 2617 lii.
731 2561 1006 2629 i2;Exod.
1038 2561 1123 2617 ii.
1167 2558 1394 2630 3i):sic
1439 2568 1545 2614 tres
1589 2558 1663 2615 illi
1707 2558 1855 2630 pueri
1906 2560 2040 2631 ignis
2079 2560 2186 2614 vim

606 2654 997 2718 exstinxeruut,
1029 2650 1241 2723 hymnis
1267 2650 1368 2706 illis
1406 2652 1516 2705 suis
1545 2664 1608 2704 ac
1635 2664 1766 2705 voce
1800 2649 1958 2721 (Dan.
1982 2647 2060 2719 3).
2095 2649 2186 2704 lti-

606 2743 728 2798 dem
757 2754 811 2797 et
832 2741 955 2798 Saul
981 2741 1047 2797 ad
1077 2739 1317 2797 eamdem
1347 2755 1528 2795 vocem
1557 2739 1790 2805 incaluit,
1822 2739 2003 2795 dicens
2031 2758 2046 2794 :
2078 2738 2190 2794 Vox

609 2845 696 2889 tua
729 2834 857 2900 ista,
885 2833 961 2902 ﬁli
998 2831 1160 2886 Dauid
1177 2833 1204 2886 .’
1229 2831 1363 2898 Quid
1403 2832 1558 2901 igitur
1600 2829 1803 2886 David?
1832 2829 2020 2887 Servus
2047 2840 2185 2898 (ests,

608 2927 809 2981 dontine
832 2928 902 2979 mi
926 2941 1033 2980 rex.
1064 2924 1291 2980 Posthac
1313 2933 1582 2980 certamen
1621 2924 1811 2993 oritur,
1838 2933 1893 2980 et
1916 2925 2187 2981 contentio

608 3029 728 3074 uter
739 3019 966 3073 alterum
991 3016 1192 3087 ntajore
1215 3023 1564 3086 prosequatur
1584 3015 1805 3071 honore.
1831 3015 1954 3072 Salii
1975 3015 2186 3088 quidem

608 3109 675 3165 ad
702 3108 1071 3180 cognationem
1091 3106 1312 3162 adscivit
1336 3123 1350 3162 :
1378 3106 1541 3163 David
1559 3115 1737 3163 autem
1763 3106 2035 3163 dominum
2058 3123 2182 3163 eum

607 3201 858 3275 appellat.
887 3199 1038 3268 Quod
1058 3207 1234 3255 autem
1264 3198 1427 3265 dicit,
1455 3198 1561 3255 tale
1589 3208 1672 3254 est
1697 3215 1710 3253 :
1739 3198 1911 3255 Unum
1937 3241 1954 3264 ,
1985 3200 2186 3270 inquit,

609 3291 737 3347 illud
767 3305 950 3361 qumro
967 3331 984 3356 ,
1011 3291 1234 3345 salutem
1267 3299 1408 3345 tuam
1436 3304 1501 3345 ac
1522 3290 1732 3345 virtutis
1756 3291 2069 3360 profectum.
2095 3290 2188 3346 Fi-

610 3382 738 3448 llqm
786 3395 872 3435 me
913 3379 1228 3449 appellasti,
1255 3379 1384 3434 mihi
1425 3393 1552 3433 vero
1591 3379 1720 3434 satis
1745 3389 1864 3443 est,
1893 3381 1938 3435 si
1979 3395 2064 3436 me
2091 3396 2188 3450 pro

609 3469 807 3525 famulo
837 3468 1065 3533 habeas,
1099 3475 1300 3522 tantum
1332 3476 1388 3522 ut
1408 3469 1538 3523 iram
1563 3482 1731 3539 ponas
1752 3509 1769 3537 ,
1801 3477 2004 3526 tantum
2035 3479 2092 3526 ut
2121 3485 2189 3528 ne

607 3559 734 3632 quid
763 3559 830 3615 de
855 3573 941 3614 me
969 3559 1240 3628 suspicere
1261 3560 1406 3626 mali,
1435 3574 1537 3614 neu
1567 3574 1654 3617 me
1683 3569 1834 3630 putes
1865 3559 2070 3618 hostem
2098 3571 2191 3619 aut

607 3650 989 3706 insidiatorem.
1013 3648 1252 3719 Implevit
1289 3649 1428 3704 illam
1456 3650 1625 3723 legem
1653 3653 1996 3723 apostolicam
2021 3695 2036 3722 ,
2067 3671 2189 3726 qua:

603 3741 774 3812 jubet,
804 3751 862 3795 ut
891 3754 990 3795 nos
1014 3741 1157 3810 ipsos
1183 3741 1454 3797 vincentes
1482 3742 1684 3798 honore
1712 3744 1938 3799 invicem
1981 3760 2188 3815 prave-

608 3834 818 3889 niamus
861 3833 1038 3906 (Rom.
1069 3832 1156 3888 l2.
1203 3833 1325 3904 i0),
1356 3848 1462 3889 non
1503 3836 1794 3892 secundum
1840 3837 2186 3908 plurimorum

607 3937 830 3989 morem,
848 3925 936 3993 qui
965 3923 1113 3993 pejus
1131 3922 1306 3979 affecti
1329 3933 1474 3992 sunt,
1491 3941 1647 3995 quam
1670 3927 1799 3998 ipsa
1821 3927 2074 3997 pecudes,
2096 3929 2187 4000 qui

609 4015 906 4087 proximum
935 4029 1002 4070 ne
1027 4012 1175 4069 aﬂ‘ari
1202 4014 1413 4085 quidem
1453 4018 1658 4090 priores
1686 4020 1970 4087 sustinent,
1999 4020 2188 4075 existi-

607 4115 813 4166 mantes
837 4119 958 4162 sese
983 4107 1299 4164 contumelia
1326 4106 1486 4178 afﬁci,
1517 4116 1572 4165 et
1596 4125 1628 4166 a
1656 4108 1911 4181 dignitate
1935 4110 2111 4182 dejici,
2138 4113 2184 4169 si

607 4211 764 4270 quem
793 4197 875 4254 vei
895 4197 1053 4253 aifatu
1075 4198 1300 4269 simplici
1327 4201 1670 4270 compellent.

680 4285 833 4342 Nihil
877 4287 1018 4342 inani
1061 4287 1226 4360 gloria
1260 4289 1461 4360 turpius
1496 4289 1542 4347 ei
1562 4329 1579 4357 ,
1605 4290 1691 4362 qui
1717 4291 1905 4347 honore
1925 4295 2187 4364 prcoeniri

606 4378 734 4434 vult.
756 4406 828 4420 —
850 4378 985 4449 Quid
1022 4379 1122 4435 ista
1150 4378 1417 4437 dementia
1447 4380 1616 4451 possit
1641 4397 1761 4439 esse
1789 4384 1957 4456 magis
1984 4386 2186 4443 ridicu-

606 4467 753 4525 lum?
772 4469 898 4542 quid
918 4469 1016 4526 hac
1030 4471 1327 4542 arrogantia
1349 4471 1589 4544 fastuque
1605 4473 1830 4532 fmdiusl
1851 4477 2000 4535 Tunc
2018 4479 2184 4546 enim,

609 4569 756 4624 tunc,
784 4560 995 4632 inquam
1012 4600 1027 4629 ,
1051 4577 1080 4616 a
1107 4562 1359 4634 dignitate
1386 4564 1625 4636 dejectus
1650 4583 1730 4634 es,
1758 4583 1791 4624 ο
1821 4569 1981 4629 homo
2007 4613 2024 4641 ,
2057 4580 2187 4632 tunc

611 4649 826 4720 injuria,
841 4659 968 4705 tunc
987 4654 1304 4710 contumelia
1320 4653 1539 4712 affectus
1557 4672 1636 4726 es,
1659 4659 1865 4729 quoties
1885 4651 2182 4735 exspectas,

610 4748 670 4795 ut
693 4741 964 4812 proximus
987 4748 1040 4797 te
1065 4742 1210 4811 prior
1235 4744 1550 4815 alloquetur.
1580 4749 1716 4818 Quid
1744 4754 1888 4813 enim
1927 4769 2187 4827 arrogao~

612 4832 681 4886 tia
706 4830 982 4889 deterius?
1009 4831 1136 4908 quid
1166 4834 1303 4888 fastu
1328 4843 1382 4890 et
1419 4836 1562 4892 inani
1599 4840 1764 4909 gloria
1792 4843 1957 4915 magis
1983 4844 2184 4901 ridicu-

611 4921 759 4979 lum?
780 4921 912 4980 Nam
948 4924 994 4979 si
1019 4923 1166 4999 prior
1189 4926 1507 4997 alloquaris,
1530 4939 1585 4986 ct
1613 4931 1754 4988 Deus
1779 4934 1891 5006 ipse
1917 4937 2183 4995 collauda-

611 5016 709 5085 bit,
733 5015 874 5088 quod
902 5026 985 5072 est
1006 5018 1242 5074 omnium
1269 5019 1555 5076 maximum
1574 5063 1590 5088 ,
1623 5033 1678 5085 et
1703 5025 1945 5088 homines
1969 5031 2186 5102 insuper

608 5107 1029 5179 comprobabunt
1050 5145 1066 5175 ,
1097 5117 1260 5180 tuque
1310 5107 1450 5167 illius
1475 5116 1839 5185 appellationis
1879 5125 2180 5184 mercedem

608 5209 771 5257 totam
797 5200 1044 5272 accipies.
1071 5201 1226 5270 Quod
1249 5203 1294 5259 si
1322 5209 1730 5277 exspectaveris,
1755 5219 1813 5272 ut
1837 5215 1983 5284 prior
2006 5215 2181 5276 hono-

606 5302 774 5361 ratus,
791 5297 904 5358 tum
929 5291 1158 5370 denique
1185 5295 1482 5365 proximum
1504 5297 1752 5368 honores,
1782 5304 1911 5364 nihil
1929 5306 2038 5378 jam
2068 5325 2183 5363 ma-

603 5387 696 5460 gni
720 5383 930 5445 feceris.
955 5384 1086 5445 Nam
1107 5385 1152 5441 is
1176 5387 1316 5450 unde
1340 5387 1554 5453 honoris
1573 5395 1736 5467 coepit
1763 5395 1966 5454 initium
1993 5439 2009 5463 ,
2039 5401 2178 5462 idem

605 5474 758 5532 relati
781 5473 878 5536 abs
905 5483 956 5533 te
981 5473 1199 5533 honoris
1221 5485 1386 5536 totam
1412 5482 1707 5539 mercedem
1732 5495 2047 5558 accepturus
2074 5498 2178 5547 est.

605 5561 836 5626 Proinde
863 5580 930 5628 ne
953 5576 1348 5637 exspectemus,
1377 5578 1438 5626 ut
1460 5571 1550 5627 alii
1584 5574 1789 5644 priores
1815 5577 1970 5635 nobis
2008 5579 2178 5639 hono-

605 5667 721 5715 rem
745 5657 1013 5730 deferam.
1036 5659 1132 5722 sed
1150 5675 1491 5726 occurramus
1513 5665 1581 5721 ad
1606 5667 1962 5731 exhibendum
1991 5677 2177 5747 proxi-

605 5765 698 5811 mo
722 5750 1011 5822 hortorum,
1038 5765 1356 5830 semperque
1383 5769 1412 5812 s
1440 5756 1591 5819 nobis
1615 5759 1816 5822 oriatur
1841 5767 2198 5827 salutationis.

1324 355 1381 412 8.
1419 348 1698 411 JOANNIS
1732 347 2204 408 CHRYSOSTOMI
2242 349 2562 412 ARCHIEP.
2602 355 3134 424 CONSTANTINOP.

3798 377 3893 434 704

2306 469 2554 528 initium:
2609 487 2785 545 neque
2830 487 3080 550 putemus
3116 481 3216 539 hoc
3256 482 3490 542 ofﬁcium
3536 499 3661 544 esse
3707 497 3894 543 conte-

2300 564 2590 620 mnendum
2611 575 2664 622 et
2679 567 2914 640 vulgare,
2932 570 2976 626 si
2996 572 3223 629 libenter
3236 583 3289 629 et
3312 585 3556 632 amanter
3574 576 3892 633 saiutemm.

2296 652 2428 709 Nam
2467 655 2572 714 hoc
2617 661 3036 729 pratermissum
3079 664 3276 721 multas
3317 667 3582 722 amicitias
3623 666 3894 738 disrupit,

2299 745 2494 800 multas
2535 748 2742 818 peperit
2765 748 3066 807 simultates
3089 770 3103 807 :
3123 755 3573 825 quemadmodum
3601 771 3636 812 e
3675 756 3894 812 diverso

2298 834 2436 890 idem
2468 838 2705 893 studiose
2731 840 3049 907 cxhibitum,
3074 853 3290 900 veteres
3315 855 3370 901 et
3394 846 3676 902 diuturnas
3715 847 3893 902 inimi-

2295 925 2447 980 citias
2471 926 2754 994 dissolvit,
2782 939 2837 986 et
2860 932 3120 988 amicitias
3143 935 3350 1004 priores
3388 936 3747 992 confirmavit.
3777 933 3893 993 Noli

2292 1015 2474 1085 igitur,
2505 1017 2798 1084 carissime,
2837 1021 2918 1076 his
2943 1023 2996 1078 in
3024 1024 3184 1080 rebus
3208 1025 3444 1081 studium
3470 1028 3765 1102 negligere;
3799 1027 3891 1084 sed

2293 1106 2338 1159 si
2371 1105 2482 1161 ﬁeri
2511 1115 2719 1176 potest,
2751 1109 2939 1166 obvios
2975 1114 3390 1187 qualescumque
3416 1115 3649 1186 fuerint,
3685 1127 3800 1174 tum
3841 1119 3891 1174 iu

2293 1199 2611 1267 sulutando,
2644 1209 2754 1256 tum
2802 1203 2855 1257 in
2880 1205 3091 1260 caeteris
3114 1207 3364 1263 omnibus
3411 1209 3623 1279 priores
3665 1209 3892 1266 delinia-

2292 1307 2429 1348 mus.
2459 1294 2609 1360 Quod
2639 1295 2686 1350 si
2719 1296 2838 1368 quis
2878 1305 2936 1352 te
2965 1299 3326 1367 pmvenerit,
3355 1301 3615 1371 majorem
3656 1302 3892 1372 repende

2291 1381 2572 1440 honorem.
2598 1384 2729 1442 Nam
2761 1396 2813 1441 et
2851 1389 2952 1441 hoc
2973 1388 3252 1445 admonuit
3280 1391 3500 1457 Paulus,
3527 1394 3601 1448 ita
3626 1392 3888 1462 loquens:

2291 1475 2394 1527 Alii
2416 1476 2544 1528 alios
2571 1476 2709 1530 vobis
2734 1477 2859 1546 ipsis
2887 1480 3170 1548 superiores
3198 1483 3480 1537 existimate
3499 1485 3514 1515 ⁸
3544 1483 3809 1556 (Philipp.
3833 1484 3886 1539 2.

2291 1564 2370 1635 3).
2401 1565 2474 1620 Ita
2519 1563 2642 1620 fecit
2672 1566 2837 1622 David
2861 1609 2875 1632 ,
2901 1568 2991 1638 qui
3020 1579 3074 1624 et
3101 1570 3246 1638 prior
3275 1571 3533 1626 honorem
3575 1572 3801 1637 detulit,
3837 1584 3890 1629 ct

2291 1660 2582 1712 honoratus
2607 1657 2862 1728 majorem
2893 1659 3150 1716 honorem
3173 1663 3432 1732 reposuit,
3458 1663 3677 1719 dicens:
3699 1664 3890 1720 Servus

2289 1755 2424 1812 tuus,
2450 1747 2653 1801 domine
2679 1749 2749 1802 mi
2775 1765 2885 1804 rex.
2911 1750 3042 1806 Vide
3071 1766 3218 1818 vero,
3251 1764 3506 1822 quantum
3531 1753 3724 1809 fecerit
3754 1754 3887 1810 lucn'

2291 1837 2453 1893 David
2494 1840 2609 1895 hmo
2652 1842 2917 1911 loquutus.
2971 1842 3086 1897 Non
3127 1844 3236 1913 jam
3281 1844 3528 1899 sustinuit
3579 1845 3708 1901 Saﬁl
3751 1845 3890 1902 hanc

2287 1943 2471 1984 vocem
2499 1930 2687 1986 audire
2710 1934 2824 1987 sine
2847 1933 3117 2004 lacrymis,
3139 1934 3234 1989 sed
3258 1934 3484 2004 ploravit
3501 1950 3707 2002 amare,
3725 1936 3889 1992 animi

2287 2020 2567 2074 sanitatem
2598 2035 2662 2075 ac
2691 2021 3082 2091 philosophiam
3109 2064 3126 2090 ,
3157 2039 3317 2094 quam
3361 2024 3526 2078 David
3576 2025 3849 2082 inseverat
3871 2065 3884 2092 ,

2288 2109 2534 2181 lacrymis
2557 2112 2858 2168 declarans.

2362 2201 2412 2252 7.
2455 2200 2591 2266 Quid
2635 2215 2754 2256 esse
2797 2203 2965 2272 possit
3019 2203 3122 2258 hoc
3177 2204 3433 2276 propheta
3491 2206 3740 2272 beatius,
3795 2208 3886 2278 qui

2287 2291 2430 2347 brevi
2450 2294 2702 2362 temporis
2720 2303 2989 2349 momento
3007 2294 3088 2352 sic
3103 2296 3310 2352 hostem
3329 2311 3361 2352 a
3382 2296 3563 2354 throre
3581 2299 3650 2354 ad
3676 2299 3887 2356 sobrie-

2288 2391 2451 2437 tatem
2479 2386 2801 2454 composuit,
2824 2396 2877 2441 et
2903 2388 3138 2442 animum
3167 2399 3357 2454 nactus
3391 2392 3672 2462 sanguinis
3695 2408 3762 2447 ac
3783 2409 3887 2448 cm-

2287 2474 2371 2530 dis
2396 2474 2664 2531 sitientem
2687 2517 2702 2544 ,
2730 2488 2951 2546 repente
2972 2479 3040 2535 ad
3072 2480 3300 2535 lamenta
3327 2489 3382 2536 et
3405 2481 3635 2554 ejulatus
3659 2497 3884 2552 compti.

2289 2567 2392 2621 iit?
2421 2567 2536 2622 Non
2561 2569 2781 2638 perinde
2811 2571 2976 2628 miror
3012 2572 3212 2630 Mosem
3235 2575 3376 2644 quod
3396 2589 3428 2631 e
3454 2590 3585 2632 saxo
3614 2587 3887 2648 prterupto

2290 2655 2461 2712 fontes
2483 2658 2664 2714 elicuit
2688 2673 2943 2731 aquarum
2962 2663 3158 2733 (Exod.
3175 2665 3260 2721 i7.
3289 2664 3363 2736 6),
3388 2675 3444 2721 ut
3463 2665 3704 2722 admiror
3727 2667 3884 2722 Davi-

2287 2749 2431 2817 dem,
2458 2751 2601 2822 quod
2627 2767 2692 2808 ex
2715 2755 2884 2810 oculis
2915 2755 3139 2826 lapideis
3159 2756 3334 2814 fontes
3349 2757 3597 2814 eduxerit
3623 2758 3888 2832 lacryma-

2287 2855 2427 2897 nim.
2464 2841 2675 2898 Etenim
2707 2845 2798 2902 ille
2821 2845 3036 2917 quidem
3066 2848 3195 2904 vicit
3237 2859 3516 2920 naturam,
3541 2859 3597 2906 et
3641 2849 3730 2906 hic
3761 2852 3890 2908 vicit

2287 2934 2450 2990 animi
2479 2936 2813 3006 propositum
2846 2955 2861 2993 :
2892 2939 2983 2994 ille
3007 2941 3158 3012 virga
3189 2943 3458 3013 percussit
3496 2943 3730 3015 lapidem
3757 2986 3771 3011 ,
3800 2944 3888 3002 hic

2288 3039 2536 3082 sermone
2566 3029 2768 3098 pepulit
2800 3044 2914 3096 cor,
2943 3045 3052 3086 non
3079 3040 3136 3086 ut
3163 3033 3508 3090 contristaret
3530 3075 3546 3100 ,
3575 3033 3672 3090 sed
3699 3045 3757 3090 ut
3785 3047 3887 3106 pu-

2288 3133 2406 3173 rum
2457 3128 2900 3194 tnansuetumque
2947 3122 3227 3192 redderet;
3271 3125 3412 3196 quod
3453 3125 3614 3182 etiam
3661 3127 3891 3198 perfecit

2290 3210 2494 3280 majore
2519 3210 2778 3267 beneﬁcio
2802 3228 2983 3284 regem
3013 3214 3256 3272 afﬁciens
3279 3232 3438 3289 quam
3469 3227 3629 3274 antea
3657 3217 3883 3277 fecerat.

2291 3298 2388 3354 Est
2401 3299 2615 3372 quidem
2631 3301 2761 3358 illud
2777 3303 2932 3359 laude
2948 3320 3260 3376 summaque
3279 3307 3632 3365 admiratione
3641 3310 3888 3382 dignum,

2288 3393 2428 3463 quod
2453 3408 2638 3450 ensem
2681 3411 2788 3451 non
2830 3397 3048 3454 tinxerit
3089 3401 3350 3472 sanguine
3374 3445 3390 3471 ,
3414 3416 3514 3460 nec
3547 3393 3714 3475 caput
3757 3405 3890 3462 illud

2290 3484 2485 3543 hostile
2513 3489 2808 3545 resecuerit
2831 3505 2845 3543 :
2868 3489 2963 3546 sed
2993 3489 3152 3562 longe
3184 3493 3389 3564 majore
3415 3509 3614 3552 corona
3661 3497 3890 3568 dignum

2288 3585 2421 3644 erat,
2445 3577 2588 3648 quod
2614 3579 2789 3648 ipsum
2813 3579 3014 3635 inimici
3038 3585 3371 3653 propositum
3396 3586 3720 3654 immolavit,
3743 3602 3895 3644 eum-

2288 3681 2392 3739 que
2413 3669 2643 3724 reddidit
2661 3670 2960 3740 meliorem,
2982 3688 3212 3746 eumque
3225 3674 3294 3732 ad
3308 3691 3460 3732 suam
3483 3678 3598 3748 ipse
3619 3683 3892 3737 convertit

2290 3757 2691 3815 humanitatem.
2715 3760 2830 3817 Hoc
2853 3762 3170 3820 beneﬁcium
3197 3766 3288 3821 illo
3310 3768 3649 3838 pmiantius
3663 3779 3769 3825 est.
3787 3770 3894 3827 Nc-

2287 3863 2391 3918 que
2401 3850 2542 3905 enim
2563 3850 2710 3921 paria
2731 3853 3182 3919 sunt,condonare
3195 3855 3427 3928 culpam,
3444 3868 3498 3914 et
3511 3858 3577 3917 ad
3589 3861 3754 3916 animi
3771 3863 3892 3931 pui-

2289 3940 2586 4012 losophiam
2603 3943 2889 4012 adducere;
2912 3961 3020 4001 non
3039 3957 3164 4002 sunt
3179 3949 3346 4019 paria,
3359 3950 3588 4007 liberare
3601 3952 3671 4007 ab
3689 3952 3766 4008 ira
3780 3969 3891 4010 cm-

2287 4031 2408 4087 dem
2422 4033 2668 4102 injustam
2680 4035 2938 4104 spirante,
2953 4036 3229 4094 eximerea
3244 4038 3412 4109 caede,
3424 4047 3478 4094 et
3488 4041 3731 4099 eximere
3752 4059 3784 4098 a
3805 4045 3890 4100 fu-

2285 4137 2409 4178 rore
2438 4123 2504 4178 ad
2534 4133 2737 4179 tantum
2765 4136 3085 4198 properante
3103 4126 3277 4184 nefas.
3301 4127 3435 4185 Dum
3453 4130 3596 4186 enim
3624 4133 3892 4191 satellites

2284 4228 2415 4271 suos
2441 4215 2605 4272 David
2631 4216 2889 4288 cohibuit,
2918 4233 2988 4275 ne
3010 4217 3224 4276 Saulem
3252 4220 3599 4290 occiderent,
3628 4227 3888 4298 presenti

2286 4305 2502 4377 quidem
2529 4309 2653 4363 vita:
2679 4306 2877 4380 profuit
2899 4326 2915 4364 :
2934 4318 2991 4363 at
3014 4323 3135 4369 cum
3166 4301 3384 4368 nimbus
3415 4312 3597 4371 verbis
3622 4317 3890 4374 malitiam

2287 4413 2353 4455 ex
2368 4400 2545 4455 animo
2560 4399 2799 4470 depellit,
2817 4399 3048 4460 futuram
3064 4403 3139 4460 illi
3163 4407 3323 4460 vitam
3338 4413 3646 4478 aeternaque
3665 4408 3891 4479 largitus

2287 4499 2374 4546 est
2396 4491 2557 4560 bona,
2587 4502 2846 4564 quantum
2875 4493 3091 4567 quidem
3120 4504 3239 4554 erat
3273 4496 3327 4552 in
3364 4496 3501 4568 ipso.
3530 4496 3758 4565 Quoties
3788 4499 3891 4572 igi-

2288 4593 2375 4644 tur
2401 4586 2659 4643 Davidem
2684 4586 2871 4645 laudas
2895 4589 2966 4644 ob
2994 4588 3156 4658 ipsius
3182 4591 3646 4647 mansuetudinem
3663 4631 3680 4659 ,
3711 4594 3888 4665 magis

2286 4678 2433 4736 illum
2460 4677 2636 4745 lauda,
2654 4678 2799 4752 quod
2821 4678 3035 4737 Ssiilem
3063 4681 3376 4737 immutuit.
3407 4681 3681 4753 Siquidem
3716 4685 3889 4742 multo

2285 4772 2463 4827 minus
2505 4780 2590 4828 est
2630 4773 2864 4843 propriis
2912 4782 3211 4845 temperare
3251 4773 3632 4845 cupiditatibus
3655 4816 3669 4840 ,
3719 4791 3885 4848 quam

2286 4864 2514 4921 alienum
2546 4867 2761 4921 vincere
2787 4864 3024 4922 furorem
3049 4908 3064 4933 ,
3094 4882 3252 4941 quam
3290 4883 3386 4924 cor
3410 4868 3489 4925 ira
3518 4869 3888 4929 intumescens

2285 4969 2630 5031 compescere
2657 4996 2672 5022 ,
2703 4970 2840 5028 eque
2887 4964 3030 5014 tanta
3075 4965 3392 5030 tempestate
3447 4966 3651 5016 lautam
3705 4959 3888 5020 facere

2287 5046 2722 5118 tranquillitatem
2752 5086 2768 5116 ,
2800 5061 2957 5121 quam
3010 5049 3197 5106 oculos
3250 5049 3595 5107 homicidium
3651 5066 3767 5124 pra
3821 5067 3886 5110 se

2284 5137 2519 5198 ferentes
2547 5139 2735 5195 calidis
2759 5139 2982 5216 implere
3009 5141 3284 5216 lacrymis.
3309 5143 3482 5212 Atque
3508 5141 3613 5199 hoc
3637 5151 3725 5201 est
3762 5153 3884 5199 stu-

2286 5229 2431 5300 poris
2455 5242 2517 5283 ac
2545 5229 2786 5285 miraculi
2815 5231 3053 5303 plenum.
3083 5231 3295 5289 Etenim
3334 5233 3381 5288 si
3403 5231 3531 5289 Salii
3559 5233 3750 5290 fui-et
3783 5233 3881 5292 bo-

2283 5331 2374 5373 mo
2418 5317 2724 5377 moderatus
2750 5329 2806 5376 et
2851 5335 3036 5392 aequus
3057 5363 3074 5390 ,
3096 5336 3206 5380 non
3233 5322 3522 5383 admodum
3560 5326 3740 5398 magni
3763 5335 3882 5385 erat

2283 5409 2482 5480 negotii
2509 5408 2577 5465 ad
2605 5410 2814 5467 solitam
2845 5426 2968 5467 eum
2998 5427 3251 5470 revocare
3281 5414 3534 5472 virtutem
3559 5423 3654 5472 :at
3675 5415 3880 5473 elen-

2283 5507 2394 5555 tum
2423 5507 2481 5556 et
2505 5497 2574 5555 ad
2602 5511 2893 5557 extremam
2919 5513 3229 5573 provectum
3254 5504 3534 5573 malitiam,
3559 5505 3782 5578 jamque
3807 5506 3877 5564 ad

2281 5591 2484 5649 cedem
2512 5603 2888 5662 properantem
2913 5595 3062 5652 brevi
3091 5597 3348 5670 temporis
3375 5608 3654 5655 momento
3677 5599 3758 5656 sic
3791 5599 3874 5657 af-

2345 5723 3873 5803 f_P2.E?EWM:M:AwMW¢-vr

2282 5787 2744 5842 mm“.
