4152 6506
255 457 363 512 703

255 569 581 626 ἀκούσεταιο
635 571 772 641 ὅπερ
818 568 912 624 οὖν
964 569 1059 623 καὶ
1108 571 1138 621 6
1184 569 1356 622 Σαοὺλ
1412 563 1564 630 οὗτος
1618 563 1840 643 ἔπαθεν.

269 654 490 725 Ἐπειδὴ
515 654 626 725 γάρ
656 654 718 706 16
745 654 904 721 νέφος
940 652 1203 724 διερράγη
1240 653 1337 722 τῆς
1375 651 1594 722 ἔχθρας,
1632 648 1846 715 ἐπέγνω

255 736 351 791 τοῦ
377 737 539 791 Δαυῖδ
559 739 659 807 τήν
692 737 895 807 φωνὴν,
920 737 1012 789 καί
1043 753 1229 807 φησιν’
1261 736 1320 790 Ἡ
1336 733 1504 802 φωνή
1530 747 1647 786 σου
1669 731 1842 796 αὕτη,

254 819 475 874 τέκνον
503 819 686 874 Δαυτδ
700 836 719 884 ;
746 819 881 872 Ποία
912 819 1114 886 Αὕτη;
1146 819 1211 870 Ἦ
1247 817 1337 870 τὸν
1362 816 1552 868 Γολιάθ
1587 829 1844 880 κατενεγ-

256 903 449 967 κοῦσα,
483 901 574 956 καί
607 903 706 973 τὴν
731 901 886 955 πόλιν
912 891 1270 974 ἐξαρπάσασα
1300 899 1408 952 τῶν
1443 897 1720 956 κινδύνων.
1752 896 1845 948 καί

256 985 387 1055 περί
416 984 661 1047 δουλείας
696 985 791 1038 καί
821 1002 886 1037 πε
897 986 948 1055 ρί
982 983 1212 1038 θανάτου
1246 981 1650 1042 κινδυνεύοντας
1671 980 1844 1032 ᾶπαν-

253 1084 354 1130 τας
388 1068 480 1120 καὶ
522 1067 658 1138 πρὸς
682 1062 981 1136 ἀσφάλειαν
1011 1066 1104 1118 καὶ
1135 1065 1269 1136 πρὸς
1295 1064 1602 1134 ἐλευθερίαν
1638 1061 1841 1115 ἐπανά-

253 1167 429 1220 γουσα
468 1151 649 1215 πάλιν,
691 1154 722 1220 ή
760 1153 858 1221 τὴν
890 1150 1098 1202 ἐκείνου
1135 1148 1575 1202 καταστέλλουσα
1618 1145 1839 1216 μανίαν,

254 1233 428 1287 πολλά
453 1235 545 1286 καὶ
576 1233 786 1304 μεγάλα
812 1232 974 1286 αὐτὸν
1002 1232 1351 1302 ἐργασαμένη
1379 1230 1540 1284 καλά.
1560 1229 1708 1300 Αὕτη
1734 1228 1841 1299 γὰρ

252 1317 288 1385 ὴ
322 1317 474 1386 φωνὴ
503 1316 591 1369 16v
630 1315 904 1386 βάρϐαρον
951 1318 1158 1368 ἐκεῖνον
1216 1315 1523 1385 κατήνεγκε
1546 1329 1562 1344 ·
1598 1313 1704 1383 πρὸ
1733 1311 1841 1384 γάρ

251 1398 346 1453 τοῦ
373 1398 543 1460 λίθου,
577 1401 610 1468 ή
636 1399 733 1467 τῆς
755 1399 919 1468 εὐχῆς
946 1398 1174 1468 δύναμις
1203 1397 1363 1450 αὐτὸν
1389 1396 1741 1468 ἐχειρώσατο.
1765 1396 1840 1449 Οὑ

251 1481 364 1552 γὰρ
396 1482 580 1545 ἁπλῶς
615 1481 706 1534 τὸν
731 1481 875 1534 λίθον
907 1481 1151 1552 ἔρριψεν,
1180 1480 1317 1534 ἀλλά
1348 1480 1610 1551 πρότερον
1646 1477 1838 1542 εἰπὼν,

251 1563 338 1628 Σὺ
367 1564 514 1632 ἔρχῃ
538 1566 687 1631 πρός
708 1580 786 1632 με
812 1564 884 1616 ἐν
914 1563 1038 1629 τοῖς
1061 1563 1216 1628 θεοῖς
1240 1579 1356 1616 σου
1375 1580 1387 1592 ·
1421 1561 1536 1631 ἐγὼ
1568 1562 1637 1615 δὲ
1673 1561 1842 1630 ἔρχοσ-

246 1663 351 1714 μαι
381 1647 530 1714 πρὸς
561 1648 638 1701 σὲ
665 1647 734 1700 ἐν
760 1648 1004 1714 ὀνόματι
1031 1646 1255 1712 Κυρίου
1285 1645 1548 1710 Σαϐαὼθ,
1583 1645 1656 1699 ὃν
1683 1645 1841 1698 ὠνεί-

249 1729 430 1795 δισας
457 1729 746 1798 σήμερον,
783 1729 955 1792 οὑτως
1001 1728 1203 1797 ἀφῆκε.
1242 1729 1350 1782 Καὶ
1385 1728 1520 1798 αὐτη
1567 1728 1656 1781 τὸν
1694 1727 1839 1781 λίθον

249 1812 753 1883 ἐχειραγώγησενή
800 1812 979 1883 φωνὴ,
1010 1810 1150 1881 αῦτη
1187 1810 1284 1880 τὴν
1327 1810 1567 1878 ἀγωνίαν
1619 1810 1838 1864 ἐνέϐαλε

247 1894 327 1964 τῷ
359 1893 642 1966 βαρϐάρῳ,
681 1894 821 1965 αὐτη
852 1895 913 1948 16
943 1895 1143 1965 θράσος
1179 1893 1400 1963 ἐξέκοψε
1422 1893 1516 1947 τοῦ
1556 1893 1833 1965 πολεμίου.

249 1977 363 2030 Καὶ
397 1977 450 2030 τί
498 1977 800 2047 θαυμάζεις
828 2017 843 2043 ,
884 1979 932 2030 εί
974 1977 1143 2048 θυμὸν
1190 1978 1539 2031 καταστέλλει
1578 1979 1729 2051 φωνὴ
1760 1979 1838 2032 δι-

247 2060 429 2122 καίου,
465 2061 558 2114 κα).
587 2062 879 2131 πολεμίους
906 2060 1181 2131 καθαιρεῖ,
1213 2062 1344 2114 ὅπου
1378 2080 1441 2130 γε
1467 2063 1559 2116 καὶ
1579 2063 1838 2133 δαίμονας

245 2143 571 2209 ἀπελαύνεις
607 2144 964 2212 Ἐφθέγγοντο
985 2143 1115 2212 γοῦν
1139 2144 1300 2213 μόνον
1325 2146 1373 2196 οἱ
1403 2145 1711 2209 ἀπόστολοι,
1743 2147 1838 2200 καὶ

247 2227 421 2278 πᾶσαι
444 2225 802 2297 ἐδραπέτευον
818 2228 874 2280 αἱ
897 2226 1270 2296 ἀντικείμεναι
1292 2226 1564 2298 δυνάμεις.
1599 2229 1660 2280 Ἠ
1685 2228 1837 2301 φωνὴ

244 2307 355 2361 τῶν
379 2308 550 2377 άγίων
580 2311 674 2364 καί
697 2308 768 2362 τά
799 2311 1040 2381 στοιχεῖα
1079 2309 1342 2373 πολλάκις
1365 2311 1583 2381 ἐστησε,
1610 2313 1703 2364 καὶ
1738 2311 1838 2376 τάς

243 2392 525 2462 ἐνεργείας
550 2392 730 2445 αὐτῶν
773 2392 1091 2463 μετέϐαλεν.
1120 2388 1259 2446 Εἴπε
1285 2392 1412 2460 γοῦν
1440 2395 1468 2445 6
1508 2394 1715 2463 Ἰησοῦς
1742 2394 1835 2449 τοῦ

243 2472 405 2544 Ναυῆ
442 2474 623 2544 μόνον,
664 2473 868 2541 Στήτω
912 2475 945 2528 ὁ
997 2475 1173 2543 ἣλιος
1204 2475 1303 2530 καί
1334 2478 1370 2544 ἡ
1415 2476 1692 2547 σελήνη,
1742 2478 1837 2532 καὶ

241 2556 408 2628 ιστη·
446 2557 589 2612 οὖτω
628 2560 723 2612 καὶ
772 2562 800 2612 6
845 2560 1086 2629 Μωῦσῆς
1118 2559 1386 2613 θάλατταν
1438 2561 1668 2631 ἐπέδησε
1692 2602 1708 2627 ,
1743 2563 1836 2614 καὶ

235 2642 448 2713 ἀνῆκεν
469 2661 482 2674 ·
515 2642 688 2708 οὕτως
716 2645 766 2696 οἱ
796 2645 984 2706 ’παῖδες
1014 2646 1062 2696 οί
1094 2645 1246 2714 τρεῖς
1276 2644 1375 2714 τὴν
1417 2644 1697 2715 ἐνέργειαν
1740 2645 1833 2698 τοῦ

243 2726 416 2797 πυρὸς
445 2727 674 2781 ἔσϐεσαν
708 2727 796 2781 διά
847 2727 955 2780 τῶν
986 2726 1173 2798 ῦμνων
1212 2727 1436 2782 ἐκείνων
1484 2729 1577 2781 καί
1608 2729 1696 2782 διὰ
1732 2730 1835 2802 τῆς

242 2810 446 2882 φωνῆς.
477 2811 576 2865 Διά
614 2811 772 2864 τοῦτο
802 2811 898 2864 καὶ
934 2810 1070 2882 πρὸς
1091 2810 1260 2882 αὐτὴν
1282 2810 1380 2881 τὴν
1410 2812 1592 2882 φωνὴν
1616 2813 1833 2884 διαθερ-

244 2890 471 2966 μανθὲἳς
496 2897 524 2948 6
551 2895 723 2950 Σαοὺλ
754 2894 959 2963 ἓλεγεψ
998 2895 1060 2949 Ἡ
1079 2893 1249 2964 φωνή
1277 2911 1395 2949 σου
1418 2896 1592 2964 αὕτη,
1619 2897 1835 2953 τέκνον

238 2975 462 3053 Δαυτιξβ
501 2978 566 3032 Τί
607 2977 737 3045 γοῦν
764 2980 793 3031 6
830 2978 1030 3043 Δαυῖδ;
1062 2979 1288 3045 Δοῦλός
1325 2995 1464 3046 σου,
1512 2980 1678 3049 κύριέ
1712 3000 1832 3053 μου

234 3035 520 3126 βασιλεῦ.
561 3035 800 3131 ’Ᾰμιλλα
830 3035 1125 3114 λοιπὸνκαί
1161 3035 1463 3130 φιλονεικία
1496 3035 1834 3129 γίνεταιζ

238 3143 332 3196 τὸν
369 3143 595 3212 πλησίον
643 3143 905 3214 μειζόνως
950 3145 1193 3216 τιμήσει.
1238 3145 1476 3209 Ἐκεῖνος
1526 3147 1607 3209 εἰς
1645 3149 1834 3218 συγγέ-

237 3243 390 3279 νειαν
420 3228 646 3296 ἢγαγεν,
677 3220 831 3290 0610;
862 3227 1128 3297 δεσπότην
1148 3227 1311 3282 αὐτὸν
1337 3228 1639 3300 ὠνόμασεν.
1681 3232 1746 3284 Ὃ
1777 3231 1832 3284 δὲ

211 3308 408 3376 λέγει,
430 3309 670 3364 τοιοῦτόν
692 3311 860 3365 ἐστιν’
888 3311 990 3365 Ἕν
1013 3308 1160 3382 ζητῶ
1186 3311 1364 3381 μόνον,
1385 3314 1536 3383 φησὶ,
1560 3314 1831 3385 σωτηρίαν

235 3394 340 3465 τὴν
376 3393 496 3464 σὴν,
541 3395 634 3446 κα)⁸
691 3392 789 3465 τὴν
823 3394 1065 3448 ἐπίδοσιν
1107 3394 1206 3466 τῆς
1247 3395 1471 3466 ἀρετῆς.
1522 3397 1725 3450 Τέκνον
1765 3413 1831 3469 με

236 3475 528 3541 ἐκάλεσας,
562 3475 673 3546 ἐγὼ
694 3477 752 3530 δέ
780 3476 980 3546 ἀγαπῶ
1010 3478 1105 3531 καὶ
1133 3478 1365 3549 στέργω,
1408 3478 1558 3553 [778]
1590 3481 1684 3534 ἐὰν
1712 3481 1831 3535 δοῦ-

236 3558 334 3614 λόν
366 3577 436 3630 με
481 3559 630 3632 ἔχῃς,
665 3559 824 3629 μόνον
862 3560 1000 3630 μετά
1025 3559 1122 3613 τοῦ
1165 3560 1466 3616 ἀποθέσθαι
1499 3562 1599 3633 τὴν
1640 3563 1826 3635 ὀργὴν,

238 3641 402 3713 μόνον
425 3643 564 3713 μετά
584 3642 679 3696 τοῦ
713 3643 878 3714 μηδὲν
909 3643 1236 3698 ὑποπτεύειν
1257 3643 1384 3714 περὶ
1407 3644 1542 3715 ἐμοῦ
1571 3648 1826 3716 πονηρὸν,

236 3726 442 3796 καὶμὴ
488 3724 730 3797 νομίζειν
774 3725 1058 3781 ἐπίϐουλον
1090 3721 1231 3780 εἶναι
1269 3728 1363 3780 καὶ
1407 3725 1684 3798 πολέμιον.
1726 3727 1829 3782 Τὸν

232 3806 349 3878 γάρ
401 3807 757 3863 ἀποστολικδν
801 3811 1007 3863 ἐκεῖνον
1063 3809 1304 3881 ἐπλήρου
1360 3811 1558 3880 νόμον,
1604 3811 1694 3864 τὸν
1733 3829 1826 3865 κε-

231 3890 462 3946 λεύοντα
486 3895 552 3963 τῇ
585 3895 720 3964 τιμῇ
753 3892 1017 3964 ἀλλήλους
1050 3894 1431 3964 προηγεῖσθαι,
1464 3894 1828 3965 ὑπερέχοντας

233 3973 446 4029 ἑαυτῶν
470 3991 484 4005 ο
513 3975 573 4028 οὐ
599 3974 851 4048 καθάπερ
876 3975 1080 4041 πολλοὶ,
1109 3976 1469 4048 βοσκημάτων
1496 3976 1827 4049 διακείμενοι

232 4059 440 4130 χεῖρον,
472 4057 592 4110 οὐδέ
634 4062 954 4130 προσειπεῖν
983 4059 1074 4114 τὸν
1109 4059 1338 4131 πλησίον
1373 4060 1658 4131 ἀνέχονται
1701 4063 1827 4135 πρό-

231 4157 425 4212 τεροι,
471 4139 786 4212 νομίζοντες
835 4139 1150 4213 ὑϐρίζεσθαι
1200 4142 1298 4198 καὶ
1337 4141 1724 4210 ἐλαττοῦσθαι,
1776 4147 1826 4198 εί

229 4223 400 4294 ψιλῆς
423 4240 527 4276 τινι
555 4223 833 4293 μεταδοῖεν
846 4214 1244 4297 ’προσρήσεως.

307 4305 373 4359 Τί
397 4305 601 4378 ταύτης
621 4305 723 4376 τῆς
743 4306 932 4371 ἀνοίας
952 4307 1150 4376 γένοιτ’
1173 4309 1240 4362 ἂν
1261 4310 1694 4378 καταγελαστότε
1703 4329 1824 4384 ρον;

231 4389 288 4443 τί
314 4388 411 4442 106
435 4388 607 4459 τύφου
643 4389 833 4444 τούτου
881 4392 974 4445 καὶ
1006 4392 1104 4463 τῆς
1147 4391 1406 4457 ἀπονοίας
1437 4395 1821 4468 αίσχρότερον;

231 4473 371 4526 'lV/cs
386 4528 388 4530 _
402 4471 532 4544 γὰρ,
560 4473 681 4527 τότε
698 4471 1070 4542 ἡλαττόνηκας
1093 4487 1142 4540 ε,
1167 4469 1212 4528 ὦ
1234 4476 1509 4548 ἄνθρωπε,
1531 4481 1651 4533 τότε
1673 4479 1826 4552 ὑϐρί-

233 4556 394 4625 σθης,
427 4555 550 4608 τότε
576 4555 906 4627 ἠτιμάσθης,
943 4557 1070 4611 ὅταν
1106 4554 1409 4633 ἀναμείνῃς
1468 4561 1559 4614 16v
1595 4561 1823 4633 πλησίον

232 4637 506 4710 πρότερόν
535 4653 595 4691 σε
629 4642 966 4712 προσειπεῖν.
1009 4641 1076 4693 Τί
1099 4643 1208 4710 γὰρ
1232 4643 1490 4707 ἀπονοίας
1522 4648 1733 4717 χεῖρον;
1769 4647 1822 4699 τί

229 4722 292 4776 δέ
320 4719 494 4791 τύφου
519 4721 613 4776 καὶ
645 4723 946 4789 κενοδοξίας
982 4725 1546 4798 καταγελαστότερον;
1587 4728 1686 4782 Ἂν
1720 4730 1822 4800 μὲν

229 4804 346 4877 γάρ
375 4805 638 4877 πρότερος
671 4807 994 4882 προσείπῃς,
1023 4809 1119 4862 καὶ
1143 4811 1173 4864 6
1213 4808 1345 4874 Θεὸς
1393 4811 1760 4877 ἐπαινέσεται,
1794 4816 1822 4868 6

231 4889 455 4945 πάντων
481 4889 685 4960 μεῖζον,
711 4891 807 4943 καὶ
832 4891 1108 4964 ἄνθρωποι
1130 4892 1187 4946 δέ
1206 4892 1582 4959 ἀποδέξονται,
1600 4895 1695 4948 καὶ
1721 4897 1823 4968 τῆς

231 4971 452 5055 ἐκεξγοιί
507 4973 868 5044 προσρήσεως
900 4975 965 5029 σὺ
1011 4976 1105 5030 τὸν
1141 4977 1333 5048 μισθὸν
1379 4977 1596 5033 ἅπαντα
1639 4979 1816 5055 λήψῃ·

229 5054 302 5108 ἂν
337 5051 384 5106 δ’
431 5054 731 5128 άναμείνῃς
765 5056 1034 5129 πρότερον
1087 5059 1341 5130 τιμηθεὶς
1391 5061 1535 5114 οὕτω
1566 5051 1817 5133 τιμῆσαι,

230 5136 388 5192 οὐδὲν
414 5136 558 5208 μέγα
589 5140 832 5211 εἰργάσω
870 5139 1078 5195 λοιπόν.
1118 5143 1176 5196 '0
1217 5142 1326 5212 γάρ
1353 5144 1454 5214 τῆς
1487 5146 1566 5210 εἰς
1597 5147 1657 5200 at
1690 5165 1822 5202 κατ-

227 5218 404 5303 άρξας
454 5220 642 5291 τιμῆς,
690 5222 850 5286 αὐτὸς
890 5224 986 5278 καὶ
1037 5224 1139 5294 τῆς
1190 5226 1344 5298 παρὰ
1382 5226 1476 5280 συῦ
1521 5231 1822 5303 γενομένης

231 5303 312 5366 είς
346 5302 510 5388 αὐτὸν
539 5305 834 5375 θεραπείας
863 5307 954 5362 16v
988 5309 1178 5379 μισθὸν
1212 5309 1426 5366 ἅπαντα
1447 5312 1701 5385 λήψεται.
1727 5302 1820 5388 Μὴ

227 5386 593 5471 ἀνα-μένωμεν
616 5389 794 5444 τοίνυν
832 5393 1096 5462 τιμᾶσθαι
1126 5394 1257 5466 παρ’
1278 5397 1480 5469 ἐτέρων
1524 5386 1816 5471 πρότεροιλ

228 5468 348 5523 ἀλλ’
374 5470 751 5543 ἐπιτρέχωμεν
777 5475 897 5537 ταῖς
945 5475 1024 5539 εἰς
1074 5477 1167 5531 τὸν
1211 5468 1434 5549 πλησίον
1480 5468 1821 5552 τιμαῖς,καί

228 5553 338 5638 τῆς
359 5554 717 5638 προσρήσεως
736 5557 826 5610 ἀεὶ
855 5558 1238 5631 κατάρχωμεν,
1271 5563 1367 5617 καὶ
1395 5564 1471 5635 μὴ
1508 5565 1820 5638 νομίζωμεν

228 5635 386 5705 ψιλὸν
410 5631 550 5690 εἶναι
571 5639 666 5691 καὶ
694 5639 909 5704 εὐτελὲς
933 5642 995 5694 16
1021 5643 1356 5716 κατόρθωμα
1381 5631 1645 5718 τοῦτοξτὸ
1665 5631 1820 5720 γενέ-

290 5871 316 5898 ⁸
345 5867 467 5933 "es.
495 5883 623 5920 unus
646 5873 937 5933 ἠλάττωσαι.

553 5974 827 6053 Ρετιιοι.
864 5983 983 6045 (in.
1026 5982 1157 6043 LIV

1257 449 1344 506 DE
1389 445 1656 504 DAVIDE
1699 445 1783 498 ΕΤ
1829 445 2063 498 δΑυιις
2104 444 2391 501 HOMILIA
2429 447 2516 501 ΙΙΙ.

3434 447 3540 502 τοι

1954 561 2077 615 σθαι
2111 564 2523 634 εὐπροσήγορον
2555 564 2648 617 καὶ
2669 563 3156 634 φιλοπροσήγορον.
3179 562 3386 628 Πολλὰς
3410 564 3542 633 γοῦν

1950 645 2131 713 φιλίας
2153 647 2429 716 ἐλλειφθὲν
2447 648 2604 701 τοῦτο
2632 647 2868 716 διέκοψε,
2893 647 3092 710 πολλάς
3116 647 3314 718 ἔχθρας
3347 648 3536 717 εἰργά-

1950 744 2078 782 σατο
2098 743 2110 757 ⁸
2147 731 2430 802 ὡσπεροῦν
2460 731 2597 801 μετὰ
2625 730 2863 799 σπουδῆς
2889 730 3264 802 πληρούμενον
3292 735 3540 803 χρονίους

1949 809 2219 882 πολέμους
2245 814 2527 876 κατέλυσε,
2559 815 2652 868 καί
2671 814 2770 877 τὰς
2801 813 2968 877 οὔσας
3007 814 3187 883 φιλίας
3209 816 3536 884 ἀπέσφιγξε.

1947 893 2038 963 Μὴ
2074 895 2249 949 τοίνυν
2288 897 2517 968 ἀμελῇς,
2559 896 2833 966 ἀγαπητέ,
2871 897 2973 966 τῆς
3006 898 3136 969 περὶ
3167 897 3341 952 ταῦτα
3373 917 3539 954 σπου.

1945 974 2040 1045 δῆς
2059 993 2070 1006 ο
2101 977 2216 1029 ἀλλ’
2242 982 2290 1031 εί
2315 979 2413 1048 μὲν
2436 975 2546 1033 οἷόν
2574 997 2652 1045 τε,
2685 981 2811 1043 τοὺς
2842 982 3215 1047 ἀπαντῶντας,
3245 976 3347 1035 οἷοί
3394 999 3539 1047 τινες

1945 1056 2011 1109 ἂν
2033 1051 2158 1124 ὦσι,
2193 1062 2285 1114 καὶ
2334 1065 2389 1115 ἐν
2425 1067 2544 1127 ταῖς
2577 1065 2933 1134 προσρήσεσι,
2970 1065 3066 1118 καὶ
3106 1066 3163 1118 ἐν
3203 1069 3316 1129 τοῖς
3355 1067 3538 1131 ἄλλοις

1947 1140 2117 1194 ἅπασι
2141 1144 2395 1225 πρότεροι
2422 1146 2939 1218 θεραπεύωμεν.“Αν
2960 1149 3015 1202 δέ
3042 1167 3100 1203 σε
3131 1149 3316 1222 ἕτερος
3329 1150 3534 1225 φθάσῃ,

1948 1224 2170 1293 μείζονα
2195 1223 2454 1292 ἐπίδειξαι
2481 1229 2576 1300 τὴν
2603 1231 2767 1300 τιμὴν
2789 1231 2970 1286 πάλιν.
2991 1233 3100 1286 Καὶ
3123 1233 3231 1305 γάρ
3258 1234 3352 1288 καὶ
3378 1223 3539 1288 τοῦτο

1945 1307 2256 1379 παρῄνεκεν
2312 1312 2340 1363 6
2398 1314 2647 1378 Παῦλος,
2700 1314 2875 1378 οὑτως
2932 1315 3138 1370 εἰπών·
3207 1317 3538 1384 Ἀλλήλους

1942 1389 2187 1460 ἡγεῖσθε
2241 1395 2651 1465 ὑπερέχοντας
2693 1397 2928 1451 ἑαυτῶν
2962 1399 3013 1454 δ.
3063 1398 3252 1464 Οὕτως
3303 1401 3331 1453 6
3373 1401 3538 1455 Δαυῒδ

1943 1474 2188 1545 ἐποίησε,
2222 1478 2315 1530 καὶ
2357 1480 2620 1552 πρότερος
2650 1481 2902 1552 ἐτίμησε,
2952 1485 3046 1537 καὶ
3075 1487 3329 1556 τιμηθεὶς
3372 1489 3536 1541 πάλιν

1946 1558 2206 1628 μειζόνως
2240 1564 2633 1634 ἀντετίμησεν,
2678 1565 2882 1618 εἰπών·
2929 1567 3160 1634 Δοῦλός
3198 1586 3336 1633 σου,
3370 1572 3539 1640 κύριέ

1935 1657 2057 1726 μου
2071 1643 2359 1726 ⁸ϐασιλεῦ.
2379 1647 2488 1698 Καὶ
2509 1648 2610 1716 ὅρα
2631 1649 2753 1701 ὅσον
2772 1651 3069 1720 εἰργάσατο
3086 1652 3296 1723 κέρδος.
3317 1655 3538 1726 Ἐπειδὴ

1941 1722 2049 1795 γάρ
2080 1720 2196 1777 εἷπε
2223 1726 2367 1780 τοῦθ’
2392 1730 2419 1782 6
2455 1729 2635 1794 Δαυῒδ,
2674 1732 2774 1784 οὐκ
2807 1733 3035 1803 ἤνεγκεν
3063 1720 3329 1807 ἀδακρυτὶ
3351 1720 3538 1791 λοιπὸν

1938 1806 2144 1878 ταύτην
2171 1810 2400 1865 ἀκοῦσαι
2425 1811 2522 1883 τὴν
2541 1815 2725 1886 φωνήν
2747 1817 2774 1867 6
2797 1816 2996 1870 Σαούλο
3039 1818 3155 1871 ἀλλ’
3179 1806 3416 1889 ὧλόλυξε
3447 1840 3538 1878 πιε

1942 1891 2093 1976 χρὸν,
2134 1894 2233 1964 τὴν
2269 1897 2478 1964 ὑγίειαν
2517 1899 2616 1968 τὴν
2651 1900 2710 1952 ἐν
2742 1904 2808 1971 τῇ
2849 1901 3019 1972 ψυχῇ,
3054 1904 3150 1957 καὶ
3188 1905 3288 1976 τὴν
3318 1905 3538 1975 φιλοσο-

1942 1975 2198 2061 φίανἎήν
2227 1979 2255 2030 6
2292 1978 2456 2033 Δαυῒδ
2500 1981 2750 2052 ἐνέθηκε,
2796 1983 2884 2036 διὰ
2913 1986 3020 2039 τῶν
3051 1975 3304 2060 δακρύων
3337 1989 3534 2061 δηλῶν.

2013 2057 2065 2113 ι’.
2092 2059 2156 2112 Τί
2181 2062 2376 2128 γένοιτ’
2401 2062 2467 2116 ἂν
2489 2062 2590 2120 τοῦ
2610 2067 2895 2136 Προφήτου
2923 2057 3362 2142 μακαριώτερον,
3380 2057 3440 2138 6;
3478 2075 3537 2128 ἐν

1943 2148 2175 2223 βραχείᾳ
2203 2154 2396 2226 καιροῦ
2426 2157 2568 2228 ῥοπῇ
2595 2155 2737 2211 οὑτω
2760 2157 2850 2210 τὸν
2872 2160 3067 2230 ἐχθρὸν
3099 2164 3532 2236 μετερῤύθμισε,

1940 2242 2033 2294 καὶ
2060 2241 2238 2314 ψυχὴν
2268 2245 2502 2316 αἵματος
2532 2247 2627 2301 καὶ
2678 2252 2895 2319 σφαγῆς
2943 2251 3185 2321 διψῶσαν
3227 2255 3410 2309 λαϐὼν
3454 2259 3536 2322 εἰς

1941 2332 2174 2404 θρήνους
2211 2335 2469 2391 ἐνέϐαλεν
2499 2337 2695 2409 ἀθρόον
2719 2339 2810 2393 καὶ
2842 2340 3216 2414 όλολυγμούς;
3247 2347 3358 2417 Οὐχ
3392 2348 3535 2402 οὑτω

1939 2424 2204 2495 θαυμάζω
2226 2427 2317 2480 τὸν
2341 2429 2567 2494 Μωσέα,
2594 2430 2677 2484 ὅτι
2708 2431 2817 2485 ἀπὸ
2849 2433 3056 2504 πέτρας
3080 2435 3390 2509 ἀκροτόμου
3425 2459 3532 2514 πη-

1938 2519 2042 2586 γάς
2081 2519 2354 2590 ἐξήγαγεν
2373 2521 2606 2586 ὑδάτων,
2632 2522 2708 2586 ὠς
2737 2522 3007 2596 θαυμάζω
3029 2527 3121 2582 τὸν
3147 2530 3328 2596 Δαυῒδ,
3367 2533 3448 2587 ὅτι
3473 2534 3535 2600 ἐξ

1938 2610 2233 2681 ὀφθαλμῶν
2257 2612 2474 2666 λιθίνων
2504 2614 2689 2684 πηγὰς
2721 2617 2962 2688 ἐξήγαγε
2996 2618 3271 2690 δακρύων.
3290 2623 3534 2689 Ἐκεῖνος

1941 2702 2040 2772 μὲν
2076 2701 2186 2773 γὰρ
2230 2703 2330 2774 τὴν
2365 2703 2528 2774 φύσιν
2573 2706 2844 2779 ἐνίκησεν,
2878 2703 3034 2775 οὗτος
3055 2711 3110 2765 δὲ
3142 2713 3241 2785 τῆς
3269 2718 3534 2788 προαιρέ-

1940 2809 2078 2856 σεως
2101 2793 2482 2864 περιεγένετο·
2510 2794 2660 2869 [779]
2695 2799 2902 2864 ἐκεῖνος
2953 2801 3192 2867 ἐπάταξε
3239 2807 3304 2875 τῇ
3348 2807 3533 2879 ῥάϐδῳ

1934 2886 2028 2937 τὸν
2057 2884 2223 2950 λίθον,
2260 2879 2417 2951 οὗτος
2471 2886 2701 2960 ἔκρουσε
2730 2889 2809 2961 τῷ
2843 2892 2987 2963 λόγῳ
3025 2893 3126 2967 τὴν
3153 2896 3408 2968 καρδίαν,
3433 2899 3534 2971 οὐχ

1935 2972 2024 3027 ἴνα
2053 2974 2294 3048 λυπήσῃ,
2329 2976 2445 3030 ἀλλ’
2476 2978 2562 3032 ἵνα
2594 2980 2843 3053 καθαράν
2875 2983 3179 3056 ἐργάσηται
3223 2987 3318 3040 καί
3357 3004 3531 3060 προσ-

1935 3067 2068 3136 ηνῆ⁶
2099 3067 2233 3139 ὅπερ
2285 3065 2379 3122 οῦν
2430 3072 2525 3124 καὶ
2555 3072 2798 3144 ἐποίησε,
2849 3076 3074 3144 μείζονα
3113 3076 3216 3147 τῆς
3255 3080 3534 3154 προτέρας

1936 3156 2258 3227 εὐεργεσίας
2299 3159 2728 3232 ἐπιδειξάμενος.
2790 3162 3046 3219 Ἐπαίνου
3082 3166 3184 3237 μὲν
3231 3167 3384 3234 ἀξιον
3434 3173 3534 3228 καὶ

1938 3249 2197 3318 μεγίστου
2229 3251 2506 3323 θαύματος
2563 3255 2657 3308 καὶ
2711 3255 2774 3308 16
2832 3257 2908 3330 μὴ
2955 3255 3218 3328 βαπτίσαι
3255 3261 3318 3315 τὸ
3353 3262 3530 3333 ξίφος,

1937 3339 2072 3410 μηδέ
2095 3341 2392 3412 ἀποτεμεῖν
2415 3343 2514 3414 τὴν
2536 3344 2801 3416 πολεμίαν
2817 3347 3035 3420 ἐκείνην
3057 3353 3301 3428 κεφαλήν
3315 3368 3331 3384 ⁹
3349 3355 3532 3430 πολλῷ

1933 3429 1990 3483 δέ
2025 3431 2286 3487 πλειόνων
2338 3435 2405 3489 ἂν
2449 3434 2537 3507 εἴη
2579 3439 2862 3508 στεφάνων
2918 3441 2981 3496 16
3031 3444 3126 3498 καὶ
3159 3447 3333 3520 αὐτὴν
3361 3429 3530 3505 αὐτοῦ

1937 3520 2261 3590 μεταϐαλεῖν
2287 3525 2388 3594 τὴν
2419 3527 2761 3599 προαίρεσιν,
2785 3531 2880 3585 καί
2911 3532 3107 3603 βελτίω
3137 3537 3383 3610 ποιῆσαι,
3433 3542 3531 3596 καὶ

1933 3611 2071 3683 πρὸς
2089 3613 2189 3684 τὴν
2217 3614 2425 3671 οἰκείαν
2446 3617 2610 3672 αὐτὸν
2632 3620 2934 3678 ἐπιείκειαν
2960 3627 3288 3696 μεταϐαλεῖν
3305 3641 3354 3684 ε.
3377 3630 3527 3706 Αὕτη

1935 3703 2137 3773 μείζων
2163 3707 2382 3779 ἐκείνης
2409 3712 2444 3780 ἠ
2470 3711 2781 3784 εὐεργεσία.
2809 3717 2884 3770 Οὐ
2919 3719 3028 3790 γάρ
3057 3721 3206 3775 ἐστιν
3242 3721 3357 3779 ἴσον
3384 3703 3532 3796 ζωὴν

1931 3795 2284 3866 χαρίσασθαι,
2309 3799 2401 3854 καὶ
2426 3804 2508 3866 είς
2537 3803 2856 3877 φιλοσοφίαν
2878 3809 3171 3879 ἐναγαγεῖν
3199 3831 3210 3844 ·
3245 3814 3345 3870 οὐκ
3381 3795 3530 3871 ἐστιν

1932 3888 2046 3942 ίσον
2075 3889 2383 3958 ἀπαλλάξαι
2416 3895 2591 3968 θυμοῦ
2628 3901 2884 3966 πνέοντος
2921 3903 3083 3972 φόνον
3111 3905 3319 3972 ἄδικον,
3348 3907 3533 3977 ἐξελέ-

1931 3978 2056 4033 σθαι
2086 3983 2321 4054 σφαγῆς,
2347 3986 2441 4040 καὶ
2456 3986 2734 4054 ἐξελέσθαι
2758 3992 3143 4066 παραπληξίας
3164 3997 3258 4051 ἐπὶ
3273 3997 3530 4053 τοσοῦτον

1928 4068 2220 4144 όδευούσης
2249 4078 2438 4132 κακόν.
2481 4080 2621 4145 Τούς
2645 4084 2745 4152 μέν
2774 4085 2883 4156 γὰρ
2911 4086 3247 4161 δορυφόρους
3277 4091 3527 4160 κωλύσας,

1927 4161 2093 4216 αὐτὸν
2125 4164 2357 4232 ἀνελεῖν,
2393 4169 2536 4224 κατά
2584 4171 2675 4225 τὸν
2709 4174 2954 4246 παρόντα
3005 4177 3123 4248 βίον
3158 4180 3390 4252 ὠφελεῖ·
3427 4163 3530 4257 τὴν

1927 4253 1984 4348 δέ
2013 4258 2279 4348 πονηρίαν
2305 4259 2406 4330 τῆς
2430 4262 2608 4334 ψυχῆς
2630 4265 2876 4322 ἐκϐαλὼν
2899 4269 2989 4325 διά
3005 4274 3107 4343 τῆς
3131 4272 3240 4327 τῶν
3263 4253 3529 4348 ῥημάτων

1927 4344 2252 4410 ἐπιεικείας,
2283 4348 2384 4418 τὴν
2417 4349 2721 4420 μέλλουσαν
2749 4355 2902 4427 αὐτῷ
2938 4358 3084 4430 ζωὴν
3109 4344 3408 4434 ἐχαρίσαντο
3431 4370 3530 4423 καὶ

1924 4434 1995 4488 τά
2020 4436 2252 4509 ἀκίνητα
2278 4440 2481 4508 ἀγαθὰ,
2504 4445 2568 4497 16
2594 4461 2659 4514 γε
2687 4448 2769 4511 εἰς
2797 4448 2962 4504 αὐτὸν
3010 4445 3166 4522 ἧκον.
3221 4454 3390 4513 Ὅταν
3431 4453 3527 4514 οὖν

1926 4527 2090 4581 αὐτὸν
2122 4531 2416 4606 ἐπαινέσῃς
2438 4534 2529 4589 διὰ
2557 4536 2658 4608 τὴν
2690 4540 2899 4595 οἰκείαν
2920 4543 3228 4617 πραότητα,
3261 4547 3528 4618 μειζόνως

1926 4619 2089 4675 αὐτὸν
2119 4621 2401 4692 θαύμασον
2430 4626 2522 4681 διὰ
2561 4628 2661 4701 τήν
2701 4630 2796 4684 τοῦ
2836 4633 3011 4688 Σαοὺλ
3053 4637 3382 4710 μεταϐολήν.
3415 4641 3524 4696 Τοῦ

1925 4711 2036 4783 γὰρ
2057 4713 2165 4767 τῶν
2185 4716 2401 4771 οίκείων
2421 4723 2691 4791 κρατῆσαι
2714 4722 2924 4789 παθῶν,
2957 4726 3092 4782 πολὺ
3123 4729 3288 4785 πλέον
3317 4732 3438 4788 ἐστί
3462 4736 3525 4789 16

1927 4807 2021 4860 καὶ
2049 4807 2147 4877 τῆς
2178 4809 2384 4882 ἐτέρων
2416 4815 2801 4886 περιγενέσθαι
2845 4820 3046 4890 μανίας
3067 4861 3084 4886 ,
3120 4825 3216 4877 καὶ
3249 4827 3524 4899 φλεγμαί-

1926 4913 2122 4953 νουσαν
2155 4901 2508 4956 καταστεῖλαι
2551 4907 2802 4979 καρδίαν,
2833 4910 2929 4964 καὶ
2960 4912 3235 4988 τοσαύτην
3281 4918 3525 4992 γαλήνην

1926 4989 2334 5081 άπδᾲτοσαύτης
2361 4995 2701 5065 ἐργάσασθαι
2738 4998 2930 5072 ζάλης,
2962 5004 3059 5059 καὶ
3086 4989 3521 5081 ὀφθαλμοὺς-φό-

1926 5095 2017 5133 νον
2041 5078 2340 5150 βλέποντας
2367 5083 2619 5156 δακρύων
2640 5088 2922 5161 ἐμπλῆσαι
2954 5091 3198 5164 θερμῶν.
3232 5078 3344 5152 Καὶ
3361 5078 3524 5154 τοῦτό

1924 5171 2093 5238 ἐστιν,
2129 5173 2158 5226 6
2187 5173 2389 5245 πολλῆς
2416 5176 2736 5250 ἐκπλήξεως
2763 5181 2922 5254 γέμει
2946 5186 3038 5239 καὶ
3072 5185 3374 5259 θαύματος.
3409 5192 3524 5246 Καὶ

1924 5263 2034 5336 γάρ
2063 5265 2241 5356 εἰμὲν
2278 5267 2387 5322 τῶν
2418 5271 2679 5356 ἐπιεικῶν
2707 5275 2803 5328 καὶ
2837 5277 3078 5349 μετρίων
3123 5279 3429 5353 ἀνθρώπων
3452 5281 3522 5356 ἦν

1923 5353 1952 5405 6
1978 5354 2172 5421 Σαοὺλ,
2203 5357 2265 5410 οὐ
2300 5355 2531 5431 μέγαῆν
2555 5362 2762 5435 σφόδρα
2788 5364 3164 5438 ἐπαναγαγεῖν
3190 5371 3355 5426 αὐτὸν
3384 5353 3524 5446 πρός

1922 5446 2023 5516 τὴν
2056 5447 2262 5502 οἰκείαν
2295 5451 2500 5522 ἀρετήν
2521 5467 2535 5481 ⁸
2570 5453 2631 5508 16
2664 5454 2709 5508 δ’
2734 5456 3210 5532 ἐκτεθηριωμένον
3237 5464 3333 5518 καὶ
3383 5467 3522 5537 πρὸς

1925 5539 2160 5612 ἐσχάτην
2188 5541 2390 5595 κακίαν
2417 5542 2790 5616 ἐξοκείλαντα,
2821 5550 2915 5604 καὶ
2949 5552 3087 5624 πρὸς
3127 5555 3342 5627 σφαγὴν
3370 5557 3521 5611 ἐπει-

1924 5629 2172 5698 γόμενον,
2206 5632 2264 5684 ἐν
2288 5631 2518 5707 βραχείᾳ
2541 5639 2736 5707 καιροῦ
2781 5642 2922 5714 ῥοπῇ
2955 5646 3380 5716 παρασκευάσαι
3418 5652 3522 5705 πᾶ-

1984 5817 2013 5898 ?
2036 5820 2311 5898 E10§vfiTi
2328 5830 2440 5888 τιμῇ
2464 5825 2698 5898 ἀλλήλους
2715 5835 3020 5897 προηγεῖσθε.
3049 5836 3132 5888 δίο
3154 5849 3298 5898 unus.
3334 5831 3342 5834 6

1987 5883 2008 5913 ε
2040 5881 2160 5944 δ’δ’
2192 5881 2319 5934 “nu-‘5
2338 5881 2637 5951 μεταγαγεῖν.
2685 5881 2697 5888 '
2755 5881 2765 5897 ι
2790 5881 3020 5894 Ἵππην
3050 5881 3212 6024 τ.-ἑί
