4152 6512
306 436 407 491 703

304 552 501 618 ﬁcere,
532 556 591 605 ut
635 560 849 603 omnem
896 546 1041 599 illam
1092 540 1506 595 amaritudinem
1554 537 1895 607 exstinguat,

308 657 460 712 quem
494 655 601 695 non
627 638 879 693 obscuret
904 633 1168 699 omnium,
1201 632 1289 701 qui
1319 646 1572 701 umquam
1599 644 1761 699 super
1791 627 1907 698 phi-

304 731 559 801 losophiae
585 728 827 784 doctrina
853 725 1058 781 clarum
1088 736 1436 794 promeruere
1458 734 1653 775 nomen
1677 720 1700 771 ?

379 820 528 875 Nihil
574 817 884 874 humanitate
926 815 1198 886 potentius.
1249 812 1394 868 Iram
1437 810 1614 865 sedare
1650 811 1704 865 in
1734 820 1906 863 nostra

303 925 391 974 est.
406 897 669 984 potestate.
698 938 770 949 ——
792 910 854 964 Et
886 918 943 964 tu
970 907 1151 979 igitur,
1179 906 1224 961 si
1254 904 1469 976 quando
1500 903 1671 958 hostis
1699 901 1905 957 incide-

306 1005 375 1058 rit
419 1005 472 1057 in
504 1014 694 1059 manus
732 1009 885 1063 tuas.
926 1014 995 1054 ne
1035 996 1164 1053 illud
1213 1005 1393 1066 specta
1419 1037 1433 1061 ,
1460 993 1730 1065 quomodo
1760 992 1905 1048 illum

302 1092 581 1148 ulciscaris
606 1133 621 1158 ,
653 1090 1052 1159 innumerisque
1089 1085 1342 1143 c0nviciis
1368 1100 1715 1157 conspersum
1743 1084 1904 1139 emit-

305 1194 390 1241 tas
416 1227 431 1251 ,
456 1185 550 1242 sed
589 1182 861 1255 quomodo
901 1194 1085 1246 sanes,
1139 1178 1412 1249 quomodo
1457 1177 1523 1232 ad
1564 1177 1910 1234 sobrietatem

301 1277 580 1335 reducas:
626 1290 799 1346 neque
846 1275 993 1345 prius
1043 1272 1274 1328 desistas
1316 1271 1495 1351 omnia
1542 1279 1653 1327 tum
1697 1269 1906 1333 facere,

306 1379 418 1425 tum
460 1370 679 1435 dicere,
724 1367 897 1423 donec
942 1377 1030 1421 tua
1079 1366 1484 1421 mansuetudine
1526 1363 1798 1435 superaris
1842 1363 1907 1417 il-

305 1461 409 1516 lius
457 1460 847 1515 truculentiam.
876 1457 1015 1514 Nihil
1054 1458 1197 1512 enim
1243 1456 1571 1512 humanitate
1616 1456 1905 1526 potentius.

304 1553 461 1622 Quod
526 1552 699 1622 ipsum
765 1550 983 1622 quidam
1040 1549 1365 1614 declaravit,
1426 1548 1613 1634 dicens
1664 1564 1678 1601 :
1726 1546 1910 1603 Sermo

306 1644 475 1698 mollis
519 1642 803 1713 confringet
846 1656 962 1696 ossa
1003 1638 1205 1711 (Prov.
1248 1638 1338 1694 9.5.
1383 1638 1517 1709 15).
1569 1639 1730 1708 Atqui
1782 1637 1909 1708 quid

305 1751 430 1792 osse
455 1735 678 1790 durius?
705 1733 771 1793 Et
814 1743 991 1788 tamen
1021 1733 1066 1787 si
1111 1732 1231 1801 quis
1267 1746 1419 1801 teque
1448 1730 1614 1785 durus
1641 1731 1712 1785 sit
1750 1738 1804 1783 et
1837 1728 1911 1783 rio

306 1827 461 1899 gidus
486 1843 550 1882 ac
579 1824 888 1896 praefractus
907 1864 922 1888 ,
952 1831 1129 1878 tamen
1176 1822 1322 1877 illum
1370 1821 1522 1877 facile
1566 1821 1788 1887 vicerit,
1818 1821 1907 1891 qui

307 1928 586 1975 mansuete
612 1925 820 1973 tractet.
852 1916 928 1970 Ae
953 1929 1158 1981 rursus,
1183 1914 1460 1983 Responsio
1488 1913 1737 1968 submissa
1765 1928 1909 1966 aver-

307 2012 365 2063 tit
393 2010 496 2063 iras
538 2007 721 2078 (Prov.
754 2008 840 2062 15.
868 2007 946 2077 1).
980 2004 1130 2061 Unde
1155 2005 1319 2074 liquet
1342 2015 1399 2058 ut
1428 2004 1599 2059 hostis
1623 2004 1862 2058 irritetur
1889 2046 1904 2070 ,

307 2111 401 2155 aut
427 2099 801 2155 reconcilietur
824 2140 840 2164 ,
872 2096 1041 2167 magis
1071 2097 1123 2151 in
1147 2105 1234 2150 tua
1267 2103 1527 2165 potestate
1554 2109 1676 2150 esse
1698 2135 1716 2162 ,
1748 2110 1906 2164 quam

308 2192 468 2247 illius.
489 2190 603 2245 Non
629 2188 776 2246 enim
797 2189 851 2243 in
878 2189 943 2243 iis
961 2188 1050 2258 qui
1078 2188 1156 2241 ira
1180 2187 1435 2242 commoti
1456 2196 1600 2253 sunt,
1619 2185 1711 2241 sed
1734 2184 1787 2239 in
1806 2199 1907 2240 no-

309 2282 392 2339 bis
420 2283 579 2340 situm
608 2289 711 2349 est,
750 2290 808 2337 ut
835 2280 920 2335 vel
945 2279 1315 2349 exstinguatur
1340 2278 1554 2333 illorum
1584 2279 1684 2344 ira,
1713 2277 1796 2333 vel
1838 2276 1906 2332 ad

305 2374 482 2445 majus
521 2374 756 2429 irritetur
792 2371 1120 2427 incendium.
1153 2371 1220 2425 Et
1267 2370 1368 2425 hoc
1418 2371 1546 2425 item
1595 2370 1683 2440 qui
1728 2368 1905 2440 priora

306 2464 460 2531 dixit,
485 2466 711 2535 simplici
741 2464 1030 2520 declaravit
1056 2462 1321 2532 exemplo.
1347 2461 1495 2517 Sicut
1516 2462 1683 2528 enim,
1708 2462 1903 2532 inquit,

306 2558 353 2615 si
397 2556 640 2613 insufﬂes
668 2557 720 2611 in
770 2556 1053 2611 scintillam
1102 2554 1277 2625 ignis,
1303 2555 1512 2652 excitas
1556 2553 1903 2613 incendium:

243 2674 251 2681 ·
305 2660 491 2705 cutura
516 2690 533 2715 ,
566 2648 611 2703 si
652 2648 871 2718 inspuas
894 2688 908 2710 ,
938 2646 1232 2716 exstinguis
1257 2687 1272 2712 ,
1305 2643 1357 2700 Et
1387 2656 1673 2714 utrumque
1712 2643 1805 2699 tibi
1850 2643 1904 2699 in

306 2754 468 2794 manu
498 2747 580 2794 est
607 2738 882 2810 (quoniam
915 2735 1211 2807 Utrumque,
1246 2735 1439 2805 inquit,
1470 2750 1532 2789 ex
1559 2751 1646 2789 ore
1674 2745 1759 2793 tuo
1780 2750 1907 2805 pro-

305 2833 549 2902 ﬁciscitur
576 2830 762 2904 [Eccli.
784 2830 877 2888 28.
908 2828 1167 2903 14]):sic
1186 2838 1242 2885 et
1272 2829 1324 2885 in
1351 2828 1628 2885 inimicitia
1657 2827 1709 2882 iu
1734 2825 1907 2899 proxi-

305 2939 451 2981 umm
473 2965 487 2989 ,
507 2925 550 2978 si
568 2922 779 2979 inﬂatos
801 2937 863 2977 ac
882 2921 1137 2980 vecordes
1156 2922 1366 2991 ingeras
1384 2934 1683 2984 sermones,
1702 2919 1905 2975 excitus

308 3016 483 3089 ignem
514 3015 656 3071 illius
676 3055 691 3079 ,
723 3012 972 3069 accendis
997 3013 1260 3067 carbones
1286 3030 1297 3064 :
1324 3011 1407 3065 sin
1440 3012 1598 3066 mites
1626 3025 1690 3065 ac
1714 3010 1904 3065 medea

306 3116 453 3163 ratos
501 3106 789 3161 admoveas
832 3118 1109 3163 sermones
1139 3145 1154 3171 ,
1196 3104 1501 3174 priusquam
1551 3101 1904 3171 exardescat,

305 3197 441 3253 iram
467 3212 678 3252 omnem
707 3195 1046 3251 exstinxeris.
1070 3194 1147 3250 Ne
1174 3194 1376 3250 dixeris
1408 3194 1569 3265 igitur
1593 3211 1605 3249 :
1631 3194 1756 3249 Htec
1782 3209 1907 3265 pas-

305 3306 399 3349 sus
424 3304 565 3357 sum,
596 3297 686 3345 aut
710 3291 823 3343 luce
851 3288 1061 3353 audivi,
1086 3302 1207 3343 cum
1236 3287 1349 3342 haec
1372 3287 1553 3343 omnia
1582 3286 1690 3343 sint
1716 3286 1768 3342 in
1816 3294 1905 3341 tua

306 3392 590 3453 potestate.
624 3381 737 3437 Hoc
762 3381 904 3436 enim
935 3389 1092 3451 pacto
1114 3380 1249 3435 iram
1276 3379 1434 3434 veluti
1466 3379 1751 3436 scintillam
1777 3421 1794 3447 ,
1817 3378 1903 3435 vel

305 3472 646 3544 exstinguere
690 3471 773 3526 vel
798 3470 1115 3537 accendere,
1146 3470 1487 3540 furoremque
1513 3470 1597 3526 vel
1630 3470 1864 3529 excitare
1885 3512 1899 3537 ,

306 3567 388 3622 vel
408 3575 593 3622 contra
615 3564 803 3620 sedare
822 3605 837 3629 ,
862 3563 913 3618 in
943 3572 995 3618 te
1023 3563 1184 3619 situm
1202 3571 1305 3618 est.
1333 3560 1463 3617 Cum
1491 3562 1690 3617 videris
1732 3563 1907 3619 inimi-

304 3670 448 3721 cum,
477 3654 561 3711 vel
591 3654 635 3710 si
666 3654 718 3709 in
750 3664 983 3709 mentem
1006 3654 1183 3708 veniat
1208 3668 1367 3723 quam
1389 3652 1553 3707 multa
1584 3661 1694 3706 tum
1723 3652 1909 3708 audie«

303 3750 379 3803 ris
398 3789 414 3815 ,
444 3758 552 3803 tum
598 3762 881 3819 perpessus
919 3747 994 3802 sis
1035 3746 1258 3801 molesta
1283 3787 1303 3814 ,
1336 3745 1419 3802 fac
1444 3746 1683 3801 omnium
1710 3745 1903 3801 horum

304 3841 669 3907 obliviscaris;
693 3841 899 3896 etiamsi
930 3839 1247 3902 recorderis,
1278 3848 1453 3895 tamen
1478 3837 1563 3894 iac
1601 3854 1661 3893 ea
1690 3838 1905 3895 diabolo

306 3932 557 4001 imputes.
580 3932 785 3999 Collige
816 3947 943 3986 vero
978 3932 1021 3985 si
1052 3930 1178 4000 quid
1207 3946 1457 3999 umquam
1490 3929 1794 3985 humaniter
1820 3930 1903 3984 vel

304 4024 437 4079 dixit
468 4024 548 4077 Vt'l
577 4024 716 4079 fecit.
748 4024 801 4080 Si
841 4027 891 4078 in
920 4023 1111 4079 horum
1139 4023 1510 4077 recordatione
1538 4033 1899 4079 commoratus

307 4116 469 4172 lueris
489 4158 504 4182 ,
528 4116 676 4172 ocius
706 4117 972 4171 dissolves
1012 4115 1365 4169 inimicitiam.
1398 4114 1551 4181 Quod
1581 4115 1623 4168 si
1656 4124 1739 4170 cst
1783 4115 1901 4168 ani-

308 4222 427 4262 mus
469 4209 614 4262 illum
656 4208 900 4261 incusare
930 4248 944 4272 ,
994 4221 1223 4275 cumque
1268 4206 1358 4261 illo
1401 4207 1744 4276 expostulare
1775 4224 1786 4259 :
1823 4206 1903 4261 lac

307 4296 451 4366 prius
478 4297 695 4367 alijicias
720 4297 882 4352 animi
919 4306 1120 4351 motum
1142 4338 1155 4362 ,
1182 4297 1421 4368 iramque
1465 4300 1773 4368 exstinguas
1796 4339 1810 4365 ,
1839 4314 1902 4355 ac

308 4399 420 4443 tum
448 4403 567 4442 cum
601 4390 690 4443 illo
714 4390 991 4459 expostula
1017 4431 1032 4456 ,
1064 4399 1173 4443 tum
1201 4404 1397 4459 argue,
1425 4401 1478 4445 et
1518 4390 1673 4447 facile
1704 4393 1902 4462 poteris

311 4481 543 4537 vincere.
590 4480 866 4550 Siquidem
896 4482 971 4535 ira
998 4482 1257 4536 commoti
1290 4482 1420 4537 nihil
1459 4484 1572 4538 sani
1608 4486 1901 4553 poterimus

308 4588 558 4639 umquam
587 4574 668 4627 vel
696 4573 875 4628 dicere
894 4614 907 4637 ,
936 4574 1022 4627 vel
1054 4574 1242 4629 audire
1272 4592 1283 4626 :
1318 4574 1411 4629 sed
1441 4592 1467 4628 a
1503 4577 1900 4644 perturbatione

308 4663 480 4725 liberi,
513 4677 611 4718 nec
643 4664 742 4733 ipsi
772 4663 989 4718 verbum
1019 4666 1262 4730 asperius
1290 4682 1541 4733 umquam
1570 4668 1895 4736 emittemus,

306 4772 403 4811 nec
435 4756 551 4809 aliis
578 4756 771 4810 acerbe
802 4755 1167 4825 loquentibus,
1197 4756 1385 4811 eodem
1416 4759 1575 4811 modo
1600 4760 1895 4814 audiemus.

307 4845 489 4914 Neque
509 4845 650 4899 enim
680 4846 790 4914 ipsa
816 4846 1035 4913 perinde
1064 4857 1249 4900 natura
1276 4862 1464 4901 eorum
1486 4863 1604 4917 qua:
1626 4848 1895 4915 dicuntur,

305 4949 462 5009 atque
506 4940 717 4991 animus
745 4937 867 4991 odio
909 4948 1199 5007 occupatus
1248 4953 1344 4991 nos
1386 4954 1708 5008 exasperare
1738 4943 1894 4995 solet.

305 5027 636 5098 Frequenter
661 5030 801 5082 enim
832 5029 909 5093 iit,
940 5039 996 5082 ut
1020 5045 1140 5083 cum
1168 5030 1353 5085 eadem
1381 5016 1621 5088 convicia
1651 5048 1720 5087 au
1744 5034 1897 5088 iimns

302 5120 371 5176 ab
393 5119 577 5174 amicis
589 5120 893 5188 jocantibus
917 5117 1184 5175 lacetiisve
1206 5122 1530 5189 ludentibus,
1554 5132 1645 5177 aut
1665 5140 1692 5177 ρ
1719 5127 1897 5195 pueris

305 5212 561 5281 parvulis,
586 5226 689 5264 nou
711 5211 886 5265 solum
909 5212 1106 5266 nullam
1136 5213 1432 5268 sentiamus
1454 5214 1777 5280 molestiam,
1804 5232 1896 5271 ne-

301 5317 407 5374 que
428 5316 828 5371 exasperentur,
857 5303 952 5357 sed
979 5303 1249 5358 rideamus
1274 5305 1435 5359 etiam
1457 5345 1473 5371 ,
1505 5314 1664 5375 atque
1690 5307 1895 5362 exhila-

300 5406 609 5457 teuiur,eo
660 5392 799 5461 quod
847 5393 933 5445 illa
995 5408 1101 5446 non
1151 5393 1429 5449 audiamus
1478 5397 1640 5449 animi
1699 5396 1891 5451 all‘cctu

298 5493 790 5553 corrupto,neque
834 5492 1012 5537 mente
1061 5483 1135 5537 ira
1188 5498 1578 5555 prmoceupata.
1608 5486 1797 5542 itidem
1840 5488 1891 5541 in

300 5576 553 5639 inimicis,
578 5576 621 5629 si
651 5575 977 5631 exstinxeris
1008 5578 1161 5641 iram,
1190 5577 1232 5631 si
1265 5578 1447 5632 odium
1479 5579 1724 5649 ejeeeris,
1756 5582 1891 5635 nihil

302 5666 587 5723 verborum
616 5682 734 5737 qua:
758 5667 1004 5722 dicuntur
1033 5679 1082 5723 te
1114 5670 1304 5737 poterit
1335 5670 1628 5725 oﬂ'endere.

373 5758 427 5815 8.
463 5756 679 5831 Dignior
703 5760 939 5830 laci-ginis
959 5760 1046 5830 qui
1061 5761 1185 5830 facit
1206 5762 1685 5831 injuriam.—Quid
1708 5775 1887 5823 autem

305 5849 495 5925 ιοιιιωι·
541 5850 608 5909 dc
660 5852 887 5909 verbis?
924 5852 1003 5909 Ne
1055 5853 1192 5910 facta
1246 5854 1462 5926 quidem
1521 5858 1882 5928 oll‘enderint,

1307 425 1395 480 DE
1441 421 1696 479 DAVIDE
1737 420 1826 477 ΕΤ
1865 415 2092 476 SAULE
2132 415 2418 474 ﬂOMlLIA
2463 416 2548 471 Ill.

3502 413 3615 466 706

2017 530 2472 604 quemadmodum
2514 545 2615 586 nec
2655 532 2865 585 beatum
2908 530 3049 585 hunc
3091 529 3382 600 quidquam
3428 528 3621 592 horum

2016 623 2241 682 offendit
2270 640 2286 682 :
2316 624 2410 679 sed
2451 638 2575 677 cum
2608 622 2814 678 videret
2854 622 3126 693 inimicum
3154 620 3413 676 adversus
3454 620 3623 690 ipsius

2018 715 2440 771 incolumitatem
2474 724 2761 780 armatum,
2790 713 3055 784 bujusque
3085 714 3254 783 gratia
3279 710 3411 766 nihil
3443 712 3621 767 inten-

2018 819 2184 866 tatum
2214 810 2630 881 relinquentem,
2660 823 2764 863 non
2792 808 2966 865 solum
2992 820 3096 873 non
3126 814 3210 862 est
3233 814 3584 875 exasperatus
3603 845 3622 871 ,

2016 917 2204 957 verum
2232 903 2403 973 magis
2448 902 2586 955 illius
2624 899 2854 955 indoluit
2881 899 3038 954 malis
3067 914 3083 953 :
3111 914 3220 969 quo
3247 897 3625 953 vehementius

2013 992 2367 1048 insidiabatur
2393 993 2503 1059 ille,
2527 992 2629 1047 hoc
2658 991 2950 1061 impensius
2970 1006 3094 1046 eum
3116 989 3352 1046 deﬂevit.
3389 989 3627 1045 Noverat

2015 1083 2192 1149 enim,
2225 1093 2486 1150 noverat,
2518 1084 2775 1152 inquam,
2797 1092 2946 1137 certo
2977 1124 2991 1147 ,
3024 1097 3132 1137 non
3154 1097 3277 1138 eum
3304 1081 3396 1153 qui
3422 1081 3624 1153 patitur

2016 1176 2290 1247 injuriam,
2318 1176 2411 1231 sed
2436 1177 2526 1249 qui
2560 1176 2704 1243 facit,
2740 1176 2989 1251 lacrymis
3012 1191 3073 1231 ac
3102 1176 3352 1232 lamentis
3378 1191 3501 1232 esse
3522 1176 3611 1232 di-

2016 1283 2179 1338 gnum
2213 1308 2229 1335 ,
2264 1278 2322 1322 ut
2354 1269 2444 1338 qui
2482 1267 2637 1322 laedat
2663 1268 2921 1338 scipsum.
2956 1267 3081 1326 ideo
3112 1267 3269 1337 longa
3305 1267 3445 1341 apud
3473 1268 3625 1323 illum

2016 1362 2361 1416 excusatione
2391 1369 2474 1415 est
2502 1376 2627 1415 usus
2648 1402 2663 1427 ,
2692 1377 2791 1416 nec.
2816 1361 2961 1429 prius
2988 1359 3225 1430 destitit,
3255 1374 3416 1430 quam
3434 1371 3489 1415 et
3521 1359 3624 1415 ho-

2016 1462 2157 1509 stem
2191 1463 2555 1510 commoveret
2583 1453 2650 1508 ad
2690 1455 3089 1509 excusationem
3118 1467 3241 1508 cum
3284 1454 3536 1523 lacrymis
3561 1467 3627 1509 ac

2019 1549 2291 1605 lamentis.
2336 1548 2691 1617 Posteaquam
2717 1547 2859 1603 enim
2890 1546 3120 1617 ploravit
3150 1558 3447 1616 vocemque
3472 1561 3629 1601 ama-

2016 1654 2132 1693 ram
2174 1638 2353 1695 emisit
2383 1679 2401 1706 ,
2448 1647 2798 1709 posteaquam
2838 1636 2984 1693 clare
3018 1637 3237 1707 ejulavit
3269 1679 3285 1704 ,
3323 1636 3454 1707 quid
3484 1638 3632 1693 dicat

2015 1729 2161 1783 audi.
2182 1728 2382 1784 Iustior
2408 1737 2462 1783 tu
2482 1745 2565 1783 nte
2584 1746 2636 1784 es
2656 1770 2671 1795 ,
2690 1728 2932 1799 quoniam
2947 1740 3000 1783 tu
3020 1729 3143 1783 mihi
3168 1729 3445 1783 retribuisti
3466 1731 3627 1795 bona,

2016 1836 2106 1892 ego
2134 1836 2252 1875 vero
2297 1821 2509 1875 retribui
2555 1821 2644 1875 tibi
2675 1821 2811 1875 mala
2838 1821 2915 1892 (1.
2944 1820 3074 1892 Reg.
3102 1820 3193 1875 24.
3221 1820 3334 1892 18).
3381 1818 3544 1875 Vides
3573 1830 3633 1875 ut

2016 1927 2171 1969 suam
2199 1914 2365 1984 ipsius
2390 1914 2610 1970 damnat
2642 1912 2901 1969 malitiam
2926 1956 2939 1978 ,
2968 1928 3031 1967 ac
3056 1913 3187 1983 justi
3212 1914 3463 1968 virtutem
3487 1930 3625 1985 pra:-

2014 2004 2175 2070 dicat,
2206 2006 2459 2076 nulloque
2478 2013 2704 2075 cogente
2733 2005 2907 2075 ipsum
2936 2003 3163 2075 purgat?
3186 2002 3335 2059 Idem
3358 2013 3412 2059 tu
3443 2004 3623 2059 Leito.

2012 2098 2143 2152 Cum
2175 2098 2347 2153 hostis
2377 2096 2663 2153 oﬂ'enderit
2691 2097 2743 2151 in
2788 2112 2979 2151 manus
3008 2107 3124 2151 tuas
3149 2139 3164 2159 ,
3212 2097 3320 2155 noli
3350 2112 3622 2175 accusare

2014 2187 2185 2249 illum,
2218 2187 2312 2242 sed
2353 2187 2528 2257 ipsum
2580 2202 2769 2258 purga,
2818 2196 2874 2243 ut
2904 2187 3052 2242 illum
3105 2188 3372 2259 pcrpellas
3422 2190 3491 2243 ad
3540 2188 3623 2245 sui

2013 2279 2183 2349 ipsius
2212 2279 2738 2334 condemnationem.
2772 2278 2905 2334 Nam
2943 2279 2987 2335 si
3030 2294 3129 2335 nos
3157 2294 3495 2347 accusemus,
3524 2296 3621 2337 ex-

2017 2381 2333 2441 asperatur:
2361 2371 2443 2426 sin
2484 2385 2584 2426 nos
2609 2371 3069 2437 excusaverimus,
3104 2371 3196 2427 ille
3219 2371 3485 2428 reveritus
3522 2387 3625 2429 uo-

2012 2471 2175 2517 stram
2204 2462 2591 2517 humanitatem
2617 2503 2630 2525 ,
2661 2476 2788 2517 mox
2814 2462 3050 2532 seipSum
3072 2462 3473 2520 condemnabit.
3504 2464 3622 2521 Hoc

2012 2560 2169 2623 pacto
2197 2554 2356 2617 simul
2385 2562 2440 2611 ct
2469 2554 2773 2626 redargutio
2805 2554 2861 2609 lit
2882 2569 3073 2613 carens
3101 2557 3427 2627 suspicione,
3454 2568 3508 2614 et
3531 2559 3624 2617 ille

2010 2658 2227 2703 omnem
2252 2644 2399 2699 exuit
2428 2644 2710 2700 malitiam.
2755 2644 2909 2712 Quod
2941 2653 2996 2701 et
3028 2645 3113 2701 hic
3139 2647 3353 2704 evenit:
3381 2663 3506 2704 cum
3539 2659 3623 2705 ta-

2010 2742 2098 2788 cet
2130 2734 2172 2790 is
2199 2735 2287 2806 qui
2317 2733 2539 2793 aﬂ‘ectus
2577 2745 2692 2791 erat
2718 2735 2911 2806 injuria
2937 2777 2953 2802 ,
2998 2736 3043 2791 is
3073 2737 3164 2812 qui
3195 2736 3401 2795 fecerat
3439 2740 3611 2802 milita

2009 2841 2135 2883 cum
2178 2828 2516 2883 vehementia
2546 2827 2782 2899 seipsum
2812 2838 3050 2889 accusat.
3092 2829 3279 2900 Neque
3307 2832 3451 2887 enim
3482 2834 3618 2893 sim-

2010 2918 2219 2989 pliciter
2246 2918 2400 2985 dixit,
2432 2918 2625 2975 Fecisti
2656 2918 2786 2975 mihi
2816 2921 2977 2987 bona,
3008 2922 3126 2989 sed,
3158 2921 3465 2979 Retribuisti
3494 2926 3621 2979 mihi

2012 3009 2181 3066 bona:
2206 3009 2307 3066 hoc
2335 3020 2437 3077 est,
2468 3010 2575 3067 Pro
2601 3011 2829 3079 insidiis,
2854 3028 2952 3085 pro
2981 3014 3159 3080 cmde,
3194 3029 3291 3084 pro
3322 3016 3478 3071 malis
3508 3016 3617 3073 illis

2013 3102 2312 3159 innumeris
2336 3119 2527 3174 magna
2553 3104 2684 3160 mihi
2708 3107 2997 3177 rependisti
3024 3106 3306 3165 beneficia.
3329 3110 3399 3165 At
3418 3124 3519 3181 ego
3550 3128 3620 3167 ne

2013 3194 2095 3251 sic
2121 3194 2343 3266 quidem
2373 3194 2547 3251 factus
2590 3210 2711 3251 sum
2756 3198 2949 3255 melior
2975 3239 2989 3264 ,
3019 3197 3114 3255 sed
3143 3207 3265 3270 post
3293 3200 3382 3255 illa
3415 3210 3500 3257 tua
3530 3203 3625 3259 be-
3684 3240 3689 3247 -

2011 3285 2223 3343 ueiacta
2244 3288 2584 3358 perseveravi
2614 3288 2666 3343 in
2694 3288 2895 3344 malitia
2931 3306 2945 3342 :
2973 3299 3027 3343 tu
3049 3305 3177 3347 vero
3206 3306 3274 3348 ne
3299 3293 3379 3347 sic
3403 3293 3622 3364 quidem

2009 3394 2069 3436 es
2096 3379 2425 3448 immutatus,
2449 3380 2544 3436 sed
2566 3390 2879 3437 constanter
2904 3390 3053 3437 tuum
3080 3383 3361 3441 obtinuisti
3384 3401 3615 3455 morem,

2011 3486 2110 3527 nos
2150 3473 2342 3527 iterum
2386 3472 2481 3527 tibi
2513 3472 2829 3528 insidiantes
2866 3473 3143 3529 beneﬁciis
3173 3490 3526 3549 prosequens.
3553 3478 3614 3534 In

2012 3562 2162 3617 hisce
2203 3565 2425 3635 singulis
2457 3565 2634 3621 verbis
2659 3607 2673 3627 ,
2715 3575 2845 3636 quot
2891 3567 3106 3621 coronis
3148 3567 3340 3639 dignus
3370 3572 3624 3644 apparuit

2013 3653 2214 3707 David?
2242 3659 2575 3726 Quamquam
2604 3657 2748 3711 enim
2779 3672 2840 3713 os
2876 3657 3052 3713 Saulis
3092 3660 3190 3712 ista
3222 3660 3484 3727 sonabat,
3515 3676 3609 3717 sa.

2012 3743 2207 3814 pientia
2231 3754 2408 3807 tamen
2429 3755 2485 3804 et
2510 3764 2598 3805 ars
2624 3748 2835 3803 Davidis
2860 3764 2920 3803 ca
2950 3749 3000 3801 in
3027 3750 3268 3807 animum
3295 3750 3437 3805 illius
3464 3753 3615 3808 inse-

2012 3845 2182 3891 verat.
2241 3837 2563 3897 Rcuuntiasti
2594 3881 2609 3906 ,
2654 3840 2825 3912 inquit
2854 3881 2870 3907 ,
2912 3839 3038 3896 mihi
3068 3841 3217 3895 hodie
3240 3858 3355 3918 qua
3379 3844 3508 3897 milii
3536 3850 3618 3917 {e-

2009 3928 2135 3981 ceris
2184 3930 2315 3981 bona
2344 3970 2358 3995 ,
2405 3944 2525 3983 cum
2569 3947 2645 3985 me
2699 3930 2947 3984 Dominus
2996 3931 3147 3986 hodie
3210 3934 3511 3990 concluserit
3560 3938 3617 3990 in

2010 4035 2193 4073 manus
2214 4031 2348 4087 tuas,
2370 4037 2459 4074 nec
2476 4020 2722 4076 occideris
2742 4038 2822 4075 me
2841 4022 2915 4093 (1.
2938 4022 3065 4093 Reg.
3084 4022 3306 4094 24.19).
3328 4024 3408 4077 Eu
3430 4039 3618 4082 rursus

2010 4108 2078 4163 de
2106 4110 2272 4163 altera
2303 4112 2422 4179 ejus
2452 4111 2647 4165 virtute
2688 4111 2962 4185 perhibuit
2987 4113 3352 4169 testimonium
3374 4157 3388 4181 ,
3420 4116 3616 4173 videli~

2010 4210 2119 4264 cet,
2149 4202 2292 4271 quod
2326 4202 2692 4257 benemeritus
2715 4218 2820 4258 non
2857 4204 3121 4271 tacuerit,
3154 4221 3329 4277 neque
3357 4206 3619 4263 dissimu-

2008 4292 2243 4357 laverit,
2291 4292 2386 4348 sed
2441 4293 2707 4349 accedens
2758 4296 3058 4353 narraverit
3088 4311 3102 4353 :
3132 4310 3238 4355 non
3282 4297 3499 4367 quidem
3547 4300 3617 4354 ad

2007 4384 2425 4439 ostentationem
2452 4426 2466 4448 ,
2498 4385 2590 4439 sed
2623 4386 2752 4455 ipsis
2783 4385 2937 4443 factis
2966 4386 3115 4442 illum
3143 4387 3341 4446 docere
3362 4391 3611 4459 cupiens,

2007 4492 2064 4533 sc
2086 4477 2153 4532 de
2185 4492 2407 4532 numero
2437 4493 2626 4538 eorum
2655 4492 2774 4533 esse
2803 4518 2817 4541 ,
2863 4478 2953 4548 qui
2985 4479 3097 4550 regi
3138 4479 3278 4535 bene
3306 4492 3562 4550 cuperent
3595 4524 3613 4552 ,

2007 4572 2232 4641 ejusque
2259 4571 2555 4628 commodis
2586 4571 2957 4641 prOSpicerent
2984 4614 2999 4638 ,
3032 4587 3135 4626 non
3158 4588 3345 4627 eorum
3374 4576 3461 4643 qui
3497 4586 3614 4631 teu-

2006 4663 2196 4717 dcrent
2226 4662 2466 4717 insidias.
2514 4662 2649 4716 Tum
2697 4663 2842 4716 enim
2890 4662 2968 4715 l'as
3013 4672 3096 4717 est
3128 4667 3343 4735 propria
3374 4681 3617 4724 comme-

2006 4772 2217 4811 morare
2244 4756 2524 4821 beneiicia,
2556 4771 2677 4810 cum
2705 4756 2927 4825 insignis
2948 4754 3074 4812 hinc
3095 4768 3345 4829 speratur
3374 4762 3606 4816 utilitas.

2004 4848 2137 4903 Nam
2191 4849 2402 4919 quoties
2452 4850 2594 4903 nulla
2642 4849 2762 4903 data
2818 4850 3106 4905 occasione
3159 4851 3328 4921 jactat
3372 4854 3491 4923 quis
3548 4870 3614 4911 ac

2008 4940 2263 5012 praedicat
2309 4955 2404 4996 sua
2452 4942 2503 4995 in
2542 4942 2706 4996 alium
2744 4940 3003 4997 beneﬁcia
3030 4984 3044 5008 ,
3097 4942 3267 4998 nihilo
3302 4946 3495 5000 melior
3526 4956 3613 5002 est

2004 5033 2359 5103 exprobrante
2393 5049 2408 5096 ;
2457 5042 2711 5088 cmterum
2742 5034 2957 5103 quoties
2990 5034 3044 5089 id
3080 5034 3207 5089 facit
3230 5077 3243 5101 ,
3276 5045 3332 5090 ut
3364 5038 3501 5091 male
3530 5038 3607 5089 ai-

2005 5124 2197 5179 fectum
2227 5134 2279 5179 et
2328 5139 2536 5193 pravam
2578 5124 2646 5177 de
2676 5122 2792 5193 ipso
2836 5124 3144 5193 Opinionem
3175 5125 3465 5181 habentem
3512 5126 3608 5181 ﬂe-

2001 5225 2110 5272 etat
2140 5217 2192 5271 in
2220 5216 2515 5279 diversum,
2547 5216 2592 5271 is
2614 5226 2669 5272 et
2700 5227 2915 5271 curator
2942 5228 3021 5272 est
3048 5227 3102 5272 et
3122 5216 3430 5278 beneﬁcus:
3462 5218 3606 5287 quod

2001 5322 2132 5362 sane
2172 5307 2299 5363 fecit
2329 5306 2491 5361 David
2516 5348 2529 5371 ,
2563 5321 2669 5362 non
2698 5323 2726 5361 a
2758 5306 2923 5366 Saﬁle
2948 5308 3177 5377 gloriam
3208 5316 3433 5378 captans
3462 5351 3475 5373 ,
3508 5310 3607 5367 sed

2002 5399 2137 5452 iram
2180 5398 2232 5453 in
2280 5397 2369 5451 illo
2414 5396 2703 5452 radicatam
2743 5398 2975 5456 evellere
3005 5397 3250 5454 studens.
3283 5400 3458 5471 Atque
3484 5398 3607 5457 ideo

2002 5492 2127 5546 Saul
2170 5489 2492 5546 Collaudavit
2516 5506 2638 5545 eum
2670 5532 2684 5558 ,
2709 5490 2851 5562 quod
2882 5500 2935 5544 ct
2955 5491 3320 5547 benemeritus
3346 5500 3527 5557 esset,
3551 5503 3607 5551 et

2002 5586 2187 5639 merita
2225 5593 2719 5641 commemorasset.

2069 5677 2200 5731 Tum
2234 5678 2451 5731 maxime
2494 5689 2627 5731 certa
2652 5695 2743 5731 nos
2774 5688 2974 5731 manent
3007 5677 3148 5748 apud
3172 5676 3338 5731 Deum
3368 5680 3601 5747 praemia,

1998 5786 2111 5823 cum
2139 5769 2199 5821 ab
2228 5769 2515 5824 hominibus
2542 5779 2813 5840 negantur.
2835 5798 2903 5808 —
2933 5769 3062 5825 Dein
3093 5782 3217 5827 cum
3239 5769 3365 5825 Sat'tl
3395 5770 3603 5831 referre

2002 5865 2223 5935 gratiam
2247 5862 2471 5934 cupiens
2495 5902 2510 5928 ,
2538 5875 2646 5917 non
2676 5862 2947 5933 inveniret
2975 5861 3141 5917 ullam
3165 5876 3351 5934 parem
3375 5903 3392 5932 ,
3425 5862 3603 5931 ipsum
